{"host":"rw1trt79hfpl7pom","time":1613643181,"event":{"mods":["BaseMod","Bestiary","Colored Map","Jorbs\u0027s Wanderer Trilogy","Minty Spire (QoL Compilation)","Relic Stats","StSLib","SuperFastMode"],"gold_per_floor":[117,129,129,145,145,145,181,181,181,214,50,71,110,36,36,130,130,145,145,221,234,249,295,220,220,220,350,395,154,154,54,54,133,133,156,178,178,178,229,262,15,50,50,84,84,84,107,137,137,142,147,147,147,95,128,133],"floor_reached":57,"language":"ENG","playtime":5066,"items_purged":["stsjorbsmod:Strike_Wanderer","stsjorbsmod:Strike_Wanderer"],"score":2880,"play_id":"8358f82d-613a-4f37-969c-9604ef8e6d12","local_time":"20210218021301","is_ascension_mode":true,"campfire_choices":[{"data":"stsjorbsmod:Stalwart","floor":6.0,"key":"SMITH"},{"floor":8.0,"key":"REST"},{"floor":15.0,"key":"REST"},{"data":"stsjorbsmod:Inferno","floor":25.0,"key":"SMITH"},{"floor":32.0,"key":"DIG"},{"floor":45.0,"key":"DIG"},{"floor":46.0,"key":"DIG"},{"floor":49,"key":"RECALL"},{"floor":53,"key":"DIG"}],"circlet_count":0,"master_deck":["AscendersBane","stsjorbsmod:ForbiddenGrimoire+1","stsjorbsmod:Defend_Wanderer","stsjorbsmod:Defend_Wanderer","stsjorbsmod:Defend_Wanderer","stsjorbsmod:FreshAdventure","stsjorbsmod:EyeOfTheStorm","stsjorbsmod:ScorchingRay","stsjorbsmod:Index","stsjorbsmod:Stalwart+1","stsjorbsmod:BookOfTongues","stsjorbsmod:Inferno+1","stsjorbsmod:Pyromancy","stsjorbsmod:OldPocket+1","stsjorbsmod:GatherPower+1","stsjorbsmod:TinyHut","stsjorbsmod:Trauma","stsjorbsmod:Will+1","stsjorbsmod:DisguiseSelf+1","stsjorbsmod:Hibernate+1","stsjorbsmod:Firebolt","stsjorbsmod:DisguiseSelf+1","stsjorbsmod:Mania+1","stsjorbsmod:Withdraw+1","stsjorbsmod:Hibernate+1","stsjorbsmod:ParryingBlow+1","Apotheosis+1","Flash of Steel+1","Dark Shackles+1","stsjorbsmod:Materialize+1","stsjorbsmod:SchoolsOfMagic+1","stsjorbsmod:MagicMissiles+1","stsjorbsmod:Rediscovery","stsjorbsmod:MagicMissiles+1","stsjorbsmod:Channel+1","stsjorbsmod:SchoolsOfMagic+1"],"relics":["stsjorbsmod:GrimoireRelic","Bloody Idol","Incense Burner","Toxic Egg 2","Mercury Hourglass","Toy Ornithopter","Sundial","SlaversCollar","Meat on the Bone","PreservedInsect","Molten Egg 2","Shovel","stsjorbsmod:AlchemistsFireRelic","Bottled Lightning","Strawberry","Lizard Tail","Sozu","WingedGreaves","Dream Catcher","Toolbox","Bag of Preparation","InkBottle","Centennial Puzzle","Du-Vu Doll","StoneCalendar","Ornamental Fan","FossilizedHelix"],"acts_visited":["Exordium","TheCity","TheBeyond","TheEnding"],"potions_floor_usage":[],"damage_taken":[{"damage":1.0,"enemies":"Cultist","floor":1.0,"turns":4.0},{"damage":8.0,"enemies":"Small Slimes","floor":2.0,"turns":4.0},{"damage":4.0,"enemies":"2 Louse","floor":4.0,"turns":4.0},{"damage":41.0,"enemies":"Gremlin Nob","floor":7.0,"turns":4.0},{"damage":14.0,"enemies":"Lagavulin","floor":10.0,"turns":7.0},{"damage":6.0,"enemies":"2 Fungi Beasts","floor":12.0,"turns":3.0},{"damage":10.0,"enemies":"3 Sentries","floor":13.0,"turns":5.0},{"damage":15.0,"enemies":"The Guardian","floor":16.0,"turns":7.0},{"damage":0.0,"enemies":"2 Thieves","floor":18.0,"turns":1.0},{"damage":15.0,"enemies":"Chosen","floor":21.0,"turns":4.0},{"damage":0.0,"enemies":"Snecko","floor":22.0,"turns":3.0},{"damage":17.0,"enemies":"Book of Stabbing","floor":23.0,"turns":4.0},{"damage":3.0,"enemies":"Colosseum Slavers","floor":27.0,"turns":3.0},{"damage":0.0,"enemies":"Colosseum Nobs","floor":27.0,"turns":2.0},{"damage":16.0,"enemies":"Slavers","floor":28.0,"turns":6.0},{"damage":8.0,"enemies":"Automaton","floor":33.0,"turns":6.0},{"damage":2.0,"enemies":"3 Shapes","floor":35.0,"turns":7.0},{"damage":19.0,"enemies":"3 Darklings","floor":36.0,"turns":4.0},{"damage":11.0,"enemies":"2 Orb Walkers","floor":39.0,"turns":2.0},{"damage":7.0,"enemies":"Nemesis","floor":40.0,"turns":4.0},{"damage":20.0,"enemies":"Reptomancer","floor":42.0,"turns":5.0},{"damage":0.0,"enemies":"Giant Head","floor":44.0,"turns":4.0},{"damage":6.0,"enemies":"Transient","floor":47.0,"turns":6.0},{"damage":1,"enemies":"Mind Bloom Boss Battle","floor":48,"turns":4},{"damage":14,"enemies":"Time Eater","floor":50,"turns":6},{"damage":43,"enemies":"Awakened One","floor":51,"turns":6},{"damage":25,"enemies":"Shield and Spear","floor":55,"turns":7},{"damage":43,"enemies":"The Heart","floor":56,"turns":7}],"seed_played":"2243296457623009950","potions_obtained":[{"floor":1.0,"key":"Fire Potion"},{"floor":4.0,"key":"stsjorbsmod:LiquidVirtue"},{"floor":18.0,"key":"Strength Potion"},{"floor":21.0,"key":"DuplicationPotion"},{"floor":22.0,"key":"LiquidMemories"},{"floor":27.0,"key":"DistilledChaos"}],"is_trial":false,"path_per_floor":["M","M","?","M","?","R","E","R","T","E","$","M","E","$","R","B",null,"M","?","T","M","M","E","?","R","T","?","E","$","?","$","R","B",null,"M","M","?","?","?","E","$","E","T","E","R","R","M","?","R","B","B",null,"R","$","E","B",null],"character_chosen":"WANDERER","items_purchased":["Toy Ornithopter","stsjorbsmod:TinyHut","Strawberry","Toolbox","stsjorbsmod:MagicMissiles+1","stsjorbsmod:Channel+1"],"campfire_rested":2,"item_purchase_floors":[11,14,29,41,41,54],"current_hp_per_floor":[60,54,54,51,51,51,12,28,28,16,16,11,17,17,33,18,45,45,45,45,30,30,25,25,25,25,39,31,38,38,38,38,46,57,61,47,37,37,43,49,49,39,39,54,54,54,58,58,58,49,27,50,50,50,35,41],"gold":133,"neow_bonus":"TRANSFORM_TWO_CARDS","is_daily":false,"chose_seed":false,"campfire_upgraded":2,"win_rate":0.0,"timestamp":1613643181,"path_taken":["M","?","?","M","?","R","E","R","T","E","$","M","E","$","R","BOSS","M","?","?","M","?","E","?","R","T","?","E","$","?","?","R","BOSS","M","M","?","?","?","E","$","E","T","E","R","R","?","?","R","BOSS","BOSS","R","$","E","BOSS"],"items_purchased_type":["Relic","Card","Relic","Relic","Card","Card"],"build_version":"2020-12-22","purchased_purges":2,"victory":true,"max_hp_per_floor":[60,60,60,60,54,54,54,54,54,54,54,54,54,54,54,54,54,54,54,54,54,54,54,54,54,54,54,54,61,61,61,61,61,61,61,61,61,58,58,58,58,58,58,58,58,58,58,58,58,58,58,58,58,58,58,58],"relic_stats":{"counters":[28,127],"StoneCalendar":[18],"PreservedInsect":400,"Bag of Preparation":[14],"Mercury Hourglass":[451],"Sozu":4,"Lizard Tail":29,"Dream Catcher":0,"Centennial Puzzle":[18],"Shovel":4,"Sundial":[12],"Ornamental Fan":[12],"Bloody Idol":79,"obtain_stats":[{"StoneCalendar":48,"Incense Burner":7,"stsjorbsmod:AlchemistsFireRelic":27,"Bag of Preparation":42,"Sozu":34,"Lizard Tail":32,"Dream Catcher":40,"Centennial Puzzle":45,"Shovel":27,"Sundial":13,"Strawberry":29,"Toolbox":41,"WingedGreaves":39,"Toxic Egg 2":9,"InkBottle":44,"Golden Idol":5,"stsjorbsmod:GrimoireRelic":0,"PreservedInsect":23,"Mercury Hourglass":10,"Du-Vu Doll":46,"SlaversCollar":17,"Ornamental Fan":53,"Bloody Idol":30,"Molten Egg 2":26,"Bottled Lightning":28,"Toy Ornithopter":11,"FossilizedHelix":55,"Meat on the Bone":20},{"StoneCalendar":24,"Incense Burner":4,"stsjorbsmod:AlchemistsFireRelic":14,"Bag of Preparation":21,"Sozu":16,"Lizard Tail":15,"Dream Catcher":20,"Centennial Puzzle":22,"Shovel":14,"Sundial":7,"Strawberry":15,"Toolbox":20,"WingedGreaves":19,"Toxic Egg 2":4,"InkBottle":22,"Golden Idol":3,"stsjorbsmod:GrimoireRelic":0,"PreservedInsect":12,"Mercury Hourglass":5,"Du-Vu Doll":22,"SlaversCollar":8,"Ornamental Fan":26,"Bloody Idol":15,"Molten Egg 2":12,"Bottled Lightning":15,"Toy Ornithopter":5,"FossilizedHelix":27,"Meat on the Bone":9},{"StoneCalendar":101,"Incense Burner":16,"stsjorbsmod:AlchemistsFireRelic":54,"Bag of Preparation":87,"Sozu":66,"Lizard Tail":60,"Dream Catcher":82,"Centennial Puzzle":91,"Shovel":54,"Sundial":31,"Strawberry":60,"Toolbox":82,"WingedGreaves":78,"Toxic Egg 2":16,"InkBottle":91,"Golden Idol":12,"stsjorbsmod:GrimoireRelic":0,"PreservedInsect":50,"Mercury Hourglass":23,"Du-Vu Doll":91,"SlaversCollar":38,"Ornamental Fan":113,"Bloody Idol":60,"Molten Egg 2":50,"Bottled Lightning":60,"Toy Ornithopter":23,"FossilizedHelix":120,"Meat on the Bone":39}],"Toy Ornithopter":20,"InkBottle":[21],"Meat on the Bone":60},"card_choices":[{"not_picked":["stsjorbsmod:Materialize","stsjorbsmod:TinyHut"],"picked":"stsjorbsmod:Stalwart","floor":1.0},{"not_picked":["stsjorbsmod:Index","stsjorbsmod:WanderingMind"],"picked":"stsjorbsmod:BookOfTongues","floor":2.0},{"not_picked":["stsjorbsmod:BurningFlask","stsjorbsmod:Thorns","stsjorbsmod:UnseenServant"],"picked":"SKIP","floor":4.0},{"not_picked":["stsjorbsmod:Counterspell","stsjorbsmod:FaerieFire"],"picked":"stsjorbsmod:Inferno","floor":7.0},{"not_picked":["stsjorbsmod:Mindworm","stsjorbsmod:DoubleCheck+1"],"picked":"stsjorbsmod:Pyromancy","floor":10.0},{"not_picked":["stsjorbsmod:Index+1","stsjorbsmod:DoubleCheck+1"],"picked":"stsjorbsmod:OldPocket+1","floor":12.0},{"not_picked":["stsjorbsmod:AnimateObjects+1","stsjorbsmod:UnseenServant+1"],"picked":"stsjorbsmod:GatherPower+1","floor":13.0},{"not_picked":["stsjorbsmod:ArcaneForm","stsjorbsmod:Pyromancy"],"picked":"stsjorbsmod:Trauma","floor":16.0},{"not_picked":["stsjorbsmod:MageArmor+1","stsjorbsmod:BlackTentacles"],"picked":"stsjorbsmod:Will+1","floor":18.0},{"not_picked":["stsjorbsmod:OldPocket+1","stsjorbsmod:WanderingMind+1"],"picked":"stsjorbsmod:DisguiseSelf+1","floor":21.0},{"not_picked":["stsjorbsmod:FracturedMind","stsjorbsmod:Will+1"],"picked":"stsjorbsmod:Hibernate+1","floor":22.0},{"not_picked":["stsjorbsmod:UnseenServant+1","stsjorbsmod:ParryingBlow"],"picked":"stsjorbsmod:Firebolt","floor":23.0},{"not_picked":["stsjorbsmod:Rediscovery","stsjorbsmod:ArcaneWeapon"],"picked":"stsjorbsmod:DisguiseSelf+1","floor":27.0},{"not_picked":["stsjorbsmod:Introspection","stsjorbsmod:MistyStep+1"],"picked":"stsjorbsmod:Mania+1","floor":28.0},{"not_picked":["stsjorbsmod:Determination+1","stsjorbsmod:ArcaneForm"],"picked":"stsjorbsmod:Withdraw+1","floor":33.0},{"not_picked":["stsjorbsmod:ChainLightning+1","stsjorbsmod:Prepare+1"],"picked":"stsjorbsmod:Hibernate+1","floor":35.0},{"not_picked":["stsjorbsmod:Introspection","stsjorbsmod:Channel+1"],"picked":"stsjorbsmod:ParryingBlow+1","floor":36.0},{"not_picked":["The Bomb+1","Purity+1"],"picked":"Apotheosis+1","floor":37.0},{"not_picked":["Metamorphosis+1","Secret Technique+1"],"picked":"Flash of Steel+1","floor":37.0},{"not_picked":["Good Instincts+1","Forethought+1"],"picked":"Dark Shackles+1","floor":37.0},{"not_picked":["stsjorbsmod:Prepare+1","stsjorbsmod:BlackTentacles+1"],"picked":"stsjorbsmod:Materialize+1","floor":39.0},{"not_picked":["stsjorbsmod:Hurt+1","stsjorbsmod:ParryingBlow+1"],"picked":"stsjorbsmod:SchoolsOfMagic+1","floor":40.0},{"not_picked":["stsjorbsmod:ParryingBlow+1","stsjorbsmod:BlackTentacles+1"],"picked":"stsjorbsmod:Rediscovery","floor":42.0},{"not_picked":["stsjorbsmod:UnseenServant+1","stsjorbsmod:FaerieFire+1","stsjorbsmod:DoubleCheck+1"],"picked":"SKIP","floor":44.0},{"not_picked":["stsjorbsmod:FracturedMind+1","stsjorbsmod:WanderingMind+1"],"picked":"stsjorbsmod:MagicMissiles+1","floor":47.0},{"not_picked":["stsjorbsmod:WeightOfMemory+1","stsjorbsmod:Materialize+1"],"picked":"stsjorbsmod:SchoolsOfMagic+1","floor":55}],"player_experience":2785560,"relics_obtained":[{"floor":7.0,"key":"Incense Burner"},{"floor":9.0,"key":"Toxic Egg 2"},{"floor":10.0,"key":"Mercury Hourglass"},{"floor":13.0,"key":"Sundial"},{"floor":20.0,"key":"Meat on the Bone"},{"floor":23.0,"key":"PreservedInsect"},{"floor":26.0,"key":"Molten Egg 2"},{"floor":27.0,"key":"Shovel"},{"floor":27.0,"key":"stsjorbsmod:AlchemistsFireRelic"},{"floor":28.0,"key":"Bottled Lightning"},{"floor":32.0,"key":"Lizard Tail"},{"floor":39.0,"key":"WingedGreaves"},{"floor":40.0,"key":"Dream Catcher"},{"floor":42.0,"key":"Bag of Preparation"},{"floor":44.0,"key":"InkBottle"},{"floor":45.0,"key":"Centennial Puzzle"},{"floor":46.0,"key":"Du-Vu Doll"},{"floor":48,"key":"StoneCalendar"},{"floor":53,"key":"Ornamental Fan"},{"floor":55,"key":"FossilizedHelix"}],"event_choices":[{"damage_healed":0.0,"max_hp_gain":0.0,"max_hp_loss":0.0,"gold_gain":0.0,"event_name":"Liars Game","player_choice":"Ignored","floor":3.0,"gold_loss":0.0,"damage_taken":0.0},{"damage_healed":0.0,"max_hp_gain":0.0,"max_hp_loss":6.0,"gold_gain":0.0,"event_name":"Golden Idol","player_choice":"Lose Max HP","floor":5.0,"gold_loss":0.0,"damage_taken":0.0,"relics_obtained":["Golden Idol"]},{"damage_healed":0.0,"max_hp_gain":0.0,"max_hp_loss":0.0,"gold_gain":0.0,"event_name":"Vampires","player_choice":"Ignored","floor":19.0,"gold_loss":0.0,"damage_taken":0.0},{"cards_removed":["stsjorbsmod:Strike_Wanderer"],"damage_healed":0.0,"max_hp_gain":0.0,"max_hp_loss":0.0,"gold_gain":0.0,"event_name":"Beggar","player_choice":"Gave Gold","floor":24.0,"gold_loss":75.0,"damage_taken":0.0},{"damage_healed":0.0,"max_hp_gain":0.0,"max_hp_loss":0.0,"gold_gain":0.0,"event_name":"Colosseum","player_choice":"Fight","floor":27.0,"gold_loss":0.0,"damage_taken":0.0},{"damage_healed":0.0,"max_hp_gain":0.0,"max_hp_loss":0.0,"gold_gain":0.0,"event_name":"Colosseum","player_choice":"Fought Nobs","floor":27.0,"gold_loss":0.0,"damage_taken":0.0},{"damage_healed":0.0,"max_hp_gain":0.0,"max_hp_loss":0.0,"gold_gain":0.0,"event_name":"Forgotten Altar","player_choice":"Gave Idol","floor":30.0,"relics_lost":["Golden Idol"],"gold_loss":0.0,"damage_taken":0.0,"relics_obtained":["Bloody Idol"]},{"damage_healed":0.0,"max_hp_gain":0.0,"max_hp_loss":0.0,"gold_gain":0.0,"event_name":"SensoryStone","player_choice":"Memory 3","floor":37.0,"gold_loss":0.0,"damage_taken":10.0},{"damage_healed":0.0,"max_hp_gain":0.0,"max_hp_loss":3.0,"gold_gain":0.0,"event_name":"Winding Halls","player_choice":"Max HP","floor":38.0,"gold_loss":0.0,"damage_taken":0.0},{"damage_healed":0.0,"max_hp_gain":0.0,"max_hp_loss":0.0,"gold_gain":0.0,"event_name":"Mysterious Sphere","player_choice":"Fight","floor":39.0,"gold_loss":0.0,"damage_taken":0.0},{"damage_healed":0,"gold_gain":0,"player_choice":"Fight","damage_taken":0,"max_hp_gain":0,"max_hp_loss":0,"event_name":"MindBloom","floor":48,"gold_loss":0}],"is_beta":false,"boss_relics":[{"not_picked":["Philosopher\u0027s Stone","Cursed Key"],"picked":"SlaversCollar"},{"not_picked":["Empty Cage","Black Star"],"picked":"Sozu"}],"items_purged_floors":[29,31],"is_endless":false,"potions_floor_spawned":[1,4,10,18,21,22,27,35,44,47,48],"ascension_level":20}}