{"host":"lv7etzzgwahaenh9","time":1613616949,"event":{"mods":["AchievementEnabler","BaseMod","Colored Map","Colored Powertips","Highlight Path","Minty Spire (QoL Compilation)","Permanent Neow","Quick Restart","Random Character Button","StSLib"],"gold_per_floor":[116,126,144,158,174,174,186,215,288,288,300,23,23,23,23,119,119,129,158,173,183,201,201,201,201],"floor_reached":24,"language":"ENG","playtime":2303,"items_purged":[],"score":323,"play_id":"da7129a7-7be6-4bb0-af92-42cdca9ad96e","local_time":"20210217185549","is_ascension_mode":true,"campfire_choices":[{"data":"Darkness","floor":6,"key":"SMITH"},{"floor":10,"key":"REST"},{"data":"Sweeping Beam","floor":13,"key":"SMITH"},{"floor":15,"key":"REST"},{"floor":23,"key":"REST"}],"circlet_count":0,"master_deck":["AscendersBane","Strike_B","Strike_B","Strike_B","Strike_B","Defend_B","Defend_B","Defend_B","Defend_B","Zap+1","Dualcast","Ball Lightning","Darkness+1","Rip and Tear","Conserve Battery","Stack","Turbo","Sweeping Beam+1","Self Repair","Cold Snap","Seek","Gash","Chill","Steam","Reinforced Body"],"relics":["Cracked Core","Symbiotic Virus","HornCleat","Mummified Hand","Calipers","Inserter","Red Mask"],"acts_visited":["Exordium","TheCity"],"potions_floor_usage":[16,19,21,24],"damage_taken":[{"damage":0,"enemies":"Small Slimes","floor":1,"turns":2},{"damage":7,"enemies":"Jaw Worm","floor":2,"turns":2},{"damage":0,"enemies":"2 Louse","floor":3,"turns":2},{"damage":7,"enemies":"Exordium Wildlife","floor":4,"turns":3},{"damage":5,"enemies":"Looter","floor":5,"turns":3},{"damage":10,"enemies":"2 Fungi Beasts","floor":7,"turns":3},{"damage":30,"enemies":"Lagavulin","floor":8,"turns":5},{"damage":1,"enemies":"3 Louse","floor":11,"turns":3},{"damage":22,"enemies":"Slime Boss","floor":16,"turns":9},{"damage":4,"enemies":"3 Byrds","floor":18,"turns":4},{"damage":12,"enemies":"Masked Bandits","floor":19,"turns":3},{"damage":4,"enemies":"Shell Parasite","floor":20,"turns":5},{"damage":9,"enemies":"Cultist and Chosen","floor":21,"turns":7},{"damage":16,"enemies":"Snecko","floor":22,"turns":7},{"damage":32,"enemies":"Book of Stabbing","floor":24,"turns":6}],"seed_played":"4183093884537258247","potions_obtained":[{"floor":2,"key":"Dexterity Potion"},{"floor":8,"key":"GamblersBrew"},{"floor":16,"key":"DuplicationPotion"},{"floor":19,"key":"SkillPotion"},{"floor":22,"key":"ColorlessPotion"}],"is_trial":false,"path_per_floor":["M","M","M","M","M","R","M","E","T","R","M","$","R","?","R","B",null,"M","?","M","M","M","R","E"],"character_chosen":"DEFECT","items_purchased":["Mummified Hand","Cold Snap"],"campfire_rested":3,"item_purchase_floors":[12,12],"current_hp_per_floor":[68,61,61,54,49,49,39,9,9,31,30,30,30,18,40,25,63,66,54,57,55,39,61,29,29],"gold":201,"neow_bonus":"UPGRADE_CARD","is_daily":false,"chose_seed":false,"campfire_upgraded":2,"win_rate":0.0,"timestamp":1613616949,"path_taken":["M","M","M","M","M","R","M","E","T","R","M","$","R","?","R","BOSS","M","?","M","M","M","R","E"],"items_purchased_type":["Relic","Card"],"build_version":"2020-12-22","purchased_purges":0,"victory":false,"max_hp_per_floor":[75,75,75,75,75,75,75,75,75,75,75,75,75,75,75,75,75,75,75,75,75,75,75,75,75],"card_choices":[{"not_picked":["Fusion","Coolheaded"],"picked":"Ball Lightning","floor":1},{"not_picked":["Turbo","Loop"],"picked":"Darkness","floor":2},{"not_picked":["Consume","Skim"],"picked":"Rip and Tear","floor":3},{"not_picked":["Streamline","Ball Lightning"],"picked":"Conserve Battery","floor":4},{"not_picked":["Go for the Eyes","Streamline"],"picked":"Stack","floor":5},{"not_picked":["Beam Cell","Rebound"],"picked":"Turbo","floor":7},{"not_picked":["Thunder Strike","Steam Power"],"picked":"Sweeping Beam","floor":8},{"not_picked":["Redo","Streamline"],"picked":"Self Repair","floor":11},{"not_picked":["Reboot","Buffer"],"picked":"Seek","floor":16},{"not_picked":["Go for the Eyes","Hologram"],"picked":"Gash","floor":18},{"not_picked":["Blizzard","Darkness"],"picked":"Chill","floor":19},{"not_picked":["Chaos","Stack"],"picked":"Steam","floor":20},{"not_picked":["Streamline+1","Rebound+1"],"picked":"Reinforced Body","floor":21},{"not_picked":["Redo","Stack","Beam Cell"],"picked":"SKIP","floor":22}],"player_experience":424099,"relics_obtained":[{"floor":8,"key":"Symbiotic Virus"},{"floor":9,"key":"HornCleat"},{"floor":19,"key":"Red Mask"}],"event_choices":[{"damage_healed":0,"gold_gain":0,"player_choice":"Success","damage_taken":12,"relics_obtained":["Calipers"],"max_hp_gain":0,"max_hp_loss":0,"event_name":"Scrap Ooze","floor":14,"gold_loss":0},{"damage_healed":0,"gold_gain":0,"player_choice":"Fought Bandits","damage_taken":0,"max_hp_gain":0,"max_hp_loss":0,"event_name":"Masked Bandits","floor":19,"gold_loss":0}],"is_beta":false,"boss_relics":[{"not_picked":["Coffee Dripper","Calling Bell"],"picked":"Inserter"}],"items_purged_floors":[],"is_endless":false,"potions_floor_spawned":[2,8,11,16,18,19,22],"killed_by":"Book of Stabbing","ascension_level":12}}