{"host":"yqztwemefsbhfep8","time":1613622824,"event":{"mods":["BaseMod","Downfall","Minty Spire (QoL Compilation)","StSLib"],"gold_per_floor":[99,99,249,249,249,249,249,13,13,27,27,62,72,82,95,190,190,90,103,203,203,213,113,139,158,169,187,205,205,205,46,58,58,58,58],"floor_reached":33,"language":"ENG","playtime":1763,"items_purged":["downfall:Icky"],"score":259,"play_id":"a0eaacc2-a502-49f8-81b5-26be25827089","local_time":"20210217203344","is_ascension_mode":true,"campfire_choices":[{"data":"hexamod:Float","floor":1,"key":"SMITH"},{"data":"hexamod:FlamesFromBeyond","floor":9,"key":"SMITH"},{"data":"hexamod:HexaLevel","floor":18,"key":"SMITH"},{"floor":23,"key":"REST"},{"floor":30,"key":"REST"}],"circlet_count":0,"master_deck":["hexamod:Strike","hexamod:Strike","hexamod:Strike","hexamod:Defend","hexamod:Defend+1","hexamod:Defend","hexamod:Defend","hexamod:Sear+1","hexamod:Float+1","hexamod:FlamesFromBeyond+1","hexamod:SpectersWail+1","hexamod:PowerFromBeyond","hexamod:PhantomCloak+1","hexamod:HauntingEcho","hexamod:BurningTouch+1","hexamod:RecurringNightmare","hexamod:FirstSeal","hexamod:HexaLevel+1","hexamod:NightmareGuise","hexamod:FlamesFromBeyond","hexamod:SixthSeal","hexamod:RecurringNightmare+1","hexamod:ChargedBarrage","hexamod:TimeOfNeed","hexamod:SpectersWail+1","hexamod:FastForward"],"relics":["hexamod:SpiritBrand","downfall:HeartsMalice","Pen Nib","Black Star","downfall:HeartBlessingGreen","downfall:HeartBlessingBlue","Nunchaku"],"acts_visited":["Exordium","TheCity"],"potions_floor_usage":[16,16,25,26,27,31,33],"damage_taken":[{"damage":0,"enemies":"2 Louse","floor":2,"turns":1},{"damage":0,"enemies":"Jaw Worm","floor":5,"turns":1},{"damage":0,"enemies":"Cultist","floor":6,"turns":1},{"damage":0,"enemies":"downfall:FleeingMerchant","floor":8,"turns":4},{"damage":2,"enemies":"Blue Slaver","floor":10,"turns":3},{"damage":17,"enemies":"Lagavulin","floor":12,"turns":6},{"damage":7,"enemies":"2 Fungi Beasts","floor":13,"turns":3},{"damage":13,"enemies":"Red Slaver","floor":14,"turns":3},{"damage":6,"enemies":"3 Louse","floor":15,"turns":3},{"damage":31,"enemies":"SI_SHIV_ARCHETYPE","floor":16,"turns":10},{"damage":22,"enemies":"Shell Parasite","floor":19,"turns":7},{"damage":34,"enemies":"downfall:LooterAlt2","floor":22,"turns":4},{"damage":26,"enemies":"3 Cultists","floor":25,"turns":5},{"damage":1,"enemies":"Snake Plant","floor":26,"turns":3},{"damage":19,"enemies":"Sentry and Sphere","floor":27,"turns":6},{"damage":16,"enemies":"Centurion and Healer","floor":28,"turns":3},{"damage":0,"enemies":"downfall:FleeingMerchant","floor":31,"turns":4},{"damage":4,"enemies":"3 Cultists","floor":32,"turns":4},{"damage":55,"enemies":"DF_ARCHETYPE_CLAW","floor":33,"turns":5}],"seed_played":"-4150649319112059215","potions_obtained":[{"floor":10,"key":"AttackPotion"},{"floor":14,"key":"Dexterity Potion"},{"floor":16,"key":"Explosive Potion"},{"floor":19,"key":"Swift Potion"},{"floor":26,"key":"Strength Potion"},{"floor":28,"key":"hexamod:EctoCoolerPotion"},{"floor":32,"key":"PowerPotion"}],"is_trial":false,"path_per_floor":["R","M","?","?","M","M","T","$","R","M","?","E","M","M","M","B",null,"R","M","?","?","M","R","T","M","M","M","M","?","R","$","M","B"],"character_chosen":"THE_SPIRIT","items_purchased":["hexamod:HauntingEcho","PowerPotion","hexamod:BurningTouch","CultistPotion","hexamod:SpectersWail"],"campfire_rested":2,"item_purchase_floors":[8,8,8,31,31],"current_hp_per_floor":[70,70,70,70,70,70,70,70,70,68,61,51,51,45,46,15,70,70,48,48,48,14,48,48,29,35,23,7,7,31,31,34,0,0,0],"gold":58,"neow_bonus":"THREE_ENEMY_KILL","is_daily":false,"chose_seed":false,"campfire_upgraded":3,"win_rate":0.0,"timestamp":1613622824,"path_taken":["R","M","?","?","M","M","T","$","R","M","?","E","?","?","M","BOSS","R","M","?","?","M","R","T","?","M","M","M","?","R","$","M","BOSS"],"items_purchased_type":["Card","Potion","Card","Potion","Card"],"build_version":"2020-12-22","purchased_purges":1,"victory":false,"max_hp_per_floor":[70,70,70,70,70,70,70,70,70,70,70,70,70,70,70,70,70,70,70,70,70,70,80,80,80,80,80,80,80,80,80,80,80,80,80],"card_choices":[{"not_picked":["hexamod:HeatMetal","hexamod:HauntingEcho"],"picked":"hexamod:FlamesFromBeyond","floor":2},{"not_picked":["hexamod:NightmareGuise","hexamod:Rewind"],"picked":"hexamod:SpectersWail","floor":5},{"not_picked":["hexamod:NightmareGuise","hexamod:NightmareStrike"],"picked":"hexamod:PowerFromBeyond","floor":6},{"not_picked":["hexamod:ShieldOfDarkness","hexamod:FlamesFromBeyond"],"picked":"hexamod:PhantomCloak","floor":8},{"not_picked":["hexamod:HeatMetal","hexamod:Again"],"picked":"hexamod:RecurringNightmare","floor":10},{"not_picked":["hexamod:EmpoweredFlame","hexamod:GhostShield","hexamod:Rewind"],"picked":"SKIP","floor":12},{"not_picked":["hexamod:ThirdSeal","hexamod:FastForward"],"picked":"hexamod:HexaLevel","floor":13},{"not_picked":["hexamod:PowerFromBeyond","hexamod:PhantomFireball"],"picked":"hexamod:NightmareGuise","floor":14},{"not_picked":["hexamod:StepThrough","hexamod:SwordOfDarkness"],"picked":"hexamod:FlamesFromBeyond","floor":15},{"not_picked":["hexamod:ParanormalForm","hexamod:WildfireWeapon"],"picked":"hexamod:SixthSeal","floor":16},{"not_picked":["hexamod:SuperheatedStrike","hexamod:AdvancingGuard"],"picked":"hexamod:RecurringNightmare","floor":19},{"not_picked":["hexamod:NightmareStrike","hexamod:SpectralSpark","hexamod:ThermalTransfer"],"picked":"SKIP","floor":22},{"not_picked":["hexamod:UnleashSpirits","hexamod:ThirdSeal"],"picked":"hexamod:ChargedBarrage","floor":25},{"not_picked":["hexamod:BurningTouch","hexamod:FlamesFromBeyond","hexamod:SpectersWail"],"picked":"SKIP","floor":26},{"not_picked":["hexamod:Firestarter","hexamod:BacktrackSmack","hexamod:HeatMetal"],"picked":"SKIP","floor":27},{"not_picked":["hexamod:SpectersWail","hexamod:ExtraCrispy","hexamod:ChargedBarrage"],"picked":"SKIP","floor":28},{"not_picked":["hexamod:AdvancingGuard","hexamod:NightmareGuise"],"picked":"hexamod:TimeOfNeed","floor":31},{"not_picked":["hexamod:Haunt","hexamod:Firestarter"],"picked":"hexamod:FastForward","floor":32}],"player_experience":331210,"relics_obtained":[{"floor":12,"key":"Pen Nib"},{"floor":24,"key":"Nunchaku"}],"event_choices":[],"is_beta":false,"boss_relics":[{"not_picked":["Velvet Choker","Busted Crown"],"picked":"Black Star"}],"items_purged_floors":[8],"is_endless":false,"potions_floor_spawned":[10,14,16,19,26,28,32],"killed_by":"DF_ARCHETYPE_CLAW","ascension_level":1}}