{"host":"3z9xbwjeimmg738z","time":1613673615,"event":{"mods":["100% Spire Juice","2.2 Compatiblity","Act Like it!","AlwaysNeverKeys","Arknights","Bard","BaseMod","Beaked The Cultist","Better Altar","Better Match","Better Note","Better Sensory Stone","Better Skull","Better Synergies","Better Third Choice","Bossed Relics","CapriCore","Colored Powertips","Defuse TimeMaze Blight","Dio Mod","Displayed Cursed Tome","Faster Ascension Climbing","GifTheSpireLib","Marisa????????","Minty Spire (QoL Compilation)","Pale of the Ancients","Permanent Neow","Replay The Spire","Ruina","Shapeshifter Mod","Smile Girya","StSLib","The Showman","TheBandit","Uncapped"],"gold_per_floor":[113,188,204,31,48,76,76,76,76,94,123,143,31,50,50,149,149,165,183,108,108,108],"floor_reached":21,"language":"ENG","playtime":1032,"items_purged":["Pain"],"score":216,"play_id":"b54eaa4c-f299-4f7b-87a3-a78c239965de","local_time":"20210218104015","is_ascension_mode":false,"campfire_choices":[{"data":"StSShapeShifter:BaskInBloom","floor":8,"key":"SMITH"},{"data":"StSShapeShifter:VineHandcuffs","floor":15,"key":"SMITH"}],"circlet_count":0,"master_deck":["StSShapeShifter:ShapeShifter_Strike","StSShapeShifter:ShapeShifter_Strike","StSShapeShifter:ShapeShifter_Strike","StSShapeShifter:ShapeShifter_Strike","StSShapeShifter:ShapeShifter_Strike","StSShapeShifter:ShapeShifter_Defend","StSShapeShifter:ShapeShifter_Defend","StSShapeShifter:ShapeShifter_Defend","StSShapeShifter:ShapeShifter_Defend","StSShapeShifter:ShapeShifter_Defend","StSShapeShifter:Tortoise_Form","StSShapeShifter:Lynx_Form","StSShapeShifter:BarkSkin","StSShapeShifter:RaptorForm","StSShapeShifter:BaskInBloom+1","StSShapeShifter:BladeOfGrass","StSShapeShifter:VineHandcuffs+1","StSShapeShifter:FesteringBite","StSShapeShifter:BurstingSpore","StSShapeShifter:Sap_Burst","StSShapeShifter:RestoreBalance+1","Deep Breath+1"],"relics":["StSShapeShifter:AnimalHeart","StSShapeShifter:TheShapeShiftersMagnolia","Membership Card","Quantum Egg","WarpedTongs","Vajra","MealTicket","beaked:SacredNecklace"],"acts_visited":["Exordium","ruina:Briah"],"potions_floor_usage":[13,18,19,21],"damage_taken":[{"damage":5,"enemies":"Small Slimes","floor":1,"turns":3},{"damage":8,"enemies":"Jaw Worm","floor":3,"turns":4},{"damage":0,"enemies":"ats:Genji","floor":5,"turns":5},{"damage":15,"enemies":"Gremlin Nob","floor":6,"turns":4},{"damage":11,"enemies":"Gremlin Gang","floor":10,"turns":5},{"damage":4,"enemies":"Replay:BlueRogue","floor":11,"turns":5},{"damage":9,"enemies":"Blue Slaver","floor":12,"turns":5},{"damage":0,"enemies":"Exordium Thugs","floor":14,"turns":3},{"damage":19,"enemies":"Hexaghost","floor":16,"turns":10},{"damage":48,"enemies":"ruina:3_Bats","floor":18,"turns":7},{"damage":0,"enemies":"ruina:2_Scarecrows","floor":19,"turns":6},{"damage":43,"enemies":"ruina:KnightOfDespair","floor":21,"turns":7}],"seed_played":"490050273593026205","potions_obtained":[{"floor":5,"key":"BlessingOfTheForge"},{"floor":10,"key":"AttackPotion"},{"floor":12,"key":"Weak Potion"},{"floor":18,"key":"LifebloodPotion"}],"is_trial":false,"path_per_floor":["M","?","M","$","M","E","?","R","T","M","E","M","$","M","R","B",null,"M","M","?","M"],"character_chosen":"SHAPESHIFTER","items_purchased":["Membership Card","StSShapeShifter:BaskInBloom","Fruit Juice","StSShapeShifter:BurstingSpore"],"campfire_rested":0,"item_purchase_floors":[4,4,13,13],"current_hp_per_floor":[73,66,58,58,58,43,43,43,43,32,28,19,39,39,39,20,83,35,35,35,0,0],"gold":108,"neow_bonus":"THREE_CARDS","is_daily":false,"chose_seed":false,"campfire_upgraded":2,"win_rate":0.0,"timestamp":1613673615,"path_taken":["M","?","?","$","M","E","?","R","T","M","E","M","$","M","R","BOSS","M","?","?","M"],"items_purchased_type":["Relic","Card","Potion","Card"],"build_version":"2020-12-22","purchased_purges":1,"victory":false,"max_hp_per_floor":[78,78,78,78,78,78,78,78,78,78,78,78,83,83,83,83,83,83,83,83,83,83],"card_choices":[{"not_picked":["StSShapeShifter:PantherForm","StSShapeShifter:FesteringBite"],"picked":"StSShapeShifter:BarkSkin","floor":0},{"not_picked":["StSShapeShifter:MonkeyForm","StSShapeShifter:Bonk"],"picked":"StSShapeShifter:RaptorForm","floor":1},{"not_picked":["StSShapeShifter:HippoForm","StSShapeShifter:Guard","StSShapeShifter:Flourish"],"picked":"SKIP","floor":3},{"not_picked":["StSShapeShifter:OakBlade","StSShapeShifter:Guard"],"picked":"StSShapeShifter:BladeOfGrass","floor":5},{"not_picked":["StSShapeShifter:SquirrelForm","StSShapeShifter:ThornToss","StSShapeShifter:MultiSpiritedStrike"],"picked":"SKIP","floor":6},{"not_picked":["StSShapeShifter:AdaptiveStrikes","StSShapeShifter:Earthquake","StSShapeShifter:ShiftingStrike"],"picked":"SKIP","floor":10},{"not_picked":["StSShapeShifter:OakBlade","StSShapeShifter:Wildfire2"],"picked":"StSShapeShifter:VineHandcuffs","floor":11},{"not_picked":["StSShapeShifter:VineHandcuffs","StSShapeShifter:ThornToss"],"picked":"StSShapeShifter:FesteringBite","floor":12},{"not_picked":["StSShapeShifter:DiverseSpirit","StSShapeShifter:BarkSkin","StSShapeShifter:MonkeyForm"],"picked":"SKIP","floor":14},{"not_picked":["StSShapeShifter:Spring","StSShapeShifter:Earthquake"],"picked":"StSShapeShifter:Sap_Burst","floor":16},{"not_picked":["StSShapeShifter:WiltingWrath","StSShapeShifter:SquirrelForm","StSShapeShifter:FesteringBite"],"picked":"SKIP","floor":18},{"not_picked":["StSShapeShifter:SquirrelForm","StSShapeShifter:Guard","StSShapeShifter:BurstingSpore+1"],"picked":"SKIP","floor":19},{"not_picked":["StSShapeShifter:BurstOfLifeEscapeDeath+1","StSShapeShifter:PowerShifter+1"],"picked":"StSShapeShifter:RestoreBalance+1","floor":20},{"not_picked":["Dramatic Entrance+1","Forethought+1"],"picked":"Deep Breath+1","floor":20}],"player_experience":215107,"relics_obtained":[{"floor":6,"key":"Quantum Egg"},{"floor":9,"key":"Vajra"},{"floor":11,"key":"MealTicket"}],"event_choices":[{"damage_healed":0,"gold_gain":75,"player_choice":"Touch","damage_taken":7,"max_hp_gain":0,"max_hp_loss":0,"event_name":"FaceTrader","floor":2,"gold_loss":0},{"damage_healed":0,"gold_gain":0,"player_choice":"Rummage","damage_taken":0,"relics_obtained":["WarpedTongs"],"max_hp_gain":0,"max_hp_loss":0,"event_name":"Accursed Blacksmith","floor":7,"gold_loss":0,"cards_obtained":["Pain"]},{"damage_healed":0,"gold_gain":0,"player_choice":"2","damage_taken":0,"max_hp_gain":0,"max_hp_loss":0,"event_name":"betterMatch:BetterMatch","floor":20,"gold_loss":0,"cards_obtained":["betterMatch:RareCard","betterMatch:ColorlessUncommonCard"]}],"is_beta":false,"boss_relics":[{"not_picked":["Replay:Grab Bag","Abe\u0027s Treasure"],"picked":"beaked:SacredNecklace"}],"items_purged_floors":[13],"is_endless":false,"potions_floor_spawned":[5,10,12,18],"killed_by":"ruina:KnightOfDespair","ascension_level":0}}