{"host":"ufhw4cf0hh51lveu","time":1613621894,"event":{"mods":["BaseMod","DeckTracker","Minty Spire (QoL Compilation)","SuperFastMode"],"gold_per_floor":[116,116,129,141,159,159,178,178,202,202,214,201,201,126,126,231,231,247,267,267,282,295,295,314,314,314],"floor_reached":25,"language":"KOR","playtime":861,"items_purged":["Strike_B"],"score":199,"play_id":"836ae8bc-61a8-4853-ad6d-b18f5ae33d74","local_time":"20210218131814","is_ascension_mode":false,"campfire_choices":[{"data":"Streamline","floor":6.0,"key":"SMITH"},{"floor":13,"key":"REST"},{"floor":15,"key":"REST"},{"floor":23,"key":"REST"}],"circlet_count":0,"master_deck":["Strike_B","Strike_B","Strike_B","Defend_B","Defend_B","Defend_B","Defend_B","Zap","Dualcast","Streamline+1","Conserve Battery","Coolheaded","Reprogram","Chaos","Static Discharge","Electrodynamics","CurseOfTheBell","Conserve Battery+1","Coolheaded","Skim","Cold Snap","Compile Driver"],"relics":["Cracked Core","NeowsBlessing","Ancient Tea Set","Blood Vial","Calling Bell","Dream Catcher","Kunai","Torii"],"acts_visited":["Exordium","TheCity"],"potions_floor_usage":[16,21,24],"damage_taken":[{"damage":0.0,"enemies":"2 Louse","floor":1.0,"turns":1.0},{"damage":0.0,"enemies":"Small Slimes","floor":3.0,"turns":1.0},{"damage":0.0,"enemies":"Cultist","floor":4.0,"turns":1.0},{"damage":0.0,"enemies":"Large Slime","floor":5.0,"turns":4.0},{"damage":47.0,"enemies":"Gremlin Gang","floor":7.0,"turns":5.0},{"damage":8.0,"enemies":"Exordium Wildlife","floor":11.0,"turns":4.0},{"damage":15.0,"enemies":"Exordium Thugs","floor":12.0,"turns":4.0},{"damage":38,"enemies":"Slime Boss","floor":16,"turns":14},{"damage":9,"enemies":"Chosen","floor":18,"turns":5},{"damage":18,"enemies":"2 Thieves","floor":19,"turns":4},{"damage":30,"enemies":"Snake Plant","floor":21,"turns":6},{"damage":17,"enemies":"Centurion and Healer","floor":22,"turns":12},{"damage":19,"enemies":"Cultist and Chosen","floor":24,"turns":8},{"damage":23,"enemies":"Snake Plant","floor":25,"turns":3}],"seed_played":"4289176684822665214","potions_obtained":[{"floor":3.0,"key":"Strength Potion"},{"floor":5.0,"key":"LiquidBronze"},{"floor":7.0,"key":"Block Potion"},{"floor":22,"key":"Regen Potion"},{"floor":24,"key":"SteroidPotion"}],"is_trial":false,"path_per_floor":["M","?","M","M","M","R","M","?","T","?","M","M","R","$","R","B",null,"M","M","?","M","M","R","M","M"],"character_chosen":"DEFECT","items_purchased":[],"campfire_rested":3,"item_purchase_floors":[],"current_hp_per_floor":[75,75,75,75,75,75,28,28,28,28,22,9,31,31,53,17,75,66,50,44,16,1,23,21,0,0],"gold":314,"neow_bonus":"THREE_ENEMY_KILL","is_daily":false,"chose_seed":false,"campfire_upgraded":1,"win_rate":0.0,"timestamp":1613621894,"path_taken":["M","?","M","M","M","R","M","?","T","?","M","M","R","$","R","BOSS","M","?","?","M","M","R","M","M"],"items_purchased_type":[],"build_version":"2020-12-22","purchased_purges":1,"victory":false,"max_hp_per_floor":[75,75,75,75,75,75,75,75,75,75,75,75,75,75,75,75,75,75,75,75,75,75,75,75,75,75],"card_choices":[{"not_picked":["Turbo","Rebound","Gash"],"picked":"SKIP","floor":1.0},{"not_picked":["Leap","Go for the Eyes"],"picked":"Streamline","floor":3.0},{"not_picked":["Stack","Chill"],"picked":"Conserve Battery","floor":4.0},{"not_picked":["Steam","Sweeping Beam"],"picked":"Coolheaded","floor":5.0},{"not_picked":["All For One","Aggregate"],"picked":"Reprogram","floor":7.0},{"not_picked":["Turbo","Fusion"],"picked":"Chaos","floor":11.0},{"not_picked":["Aggregate","Consume"],"picked":"Static Discharge","floor":12},{"not_picked":["Echo Form","Machine Learning"],"picked":"Electrodynamics","floor":16},{"not_picked":["Gash","Static Discharge+1"],"picked":"Conserve Battery+1","floor":18},{"not_picked":["Barrage","Chaos"],"picked":"Coolheaded","floor":19},{"not_picked":["FTL","Turbo"],"picked":"Skim","floor":21},{"not_picked":["Gash","Stack","White Noise"],"picked":"SKIP","floor":22},{"not_picked":["Skim","Barrage"],"picked":"Cold Snap","floor":23},{"not_picked":["Ball Lightning","Streamline+1"],"picked":"Compile Driver","floor":24}],"player_experience":35994,"relics_obtained":[{"floor":9.0,"key":"Ancient Tea Set"},{"floor":17,"key":"Dream Catcher"},{"floor":17,"key":"Kunai"},{"floor":17,"key":"Torii"}],"event_choices":[{"damage_healed":0.0,"max_hp_gain":0.0,"max_hp_loss":0.0,"gold_gain":0.0,"event_name":"Golden Wing","player_choice":"Ignored","floor":2.0,"gold_loss":0.0,"damage_taken":0.0},{"damage_healed":0.0,"max_hp_gain":0.0,"max_hp_loss":0.0,"gold_gain":0.0,"event_name":"Shining Light","player_choice":"Ignored","floor":8.0,"gold_loss":0.0,"damage_taken":0.0},{"damage_healed":0.0,"max_hp_gain":0.0,"max_hp_loss":0.0,"gold_gain":0.0,"event_name":"WeMeetAgain","player_choice":"Gave Potion","floor":10.0,"gold_loss":0.0,"damage_taken":0.0,"relics_obtained":["Blood Vial"]},{"damage_healed":0,"gold_gain":0,"player_choice":"","damage_taken":6,"max_hp_gain":0,"max_hp_loss":0,"event_name":"Knowing Skull","floor":20,"potions_obtained":[],"gold_loss":0,"cards_obtained":[]}],"is_beta":false,"boss_relics":[{"not_picked":["Ectoplasm","Cursed Key"],"picked":"Calling Bell"}],"items_purged_floors":[14],"is_endless":false,"potions_floor_spawned":[3,5,7,22,24],"killed_by":"Snake Plant","ascension_level":0}}