{"host":"9nqlpswyo8o6ezw3","time":1613626102,"event":{"mods":["Act Like it!","BaseMod","Colored Powertips","Downfall","Hallownest","Hermit","Lobotomy","LobotomyExtend","Marisa????????","Minty Spire (QoL Compilation)","StSLib","The Bug Knight","The Cursed"],"gold_per_floor":[116,116,127,127,127,161,161,175,175,175,175,193,116,176,176,281,281,300,300,300,320,334,360,372,122,122,111,33,52,42,42],"floor_reached":30,"language":"ENG","playtime":2322,"items_purged":[],"score":250,"play_id":"04f46cf6-c5c6-435f-bd58-5aa97597e4fb","local_time":"20210218002822","is_ascension_mode":false,"campfire_choices":[{"floor":7,"key":"REST"},{"data":"hermit:Showdown","floor":10,"key":"SMITH"},{"data":"hermit:WideOpen","floor":15,"key":"SMITH"}],"circlet_count":0,"master_deck":["hermit:Strike_Hermit+1","hermit:Strike_Hermit","hermit:Strike_Hermit","hermit:Strike_Hermit","hermit:Defend_Hermit","hermit:Defend_Hermit","hermit:Defend_Hermit","hermit:Defend_Hermit","hermit:Snapshot","hermit:Covet","OldLady","hermit:WideOpen+1","ShyLook","hermit:Showdown+1","Wellcheers","hermit:Glare","BlueStar","hermit:Virtue","hermit:Brawl+1","hermit:OverwhelmingPower+1","UniverseFragment","hermit:Coalescence","Decay","Scarecrow","hermit:BigShot+1","hermit:WideOpen+1","Freischutz","hermit:Snipe+1","NothingThere","hermit:Deadeye","hermit:LoneWolf+1","hermit:Quickdraw+1"],"relics":["hermit:Momento","CogitoBucket","LetterFromLob","HornCleat","Bag of Preparation","Frozen Egg 2","Thread and Needle","Eternal Feather","MagicBullet_r","SlaversCollar","AspirationHeart","InkBottle","Ancient Tea Set","Hallownest:UnbreakableCardRelic","HollowMod:StagPassRelic"],"acts_visited":["Hallownest:Greenpath","Hallownest:CityofTears"],"potions_floor_usage":[24,27,30],"damage_taken":[{"damage":1,"enemies":"Hallownest:monsterHuskWarrior","floor":1,"turns":4},{"damage":8,"enemies":"Hallownest:monsterHuskGuard","floor":3,"turns":4},{"damage":18,"enemies":"Hallownest:eliteMossKnight","floor":6,"turns":8},{"damage":0,"enemies":"Hallownest:2_MossCreeps","floor":8,"turns":4},{"damage":3,"enemies":"Hallownest:1_Baldur_1_Crawlid_1_Warrior","floor":12,"turns":3},{"damage":51,"enemies":"Hallownest:BossBrokenVessel","floor":16,"turns":9},{"damage":34,"enemies":"Hallownest:Guard_and_Sentry","floor":18,"turns":4},{"damage":0,"enemies":"Hallownest:3_Youths","floor":21,"turns":5},{"damage":23,"enemies":"Hallownest:2_Flukemon","floor":22,"turns":8},{"damage":20,"enemies":"Hallownest:Nosk","floor":23,"turns":8},{"damage":0,"enemies":"Hallownest:2_Husk_Sentries","floor":24,"turns":3},{"damage":16,"enemies":"Hallownest:monsterShrumalOgre","floor":27,"turns":6},{"damage":7,"enemies":"Hallownest:Master_and_Novice","floor":29,"turns":4},{"damage":104,"enemies":"Hallownest:eliteWatcherKnight","floor":30,"turns":8}],"seed_played":"8530782378489324749","potions_obtained":[{"floor":3,"key":"Dexterity Potion"},{"floor":8,"key":"GamblersBrew"},{"floor":16,"key":"Fire Potion"},{"floor":18,"key":"Block Potion"},{"floor":27,"key":"Weak Potion"},{"floor":29,"key":"Guardian:BlockOnCardUsePotion"}],"is_trial":false,"path_per_floor":["M","?","M","?","T","E","R","M","T","R","E","M","$","?","R","B",null,"M","?","?","M","M","E","M","?","T","M","$","M","E"],"character_chosen":"HERMIT","items_purchased":["hermit:Brawl+1","hermit:LoneWolf"],"campfire_rested":1,"item_purchase_floors":[13,28],"current_hp_per_floor":[74,56,48,48,48,30,52,52,52,61,75,72,72,72,75,24,75,51,51,51,51,39,26,33,33,33,28,28,52,0,0],"gold":42,"neow_bonus":"","is_daily":false,"chose_seed":false,"campfire_upgraded":2,"win_rate":0.0,"timestamp":1613626102,"path_taken":["M","?","M","?","?","E","R","?","T","R","E","M","$","?","R","BOSS","M","?","?","M","M","E","M","?","T","M","$","M","E"],"items_purchased_type":["Card","Card"],"build_version":"2020-12-22","purchased_purges":0,"victory":false,"max_hp_per_floor":[75,75,75,75,75,75,75,75,75,75,75,75,75,75,75,75,75,85,85,85,85,85,85,85,85,85,85,85,85,85,85],"card_choices":[{"not_picked":["SpiderBud","Scorched"],"picked":"OldLady","floor":1},{"not_picked":["hermit:Misfire","hermit:HeroicBravado"],"picked":"hermit:WideOpen","floor":1},{"not_picked":["FairyFestival","Scorched"],"picked":"ShyLook","floor":3},{"not_picked":["hermit:Misfire","hermit:Desperado"],"picked":"hermit:Showdown","floor":3},{"not_picked":["LittlePrince","Murderer"],"picked":"Wellcheers","floor":6},{"not_picked":["hermit:NoHoldsBarred","hermit:Headshot"],"picked":"hermit:Glare","floor":6},{"not_picked":["Bloodbath","MHz","CherryBlossoms"],"picked":"Singing Bowl","floor":8},{"not_picked":["Murderer","PunishingBird"],"picked":"BlueStar","floor":8},{"not_picked":["hermit:SprayPray","hermit:Coalescence"],"picked":"hermit:Virtue","floor":8},{"not_picked":["MHz","SpiderBud","Yin"],"picked":"Singing Bowl","floor":12},{"not_picked":["hermit:Spite","hermit:RoundhouseKick","hermit:WideOpen"],"picked":"SKIP","floor":12},{"not_picked":["FairyFestival","FieryBird","CrumblingArmor"],"picked":"Singing Bowl","floor":16},{"not_picked":["hermit:HeroicBravado","hermit:FatalDesire+1"],"picked":"hermit:OverwhelmingPower+1","floor":16},{"not_picked":["MeatLantern","CherryBlossoms","Mercenary"],"picked":"Singing Bowl","floor":18},{"not_picked":["MeatLantern","CherryBlossoms"],"picked":"UniverseFragment","floor":18},{"not_picked":["hermit:WideOpen","hermit:Grudge"],"picked":"hermit:Coalescence","floor":18},{"not_picked":["BigBird","MHz","PunishingBird"],"picked":"Singing Bowl","floor":21},{"not_picked":["WallGazer","LittlePrince"],"picked":"Scarecrow","floor":21},{"not_picked":["hermit:GoldenBullet","hermit:Grudge"],"picked":"hermit:BigShot+1","floor":21},{"not_picked":["NakedNest","PunishingBird","GreedKing"],"picked":"Singing Bowl","floor":22},{"not_picked":["hermit:LowProfile","hermit:Virtue"],"picked":"hermit:WideOpen+1","floor":22},{"not_picked":["BigBadWolf","Bloodbath","LaLuna"],"picked":"Singing Bowl","floor":23},{"not_picked":["VoidDream","FairyFestival"],"picked":"Freischutz","floor":23},{"not_picked":["hermit:HeroicBravado","hermit:Misfire"],"picked":"hermit:Snipe+1","floor":23},{"not_picked":["Funeral","LongBird","PunishingBird"],"picked":"Singing Bowl","floor":24},{"not_picked":["hermit:Virtue","hermit:HoleUp"],"picked":"hermit:BodyArmor","floor":24},{"not_picked":["RedShoes","Laetitia","Bloodbath"],"picked":"Singing Bowl","floor":27},{"not_picked":["Mercenary","Yin"],"picked":"NothingThere","floor":27},{"not_picked":["hermit:Coalescence","hermit:Glare"],"picked":"hermit:Deadeye","floor":27},{"not_picked":["WallGazer","OSAHOGD","LaLuna"],"picked":"Singing Bowl","floor":29},{"not_picked":["hermit:Adapt+1","hermit:ItchyTrigger"],"picked":"hermit:Quickdraw+1","floor":29}],"player_experience":64771,"relics_obtained":[{"floor":1,"key":"LetterFromLob"},{"floor":5,"key":"Frozen Egg 2"},{"floor":6,"key":"Thread and Needle"},{"floor":9,"key":"Eternal Feather"},{"floor":23,"key":"Ancient Tea Set"},{"floor":26,"key":"HollowMod:StagPassRelic"}],"event_choices":[],"is_beta":false,"boss_relics":[{"not_picked":["Philosopher\u0027s Stone","Ectoplasm"],"picked":"SlaversCollar"}],"items_purged_floors":[],"is_endless":false,"potions_floor_spawned":[3,8,16,18,27,29],"killed_by":"Hallownest:eliteWatcherKnight","ascension_level":0}}