{"host":"y6zg4wwu39otf01a","time":1613660803,"event":{"mods":["Act Like it!","Aspiration","BaseMod","Better Altar","Better Match","Better Note","Better Sensory Stone","Better Skull","Better Third Choice","Challenge The Spire","Colored Map","Colored Powertips","Conspire","GifTheSpireLib","Glutton Mod","Halation","Hermit","Highlight Path","Hubris","Infinite Spire","Mimic Mod","Minty Spire (QoL Compilation)","Quick Restart","Random Character Button","Rare Cards Sparkle","Reliquary","Replay The Spire","Retaliation","Ruina","Spicy Shops","StSLib","Stuff the Spire","The Blue Laboratory","The Construct","The Jungle"],"gold_per_floor":[119,15,15,15,31,31,42,42,42,53,53,83,83,99,99,99,99],"floor_reached":16,"language":"ENG","playtime":835,"items_purged":[],"score":160,"play_id":"999548e8-fe21-4a46-9925-731e611d4fd8","local_time":"20210218090643","is_ascension_mode":true,"campfire_choices":[{"data":"Glutton:Flail","floor":6,"key":"SMITH"},{"data":"Glutton:Delusion","floor":15,"key":"SMITH"}],"circlet_count":0,"master_deck":["Glutton:Strike","Glutton:Strike","Glutton:Strike","Glutton:Strike","Glutton:Strike","Glutton:Strike","Glutton:Defend","Glutton:Defend","Glutton:Defend","Glutton:Flail+1","Glutton:Feed+1","Glutton:Slam","Glutton:Rest","Glutton:Delusion+1","Glutton:Masochism","Glutton:DecrepitStrike"],"relics":["Glutton:EternalHunger","Peace Pipe","Unceasing Top","reliquary:Firecrackers","hubris:Towel"],"acts_visited":["Exordium"],"potions_floor_usage":[12,14,16,16],"damage_taken":[{"damage":7,"enemies":"Cultist","floor":1,"turns":3},{"damage":17,"enemies":"Jaw Worm","floor":5,"turns":2},{"damage":4,"enemies":"2 Louse","floor":7,"turns":2},{"damage":13,"enemies":"Looter","floor":10,"turns":2},{"damage":44,"enemies":"3 Sentries","floor":12,"turns":7},{"damage":20,"enemies":"Lots of Slimes","floor":14,"turns":3},{"damage":126,"enemies":"Hexaghost","floor":16,"turns":11}],"seed_played":"4716367721919300592","potions_obtained":[{"floor":1,"key":"blueLaboratory:HeartbeatPotion"},{"floor":7,"key":"blueLaboratory:BottleOfVodka"},{"floor":12,"key":"Adrenaline Potion"},{"floor":14,"key":"LifebloodPotion"}],"is_trial":false,"path_per_floor":["M","$","T","?","M","R","M","?","T","M","$","E","?","M","R","B"],"character_chosen":"GLUTTON","items_purchased":["Glutton:Feed"],"campfire_rested":0,"item_purchase_floors":[2],"current_hp_per_floor":[125,125,125,125,115,115,119,147,147,134,134,108,108,113,113,0,0],"gold":99,"neow_bonus":"TEN_PERCENT_HP_BONUS","is_daily":false,"chose_seed":false,"campfire_upgraded":2,"win_rate":0.0,"timestamp":1613660803,"path_taken":["M","$","?","?","M","R","?","?","T","?","$","E","?","M","R","BOSS"],"items_purchased_type":["Card"],"build_version":"2020-12-22","purchased_purges":0,"victory":false,"max_hp_per_floor":[132,132,132,132,139,139,147,147,147,147,147,155,155,170,170,170,170],"card_choices":[{"not_picked":["Glutton:Dispepsia","Glutton:Migraine"],"picked":"Glutton:Chrysosphagy","floor":1},{"not_picked":["Glutton:LashOut","Glutton:GoldenArmor"],"picked":"Glutton:Slam","floor":5},{"not_picked":["Glutton:Borborygmi","Glutton:Masochism"],"picked":"Glutton:Rest","floor":7},{"not_picked":["Glutton:Devour","Glutton:Hoard"],"picked":"Glutton:Delusion","floor":10},{"not_picked":["Glutton:LashOut","Glutton:Borborygmi"],"picked":"Glutton:Masochism","floor":12},{"not_picked":["Glutton:Chomp","Glutton:Strain"],"picked":"Glutton:DecrepitStrike","floor":14}],"player_experience":889861,"relics_obtained":[{"floor":3,"key":"Peace Pipe"},{"floor":9,"key":"Unceasing Top"},{"floor":12,"key":"reliquary:Firecrackers"}],"event_choices":[{"damage_healed":0,"gold_gain":0,"player_choice":"Upgraded","damage_taken":0,"max_hp_gain":0,"max_hp_loss":0,"event_name":"Upgrade Shrine","floor":4,"gold_loss":0,"cards_upgraded":["Glutton:Feed"]},{"cards_removed":["Glutton:Chrysosphagy"],"damage_healed":28,"gold_gain":0,"player_choice":"Offered Uncommon","damage_taken":0,"max_hp_gain":0,"max_hp_loss":0,"event_name":"Bonfire Elementals","floor":8,"gold_loss":0}],"is_beta":false,"boss_relics":[],"items_purged_floors":[],"is_endless":false,"potions_floor_spawned":[1,7,12,14],"killed_by":"Hexaghost","ascension_level":2}}