{"host":"bwf6jt0gyax88i3l","time":1613690395,"event":{"mods":["AchievementEnabler","Act Like it!","BaseMod","Colored Map","Colored Powertips","Conspire","Downfall","Gensokyo","Hermit","Hero for Fun","Highlight Path","Hubris","Infinite Spire","Jorbs\u0027s Wanderer Trilogy","Koishi","Minty Spire (QoL Compilation)","Quick Restart","Shop Mod","StSLib","Td1madao Mod","The Administrix","The Bladedancer","The Bug Knight","The Cursed","The Hierophant","The Mystic","The Wild Card"],"gold_per_floor":[99,99,118,133,133,149,172,198,209,226,226,226,260,277,292,292,292,292],"floor_reached":16,"language":"ENG","playtime":532,"items_purged":[],"score":114,"play_id":"95da85f3-83f4-443e-9d08-4ff2997e0163","local_time":"20210218151955","is_ascension_mode":false,"campfire_choices":[{"data":"sneckomod:SnekBite","floor":1,"key":"SMITH"},{"floor":12,"key":"REST"}],"circlet_count":0,"master_deck":["sneckomod:Strike","sneckomod:Strike","sneckomod:Defend","sneckomod:Defend","sneckomod:TailWhip","sneckomod:SnekBite+1","sneckomod:Unknown","sneckomod:Unknown","sneckomod:ImprovisedAttack","sneckomod:UnknownDraw","theWildCard:Metatron","sneckomod:UnknownBoss","sneckomod:IronFang","sneckomod:SnekBeam","sneckomod:Cheat","sneckomod:RainOfDice"],"relics":["Empty Cage","infinitespire:Beetle Shell","Nunchaku","Kunai","hubris:Icosahedron","hubris:ToyBattleship"],"acts_visited":["Exordium"],"potions_floor_usage":[8,13],"damage_taken":[{"damage":1,"enemies":"Cultist","floor":3,"turns":3},{"damage":5,"enemies":"Small Slimes","floor":4,"turns":3},{"damage":2,"enemies":"2 Louse","floor":6,"turns":3},{"damage":26,"enemies":"Gremlin Nob","floor":8,"turns":5},{"damage":12,"enemies":"Exordium Wildlife","floor":9,"turns":2},{"damage":7,"enemies":"Gremlin Gang","floor":10,"turns":2},{"damage":29,"enemies":"Lagavulin","floor":13,"turns":7},{"damage":8,"enemies":"Blue Slaver","floor":14,"turns":3},{"damage":0,"enemies":"2 Fungi Beasts","floor":15,"turns":2},{"damage":29,"enemies":"WA_ARCHETYPE_RETAIN","floor":16,"turns":4}],"seed_played":"5237163171862214135","potions_obtained":[{"floor":3,"key":"Energy Potion"},{"floor":6,"key":"Dexterity Potion"},{"floor":9,"key":"Swift Potion"},{"floor":15,"key":"sneckomod:OffclassReductionPotion"}],"is_trial":false,"path_per_floor":["R","?","M","M","?","M","T","E","M","M","?","R","E","M","M","B"],"character_chosen":"THE_SNECKO","items_purchased":[],"campfire_rested":1,"item_purchase_floors":[],"current_hp_per_floor":[90,90,89,84,84,82,82,56,44,37,37,64,35,27,27,0,0,0],"gold":292,"neow_bonus":"BOSS_RELIC","is_daily":false,"chose_seed":false,"campfire_upgraded":1,"win_rate":0.0,"timestamp":1613690395,"path_taken":["R","?","M","M","?","M","T","E","M","M","?","R","E","?","M","BOSS"],"items_purchased_type":[],"build_version":"2020-12-22","purchased_purges":0,"victory":false,"max_hp_per_floor":[90,90,90,90,90,90,90,90,90,90,90,90,90,90,90,90,90,90],"card_choices":[{"not_picked":["sneckomod:Nope","sneckomod:QuickBite"],"picked":"sneckomod:ImprovisedAttack","floor":3},{"not_picked":["sneckomod:UnknownCommonSkill","sneckomod:SoulDraw"],"picked":"sneckomod:UnknownDraw","floor":4},{"not_picked":["sneckomod:UnknownExhaust","sneckomod:SnakeSap"],"picked":"sneckomod:UnknownBoss","floor":6},{"not_picked":["sneckomod:Rotation","sneckomod:PureSnecko"],"picked":"sneckomod:IronFang","floor":8},{"not_picked":["sneckomod:DiceBoulder","sneckomod:SoulDraw","sneckomod:QuickBite"],"picked":"SKIP","floor":9},{"not_picked":["sneckomod:RainOfDice","sneckomod:SoulDraw"],"picked":"sneckomod:SnekBeam","floor":10},{"not_picked":["sneckomod:Unknown2Cost","sneckomod:UnknownExhaust"],"picked":"sneckomod:Cheat","floor":13},{"not_picked":["sneckomod:SoulDraw","sneckomod:IronFang","sneckomod:WideSting"],"picked":"SKIP","floor":14},{"not_picked":["sneckomod:QuickMove","sneckomod:QuickBite"],"picked":"sneckomod:RainOfDice","floor":15}],"player_experience":61143,"relics_obtained":[{"floor":2,"key":"infinitespire:Beetle Shell"},{"floor":7,"key":"Nunchaku"},{"floor":8,"key":"Kunai"},{"floor":13,"key":"hubris:ToyBattleship"}],"event_choices":[],"is_beta":false,"boss_relics":[],"items_purged_floors":[],"is_endless":false,"potions_floor_spawned":[3,6,9,15],"killed_by":"WA_ARCHETYPE_RETAIN","ascension_level":0}}