{"host":"6tclm4iu2bb2z3rt","time":1613678037,"event":{"mods":["BaseMod","Downfall","Minty Spire (QoL Compilation)","Quick Restart","Reliquary","StSLib"],"gold_per_floor":[11,25,25,25,25,25,54,68,68,81,92,92,17,29,29,126,126,142,42,58,133,147,182,182,57,57,57,70,70,70,70],"floor_reached":30,"language":"ZHS","playtime":972,"items_purged":["Strike_R","Strike_R","Strike_R"],"score":400,"play_id":"77ad4917-59be-4696-94b2-21a64322eda3","local_time":"20210219035357","is_ascension_mode":true,"campfire_choices":[{"data":"Bash","floor":6.0,"key":"SMITH"},{"floor":15.0,"key":"REST"},{"floor":24.0,"key":"REST"},{"data":"Dropkick","floor":27.0,"key":"SMITH"}],"circlet_count":0,"master_deck":["AscendersBane","Strike_R+1","Defend_R+1","Defend_R","Defend_R","Bash+1","Dropkick+1","Thunderclap","Reaper","Dropkick+1"],"relics":["Burning Blood","Mummified Hand","Mummified Hand","SacredBark","Pen Nib","Pantograph","Oddly Smooth Stone"],"acts_visited":["Exordium","TheCity"],"potions_floor_usage":[30],"damage_taken":[{"damage":12.0,"enemies":"Jaw Worm","floor":1.0,"turns":2.0},{"damage":0.0,"enemies":"Small Slimes","floor":2.0,"turns":3.0},{"damage":45.0,"enemies":"Lagavulin","floor":7.0,"turns":6.0},{"damage":0.0,"enemies":"Cultist","floor":8.0,"turns":3.0},{"damage":14.0,"enemies":"Looter","floor":10.0,"turns":3.0},{"damage":2.0,"enemies":"2 Fungi Beasts","floor":11.0,"turns":3.0},{"damage":0.0,"enemies":"Lots of Slimes","floor":14.0,"turns":3.0},{"damage":52.0,"enemies":"Slime Boss","floor":16.0,"turns":10.0},{"damage":14.0,"enemies":"Chosen","floor":18.0,"turns":6.0},{"damage":21.0,"enemies":"3 Byrds","floor":20.0,"turns":5.0},{"damage":40.0,"enemies":"Centurion and Healer","floor":22.0,"turns":6.0},{"damage":15.0,"enemies":"Gremlin Leader","floor":23.0,"turns":6.0},{"damage":36.0,"enemies":"Snake Plant","floor":28.0,"turns":4.0},{"damage":28,"enemies":"Sentry and Sphere","floor":30,"turns":3}],"seed_played":"614181510088556480","potions_obtained":[{"floor":1.0,"key":"Fire Potion"},{"floor":5.0,"key":"Regen Potion"},{"floor":20.0,"key":"Fire Potion"},{"floor":23.0,"key":"SkillPotion"},{"floor":28.0,"key":"DistilledChaos"}],"is_trial":false,"path_per_floor":["M","M","?","?","?","R","E","M","T","M","M","T","$","M","R","B",null,"M","$","M","?","M","E","R","$","T","R","M","?","M"],"character_chosen":"IRONCLAD","items_purchased":[],"campfire_rested":2,"item_purchase_floors":[],"current_hp_per_floor":[66,72,56,61,61,61,22,28,28,20,24,24,24,30,55,24,70,68,68,62,54,26,28,53,53,53,53,23,23,0,0],"gold":70,"neow_bonus":"REMOVE_TWO","is_daily":false,"chose_seed":false,"campfire_upgraded":2,"win_rate":0.0,"timestamp":1613678037,"path_taken":["M","M","?","?","?","R","E","M","T","?","M","?","?","M","R","BOSS","M","$","M","?","?","E","R","?","T","R","M","?","M"],"items_purchased_type":[],"build_version":"2020-12-22","purchased_purges":3,"victory":false,"max_hp_per_floor":[80,80,80,85,85,85,85,85,85,85,85,85,85,85,85,85,85,85,85,85,85,85,85,85,85,85,85,85,85,85,85],"card_choices":[{"not_picked":["Disarm","Rupture","Heavy Blade"],"picked":"SKIP","floor":1.0},{"not_picked":["Thunderclap","Headbutt","Cleave"],"picked":"SKIP","floor":2.0},{"not_picked":["Rupture","Flex","Sever Soul"],"picked":"SKIP","floor":7.0},{"not_picked":["Iron Wave","Reckless Charge"],"picked":"Dropkick","floor":8.0},{"not_picked":["Hemokinesis","Spot Weakness","Clothesline"],"picked":"SKIP","floor":10.0},{"not_picked":["Anger","Body Slam"],"picked":"Thunderclap","floor":11.0},{"not_picked":["Bloodletting","Fire Breathing","Searing Blow"],"picked":"SKIP","floor":14.0},{"not_picked":["Feed","Juggernaut"],"picked":"Reaper","floor":16.0},{"not_picked":["Reckless Charge+1","Twin Strike"],"picked":"Dropkick+1","floor":18.0},{"not_picked":["Pommel Strike","Anger+1","Clash"],"picked":"SKIP","floor":20.0},{"not_picked":["Shrug It Off","Seeing Red","Warcry"],"picked":"SKIP","floor":22.0},{"not_picked":["Sentinel","Limit Break","Heavy Blade"],"picked":"SKIP","floor":23.0},{"not_picked":["Pommel Strike","Warcry","Dark Embrace"],"picked":"SKIP","floor":28.0}],"player_experience":285865,"relics_obtained":[{"floor":7.0,"key":"Mummified Hand"},{"floor":12.0,"key":"reliquary:SculptingSteel"},{"floor":23.0,"key":"Pen Nib"},{"floor":26.0,"key":"Pantograph"}],"event_choices":[{"damage_healed":0.0,"max_hp_gain":0.0,"max_hp_loss":0.0,"gold_gain":0.0,"event_name":"Shining Light","player_choice":"Entered Light","floor":3.0,"gold_loss":0.0,"damage_taken":16.0,"cards_upgraded":["Defend_R","Strike_R"]},{"damage_healed":0.0,"max_hp_gain":5.0,"max_hp_loss":0.0,"gold_gain":0.0,"event_name":"Big Fish","player_choice":"Donut","floor":4.0,"gold_loss":0.0,"damage_taken":0.0},{"damage_healed":0.0,"max_hp_gain":0.0,"max_hp_loss":0.0,"gold_gain":0.0,"event_name":"Lab","player_choice":"Got Potions","floor":5.0,"gold_loss":0.0,"damage_taken":0.0},{"damage_healed":0.0,"max_hp_gain":0.0,"max_hp_loss":0.0,"gold_gain":75.0,"event_name":"FaceTrader","player_choice":"Touch","floor":21.0,"gold_loss":0.0,"damage_taken":8.0},{"damage_healed":0.0,"max_hp_gain":0.0,"max_hp_loss":0.0,"gold_gain":0.0,"event_name":"WeMeetAgain","player_choice":"Gave Potion","floor":29.0,"gold_loss":0.0,"damage_taken":0.0,"relics_obtained":["Oddly Smooth Stone"]}],"is_beta":false,"boss_relics":[{"not_picked":["reliquary:Craggleroot","Philosopher\u0027s Stone"],"picked":"SacredBark"}],"items_purged_floors":[13,19,25],"is_endless":false,"potions_floor_spawned":[1,7,14,20,23,28],"killed_by":"Sentry and Sphere","ascension_level":12}}