{"host":"3kvzrqphghcx5kvo","time":1613686402,"event":{"mods":["AchievementEnabler","BaseMod","Colored Map","Colored Powertips","Downfall","GifTheSpireLib","Minty Spire (QoL Compilation)","Quick Restart","Rare Cards Sparkle","Relic Stats","StSLib","Unceasing Turn Reminder","everything is the same but u backflip on backflip"],"gold_per_floor":[110,35,49,49,64,64,23,23,74,106,106,106,122,47,47,125,125,136,136,91,91,104,104,104,104],"floor_reached":24,"language":"ENG","playtime":2765,"items_purged":["Defend_P"],"score":388,"play_id":"6c03d424-091d-404a-b74d-e2f29a4d8e14","local_time":"20210218141322","is_ascension_mode":true,"campfire_choices":[{"data":"Perseverance","floor":6.0,"key":"SMITH"},{"data":"Study","floor":8.0,"key":"SMITH"},{"data":"Eruption","floor":11.0,"key":"SMITH"},{"floor":15.0,"key":"REST"},{"floor":23.0,"key":"REST"}],"circlet_count":0,"master_deck":["AscendersBane","Strike_P","Strike_P","Defend_P","Defend_P","Defend_P","Eruption+1","Vigilance","Perseverance+1","Study+1","ConjureBlade","Crescendo+1","Meditate"],"relics":["PureWater","Omamori","Strawberry","Sozu","Nloth\u0027s Gift"],"acts_visited":["Exordium","TheCity"],"potions_floor_usage":[],"damage_taken":[{"damage":0.0,"enemies":"Small Slimes","floor":1.0,"turns":3.0},{"damage":7.0,"enemies":"Cultist","floor":3.0,"turns":3.0},{"damage":4.0,"enemies":"Jaw Worm","floor":5.0,"turns":3.0},{"damage":22.0,"enemies":"Gremlin Nob","floor":10.0,"turns":4.0},{"damage":12.0,"enemies":"3 Louse","floor":13.0,"turns":6.0},{"damage":40.0,"enemies":"The Guardian","floor":16.0,"turns":19.0},{"damage":0.0,"enemies":"Chosen","floor":18.0,"turns":3.0},{"damage":26.0,"enemies":"2 Thieves","floor":20.0,"turns":5.0},{"damage":32.0,"enemies":"Shelled Parasite and Fungi","floor":22.0,"turns":3.0},{"damage":52,"enemies":"Cultist and Chosen","floor":24,"turns":3}],"seed_played":"-3583492842453492048","potions_obtained":[{"floor":3.0,"key":"Strength Potion"},{"floor":10.0,"key":"Dexterity Potion"},{"floor":16.0,"key":"StancePotion"}],"is_trial":false,"path_per_floor":["M","$","M","?","M","R","$","R","T","E","R","T","M","?","R","B",null,"M","?","M","?","M","R","M"],"character_chosen":"WATCHER","items_purchased":["Study"],"campfire_rested":2,"item_purchase_floors":[7],"current_hp_per_floor":[67,67,60,74,70,70,70,70,70,55,55,55,45,45,69,29,70,70,70,46,46,14,39,0,0],"gold":104,"neow_bonus":"TEN_PERCENT_HP_BONUS","is_daily":false,"chose_seed":false,"campfire_upgraded":3,"win_rate":0.0,"timestamp":1613686402,"path_taken":["M","$","M","?","M","R","?","R","T","E","R","?","M","?","R","BOSS","M","?","M","?","?","R","M"],"items_purchased_type":["Card"],"build_version":"2020-12-22","purchased_purges":1,"victory":false,"max_hp_per_floor":[74,74,74,74,74,74,74,74,74,81,81,81,83,83,83,83,83,83,83,85,85,85,85,85,85],"relic_stats":{"Sozu":2,"counters":[10,52],"Nloth\u0027s Gift":0,"obtain_stats":[{"Sozu":17,"Singing Bowl":12,"Strawberry":10,"Omamori":9,"Nloth\u0027s Gift":21,"PureWater":0},{"Sozu":6,"Singing Bowl":4,"Strawberry":4,"Omamori":3,"Nloth\u0027s Gift":8,"PureWater":0},{"Sozu":38,"Singing Bowl":13,"Strawberry":13,"Omamori":9,"Nloth\u0027s Gift":46,"PureWater":0}]},"card_choices":[{"not_picked":["ThirdEye","EmptyBody"],"picked":"Perseverance","floor":1.0},{"not_picked":["FlyingSleeves","ClearTheMind","Sanctity"],"picked":"SKIP","floor":3.0},{"not_picked":["ClearTheMind","InnerPeace","PathToVictory"],"picked":"SKIP","floor":5.0},{"not_picked":["Wireheading","ForeignInfluence","Collect"],"picked":"SKIP","floor":10.0},{"not_picked":["Evaluate","Vengeance","FlyingSleeves"],"picked":"Singing Bowl","floor":13.0},{"not_picked":["Alpha","DeusExMachina"],"picked":"ConjureBlade","floor":16.0},{"not_picked":["CrushJoints","CarveReality"],"picked":"Crescendo+1","floor":18.0},{"not_picked":["BowlingBash","Crescendo","Tantrum"],"picked":"Singing Bowl","floor":20.0},{"not_picked":["WaveOfTheHand","WindmillStrike"],"picked":"Meditate","floor":22.0}],"player_experience":1268551,"relics_obtained":[{"floor":9.0,"key":"Omamori"},{"floor":10.0,"key":"Strawberry"},{"floor":12.0,"key":"Singing Bowl"}],"event_choices":[{"damage_healed":14.0,"max_hp_gain":0.0,"max_hp_loss":0.0,"gold_gain":0.0,"event_name":"Wheel of Change","player_choice":"Full Heal","floor":4.0,"gold_loss":0.0,"damage_taken":0.0},{"cards_removed":["Strike_P"],"damage_healed":0.0,"max_hp_gain":0.0,"max_hp_loss":0.0,"gold_gain":0.0,"event_name":"The Cleric","player_choice":"Card Removal","floor":14.0,"gold_loss":75.0,"damage_taken":0.0},{"cards_removed":["Strike_P"],"damage_healed":0.0,"max_hp_gain":0.0,"max_hp_loss":0.0,"gold_gain":0.0,"event_name":"Back to Basics","player_choice":"Elegance","floor":19.0,"gold_loss":0.0,"damage_taken":0.0},{"damage_healed":0.0,"max_hp_gain":0.0,"max_hp_loss":0.0,"gold_gain":0.0,"event_name":"N\u0027loth","player_choice":"Traded Relic","floor":21.0,"relics_lost":["Singing Bowl"],"gold_loss":0.0,"damage_taken":0.0,"relics_obtained":["Nloth\u0027s Gift"]}],"is_beta":false,"boss_relics":[{"not_picked":["Velvet Choker","Coffee Dripper"],"picked":"Sozu"}],"items_purged_floors":[2],"is_endless":false,"potions_floor_spawned":[3,10,16,18,22],"killed_by":"Cultist and Chosen","ascension_level":20}}