{"host":"fwdkxxz7291ipt0p","time":1613643469,"event":{"mods":["Act Like it!","BaseMod","Minty Spire (QoL Compilation)","Relic Filter Mod","StSLib","The Animator","The Cursed","The Gatherer","The Servant 0.9.4","Youmu£®ªÍ∆«—˝√Œ£©"],"gold_per_floor":[119,119,130,130,145,145,156,5,53,53,66,166,12,12,12,110,110,127,142,142,142,159,159,177,177,177,177,196,216,241,153,153,250,250,270,270,67,87,37,37,37,52,52,2,22,22,32,32,32,32],"floor_reached":51,"language":"ZHS","playtime":3410,"items_purged":["Strike_R","Strike_R","Evolve","Strike_R"],"score":737,"play_id":"2faaf243-54fc-48ea-9812-1d51053e439f","local_time":"20210218181749","is_ascension_mode":false,"campfire_choices":[{"data":"Bash","floor":6.0,"key":"SMITH"},{"data":"Hemokinesis","floor":10.0,"key":"SMITH"},{"data":"Second Wind","floor":15.0,"key":"SMITH"},{"data":"Body Slam","floor":23.0,"key":"SMITH"},{"data":"Dark Embrace","floor":25.0,"key":"SMITH"},{"floor":27.0,"key":"REST"},{"data":"Entrench","floor":32.0,"key":"SMITH"},{"data":"Limit Break","floor":40,"key":"SMITH"},{"floor":49,"key":"REST"}],"circlet_count":0,"master_deck":["Defend_R","Defend_R","Defend_R","Defend_R","Bash+1","Thunderclap","Hemokinesis+1","Second Wind+1","Battle Trance+1","Impervious","CurseOfTheBell","Body Slam+1","Dark Embrace+1","Spot Weakness+1","Entrench+1","Limit Break+1","Finesse","Rupture+1","True Grit+1"],"relics":["Burning Blood","Vajra","PreservedInsect","Membership Card","Calling Bell","Smiling Mask","Mummified Hand","Thread and Needle","Gremlin Horn","Enchiridion","Centennial Puzzle","Red Mask","Runic Cube","WingedGreaves","Bottled Tornado","Turnip"],"acts_visited":["Exordium","TheCity","TheBeyond"],"potions_floor_usage":[50],"damage_taken":[{"damage":5.0,"enemies":"Cultist","floor":1.0,"turns":4.0},{"damage":1.0,"enemies":"Jaw Worm","floor":3.0,"turns":3.0},{"damage":5.0,"enemies":"2 Louse","floor":5.0,"turns":4.0},{"damage":9.0,"enemies":"2 Fungi Beasts","floor":7.0,"turns":4.0},{"damage":3.0,"enemies":"Exordium Wildlife","floor":11.0,"turns":3.0},{"damage":68.0,"enemies":"Hexaghost","floor":16.0,"turns":9.0},{"damage":19.0,"enemies":"Shell Parasite","floor":18.0,"turns":5.0},{"damage":18.0,"enemies":"2 Thieves","floor":19.0,"turns":4.0},{"damage":12.0,"enemies":"Shelled Parasite and Fungi","floor":22.0,"turns":4.0},{"damage":2.0,"enemies":"Cultist and Chosen","floor":24.0,"turns":4.0},{"damage":12.0,"enemies":"Snake Plant","floor":28.0,"turns":3.0},{"damage":12.0,"enemies":"Sentry and Sphere","floor":29.0,"turns":5.0},{"damage":0.0,"enemies":"Masked Bandits","floor":30.0,"turns":4.0},{"damage":38.0,"enemies":"Collector","floor":33.0,"turns":6.0},{"damage":21.0,"enemies":"Orb Walker","floor":35.0,"turns":4.0},{"damage":2,"enemies":"3 Shapes","floor":38,"turns":3},{"damage":13,"enemies":"Jaw Worm Horde","floor":42,"turns":4},{"damage":7,"enemies":"4 Shapes","floor":45,"turns":4},{"damage":20,"enemies":"Maw","floor":47,"turns":8},{"damage":33,"enemies":"Awakened One","floor":50,"turns":7}],"seed_played":"-1539819572623787580","potions_obtained":[{"floor":3.0,"key":"SkillPotion"},{"floor":7.0,"key":"GamblersBrew"},{"floor":16.0,"key":"Weak Potion"},{"floor":18.0,"key":"ColorlessPotion"},{"floor":19.0,"key":"LiquidMemories"},{"floor":42,"key":"Dexterity Potion"},{"floor":45,"key":"LiquidMemories"},{"floor":47,"key":"LiquidMemories"}],"is_trial":false,"path_per_floor":["M","?","M","$","M","R","M","$","T","R","M","?","$","?","R","B",null,"M","M","?","?","M","R","M","R","T","R","M","M","?","$","R","B",null,"M","?","$","M","$","R","T","M","T","$","M","?","M","?","R","B",null],"character_chosen":"IRONCLAD","items_purchased":["Hemokinesis","Second Wind","Membership Card","Entrench","WingedGreaves"],"campfire_rested":2,"item_purchase_floors":[8,8,13,31,37],"current_hp_per_floor":[72,72,72,72,72,72,69,69,69,69,72,72,72,72,72,10,72,59,47,47,31,25,25,29,29,29,50,44,38,44,44,44,12,72,57,52,52,56,56,56,56,49,49,49,48,48,34,34,55,28],"gold":32,"neow_bonus":"REMOVE_TWO","is_daily":false,"chose_seed":false,"campfire_upgraded":7,"win_rate":0.0,"timestamp":1613643469,"path_taken":["M","?","M","$","M","R","M","$","T","R","M","?","?","?","R","BOSS","M","M","?","?","?","R","M","R","T","R","?","M","?","$","R","BOSS","M","?","$","M","$","R","?","M","T","$","M","?","?","?","R","BOSS"],"items_purchased_type":["Card","Card","Relic","Card","Relic"],"build_version":"2020-12-22","purchased_purges":4,"victory":true,"max_hp_per_floor":[72,72,72,72,72,72,72,72,72,72,72,72,72,72,72,72,72,72,72,72,72,72,72,72,72,72,72,72,72,72,72,72,72,72,72,72,72,72,72,72,72,72,72,72,72,72,72,72,72,72],"card_choices":[{"not_picked":["Warcry","Clothesline"],"picked":"True Grit","floor":1.0},{"not_picked":["Combust","Wild Strike","Clothesline"],"picked":"SKIP","floor":3.0},{"not_picked":["Wild Strike","Heavy Blade"],"picked":"Thunderclap","floor":5.0},{"not_picked":["Clash","Twin Strike"],"picked":"Evolve","floor":7.0},{"not_picked":["Reaper","Twin Strike"],"picked":"Battle Trance","floor":11.0},{"not_picked":["Exhume","Berserk"],"picked":"Impervious","floor":16.0},{"not_picked":["Hemokinesis","Sword Boomerang"],"picked":"Body Slam","floor":18.0},{"not_picked":["Iron Wave","Heavy Blade","Thunderclap"],"picked":"SKIP","floor":19.0},{"not_picked":["Havoc","Shrug It Off"],"picked":"Dark Embrace","floor":22.0},{"not_picked":["Anger","Flex+1","Cleave+1"],"picked":"SKIP","floor":24.0},{"not_picked":["Iron Wave","Heavy Blade","Pummel"],"picked":"SKIP","floor":28.0},{"not_picked":["Rampage","Clothesline"],"picked":"Spot Weakness+1","floor":29.0},{"not_picked":["Demon Form","Juggernaut"],"picked":"Limit Break","floor":33.0},{"not_picked":["Cleave","Dropkick+1","Perfected Strike"],"picked":"SKIP","floor":35.0},{"not_picked":["Metamorphosis","Magnetism"],"picked":"Finesse","floor":36},{"not_picked":["True Grit+1","Twin Strike"],"picked":"Rupture+1","floor":38},{"not_picked":["Burning Pact+1","Flex"],"picked":"True Grit+1","floor":42},{"not_picked":["Entrench","Immolate","Evolve+1"],"picked":"SKIP","floor":45},{"not_picked":["Warcry","True Grit","Fire Breathing+1"],"picked":"SKIP","floor":47}],"player_experience":480194,"relics_obtained":[{"floor":9.0,"key":"PreservedInsect"},{"floor":17.0,"key":"Smiling Mask"},{"floor":17.0,"key":"Mummified Hand"},{"floor":17.0,"key":"Thread and Needle"},{"floor":21.0,"key":"Enchiridion"},{"floor":26.0,"key":"Centennial Puzzle"},{"floor":30.0,"key":"Red Mask"},{"floor":41,"key":"Bottled Tornado"},{"floor":43,"key":"Turnip"}],"event_choices":[{"cards_removed":["True Grit"],"damage_healed":0.0,"max_hp_gain":0.0,"max_hp_loss":0.0,"gold_gain":0.0,"event_name":"WeMeetAgain","player_choice":"Gave Card","floor":2.0,"gold_loss":0.0,"damage_taken":0.0,"relics_obtained":["Vajra"]},{"damage_healed":0.0,"max_hp_gain":0.0,"max_hp_loss":0.0,"gold_gain":100.0,"event_name":"Golden Shrine","player_choice":"Pray","floor":12.0,"gold_loss":0.0,"damage_taken":0.0},{"damage_healed":0.0,"max_hp_gain":0.0,"max_hp_loss":0.0,"gold_gain":0.0,"event_name":"Dead Adventurer","player_choice":"Searched \u00270\u0027 times","floor":14.0,"gold_loss":0.0,"damage_taken":0.0},{"damage_healed":0.0,"max_hp_gain":0.0,"max_hp_loss":0.0,"gold_gain":0.0,"event_name":"The Mausoleum","player_choice":"Opened","floor":20.0,"gold_loss":0.0,"damage_taken":0.0,"relics_obtained":["Gremlin Horn"]},{"damage_healed":0.0,"max_hp_gain":0.0,"max_hp_loss":0.0,"gold_gain":0.0,"event_name":"Cursed Tome","player_choice":"Obtained Book","floor":21.0,"gold_loss":0.0,"damage_taken":16.0},{"damage_healed":0.0,"max_hp_gain":0.0,"max_hp_loss":0.0,"gold_gain":0.0,"event_name":"Masked Bandits","player_choice":"Fought Bandits","floor":30.0,"gold_loss":0.0,"damage_taken":0.0},{"damage_healed":0,"gold_gain":0,"player_choice":"Memory 2","damage_taken":5,"max_hp_gain":0,"max_hp_loss":0,"event_name":"SensoryStone","floor":36,"gold_loss":0},{"damage_healed":0,"gold_gain":0,"player_choice":"Forge","damage_taken":0,"max_hp_gain":0,"max_hp_loss":0,"event_name":"Accursed Blacksmith","floor":46,"gold_loss":0,"cards_upgraded":["Battle Trance"]},{"damage_healed":0,"gold_gain":0,"player_choice":"Ignored","damage_taken":0,"max_hp_gain":0,"max_hp_loss":0,"event_name":"SecretPortal","floor":48,"gold_loss":0}],"is_beta":false,"boss_relics":[{"not_picked":["SacredBark","SlaversCollar"],"picked":"Calling Bell"},{"not_picked":["Pandora\u0027s Box","Black Blood"],"picked":"Runic Cube"}],"items_purged_floors":[31,37,39,44],"is_endless":false,"potions_floor_spawned":[3,7,16,18,19,24,28,42,45,47],"ascension_level":0}}