{"host":"Cenci","time":1613670727,"event":{"mods":["BaseMod","Bestiary","Downfall","Highlight Path","Minty Spire (QoL Compilation)","StSLib"],"gold_per_floor":[99,99,99,199,199,99,99,129,139,139,166,166,20,34,50,154,154,54,54,71,56,76,108,194,223,235,259,304,331,243,255,278,395,407,419,446,567,579,305,305,376,395,408,408,421,34,48,83,93,93,93,124,46,46,46,46,46,46],"floor_reached":56,"language":"ENG","playtime":3286,"items_purged":["Slimebound:Strike_Slimebound","Slimebound:Strike_Slimebound","Slimebound:Strike_Slimebound"],"score":1100,"play_id":"6f13171f-5c65-4e2c-9450-85c1c3c67ed7","local_time":"20210218185207","is_ascension_mode":true,"campfire_choices":[{"floor":1.0,"key":"RECALL"},{"data":"Slimebound:Split","floor":6.0,"key":"SMITH"},{"data":"Slimebound:Repurpose","floor":10.0,"key":"SMITH"},{"data":"Slimebound:Repurpose","floor":18.0,"key":"SMITH"},{"data":"Slimebound:OneTwoCombo","floor":30,"key":"SMITH"},{"data":"Slimebound:Recycling","floor":35,"key":"SMITH"},{"data":"Slimebound:TagTeam","floor":40,"key":"SMITH"},{"data":"Slimebound:MinionMaster","floor":44,"key":"SMITH"},{"data":"Slimebound:Darklings","floor":54,"key":"SMITH"}],"circlet_count":0,"master_deck":["Slimebound:Tackle","Slimebound:Defend_Slimebound","Slimebound:Defend_Slimebound","Slimebound:Defend_Slimebound","Slimebound:Defend_Slimebound","Slimebound:Split+1","Slimebound:CorrosiveSpit","Slimebound:Repurpose+1","Slimebound:Prepare","Slimebound:Repurpose+1","Slimebound:Prepare","Slimebound:HungryTackle","Slimebound:SplitAcid","Slimebound:Recollect","Slimebound:SplitAcid","Slimebound:OneTwoCombo+1","Slimebound:HungryTackle","Slimebound:MinionMaster+1","RitualDagger+1","Slimebound:PressTheAttack","Slimebound:Recycling+1","Slimebound:TagTeam+1","Slimebound:SplitAcid","Slimebound:SplitBruiser","Slimebound:SplitSpecialist+1","Slimebound:SplitSpecialist+1","Slimebound:SplitBruiser","Slimebound:Darklings+1","Slimebound:PressTheAttack+1"],"relics":["Slimebound:AbsorbEndCombat","downfall:HeartsMalice","downfall:HeartBlessingRed","Mercury Hourglass","Slimebound:AggressiveSlimeRelic","Slimebound:TarBlob","downfall:HeartBlessingBlue","MawBank","Pantograph","Potion Belt","downfall:HeartBlessingGreen","Vajra","Kunai","Mummified Hand","MealTicket","Torii"],"acts_visited":["Exordium","TheCity","TheBeyond","TheEnding"],"potions_floor_usage":[28,36,43,48,49,49,55,55,55,56,56],"damage_taken":[{"damage":0.0,"enemies":"2 Louse","floor":2.0,"turns":1.0},{"damage":0.0,"enemies":"Small Slimes","floor":3.0,"turns":1.0},{"damage":0.0,"enemies":"3 Sentries","floor":8.0,"turns":1.0},{"damage":7.0,"enemies":"Jaw Worm","floor":9.0,"turns":3.0},{"damage":21.0,"enemies":"Gremlin Nob","floor":11.0,"turns":4.0},{"damage":0.0,"enemies":"downfall:FleeingMerchant","floor":13.0,"turns":4.0},{"damage":6.0,"enemies":"Gremlin Gang","floor":14.0,"turns":3.0},{"damage":2.0,"enemies":"3 Louse","floor":15.0,"turns":2.0},{"damage":29.0,"enemies":"IC_STATUS_ARCHETYPE","floor":16.0,"turns":6.0},{"damage":0.0,"enemies":"Chosen","floor":19.0,"turns":1.0},{"damage":0.0,"enemies":"Shell Parasite","floor":20.0,"turns":2.0},{"damage":0.0,"enemies":"downfall:FleeingMerchant","floor":21.0,"turns":4.0},{"damage":10.0,"enemies":"Snecko","floor":22.0,"turns":4.0},{"damage":33.0,"enemies":"Book of Stabbing","floor":23.0,"turns":4.0},{"damage":22.0,"enemies":"Snake Plant","floor":25.0,"turns":2.0},{"damage":3.0,"enemies":"Centurion and Healer","floor":27.0,"turns":4.0},{"damage":0,"enemies":"Gremlin Leader","floor":28,"turns":3},{"damage":2,"enemies":"3 Cultists","floor":29,"turns":4},{"damage":0,"enemies":"Snecko","floor":32,"turns":3},{"damage":3,"enemies":"WA_ARCHETYPE_CALM","floor":33,"turns":5},{"damage":0,"enemies":"Orb Walker","floor":36,"turns":3},{"damage":3,"enemies":"downfall:FleeingMerchant","floor":37,"turns":3},{"damage":3,"enemies":"3 Shapes","floor":38,"turns":4},{"damage":0,"enemies":"Maw","floor":42,"turns":6},{"damage":8,"enemies":"Spire Growth","floor":43,"turns":3},{"damage":33,"enemies":"Transient","floor":45,"turns":5},{"damage":20,"enemies":"4 Shapes","floor":47,"turns":3},{"damage":2,"enemies":"Giant Head","floor":48,"turns":4},{"damage":5,"enemies":"Writhing Mass","floor":49,"turns":3},{"damage":0,"enemies":"SI_POISON_ARCHETYPE","floor":50,"turns":6},{"damage":29,"enemies":"downfall:CharBossMerchant","floor":52,"turns":5},{"damage":33,"enemies":"downfall:NeowBoss","floor":55,"turns":10},{"damage":73,"enemies":"downfall:NeowBossFinal","floor":56,"turns":5}],"seed_played":"8007504107059391598","potions_obtained":[{"floor":8.0,"key":"FearPotion"},{"floor":9.0,"key":"Slimebound:ThreeZeroPotion"},{"floor":15.0,"key":"Slimebound:SlimedPotion"},{"floor":22.0,"key":"Explosive Potion"},{"floor":26.0,"key":"CultistPotion"},{"floor":28,"key":"FearPotion"},{"floor":29,"key":"FearPotion"},{"floor":33,"key":"SpeedPotion"},{"floor":42,"key":"Block Potion"},{"floor":43,"key":"bronze:BurnAndBuffPotion"},{"floor":48,"key":"GamblersBrew"},{"floor":52,"key":"bronze:BurnAndBuffPotion"}],"is_trial":false,"path_per_floor":["R","M","M","?","?","R","T","E","M","R","E","?","$","M","M","B",null,"R","M","M","$","M","E","T","M","?","M","E","M","R","?","M","B",null,"R","M","$","M","$","R","T","M","M","R","M","$","M","E","M","B",null,"E","$","R","B","B"],"character_chosen":"SLIMEBOUND","items_purchased":["Slimebound:HungryTackle","Slimebound:SplitAcid","Slimebound:TagTeam","Vajra","Slimebound:SplitBruiser","Mummified Hand","Ancient Potion"],"campfire_rested":0,"item_purchase_floors":[13,13,37,39,39,46,53],"current_hp_per_floor":[59,59,59,59,59,59,59,59,56,56,39,39,45,41,39,18,53,63,63,65,69,67,36,36,14,14,13,13,11,11,11,13,37,66,66,66,65,66,66,66,66,66,58,58,27,27,7,7,2,29,64,35,50,50,48,0,0,0],"gold":46,"neow_bonus":"THREE_ENEMY_KILL","is_daily":false,"chose_seed":false,"campfire_upgraded":8,"win_rate":0.0,"timestamp":1613670727,"path_taken":["R","M","M","?","?","R","T","E","M","R","E","?","$","M","M","BOSS","R","M","M","$","?","E","T","M","?","M","E","M","R","?","M","BOSS","R","M","$","M","$","R","T","M","M","R","M","$","M","E","M","BOSS","E","$","R","BOSS","BOSS"],"items_purchased_type":["Card","Card","Card","Relic","Card","Relic","Potion"],"build_version":"2020-11-17","purchased_purges":3,"victory":false,"max_hp_per_floor":[65,65,65,65,65,65,65,65,65,65,65,65,65,65,65,65,65,75,75,75,75,75,75,75,75,75,75,75,75,75,75,75,75,75,75,75,75,75,75,75,75,75,75,75,75,75,75,75,75,75,75,75,75,75,75,75,75,75],"card_choices":[{"not_picked":["Slimebound:Chomp","Slimebound:RollThrough"],"picked":"Slimebound:Repurpose","floor":2.0},{"not_picked":["Slimebound:SpikyOuterGoop","Slimebound:SamplingLick"],"picked":"Slimebound:Prepare","floor":3.0},{"not_picked":["Slimebound:PressTheAttack","Slimebound:LeechingTouch","Slimebound:ServeAndProtect"],"picked":"SKIP","floor":8.0},{"not_picked":["Slimebound:Nibble","Slimebound:SplitMire"],"picked":"Slimebound:Repurpose","floor":9.0},{"not_picked":["Slimebound:HauntingLick","Slimebound:FormOfPuddle"],"picked":"Slimebound:Prepare","floor":11.0},{"not_picked":["Slimebound:Schlurp","Slimebound:HauntingLick","Slimebound:FirmFortitude"],"picked":"SKIP","floor":13.0},{"not_picked":["Slimebound:SplitMire","Slimebound:SlimeBarrage"],"picked":"Slimebound:Recollect","floor":14.0},{"not_picked":["Slimebound:Chomp","Slimebound:LeechEnergy"],"picked":"Slimebound:SplitAcid","floor":15.0},{"not_picked":["Slimebound:OozeBath","Slimebound:DouseInSlime"],"picked":"Slimebound:OneTwoCombo","floor":16.0},{"not_picked":["Slimebound:LivingWall","Slimebound:SlimeBarrage","Slimebound:MegaLick+1"],"picked":"SKIP","floor":19.0},{"not_picked":["Slimebound:HauntingLick","Slimebound:RejuvenatingLick","Slimebound:SlimeSpikes"],"picked":"SKIP","floor":20.0},{"not_picked":["Slimebound:TongueLash","Slimebound:ComboTackle+1","Slimebound:DivideAndConquer"],"picked":"SKIP","floor":21.0},{"not_picked":["Slimebound:SamplingLick","Slimebound:ItLooksTasty","Slimebound:GoopSpray"],"picked":"SKIP","floor":22.0},{"not_picked":["Slimebound:LivingWall","Slimebound:ViciousTackle+1"],"picked":"Slimebound:HungryTackle","floor":23.0},{"not_picked":["Slimebound:LeechingTouch","Slimebound:SplitAcid"],"picked":"Slimebound:MinionMaster","floor":25.0},{"not_picked":["Slimebound:RollThrough","Slimebound:GoopTackle","Slimebound:ComboTackle"],"picked":"SKIP","floor":27.0},{"not_picked":["Slimebound:HauntingLick","Slimebound:ProtectTheBoss","Slimebound:Grow+1"],"picked":"SKIP","floor":28},{"not_picked":["Slimebound:ItLooksTasty","Slimebound:DisruptingSlam"],"picked":"Slimebound:PressTheAttack","floor":29},{"not_picked":["Slimebound:SamplingLick+1","Slimebound:ComboTackle","Slimebound:Schlurp+1"],"picked":"SKIP","floor":32},{"not_picked":["Slimebound:Darklings","Slimebound:OozeBath"],"picked":"Slimebound:Recycling","floor":33},{"not_picked":["Slimebound:LevelUp","Slimebound:Prepare+1","Slimebound:Replication"],"picked":"SKIP","floor":36},{"not_picked":["Slimebound:ItLooksTasty+1","Slimebound:Prepare","Slimebound:Replication"],"picked":"SKIP","floor":37},{"not_picked":["Slimebound:FinishingTackle","Slimebound:LeechingTouch"],"picked":"Slimebound:SplitAcid","floor":38},{"not_picked":["Slimebound:GoopTackle","Slimebound:LevelUp+1"],"picked":"Slimebound:SplitSpecialist+1","floor":42},{"not_picked":["Slimebound:SamplingLick","Slimebound:DisruptingSlam","Slimebound:RollThrough+1"],"picked":"SKIP","floor":43},{"not_picked":["Slimebound:Gluttony+1","Slimebound:LeechingTouch+1"],"picked":"Slimebound:SplitSpecialist+1","floor":45},{"not_picked":["Slimebound:HauntingLick","Slimebound:SplitLeeching+1"],"picked":"Slimebound:SplitBruiser","floor":47},{"not_picked":["Slimebound:Nibble","Slimebound:SlimeSpikes"],"picked":"Slimebound:Darklings","floor":48},{"not_picked":["Slimebound:SplitMire+1","Slimebound:ProtectTheBoss+1","Slimebound:ViciousTackle+1"],"picked":"SKIP","floor":49},{"not_picked":["Slimebound:TongueLash","Slimebound:SlimeSpikes+1"],"picked":"Slimebound:PressTheAttack+1","floor":52}],"player_experience":370305,"relics_obtained":[{"floor":8.0,"key":"Mercury Hourglass"},{"floor":11.0,"key":"Slimebound:AggressiveSlimeRelic"},{"floor":23.0,"key":"MawBank"},{"floor":24.0,"key":"Pantograph"},{"floor":28,"key":"Potion Belt"},{"floor":41,"key":"Kunai"},{"floor":48,"key":"MealTicket"},{"floor":52,"key":"Torii"}],"event_choices":[],"is_beta":true,"boss_relics":[{"not_picked":["Astrolabe","Tiny House"],"picked":"Slimebound:TarBlob"},{"not_picked":["expansioncontent:StudyCardRelic","Pandora\u0027s Box","Snecko Eye"]}],"items_purged_floors":[37,39,46],"is_endless":false,"potions_floor_spawned":[8,9,15,22,25,28,29,33,42,43,47,48,52],"killed_by":"downfall:NeowBossFinal","ascension_level":6}}