{"host":"lv7etzzgwahaenh9","time":1613609171,"event":{"mods":["AchievementEnabler","BaseMod","Colored Map","Colored Powertips","Highlight Path","Minty Spire (QoL Compilation)","Permanent Neow","Quick Restart","Random Character Button","StSLib"],"gold_per_floor":[131,131,184,215,215,215,249,295,295,295,321,321,340,3,3,127,127,197,197,197,197],"floor_reached":20,"language":"ENG","playtime":5288,"items_purged":[],"score":291,"play_id":"09ab81a9-9589-4d51-b254-6ede4bb53116","local_time":"20210217164611","is_ascension_mode":true,"campfire_choices":[{"data":"Zap","floor":6.0,"key":"SMITH"},{"data":"HandOfGreed","floor":10.0,"key":"SMITH"},{"data":"FTL","floor":12,"key":"SMITH"},{"data":"Secret Technique","floor":15,"key":"SMITH"}],"circlet_count":0,"master_deck":["AscendersBane","Strike_B","Strike_B","Strike_B","Strike_B","Defend_B","Defend_B","Defend_B","Defend_B","Zap+1","Dualcast","HandOfGreed+1","Doom and Gloom","Conserve Battery","Leap","Steam","FTL+1","Rip and Tear","Cold Snap","Secret Technique+1","Seek","Stack+1"],"relics":["Cracked Core","GremlinMask","Ginger","StoneCalendar","Kunai","Medical Kit","SacredBark"],"acts_visited":["Exordium","TheCity"],"potions_floor_usage":[11],"damage_taken":[{"damage":1.0,"enemies":"Cultist","floor":1.0,"turns":3.0},{"damage":0.0,"enemies":"2 Louse","floor":3.0,"turns":2.0},{"damage":0.0,"enemies":"Small Slimes","floor":4.0,"turns":3.0},{"damage":2.0,"enemies":"Red Slaver","floor":7.0,"turns":3.0},{"damage":23.0,"enemies":"3 Sentries","floor":8.0,"turns":6.0},{"damage":10,"enemies":"Gremlin Nob","floor":11,"turns":3},{"damage":12,"enemies":"Lots of Slimes","floor":13,"turns":3},{"damage":31,"enemies":"Hexaghost","floor":16,"turns":10},{"damage":24,"enemies":"2 Thieves","floor":18,"turns":5},{"damage":3,"enemies":"Shell Parasite","floor":20,"turns":3}],"seed_played":"7608939356274190043","potions_obtained":[{"floor":1.0,"key":"ColorlessPotion"},{"floor":3.0,"key":"FairyPotion"},{"floor":4.0,"key":"LiquidMemories"},{"floor":7.0,"key":"EssenceOfDarkness"},{"floor":16,"key":"Dexterity Potion"}],"is_trial":false,"path_per_floor":["M","?","M","M","?","R","M","E","T","R","E","R","M","$","R","B",null,"M","?","M"],"character_chosen":"DEFECT","items_purchased":["Medical Kit","Secret Technique"],"campfire_rested":0,"item_purchase_floors":[14,14],"current_hp_per_floor":[67,67,67,67,67,67,65,42,42,42,32,32,20,20,20,10,54,30,24,21,21],"gold":197,"neow_bonus":"RANDOM_COLORLESS_2","is_daily":false,"chose_seed":false,"campfire_upgraded":4,"win_rate":0.0,"timestamp":1613609171,"path_taken":["M","?","?","M","?","R","M","E","T","R","E","R","M","$","R","BOSS","M","?","?"],"items_purchased_type":["Relic","Card"],"build_version":"2020-12-22","purchased_purges":0,"victory":false,"max_hp_per_floor":[68,68,68,68,68,68,68,68,68,68,68,68,68,68,68,68,68,68,68,68,68],"card_choices":[{"not_picked":["Magnetism","The Bomb"],"picked":"HandOfGreed","floor":0.0},{"not_picked":["Coolheaded","Force Field"],"picked":"Doom and Gloom","floor":1.0},{"not_picked":["Go for the Eyes","Blizzard"],"picked":"Conserve Battery","floor":3.0},{"not_picked":["Chaos","Barrage"],"picked":"Leap","floor":4.0},{"not_picked":["Streamline","Tempest"],"picked":"Steam","floor":7.0},{"not_picked":["Aggregate","Stack"],"picked":"FTL","floor":8.0},{"not_picked":["Reprogram","Compile Driver"],"picked":"Rip and Tear","floor":11},{"not_picked":["Go for the Eyes","Leap"],"picked":"Cold Snap","floor":13},{"not_picked":["Thunder Strike","Core Surge"],"picked":"Seek","floor":16},{"not_picked":["Ball Lightning","Consume"],"picked":"Stack+1","floor":18}],"player_experience":414942,"relics_obtained":[{"floor":8.0,"key":"Ginger"},{"floor":9.0,"key":"StoneCalendar"},{"floor":11,"key":"Kunai"}],"event_choices":[{"damage_healed":0.0,"max_hp_gain":0.0,"max_hp_loss":0.0,"gold_gain":0.0,"event_name":"FaceTrader","player_choice":"Trade","floor":2.0,"gold_loss":0.0,"damage_taken":0.0,"relics_obtained":["GremlinMask"]},{"damage_healed":0.0,"max_hp_gain":0.0,"max_hp_loss":0.0,"gold_gain":0.0,"event_name":"Liars Game","player_choice":"Ignored","floor":5.0,"gold_loss":0.0,"damage_taken":0.0},{"damage_healed":0,"gold_gain":0,"player_choice":"","damage_taken":6,"max_hp_gain":0,"max_hp_loss":0,"event_name":"Knowing Skull","floor":19,"potions_obtained":[],"gold_loss":0,"cards_obtained":[]}],"is_beta":false,"boss_relics":[{"not_picked":["Runic Dome","Philosopher\u0027s Stone"],"picked":"SacredBark"}],"items_purged_floors":[],"is_endless":false,"potions_floor_spawned":[1,3,4,7,16],"killed_by":"Shell Parasite","ascension_level":12}}