{"host":"m6rwrrl4vtok99e8","time":1613620265,"event":{"mods":["ATMod(??Mod)","Act Like it!","Aspiration","BaseMod","Colored Powertips","Downfall","Energized Spire","GungeonMod","Jedi Mod","Koishi","KomeijiMod","Lobotomy","Marisa????????","Minty Spire (QoL Compilation)","Quick Restart","Reliquary","Remilia??????","Replay The Spire","Spicy Shops","StSLib","TestMod","The Bug Knight","The Hierophant","The Servant 0.9.4","Waifu the Spire","WarShipGirlsR/????R mod"],"gold_per_floor":[116,130,130,130,141,141,141],"floor_reached":6,"language":"ZHS","playtime":375,"items_purged":[],"score":36,"play_id":"0fdb8ad2-c5ac-48ae-9f97-d2471d01b975","local_time":"20210218115105","is_ascension_mode":false,"campfire_choices":[],"circlet_count":0,"master_deck":["Strike_G","Strike_G","Strike_G","Strike_G","Strike_G","Defend_G","Defend_G","Defend_G","Defend_G","Survivor+1","Neutralize","Catalyst"],"relics":["Ring of the Snake","AT_ATBox","testmod-TestBox","testmod-Charity"],"acts_visited":["Exordium"],"potions_floor_usage":[],"damage_taken":[{"damage":2.0,"enemies":"Small Slimes","floor":1.0,"turns":3.0},{"damage":0.0,"enemies":"Cultist","floor":2.0,"turns":6.0},{"damage":12,"enemies":"Jaw Worm","floor":5,"turns":6},{"damage":53,"enemies":"HollowMod:MossKnight","floor":6,"turns":17}],"seed_played":"7952886625265848786","potions_obtained":[{"floor":1.0,"key":"DuplicationPotion"}],"is_trial":false,"path_per_floor":["M","M","?","?","M","E"],"character_chosen":"THE_SILENT","items_purchased":[],"campfire_rested":0,"item_purchase_floors":[],"current_hp_per_floor":[76,77,77,77,66,13,13],"gold":141,"neow_bonus":"TEN_PERCENT_HP_BONUS","is_daily":false,"chose_seed":false,"campfire_upgraded":0,"win_rate":0.0,"timestamp":1613620265,"path_taken":["M","M","?","?","?","E"],"items_purchased_type":[],"build_version":"2020-12-22","purchased_purges":0,"victory":false,"max_hp_per_floor":[78,79,79,79,80,80,80],"card_choices":[{"not_picked":["Backstab","Acrobatics"],"picked":"Catalyst","floor":1.0},{"not_picked":["Deflect","Backflip","Prepared"],"picked":"SKIP","floor":2.0},{"not_picked":["Catalyst","Hidden Blade","Underhanded Strike"],"picked":"SKIP","floor":5}],"player_experience":34565,"relics_obtained":[],"event_choices":[{"cards_removed":["Defend_G"],"damage_healed":0.0,"max_hp_gain":0.0,"max_hp_loss":0.0,"gold_gain":0.0,"event_name":"Purifier","player_choice":"Purged","floor":4.0,"gold_loss":0.0,"damage_taken":0.0}],"is_beta":false,"boss_relics":[],"items_purged_floors":[],"is_endless":false,"potions_floor_spawned":[1],"killed_by":"HollowMod:MossKnight","ascension_level":0}}