{"host":"u21q392b5xaj11fl","time":1613681874,"event":{"mods":["2.2 Compatiblity","Bard","BaseMod","Better Note","Colored Map","Colored Powertips","Conspire","Custom Start","Downfall","Faster Ascension Climbing","GifTheSpireLib","Gremlin Skip","Highlight Path","Hubris","Infinite Spire","Mad Scientist","Marisa????????","Mimic Mod","Minty Spire (QoL Compilation)","Monster B Gone","Permanent Neow","Potionbrewer","Quick Restart","READ ME - Guardian Mod","Relic Sorter","Replay The Spire","Shop Mod","Somnambulant","StSLib","Stuff the Spire","SuperFastMode","The Construct","The Disciple","The Servant 0.9.4"],"gold_per_floor":[214,214,214,214,214,227,153,153,183,183,206,206,233,263,309,358,358,466,466,511,511,511,567,567,653,653,732,802,864,658,685,731,765,765,874,874,936,565,565,622,622,772,910,404,404,462,512,642,642,817,817,851,851,851,487,555,579],"floor_reached":58,"language":"ENG","playtime":9597,"items_purged":["bard:Strike","bard:Strike","bard:Strike","bard:Inspire","bard:Defend"],"score":2464,"play_id":"e47fa2d9-b44b-4f82-a6ab-ae3cfefc2a01","local_time":"20210218145754","is_ascension_mode":true,"campfire_choices":[{"data":"bard:LifeDrain","floor":8.0,"key":"SMITH"},{"data":"bard:Blink","floor":10.0,"key":"SMITH"},{"data":"bard:Riposte","floor":12.0,"key":"SMITH"},{"data":"bard:HideousLaughter","floor":17.0,"key":"SMITH"},{"floor":26.0,"key":"REST"},{"floor":34.0,"key":"REST"},{"floor":49.0,"key":"RECALL"},{"data":"bard:FingerOfDeath","floor":51.0,"key":"SMITH"},{"data":"bronze:Mutator","floor":54.0,"key":"SMITH"}],"circlet_count":0,"master_deck":["AscendersBane","bard:Defend","bard:Defend","bard:Defend","bard:Riposte+1","bard:Blink+1","bard:Flourish","bard:LifeDrain+1","bard:Thunderwave","bard:GreaterMagicWeapon","bard:HideousLaughter+1","bard:FingerOfDeath+1","bronze:Mutator+1","bard:FeastOnFear","bard:Shout","infinitespire:Gouge","Replay:Fractal Strike","bard:FalseLife","bard:Silence+1","bard:Doot+1","bard:Heroism+1","bard:PhantasmalForce","bard:Encore+1","bard:Fermata+1","bard:SixFourTime","bard:LocateObject+1","bard:Sift+1","bard:BestowCurse+1","bard:GuardPoint+1","bard:Accelerando+1","bard:Doot+1","hubris:EnhanceAbility","bard:Shout"],"relics":["bard:PitchPipe","ReplayTheSpireMod:Ring of Challenge","bard:BagPipes","hubris:Towel","infinitespire:Midas Blood","Omamori","Replay:Bandana","Nunchaku","hubris:RunicObelisk","OrangePellets","Smiling Mask","StuffTheSpire:ForceGauntlet","Toxic Egg 2","Eternal Feather","MerchantsRug","Anchor","InkBottle","Happy Flower","Counterbalance","infinitespire:Joker Card","infinitespire:BottledMercury","bard:ConductorsBaton","HornCleat"],"acts_visited":["Exordium","TheCity","TheBeyond","TheEnding"],"potions_floor_usage":[57],"damage_taken":[{"damage":4.0,"enemies":"Small Slimes","floor":1.0,"turns":4.0},{"damage":3.0,"enemies":"conspire:RoseBush","floor":6.0,"turns":4.0},{"damage":7.0,"enemies":"Gremlin Nob","floor":9.0,"turns":5.0},{"damage":0.0,"enemies":"Lagavulin","floor":13.0,"turns":8.0},{"damage":0.0,"enemies":"2 Louse","floor":14.0,"turns":3.0},{"damage":4.0,"enemies":"Gremlin Gang","floor":15.0,"turns":3.0},{"damage":9.0,"enemies":"Gremlin Nob","floor":16.0,"turns":5.0},{"damage":1.0,"enemies":"Fading Forest","floor":18.0,"turns":11.0},{"damage":0.0,"enemies":"Chosen","floor":20.0,"turns":3.0},{"damage":26.0,"enemies":"2 Thieves","floor":23.0,"turns":5.0},{"damage":15.0,"enemies":"Slavers","floor":25.0,"turns":5.0},{"damage":9.0,"enemies":"Gremlin Leader","floor":27.0,"turns":5.0},{"damage":0.0,"enemies":"Book of Stabbing","floor":29.0,"turns":5.0},{"damage":0.0,"enemies":"Snecko","floor":31.0,"turns":6.0},{"damage":5.0,"enemies":"Centurion and Healer","floor":32.0,"turns":5.0},{"damage":0.0,"enemies":"Shelled Parasite and Fungi","floor":33.0,"turns":6.0},{"damage":0.0,"enemies":"Automaton","floor":35.0,"turns":6.0},{"damage":4.0,"enemies":"3 Shapes","floor":37.0,"turns":4.0},{"damage":6.0,"enemies":"3 Darklings","floor":40.0,"turns":7.0},{"damage":0.0,"enemies":"Giant Head","floor":42.0,"turns":7.0},{"damage":0.0,"enemies":"Transient","floor":43.0,"turns":5.0},{"damage":0.0,"enemies":"Nemesis","floor":46.0,"turns":4.0},{"damage":0.0,"enemies":"Sphere and 2 Shapes","floor":47.0,"turns":3.0},{"damage":0.0,"enemies":"Writhing Mass","floor":48.0,"turns":6.0},{"damage":0.0,"enemies":"Reptomancer","floor":50.0,"turns":6.0},{"damage":2.0,"enemies":"Donu and Deca","floor":52.0,"turns":8.0},{"damage":0.0,"enemies":"Shield and Spear","floor":56.0,"turns":4.0},{"damage":0,"enemies":"The Heart","floor":57,"turns":12}],"seed_played":"-8140496923303645150","potions_obtained":[{"floor":1.0,"key":"potionbrewer:EndurancePotion"},{"floor":6.0,"key":"potionbrewer:SplittingPotion"},{"floor":13.0,"key":"sneckomod:MuddlingPotion"},{"floor":25.0,"key":"SkillPotion"},{"floor":31.0,"key":"champ:CounterPotion"},{"floor":42.0,"key":"GamblersBrew"}],"is_trial":false,"path_per_floor":["M","?","?","PTL","PTL","M","$","R","E","R","T","R","E","M","M","E","R","B",null,"M","?","?","M","AVR","E","R","E","T","E","$","M","M","M","R","B",null,"M","$","?","M","?","E","M","$","T","E","M","M","R","E","R","B",null,"R","$","E","B",null],"character_chosen":"BARD","items_purchased":["bard:LifeDrain","potionbrewer:HastePotion","BlessingOfTheForge","MerchantsRug","bard:SixFourTime","bard:LocateObject+1","Anchor","Happy Flower","Counterbalance","bard:ConductorsBaton","hubris:EnhanceAbility"],"campfire_rested":2,"item_purchase_floors":[7,30,30,38,38,38,38,44,44,55,55],"current_hp_per_floor":[55,48,48,48,48,45,45,45,38,38,38,38,38,38,34,25,25,32,58,58,58,58,32,32,17,36,27,27,27,27,27,22,22,56,56,64,60,60,60,54,54,54,54,54,54,54,54,54,66,66,66,64,66,66,66,66,66],"gold":579,"neow_bonus":"HUNDRED_GOLD","is_daily":false,"chose_seed":false,"campfire_upgraded":6,"win_rate":0.0,"timestamp":1613681874,"path_taken":["M","?","?","PTL","PTL","M","$","R","E","R","T","R","E","M","M","E","R","BOSS","M","?","?","?","AVR","E","R","E","T","E","$","M","?","M","R","BOSS","M","$","?","M","?","E","M","$","T","E","M","M","R","E","R","BOSS","R","$","E","BOSS"],"items_purchased_type":["Card","Potion","Potion","Relic","Card","Card","Relic","Relic","Relic","Relic","Card"],"build_version":"2020-12-22","purchased_purges":5,"victory":true,"max_hp_per_floor":[66,66,66,66,66,66,66,66,66,66,66,66,66,66,66,66,66,66,66,66,66,66,66,66,66,66,66,66,66,66,66,66,66,66,66,66,66,66,66,66,66,66,66,66,66,66,66,66,66,66,66,66,66,66,66,66,66],"card_choices":[{"not_picked":["bard:DiscordantVoice","bard:LocateObject"],"picked":"bard:Blink","floor":1.0},{"not_picked":["bard:DervishDance","bard:EchoEcho"],"picked":"bard:Flourish","floor":6.0},{"not_picked":["bard:BestowCurse","bard:Sift"],"picked":"bard:Thunderwave","floor":9.0},{"not_picked":["bard:Flourish","bard:Thunderwave","bard:Balestra"],"picked":"SKIP","floor":13.0},{"not_picked":["bard:Accelerando","bard:Fermata"],"picked":"bard:GreaterMagicWeapon","floor":14.0},{"not_picked":["bard:InspiringSong","bard:Solo"],"picked":"bard:HideousLaughter","floor":15.0},{"not_picked":["bard:Sift","bard:BucklerBash","bard:Demoralize"],"picked":"SKIP","floor":16.0},{"not_picked":["bard:Encore","bard:Shifting"],"picked":"bard:FingerOfDeath","floor":18.0},{"not_picked":["bard:SongBolt","bard:InspiringSong","bard:Fermata"],"picked":"SKIP","floor":20.0},{"not_picked":["bard:HarmoniousVoice","bard:GreaterMagicWeapon"],"picked":"bard:Shout","floor":23.0},{"not_picked":["bard:Rest","bard:Fermata","bard:Blink"],"picked":"SKIP","floor":25.0},{"not_picked":["bard:TinyHut","bard:BottledSong"],"picked":"bard:FalseLife","floor":27.0},{"not_picked":["bard:LifeDrain","bard:SixFourTime"],"picked":"bard:Silence+1","floor":29.0},{"not_picked":["bard:EnGarde","bard:HideousLaughter+1"],"picked":"bard:Doot+1","floor":31.0},{"not_picked":["bard:Thunderwave","bard:SongBolt"],"picked":"bard:Heroism+1","floor":32.0},{"not_picked":["bard:Parry+1","bard:MantleOfInspiration"],"picked":"bard:PhantasmalForce","floor":33.0},{"not_picked":["bard:Rhapsody+1","bard:Improv+1"],"picked":"bard:Encore+1","floor":35.0},{"not_picked":["bard:DiscordantVoice","bard:GuardPoint+1"],"picked":"bard:Fermata+1","floor":37.0},{"not_picked":["bard:CuttingWords+1","bard:GlyphOfWarding"],"picked":"bard:Sift+1","floor":40.0},{"not_picked":["bard:Balestra","bard:HarmoniousVoice+1"],"picked":"bard:BestowCurse+1","floor":42.0},{"not_picked":["bard:Parry+1","bard:StudiedStrike","bard:DervishDance+1"],"picked":"SKIP","floor":43.0},{"not_picked":["bard:GlyphOfWarding+1","bard:ViciousMockery"],"picked":"bard:GuardPoint+1","floor":46.0},{"not_picked":["bard:MantleOfInspiration+1","bard:MnemonicVestments+1"],"picked":"bard:Accelerando+1","floor":47.0},{"not_picked":["bard:Greatness+1","bard:FeastOnFear+1","bard:ThickOfTheFight+1"],"picked":"SKIP","floor":48.0},{"not_picked":["bard:Accelerando+1","bard:GreaterMagicWeapon"],"picked":"bard:Doot+1","floor":50.0},{"not_picked":["bard:FeastOnFear+1","bard:Accelerando+1"],"picked":"bard:Shout","floor":56.0}],"player_experience":233823,"relics_obtained":[{"floor":9.0,"key":"infinitespire:Midas Blood"},{"floor":11.0,"key":"Omamori"},{"floor":13.0,"key":"Replay:Bandana"},{"floor":16.0,"key":"Nunchaku"},{"floor":25.0,"key":"Smiling Mask"},{"floor":27.0,"key":"StuffTheSpire:ForceGauntlet"},{"floor":28.0,"key":"Toxic Egg 2"},{"floor":29.0,"key":"Eternal Feather"},{"floor":41.0,"key":"ReplayTheSpireMod:Ring of Challenge"},{"floor":42.0,"key":"InkBottle"},{"floor":46.0,"key":"infinitespire:Joker Card"},{"floor":50.0,"key":"infinitespire:BottledMercury"},{"floor":56.0,"key":"HornCleat"}],"event_choices":[{"cards_removed":["bard:Strike"],"damage_healed":0.0,"max_hp_gain":0.0,"max_hp_loss":0.0,"gold_gain":0.0,"event_name":"Golden Wing","player_choice":"Card Removal","floor":2.0,"gold_loss":0.0,"damage_taken":7.0},{"cards_removed":["bard:LifeDrain"],"damage_healed":0.0,"max_hp_gain":0.0,"max_hp_loss":0.0,"gold_gain":0.0,"event_name":"betterNote:BetterNote","player_choice":"Take \u0026 Give","floor":21.0,"gold_loss":0.0,"damage_taken":0.0,"cards_obtained":["bronze:Mutator"]},{"damage_healed":0.0,"max_hp_gain":0.0,"max_hp_loss":0.0,"gold_gain":0.0,"event_name":"Match and Keep!","player_choice":"1 cards matched","floor":22.0,"gold_loss":0.0,"damage_taken":0.0,"cards_obtained":["bard:FeastOnFear"]},{"damage_healed":0.0,"max_hp_gain":0.0,"max_hp_loss":0.0,"gold_gain":0.0,"event_name":"SensoryStone","player_choice":"Memory 1","floor":39.0,"gold_loss":0.0,"damage_taken":0.0}],"is_beta":false,"boss_relics":[{"not_picked":["hubris:VirtuousBlindfold","hubris:BlackHole"],"picked":"hubris:RunicObelisk"},{"not_picked":["Replay:Bronze Core","Replay:Drink Me"],"picked":"Velvet Choker"}],"items_purged_floors":[24,30,38,44,55],"is_endless":false,"potions_floor_spawned":[1,6,13,25,31,32,42,50],"ascension_level":14}}