{"host":"zmr8u29ebzxwermy","time":1613635042,"event":{"mods":["BaseMod","BetterRewards","Colored Map","DeckTracker","Downfall","Minty Spire (QoL Compilation)","Quick Restart","Shop Mod","StSLib","SuperFastMode"],"gold_per_floor":[99,99,99,91,91,91,91,119,19,12,54,54,54,54,78,78,78,78],"floor_reached":16,"language":"ENG","playtime":418,"items_purged":[],"score":94,"play_id":"60874968-f873-4c32-bc75-864a2d91f60d","local_time":"20210218165722","is_ascension_mode":false,"campfire_choices":[{"floor":1.0,"key":"RECALL"},{"data":"hexamod:Float","floor":9,"key":"SMITH"},{"data":"hexamod:Sear","floor":12,"key":"SMITH"}],"circlet_count":0,"master_deck":["hexamod:Strike","hexamod:Strike","hexamod:Strike","hexamod:Strike","hexamod:Defend","hexamod:Defend","hexamod:Defend","hexamod:Defend","hexamod:Sear+1","hexamod:Float+1","hexamod:FirstSeal","hexamod:SecondSeal","hexamod:GhostLash","hexamod:Hexaguard","hexamod:FastForward","hexamod:EmpoweredFlame"],"relics":["hexamod:SpiritBrand","downfall:HeartsMalice","downfall:BrokenWingStatue","Akabeko","downfall:HeartBlessingRed","InkBottle","Toy Ornithopter"],"acts_visited":["Exordium"],"potions_floor_usage":[16],"damage_taken":[{"damage":0.0,"enemies":"Jaw Worm","floor":2.0,"turns":1.0},{"damage":0.0,"enemies":"2 Louse","floor":3.0,"turns":1.0},{"damage":0.0,"enemies":"downfall:FleeingMerchant","floor":6.0,"turns":1.0},{"damage":0,"enemies":"Small Slimes","floor":8,"turns":3},{"damage":0,"enemies":"downfall:FleeingMerchant","floor":10,"turns":4},{"damage":13,"enemies":"Gremlin Nob","floor":11,"turns":4},{"damage":8,"enemies":"2 Fungi Beasts","floor":15,"turns":3},{"damage":70,"enemies":"DF_ARCHETYPE_STREAMLINE","floor":16,"turns":11}],"seed_played":"-1767736142258479503","potions_obtained":[{"floor":8,"key":"SteroidPotion"}],"is_trial":false,"path_per_floor":["R","M","M","?","?","$","T","M","R","$","E","R","T","?","M","B"],"character_chosen":"THE_SPIRIT","items_purchased":[],"campfire_rested":0,"item_purchase_floors":[],"current_hp_per_floor":[70,70,70,63,63,63,63,70,70,70,64,64,64,64,63,0,0,0],"gold":78,"neow_bonus":"THREE_ENEMY_KILL","is_daily":false,"chose_seed":false,"campfire_upgraded":2,"win_rate":0.0,"timestamp":1613635042,"path_taken":["R","M","M","?","?","?","T","M","R","$","E","R","?","?","M","BOSS"],"items_purchased_type":[],"build_version":"2020-12-22","purchased_purges":0,"victory":false,"max_hp_per_floor":[70,70,70,70,70,70,70,70,70,70,70,70,70,70,70,70,70,70],"card_choices":[{"not_picked":["hexamod:SkipABeat","hexamod:BacktrackSmack","hexamod:FastForward"],"picked":"SKIP","floor":2.0},{"not_picked":["hexamod:EmpoweredFlame","hexamod:GhostflameBarrier"],"picked":"hexamod:GhostLash","floor":8},{"not_picked":["hexamod:GhostOfSpirePast","hexamod:ThirdSeal"],"picked":"hexamod:Hexaguard","floor":10},{"not_picked":["hexamod:UnlimitedPower","hexamod:FourthSeal"],"picked":"hexamod:FastForward","floor":11},{"not_picked":["hexamod:FastForward","hexamod:Hexaguard"],"picked":"hexamod:EmpoweredFlame","floor":15}],"player_experience":400280,"relics_obtained":[{"floor":7.0,"key":"Akabeko"},{"floor":11,"key":"InkBottle"},{"floor":13,"key":"Toy Ornithopter"}],"event_choices":[],"is_beta":false,"boss_relics":[],"items_purged_floors":[],"is_endless":false,"potions_floor_spawned":[8],"killed_by":"DF_ARCHETYPE_STREAMLINE","ascension_level":0}}