{"host":"lxu17chzujqn8whl","time":1613678596,"event":{"mods":["BaseMod","Minty Spire (QoL Compilation)","Relic Stats","StSLib"],"gold_per_floor":[18,34,34,55,55,86,86,110,110,110,16,60,79,79,79,198,198,218,239,263,282,282,9,28,28,54,54,54,54,80,98,98,195,245,260,260,277,49,102,102,133,143,143,143,143,143,0,27,27,27],"floor_reached":51,"language":"ENG","playtime":1723,"items_purged":["Injury"],"score":753,"play_id":"656a1047-91b2-42f6-a212-e6fa5d7610ac","local_time":"20210218120316","is_ascension_mode":false,"campfire_choices":[{"data":"Envenom","floor":7.0,"key":"SMITH"},{"data":"Blade Dance","floor":10.0,"key":"SMITH"},{"floor":15.0,"key":"REST"},{"data":"Accuracy","floor":27.0,"key":"SMITH"},{"data":"Die Die Die","floor":32.0,"key":"SMITH"},{"data":"A Thousand Cuts","floor":40,"key":"SMITH"},{"data":"Sadistic Nature","floor":45,"key":"SMITH"},{"data":"After Image","floor":49,"key":"SMITH"}],"circlet_count":0,"master_deck":["Defend_G","Defend_G","Defend_G","Defend_G","Defend_G","Survivor","Neutralize","Cloak And Dagger+1","Blade Dance","Blade Dance+1","Envenom+1","Footwork","Flying Knee","Backflip","Adrenaline","CurseOfTheBell","Dagger Spray","Backstab","Calculated Gamble","Infinite Blades+1","Die Die Die+1","Accuracy+1","Bite","Bite","Bite","Bite","Bite","Choke","Finisher","Die Die Die","Cloak And Dagger","Prepared+1","Sadistic Nature+1","Backstab+1","A Thousand Cuts+1","Blade Dance","After Image+1"],"relics":["Ring of the Snake","Bloody Idol","Bag of Marbles","Regal Pillow","Question Card","Bird Faced Urn","Calling Bell","Akabeko","Pear","Calipers","Ancient Tea Set","MutagenicStrength","Gremlin Horn","Tiny House","Strawberry","Turnip","Juzu Bracelet","Pantograph","Red Mask","Boot"],"acts_visited":["Exordium","TheCity","TheBeyond"],"potions_floor_usage":[50,50],"damage_taken":[{"damage":0.0,"enemies":"Cultist","floor":1.0,"turns":5.0},{"damage":2.0,"enemies":"Small Slimes","floor":2.0,"turns":4.0},{"damage":0.0,"enemies":"Jaw Worm","floor":4.0,"turns":4.0},{"damage":20.0,"enemies":"3 Sentries","floor":6.0,"turns":9.0},{"damage":0.0,"enemies":"2 Fungi Beasts","floor":8.0,"turns":2.0},{"damage":19.0,"enemies":"Gremlin Nob","floor":12.0,"turns":5.0},{"damage":2.0,"enemies":"Large Slime","floor":13.0,"turns":5.0},{"damage":23.0,"enemies":"Hexaghost","floor":16.0,"turns":8.0},{"damage":0.0,"enemies":"3 Byrds","floor":18.0,"turns":4.0},{"damage":11.0,"enemies":"Spheric Guardian","floor":19.0,"turns":4.0},{"damage":0.0,"enemies":"Snake Plant","floor":20.0,"turns":4.0},{"damage":12.0,"enemies":"Centurion and Healer","floor":21.0,"turns":3.0},{"damage":7.0,"enemies":"Snecko","floor":24.0,"turns":4.0},{"damage":5.0,"enemies":"Gremlin Leader","floor":30.0,"turns":3.0},{"damage":0.0,"enemies":"Sentry and Sphere","floor":31.0,"turns":1.0},{"damage":26.0,"enemies":"Automaton","floor":33.0,"turns":4.0},{"damage":4.0,"enemies":"3 Shapes","floor":35.0,"turns":1.0},{"damage":0.0,"enemies":"Orb Walker","floor":37.0,"turns":1.0},{"damage":5,"enemies":"2 Orb Walkers","floor":39,"turns":2},{"damage":27,"enemies":"Giant Head","floor":41,"turns":6},{"damage":1,"enemies":"3 Darklings","floor":42,"turns":2},{"damage":58,"enemies":"Awakened One","floor":50,"turns":7}],"seed_played":"-5339555521250108397","potions_obtained":[{"floor":6.0,"key":"FearPotion"},{"floor":12.0,"key":"CultistPotion"},{"floor":13.0,"key":"LiquidBronze"},{"floor":21.0,"key":"Fire Potion"},{"floor":30.0,"key":"FearPotion"},{"floor":31.0,"key":"AttackPotion"},{"floor":34.0,"key":"FairyPotion"},{"floor":41,"key":"SteroidPotion"}],"is_trial":false,"path_per_floor":["M","M","?","M","?","E","R","M","T","R","$","E","M","?","R","B",null,"M","M","M","M","?","$","M","?","T","R","?","?","E","M","R","B",null,"M","?","M","$","?","R","E","M","T","?","R","?","?","T","R","B",null],"character_chosen":"THE_SILENT","items_purchased":["Footwork","Flying Knee","Die Die Die","Accuracy","Explosive Potion","A Thousand Cuts","Strawberry"],"campfire_rested":1,"item_purchase_floors":[11,11,23,23,23,38,38],"current_hp_per_floor":[84,82,82,82,82,62,62,62,62,62,62,43,41,23,63,44,94,94,83,87,79,79,79,79,65,65,65,65,65,65,65,65,50,70,70,70,70,77,77,77,59,69,69,69,69,69,69,73,73,31],"gold":27,"neow_bonus":"TWENTY_PERCENT_HP_BONUS","is_daily":false,"chose_seed":false,"campfire_upgraded":7,"win_rate":0.0,"timestamp":1613678596,"path_taken":["M","M","?","M","?","E","R","M","T","R","?","E","M","?","R","BOSS","M","M","M","M","?","$","M","?","T","R","?","?","E","M","R","BOSS","M","?","M","$","?","R","E","M","T","?","R","?","?","?","R","BOSS"],"items_purchased_type":["Card","Card","Card","Card","Potion","Card","Relic"],"build_version":"2020-12-22","purchased_purges":1,"victory":true,"max_hp_per_floor":[84,84,84,84,84,84,84,84,84,84,84,84,84,84,84,84,94,94,94,94,94,94,94,94,65,65,65,65,65,65,65,65,65,70,70,70,70,77,77,77,77,77,77,73,73,73,73,73,73,73],"relic_stats":{"Regal Pillow":15,"Gremlin Horn":[10,10],"counters":[22,88],"Bloody Idol":34,"Bird Faced Urn":[28],"Pantograph":0,"Turnip":[0],"Juzu Bracelet":2,"Question Card":18,"Boot":[1],"obtain_stats":[{"Regal Pillow":9,"Pear":17,"Calipers":17,"Tiny House":34,"Gremlin Horn":30,"Golden Idol":3,"Juzu Bracelet":41,"Question Card":12,"Ancient Tea Set":26,"Boot":48,"Akabeko":17,"Calling Bell":17,"Bird Faced Urn":14,"Bloody Idol":22,"MutagenicStrength":28,"Strawberry":38,"Pantograph":43,"Turnip":39,"Bag of Marbles":6,"Red Mask":47,"Ring of the Snake":0},{"Regal Pillow":5,"Pear":8,"Calipers":8,"Tiny House":16,"Gremlin Horn":14,"Golden Idol":2,"Juzu Bracelet":20,"Question Card":6,"Ancient Tea Set":13,"Boot":21,"Akabeko":8,"Calling Bell":8,"Bird Faced Urn":7,"Bloody Idol":12,"MutagenicStrength":13,"Strawberry":18,"Pantograph":21,"Turnip":19,"Bag of Marbles":4,"Red Mask":21,"Ring of the Snake":0},{"Regal Pillow":24,"Pear":42,"Calipers":42,"Tiny House":69,"Gremlin Horn":64,"Golden Idol":9,"Juzu Bracelet":79,"Question Card":29,"Ancient Tea Set":61,"Boot":81,"Akabeko":42,"Calling Bell":42,"Bird Faced Urn":34,"Bloody Idol":57,"MutagenicStrength":61,"Strawberry":71,"Pantograph":81,"Turnip":73,"Bag of Marbles":22,"Red Mask":81,"Ring of the Snake":0}],"Ring of the Snake":[44]},"card_choices":[{"not_picked":["Dagger Throw","Acrobatics"],"picked":"Cloak And Dagger","floor":1.0},{"not_picked":["Deadly Poison","Poisoned Stab"],"picked":"Blade Dance","floor":2.0},{"not_picked":["Deflect","Flechettes"],"picked":"Blade Dance","floor":4.0},{"not_picked":["PiercingWail","Underhanded Strike"],"picked":"Envenom","floor":6.0},{"not_picked":["Outmaneuver","Endless Agony","Catalyst"],"picked":"SKIP","floor":8.0},{"not_picked":["Deflect","Deadly Poison","Skewer"],"picked":"SKIP","floor":12.0},{"not_picked":["Bane","Eviscerate","Deadly Poison"],"picked":"Backflip","floor":13.0},{"not_picked":["Night Terror","Glass Knife","Burst"],"picked":"Adrenaline","floor":16.0},{"not_picked":["Noxious Fumes","Flying Knee","Bane"],"picked":"Dagger Spray","floor":18.0},{"not_picked":["Cloak And Dagger","Dagger Spray","Prepared"],"picked":"Backstab","floor":19.0},{"not_picked":["Cloak And Dagger","Dagger Spray","Underhanded Strike"],"picked":"Calculated Gamble","floor":20.0},{"not_picked":["Deadly Poison","Bouncing Flask","Poisoned Stab"],"picked":"Infinite Blades","floor":21.0},{"not_picked":["Night Terror","Quick Slash","Dagger Spray","Backflip"],"picked":"SKIP","floor":24.0},{"not_picked":["Riddle With Holes","Dodge and Roll","Acrobatics+1"],"picked":"Choke","floor":30.0},{"not_picked":["Setup","Eviscerate+1","Escape Plan+1"],"picked":"Finisher","floor":31.0},{"not_picked":["Night Terror","Malaise","Tools of the Trade"],"picked":"Die Die Die","floor":33.0},{"not_picked":["Bouncing Flask","Riddle With Holes","PiercingWail+1"],"picked":"Cloak And Dagger","floor":34.0},{"not_picked":["Dagger Throw","Flying Knee","Blur+1"],"picked":"Prepared+1","floor":35.0},{"not_picked":["Magnetism","Deep Breath","Enlightenment"],"picked":"Sadistic Nature","floor":36.0},{"not_picked":["Bane+1","Escape Plan","Choke"],"picked":"Backstab+1","floor":37.0},{"not_picked":["Escape Plan+1","Dagger Throw+1","Dagger Spray+1"],"picked":"Blade Dance","floor":39},{"not_picked":["Flechettes+1","Heel Hook+1","Calculated Gamble+1","Quick Slash"],"picked":"SKIP","floor":41},{"not_picked":["PiercingWail","Backflip","Escape Plan","Blur+1"],"picked":"SKIP","floor":42}],"player_experience":707965,"relics_obtained":[{"floor":6.0,"key":"Bag of Marbles"},{"floor":9.0,"key":"Regal Pillow"},{"floor":12.0,"key":"Question Card"},{"floor":17.0,"key":"Akabeko"},{"floor":17.0,"key":"Pear"},{"floor":17.0,"key":"Calipers"},{"floor":26.0,"key":"Ancient Tea Set"},{"floor":30.0,"key":"Gremlin Horn"},{"floor":39,"key":"Turnip"},{"floor":41,"key":"Juzu Bracelet"},{"floor":43,"key":"Pantograph"},{"floor":48,"key":"Boot"}],"event_choices":[{"damage_healed":0.0,"max_hp_gain":0.0,"max_hp_loss":0.0,"gold_gain":0.0,"event_name":"Golden Idol","player_choice":"Take Wound","floor":3.0,"gold_loss":0.0,"damage_taken":0.0,"relics_obtained":["Golden Idol"],"cards_obtained":["Injury"]},{"damage_healed":0.0,"max_hp_gain":0.0,"max_hp_loss":0.0,"gold_gain":0.0,"event_name":"Living Wall","player_choice":"Grow","floor":5.0,"gold_loss":0.0,"damage_taken":0.0,"cards_upgraded":["Cloak And Dagger"]},{"damage_healed":0.0,"max_hp_gain":0.0,"max_hp_loss":0.0,"gold_gain":0.0,"event_name":"Scrap Ooze","player_choice":"Success","floor":14.0,"gold_loss":0.0,"damage_taken":18.0,"relics_obtained":["Bird Faced Urn"]},{"damage_healed":0.0,"max_hp_gain":0.0,"max_hp_loss":0.0,"gold_gain":0.0,"event_name":"Forgotten Altar","player_choice":"Gave Idol","floor":22.0,"relics_lost":["Golden Idol"],"gold_loss":0.0,"damage_taken":0.0,"relics_obtained":["Bloody Idol"]},{"damage_healed":0.0,"max_hp_gain":0.0,"max_hp_loss":29.0,"gold_gain":0.0,"event_name":"Vampires","player_choice":"Became a vampire","floor":25.0,"gold_loss":0.0,"damage_taken":0.0,"cards_obtained":["Bite","Bite","Bite","Bite","Bite"]},{"damage_healed":0.0,"max_hp_gain":0.0,"max_hp_loss":0.0,"gold_gain":0.0,"event_name":"Drug Dealer","player_choice":"Inject Mutagens","floor":28.0,"gold_loss":0.0,"damage_taken":0.0,"relics_obtained":["MutagenicStrength"]},{"damage_healed":0.0,"max_hp_gain":0.0,"max_hp_loss":0.0,"gold_gain":0.0,"event_name":"Ghosts","player_choice":"Ignored","floor":29.0,"gold_loss":0.0,"damage_taken":0.0},{"damage_healed":0.0,"max_hp_gain":0.0,"max_hp_loss":0.0,"gold_gain":0.0,"event_name":"SensoryStone","player_choice":"Memory 1","floor":36.0,"gold_loss":0.0,"damage_taken":0.0},{"damage_healed":0,"gold_gain":0,"player_choice":"Fight","damage_taken":0,"max_hp_gain":0,"max_hp_loss":0,"event_name":"Mysterious Sphere","floor":39,"gold_loss":0},{"damage_healed":0,"gold_gain":0,"player_choice":"Max HP","damage_taken":0,"max_hp_gain":0,"max_hp_loss":4,"event_name":"Winding Halls","floor":44,"gold_loss":0},{"damage_healed":0,"gold_gain":0,"player_choice":"1 cards matched","damage_taken":0,"max_hp_gain":0,"max_hp_loss":0,"event_name":"Match and Keep!","floor":46,"gold_loss":0,"cards_obtained":["After Image"]},{"damage_healed":0,"gold_gain":0,"player_choice":"Paid","damage_taken":0,"relics_obtained":["Red Mask"],"max_hp_gain":0,"max_hp_loss":0,"event_name":"Tomb of Lord Red Mask","floor":47,"gold_loss":143}],"is_beta":false,"boss_relics":[{"not_picked":["Cursed Key","Philosopher\u0027s Stone"],"picked":"Calling Bell"},{"not_picked":["HoveringKite","Snecko Eye"],"picked":"Tiny House"}],"items_purged_floors":[23],"is_endless":false,"potions_floor_spawned":[6,12,13,21,30,31,41],"ascension_level":0}}