{"host":"mydft8i2zzydgggw","time":1613632410,"event":{"mods":["AchievementEnabler","BaseMod","Colored Map","Colored Powertips","DeckTracker","Keyboard Shortcuts","Minty Spire (QoL Compilation)","Rare Cards Sparkle","Relic Stats","StSLib","SuperFastMode","Together in Spire","everything is the same but u backflip on backflip"],"gold_per_floor":[109,184,184,238,238,267,279,308,308,321,100,100,126,145,145,145,145],"floor_reached":16,"language":"KOR","playtime":214,"items_purged":["Defend_R"],"score":229,"play_id":"40452f1c-aa54-4271-9bf3-346a7d2ccba1","local_time":"20210218161330","is_ascension_mode":true,"campfire_choices":[{"data":"Offering","floor":12,"key":"SMITH"},{"data":"Seeing Red","floor":15,"key":"SMITH"}],"circlet_count":0,"master_deck":["AscendersBane","Strike_R","Strike_R","Strike_R","Strike_R","Defend_R","Defend_R","Defend_R","Bash","Perfected Strike","Battle Trance","Perfected Strike","Seeing Red+1","Thunderclap","Offering+1","Evolve"],"relics":["Burning Blood","NeowsBlessing","Centennial Puzzle","Mummified Hand","Dream Catcher","Incense Burner","Thread and Needle"],"acts_visited":["Exordium"],"potions_floor_usage":[8,13,16],"damage_taken":[{"damage":0,"enemies":"2 Louse","floor":1,"turns":1},{"damage":0,"enemies":"Lagavulin","floor":6,"turns":1},{"damage":0,"enemies":"Jaw Worm","floor":7,"turns":1},{"damage":39,"enemies":"Gremlin Nob","floor":8,"turns":5},{"damage":10,"enemies":"Small Slimes","floor":10,"turns":3},{"damage":17,"enemies":"Lagavulin","floor":13,"turns":4},{"damage":6,"enemies":"3 Louse","floor":14,"turns":2},{"damage":36,"enemies":"Hexaghost","floor":16,"turns":8}],"seed_played":"4266352951253830796","potions_obtained":[{"floor":7,"key":"Dexterity Potion"},{"floor":10,"key":"EssenceOfSteel"},{"floor":13,"key":"GamblersBrew"}],"is_trial":false,"path_per_floor":["M","?","?","T","?","E","M","E","T","M","$","R","E","M","R","B"],"character_chosen":"IRONCLAD","items_purchased":["Offering"],"campfire_rested":0,"item_purchase_floors":[11],"current_hp_per_floor":[78,67,67,67,72,78,84,51,51,47,47,47,36,36,36,0,0],"gold":145,"neow_bonus":"THREE_ENEMY_KILL","is_daily":false,"chose_seed":false,"campfire_upgraded":2,"win_rate":0.0,"timestamp":1613632410,"path_taken":["M","?","?","?","?","E","M","E","T","M","$","R","E","M","R","BOSS"],"items_purchased_type":["Card"],"build_version":"2020-12-22","purchased_purges":1,"victory":false,"max_hp_per_floor":[80,80,80,80,85,85,85,85,85,85,85,85,85,85,85,85,85],"relic_stats":{"Centennial Puzzle":[15],"Dream Catcher":0,"counters":[8,25],"Mummified Hand":[3],"obtain_stats":[{"Centennial Puzzle":4,"Dream Catcher":8,"NeowsBlessing":0,"Mummified Hand":6,"Thread and Needle":13,"Incense Burner":9,"Burning Blood":0},{"Centennial Puzzle":1,"Dream Catcher":4,"NeowsBlessing":0,"Mummified Hand":2,"Thread and Needle":6,"Incense Burner":4,"Burning Blood":0},{"Centennial Puzzle":1,"Dream Catcher":8,"NeowsBlessing":0,"Mummified Hand":2,"Thread and Needle":15,"Incense Burner":8,"Burning Blood":0}],"Burning Blood":42},"card_choices":[{"not_picked":["Clothesline","Reckless Charge"],"picked":"Perfected Strike","floor":1},{"not_picked":["Rampage","Heavy Blade"],"picked":"Battle Trance","floor":6},{"not_picked":["Clash","Havoc"],"picked":"Perfected Strike","floor":7},{"not_picked":["Pummel","Flex"],"picked":"Seeing Red","floor":8},{"not_picked":["Uppercut","Havoc"],"picked":"Thunderclap","floor":10},{"not_picked":["Anger","Perfected Strike"],"picked":"Evolve","floor":13},{"not_picked":["Disarm","Wild Strike","Headbutt"],"picked":"SKIP","floor":14}],"player_experience":279972,"relics_obtained":[{"floor":4,"key":"Centennial Puzzle"},{"floor":6,"key":"Mummified Hand"},{"floor":8,"key":"Dream Catcher"},{"floor":9,"key":"Incense Burner"},{"floor":13,"key":"Thread and Needle"}],"event_choices":[{"damage_healed":0,"gold_gain":75,"player_choice":"Gather Gold","damage_taken":11,"max_hp_gain":0,"max_hp_loss":0,"event_name":"World of Goop","floor":2,"gold_loss":0},{"cards_removed":["Strike_R"],"damage_healed":0,"gold_gain":0,"player_choice":"Forget","damage_taken":0,"max_hp_gain":0,"max_hp_loss":0,"event_name":"Living Wall","floor":3,"gold_loss":0},{"damage_healed":0,"gold_gain":0,"player_choice":"Donut","damage_taken":0,"max_hp_gain":5,"max_hp_loss":0,"event_name":"Big Fish","floor":5,"gold_loss":0}],"is_beta":false,"boss_relics":[],"items_purged_floors":[11],"is_endless":false,"potions_floor_spawned":[7,10,13],"killed_by":"Hexaghost","ascension_level":12}}