{"host":"dyzdf8svqmiivg97","time":1613641673,"event":{"mods":["AchievementEnabler","BaseMod","Colored Map","DeckTracker","Minty Spire (QoL Compilation)","Quick Restart","Rare Cards Sparkle","SuperFastMode"],"gold_per_floor":[118,118,43,77,114,114,160,160,211,254,359,398,398,423,423,548,548,587,587,587,587,627,627,627,627],"floor_reached":24,"language":"KOR","playtime":558,"items_purged":["Strike_P"],"score":309,"play_id":"b2f79acb-2bfb-4095-b3d9-74751fd37d39","local_time":"20210218184753","is_ascension_mode":true,"campfire_choices":[{"data":"Eruption","floor":6.0,"key":"SMITH"},{"data":"HandOfGreed","floor":8.0,"key":"SMITH"},{"data":"MentalFortress","floor":15.0,"key":"SMITH"},{"floor":23.0,"key":"REST"}],"circlet_count":0,"master_deck":["Strike_P","Defend_P","Defend_P","Defend_P+1","Defend_P","Eruption+1","Vigilance","HandOfGreed+1","Tantrum","EmptyMind","MentalFortress+1","LessonLearned","RitualDagger+1","MentalFortress","Sanctity"],"relics":["PureWater","Spirit Poop","Blood Vial","Centennial Puzzle","Oddly Smooth Stone","Lizard Tail","Philosopher\u0027s Stone","Nunchaku"],"acts_visited":["Exordium","TheCity"],"potions_floor_usage":[24],"damage_taken":[{"damage":2.0,"enemies":"Jaw Worm","floor":1.0,"turns":3.0},{"damage":0.0,"enemies":"Cultist","floor":4.0,"turns":2.0},{"damage":3.0,"enemies":"Small Slimes","floor":5.0,"turns":4.0},{"damage":7.0,"enemies":"Gremlin Nob","floor":7.0,"turns":3.0},{"damage":1.0,"enemies":"Looter","floor":10.0,"turns":2.0},{"damage":5.0,"enemies":"3 Sentries","floor":11.0,"turns":5.0},{"damage":0.0,"enemies":"Exordium Wildlife","floor":12.0,"turns":2.0},{"damage":1.0,"enemies":"Lagavulin","floor":14.0,"turns":3.0},{"damage":82.0,"enemies":"Hexaghost","floor":16.0,"turns":12.0},{"damage":20.0,"enemies":"2 Thieves","floor":18.0,"turns":4.0},{"damage":32.0,"enemies":"3 Byrds","floor":22.0,"turns":4.0},{"damage":30,"enemies":"Snake Plant","floor":24,"turns":2}],"seed_played":"-8123347124118302310","potions_obtained":[{"floor":4.0,"key":"LiquidMemories"},{"floor":14.0,"key":"Ancient Potion"},{"floor":16.0,"key":"SpeedPotion"},{"floor":18.0,"key":"Explosive Potion"},{"floor":22.0,"key":"ColorlessPotion"}],"is_trial":false,"path_per_floor":["M","?","$","M","M","R","E","R","T","M","E","M","?","E","R","B",null,"M","?","?","?","M","R","M"],"character_chosen":"WATCHER","items_purchased":[],"campfire_rested":1,"item_purchase_floors":[],"current_hp_per_floor":[63,63,63,63,60,60,53,53,53,54,51,53,53,54,54,20,59,41,41,35,35,5,26,0,0],"gold":627,"neow_bonus":"RANDOM_COLORLESS_2","is_daily":false,"chose_seed":false,"campfire_upgraded":3,"win_rate":0.0,"timestamp":1613641673,"path_taken":["M","?","$","?","?","R","E","R","T","M","E","M","?","E","R","BOSS","M","?","?","?","M","R","M"],"items_purchased_type":[],"build_version":"2020-12-22","purchased_purges":1,"victory":false,"max_hp_per_floor":[72,72,72,72,72,72,72,72,72,72,72,72,72,72,72,72,72,72,72,72,72,72,72,72,72],"card_choices":[{"not_picked":["Secret Weapon","Magnetism"],"picked":"HandOfGreed","floor":0.0},{"not_picked":["EmptyBody","FlyingSleeves"],"picked":"Tantrum","floor":1.0},{"not_picked":["Halt","LikeWater","Evaluate"],"picked":"SKIP","floor":4.0},{"not_picked":["Vengeance","Crescendo"],"picked":"EmptyMind","floor":5.0},{"not_picked":["DevaForm","InnerPeace"],"picked":"MentalFortress","floor":7.0},{"not_picked":["FlyingSleeves","BowlingBash","ClearTheMind"],"picked":"SKIP","floor":10.0},{"not_picked":["Tantrum","FollowUp","JustLucky"],"picked":"SKIP","floor":11.0},{"not_picked":["SashWhip","Swivel","EmptyBody"],"picked":"SKIP","floor":12.0},{"not_picked":["CarveReality","Collect","ClearTheMind"],"picked":"SKIP","floor":14.0},{"not_picked":["DeusExMachina","DevaForm"],"picked":"LessonLearned","floor":16.0},{"not_picked":["WheelKick","BattleHymn","Crescendo+1"],"picked":"SKIP","floor":18.0},{"not_picked":["Evaluate","Collect","Halt"],"picked":"SKIP","floor":22.0}],"player_experience":576821,"relics_obtained":[{"floor":7.0,"key":"Blood Vial"},{"floor":9.0,"key":"Centennial Puzzle"},{"floor":11.0,"key":"Oddly Smooth Stone"},{"floor":14.0,"key":"Lizard Tail"}],"event_choices":[{"cards_removed":["Normality"],"damage_healed":0.0,"max_hp_gain":0.0,"max_hp_loss":0.0,"gold_gain":0.0,"event_name":"Bonfire Elementals","player_choice":"Offered Curse","floor":2.0,"gold_loss":0.0,"damage_taken":0.0,"relics_obtained":["Spirit Poop"]},{"damage_healed":0.0,"max_hp_gain":0.0,"max_hp_loss":0.0,"gold_gain":0.0,"event_name":"Liars Game","player_choice":"Ignored","floor":13.0,"gold_loss":0.0,"damage_taken":0.0},{"damage_healed":0.0,"max_hp_gain":0.0,"max_hp_loss":0.0,"gold_gain":0.0,"event_name":"The Mausoleum","player_choice":"Opened","floor":19.0,"gold_loss":0.0,"damage_taken":0.0,"relics_obtained":["Nunchaku"]},{"damage_healed":0.0,"max_hp_gain":0.0,"max_hp_loss":0.0,"gold_gain":0.0,"event_name":"Nest","player_choice":"Joined the Cult","floor":20.0,"gold_loss":0.0,"damage_taken":6.0,"cards_obtained":["RitualDagger"]},{"damage_healed":0.0,"max_hp_gain":0.0,"max_hp_loss":0.0,"gold_gain":0.0,"cards_transformed":["Strike_P","Strike_P"],"event_name":"Drug Dealer","player_choice":"Became Test Subject","floor":21.0,"gold_loss":0.0,"damage_taken":0.0,"cards_obtained":["MentalFortress","Sanctity"]}],"is_beta":false,"boss_relics":[{"not_picked":["Coffee Dripper","SacredBark"],"picked":"Philosopher\u0027s Stone"}],"items_purged_floors":[3],"is_endless":false,"potions_floor_spawned":[4,14,16,18,22],"killed_by":"Snake Plant","ascension_level":9}}