{"host":"5f8ute538gzudddu","time":1613624530,"event":{"mods":["BaseMod","Highlight Path","Minty Spire (QoL Compilation)","Relic Stats","StSLib"],"gold_per_floor":[136,181,331,38,78,78,103,103,127,0,43,43,43,43,43],"floor_reached":14,"language":"ENG","playtime":549,"items_purged":["Doubt"],"score":176,"play_id":"ec01e35f-1dba-4b18-83ed-8595bfe568ae","local_time":"20210217210210","is_ascension_mode":true,"campfire_choices":[{"data":"Wallop","floor":6,"key":"SMITH"},{"data":"FollowUp","floor":8,"key":"SMITH"}],"circlet_count":0,"master_deck":["AscendersBane","Strike_P","Strike_P","Strike_P","Strike_P","Defend_P","Defend_P","Defend_P","Defend_P","Eruption","Vigilance","Wish","EmptyBody","FollowUp+1","FlyingSleeves","Wallop+1","Swivel","MentalFortress","Meditate"],"relics":["PureWater","Centennial Puzzle","Bag of Preparation","Anchor","Golden Idol"],"acts_visited":["Exordium"],"potions_floor_usage":[14],"damage_taken":[{"damage":7,"enemies":"Jaw Worm","floor":1,"turns":6},{"damage":0,"enemies":"2 Louse","floor":2,"turns":5},{"damage":6,"enemies":"Small Slimes","floor":5,"turns":6},{"damage":17,"enemies":"Gremlin Nob","floor":7,"turns":3},{"damage":9,"enemies":"2 Fungi Beasts","floor":11,"turns":6},{"damage":30,"enemies":"3 Sentries","floor":14,"turns":8}],"seed_played":"4989092851760465479","potions_obtained":[{"floor":1,"key":"Energy Potion"}],"is_trial":false,"path_per_floor":["M","M","?","$","M","R","E","R","T","$","M","?","$","E"],"character_chosen":"WATCHER","items_purchased":["Centennial Puzzle","FlyingSleeves","MentalFortress","Meditate"],"campfire_rested":0,"item_purchase_floors":[4,4,10,10],"current_hp_per_floor":[54,54,54,54,48,48,31,31,31,31,22,22,22,0,0],"gold":43,"neow_bonus":"THREE_RARE_CARDS","is_daily":false,"chose_seed":false,"campfire_upgraded":2,"win_rate":0.0,"timestamp":1613624530,"path_taken":["M","M","?","$","M","R","E","R","T","$","M","?","$","E"],"items_purchased_type":["Relic","Card","Card","Card"],"build_version":"2020-12-22","purchased_purges":1,"victory":false,"max_hp_per_floor":[62,62,62,62,62,62,62,62,62,62,62,56,56,56,56],"relic_stats":{"Centennial Puzzle":[12],"counters":[6,34],"Golden Idol":0,"Bag of Preparation":[4],"obtain_stats":[{"Centennial Puzzle":4,"Anchor":9,"Golden Idol":12,"Bag of Preparation":7,"PureWater":0},{"Centennial Puzzle":2,"Anchor":4,"Golden Idol":5,"Bag of Preparation":4,"PureWater":0},{"Centennial Puzzle":11,"Anchor":20,"Golden Idol":26,"Bag of Preparation":20,"PureWater":0}]},"card_choices":[{"not_picked":["MasterReality","Establishment"],"picked":"Wish","floor":0},{"not_picked":["Protect","BattleHymn"],"picked":"EmptyBody","floor":1},{"not_picked":["Crescendo","Devotion"],"picked":"FollowUp","floor":2},{"not_picked":["Prostrate","BattleHymn"],"picked":"Wallop","floor":5},{"not_picked":["DeceiveReality","Consecrate"],"picked":"Swivel","floor":7},{"not_picked":["JustLucky","FlyingSleeves","SashWhip"],"picked":"SKIP","floor":11}],"player_experience":950196,"relics_obtained":[{"floor":7,"key":"Bag of Preparation"},{"floor":9,"key":"Anchor"}],"event_choices":[{"damage_healed":0,"gold_gain":150,"player_choice":"AGREE","damage_taken":0,"max_hp_gain":0,"max_hp_loss":0,"event_name":"Liars Game","floor":3,"gold_loss":0,"cards_obtained":["Doubt"]},{"damage_healed":0,"gold_gain":0,"player_choice":"Lose Max HP","damage_taken":0,"relics_obtained":["Golden Idol"],"max_hp_gain":0,"max_hp_loss":6,"event_name":"Golden Idol","floor":12,"gold_loss":0}],"is_beta":false,"boss_relics":[],"items_purged_floors":[4],"is_endless":false,"potions_floor_spawned":[1],"killed_by":"3 Sentries","ascension_level":20}}