{"host":"3e3mwsgb9gfqiuxm","time":1613615788,"event":{"mods":["Act Like it!","BaseMod","Colored Map","Colored Powertips","Downfall","Gensokyo","Googly Eyes","Hallownest","Hermit","Hubris","Infinite Spire","Jorbs\u0027s Wanderer Trilogy","Koishi","Marisa????????","Minty Spire (QoL Compilation)","Quick Restart","Rare Cards Sparkle","Reimu??????","Remilia??????","Replay The Spire","Shop Mod","StSLib","SuperFastMode","Td1madao Mod","The Animator","The Bug Knight","The Cursed","The Hierophant","The Servant 0.9.4","everything is the same but u backflip on backflip","slay the spire mod where everything is the same but ironclad has a cowboy hat"],"gold_per_floor":[118,135,135,146,156,182,182,214,268,268,268,268,268,317,317,446,446,481,481,539,539,539,587,587,587,587,587,659,702,770,770,770,894,894,918,995,995,673,701,701,747,747,747,747,779,810,854,902,902,918],"floor_reached":51,"language":"ENG","playtime":3774,"items_purged":["UpSweep","Strike_MRS"],"score":1162,"play_id":"c551a6be-f60e-44f8-915e-bb002df3a0b7","local_time":"20210217213628","is_ascension_mode":true,"campfire_choices":[{"data":"StarDustReverie","floor":7.0,"key":"SMITH"},{"data":"MaximisePower","floor":10.0,"key":"SMITH"},{"data":"MysteriousBeam","floor":12.0,"key":"SMITH"},{"data":"DarkSpark","floor":15.0,"key":"SMITH"},{"data":"SatelliteIllusion","floor":24.0,"key":"SMITH"},{"data":"HandOfGreed","floor":27.0,"key":"SMITH"},{"data":"OpenUniverse","floor":32.0,"key":"SMITH"},{"floor":40.0,"key":"RECALL"},{"data":"SuperNova","floor":42.0,"key":"SMITH"},{"data":"ReplayTheSpireMod:Private Reserves","floor":44.0,"key":"SMITH"},{"floor":49.0,"key":"REST"}],"circlet_count":0,"master_deck":["Strike_MRS","Strike_MRS","Defend_MRS","Defend_MRS","Defend_MRS","MasterSpark","StarDustReverie+1","DragonMeteor","IllusionStar","MysteriousBeam+1","WitchLeyline","MaximisePower+1","IllusionStar","DragonMeteor","DarkSpark+1","SatelliteIllusion+1","IllusionStar","Necronomicurse","HandOfGreed+1","Panache","ReplayTheSpireMod:Private Reserves+1","MeteoricShower+1","OpenUniverse+1","BigCrunch","SuperNova+1","GalacticHalo","BinaryStars","EnergyFlow","IllusionStar+1","AsteroidBelt+1"],"relics":["BewitchedHakkero","AmplifyWand","StoneCalendar","Potion Belt","Replay:Bandana","CrazyTorch:ReiMu","BreadOfAWashokuLover","Necronomicon","RuthlessExorcism:ReiMu","ReplayTheSpireMod:ShopPack","hubris:SphereOfDissonance","Nunchaku","Blue Doll","Nloth\u0027s Gift","hubris:Backtick","Ice Cream","HandmadeGrimoire","hubris:Towel","AntiCross","Sundial","ReplayTheSpireMod:Lightbulb"],"acts_visited":["Exordium","TheCity","Hallownest:KingdomsEdge"],"potions_floor_usage":[50],"damage_taken":[{"damage":1.0,"enemies":"infinitespire:Voidling","floor":1.0,"turns":2.0},{"damage":4.0,"enemies":"2 Louse","floor":2.0,"turns":2.0},{"damage":3.0,"enemies":"Jaw Worm","floor":4.0,"turns":3.0},{"damage":2.0,"enemies":"Looter","floor":5.0,"turns":3.0},{"damage":10.0,"enemies":"Lagavulin","floor":6.0,"turns":5.0},{"damage":0.0,"enemies":"HollowMod:MossKnight","floor":8.0,"turns":2.0},{"damage":4.0,"enemies":"Replay:BlueRogue","floor":14.0,"turns":3.0},{"damage":3.0,"enemies":"Fading Forest","floor":16.0,"turns":11.0},{"damage":0.0,"enemies":"2 Thieves","floor":18.0,"turns":1.0},{"damage":7.0,"enemies":"3 Byrds","floor":20.0,"turns":3.0},{"damage":3.0,"enemies":"HollowMod:Nosk","floor":23.0,"turns":2.0},{"damage":10.0,"enemies":"Book of Stabbing","floor":28.0,"turns":2.0},{"damage":0.0,"enemies":"Sentry and Sphere","floor":29.0,"turns":1.0},{"damage":13.0,"enemies":"Replay:Snechameleon","floor":30.0,"turns":2.0},{"damage":10.0,"enemies":"hubris:MusketHawk","floor":33.0,"turns":3.0},{"damage":0.0,"enemies":"Hallownest:2_Littles","floor":35.0,"turns":1.0},{"damage":7.0,"enemies":"Hallownest:3_Siblings","floor":36.0,"turns":4.0},{"damage":0.0,"enemies":"Hallownest:Xero_Hu_Marmu","floor":39.0,"turns":1.0},{"damage":14.0,"enemies":"Nightmare","floor":41.0,"turns":3.0},{"damage":0.0,"enemies":"Hallownest:Shield_Sturdy","floor":45.0,"turns":2.0},{"damage":11.0,"enemies":"Hallownest:2_Great","floor":46.0,"turns":2.0},{"damage":24.0,"enemies":"Hallownest:2_Wing_and_1_Kings","floor":47.0,"turns":2.0},{"damage":0.0,"enemies":"Hallownest:monsterPrimalAspid","floor":48.0,"turns":1.0},{"damage":25,"enemies":"Hallownest:BossGreyPrinceZote","floor":50,"turns":3}],"seed_played":"-8378784994436226127","potions_obtained":[{"floor":1.0,"key":"Languid Potion"},{"floor":2.0,"key":"Regen Potion"},{"floor":6.0,"key":"Swift Potion"},{"floor":8.0,"key":"FearPotion"},{"floor":18.0,"key":"Swift Potion"},{"floor":28.0,"key":"Swift Potion"},{"floor":33.0,"key":"SpeedPotion"},{"floor":36.0,"key":"PowerPotion"},{"floor":41.0,"key":"Adrenaline Potion"},{"floor":45.0,"key":"Ancient Potion"}],"is_trial":false,"path_per_floor":["M","M","?","M","M","E","R","E","T","R","?","R","?","E","R","B",null,"M","?","M","?","?","E","R","AVR","T","R","E","M","E","?","R","B",null,"M","M","?","$","M","R","NM","R","T","R","M","M","M","M","R","B",null],"character_chosen":"MARISA","items_purchased":["AntiCross"],"campfire_rested":1,"item_purchase_floors":[38],"current_hp_per_floor":[67,63,63,60,58,48,48,48,48,48,48,48,48,44,44,49,69,69,69,62,62,46,43,43,43,43,43,33,34,21,21,21,12,59,60,53,53,53,54,54,42,42,42,42,43,32,10,10,32,24],"gold":918,"neow_bonus":"ONE_RANDOM_RARE_CARD","is_daily":false,"chose_seed":false,"campfire_upgraded":9,"win_rate":0.0,"timestamp":1613615788,"path_taken":["M","?","?","M","?","E","R","E","T","R","?","R","?","E","R","BOSS","M","?","?","?","?","E","R","AVR","T","R","E","M","E","?","R","BOSS","M","?","?","$","M","R","NM","R","T","R","M","M","M","M","R","BOSS"],"items_purchased_type":["Relic"],"build_version":"2020-12-22","purchased_purges":2,"victory":true,"max_hp_per_floor":[75,75,75,75,75,75,75,75,75,75,75,75,75,75,75,75,75,75,75,75,75,75,75,75,75,75,75,75,75,75,75,75,75,75,75,75,75,75,75,75,75,75,75,75,75,75,75,75,75,88],"card_choices":[{"not_picked":["MeteoricShower","DC"],"picked":"DragonMeteor","floor":1.0},{"not_picked":["NonDirectionalLaser","DeepEcoloBomb"],"picked":"IllusionStar","floor":2.0},{"not_picked":["NonDirectionalLaser","Acceleration"],"picked":"MysteriousBeam","floor":4.0},{"not_picked":["Acceleration","PowerUp"],"picked":"WitchLeyline","floor":5.0},{"not_picked":["SporeBomb","DeepEcoloBomb"],"picked":"MaximisePower","floor":6.0},{"not_picked":["DarkMatter","MilkyWay"],"picked":"IllusionStar","floor":8.0},{"not_picked":["GravityBeat","NonDirectionalLaser"],"picked":"DarkSpark","floor":14.0},{"not_picked":["SuperNova","JA"],"picked":"SatelliteIllusion","floor":16.0},{"not_picked":["EnergyRecoil","DC","PropBag"],"picked":"SKIP","floor":18.0},{"not_picked":["EnergyFlow","EarthLightRay"],"picked":"IllusionStar","floor":20.0},{"not_picked":["ChargeUpSpray","EnergyFlow","NonDirectionalLaser"],"picked":"SKIP","floor":23.0},{"not_picked":["Thinking Ahead","Mayhem"],"picked":"HandOfGreed","floor":25.0},{"not_picked":["Purity","Madness"],"picked":"Panache","floor":25.0},{"not_picked":["PanicButton","Midas Touch"],"picked":"ReplayTheSpireMod:Private Reserves","floor":25.0},{"not_picked":["GrandCross","WitchLeyline"],"picked":"MeteoricShower+1","floor":28.0},{"not_picked":["MilkyWay","SporeBomb+1"],"picked":"OpenUniverse","floor":29.0},{"not_picked":["PropBag+1","SuperPerseids"],"picked":"BigCrunch","floor":30.0},{"not_picked":["SatelliteIllusion","UltimateShortwave"],"picked":"SuperNova","floor":33.0},{"not_picked":["NonDirectionalLaser+1","DC+1","GrandCross"],"picked":"SKIP","floor":35.0},{"not_picked":["DragonMeteor","GravityBeat+1"],"picked":"GalacticHalo","floor":36.0},{"not_picked":["StarlightTyphoon","PowerUp"],"picked":"BinaryStars","floor":39.0},{"not_picked":["IllusionStar","LuminesStrike"],"picked":"EnergyFlow","floor":41.0},{"not_picked":["BlazingStar","SuperPerseids+1","WitchOfGreed"],"picked":"SKIP","floor":45.0},{"not_picked":["PowerUp+1","SporeBomb","IllusionStar+1"],"picked":"SKIP","floor":46.0},{"not_picked":["PowerUp+1","SporeBomb"],"picked":"IllusionStar+1","floor":46.0},{"not_picked":["MysteriousBeam+1","GrandCross"],"picked":"AsteroidBelt+1","floor":47.0},{"not_picked":["GrandCross","UnstableBomb","PropBag+1"],"picked":"SKIP","floor":48.0}],"player_experience":1414805,"relics_obtained":[{"floor":6.0,"key":"StoneCalendar"},{"floor":8.0,"key":"Potion Belt"},{"floor":9.0,"key":"Replay:Bandana"},{"floor":14.0,"key":"Dream Catcher"},{"floor":22.0,"key":"Necronomicon"},{"floor":23.0,"key":"RuthlessExorcism:ReiMu"},{"floor":26.0,"key":"hubris:SphereOfDissonance"},{"floor":28.0,"key":"Nunchaku"},{"floor":30.0,"key":"Blue Doll"},{"floor":41.0,"key":"Sundial"},{"floor":43.0,"key":"ReplayTheSpireMod:Lightbulb"}],"event_choices":[{"damage_healed":0.0,"max_hp_gain":0.0,"max_hp_loss":0.0,"gold_gain":0.0,"event_name":"NoteForYourself","player_choice":"Ignored","floor":3.0,"gold_loss":0.0,"damage_taken":0.0},{"damage_healed":0.0,"max_hp_gain":0.0,"max_hp_loss":0.0,"gold_gain":0.0,"cards_transformed":["Strike_MRS"],"event_name":"Living Wall","player_choice":"Change","floor":11.0,"gold_loss":0.0,"damage_taken":0.0,"cards_obtained":["DragonMeteor"]},{"damage_healed":0.0,"max_hp_gain":0.0,"max_hp_loss":0.0,"gold_gain":0.0,"event_name":"WeMeetAgain","player_choice":"Gave Potion","floor":13.0,"gold_loss":0.0,"damage_taken":0.0,"relics_obtained":["CrazyTorch:ReiMu"]},{"cards_removed":["Defend_MRS"],"damage_healed":0.0,"max_hp_gain":0.0,"max_hp_loss":0.0,"gold_gain":0.0,"event_name":"Bonfire Elementals","player_choice":"Offered Basic","floor":19.0,"gold_loss":0.0,"damage_taken":0.0},{"damage_healed":0.0,"max_hp_gain":0.0,"max_hp_loss":0.0,"gold_gain":0.0,"event_name":"Ghosts","player_choice":"Ignored","floor":21.0,"gold_loss":0.0,"damage_taken":0.0},{"damage_healed":0.0,"max_hp_gain":0.0,"max_hp_loss":0.0,"gold_gain":0.0,"event_name":"Cursed Tome","player_choice":"Obtained Book","floor":22.0,"gold_loss":0.0,"damage_taken":16.0},{"damage_healed":0.0,"max_hp_gain":0.0,"max_hp_loss":0.0,"gold_gain":0.0,"event_name":"N\u0027loth","player_choice":"Traded Relic","floor":31.0,"relics_lost":["Dream Catcher"],"gold_loss":0.0,"damage_taken":0.0,"relics_obtained":["Nloth\u0027s Gift"]}],"is_beta":false,"boss_relics":[{"not_picked":["Tiny House","Pandora\u0027s Box"],"picked":"BewitchedHakkero"},{"not_picked":["RampagingMagicTools","Sozu"],"picked":"hubris:Backtick"}],"items_purged_floors":[25,38],"is_endless":false,"potions_floor_spawned":[1,2,6,8,18,28,33,36,41,45],"ascension_level":8}}