{"host":"9709z2dy8v1s63sm","time":1613626131,"event":{"mods":["AchievementEnabler","BaseMod","Minty Spire (QoL Compilation)","StSLib","SuperFastMode"],"gold_per_floor":[116,134,154,154,180,192,236,265,277,316,328,340,352,379,391,403,403],"floor_reached":16,"language":"KOR","playtime":526,"items_purged":[],"score":189,"play_id":"91752d0b-e99c-4f6a-9f13-4c33bbdcf3d4","local_time":"20210218142851","is_ascension_mode":true,"campfire_choices":[{"data":"Uppercut","floor":6.0,"key":"SMITH"},{"data":"Whirlwind","floor":12.0,"key":"SMITH"},{"data":"Shrug It Off","floor":15.0,"key":"SMITH"}],"circlet_count":0,"master_deck":["AscendersBane","Strike_R","Strike_R","Strike_R","Strike_R","Defend_R","Defend_R","Defend_R","Defend_R","Bash","Whirlwind+1","Uppercut+1","Shrug It Off+1","Shrug It Off","Battle Trance"],"relics":["Burning Blood","MawBank","Sundial","Letter Opener","Pen Nib","Anchor"],"acts_visited":["Exordium"],"potions_floor_usage":[],"damage_taken":[{"damage":3.0,"enemies":"2 Louse","floor":1.0,"turns":3.0},{"damage":2.0,"enemies":"Cultist","floor":2.0,"turns":4.0},{"damage":16.0,"enemies":"Jaw Worm","floor":3.0,"turns":5.0},{"damage":47.0,"enemies":"Large Slime","floor":5.0,"turns":7.0},{"damage":6.0,"enemies":"Gremlin Nob","floor":7.0,"turns":3.0},{"damage":14.0,"enemies":"3 Louse","floor":8.0,"turns":5.0},{"damage":0.0,"enemies":"Blue Slaver","floor":14.0,"turns":3.0},{"damage":23,"enemies":"Hexaghost","floor":16,"turns":12}],"seed_played":"-3670346023342432668","potions_obtained":[{"floor":2.0,"key":"ColorlessPotion"},{"floor":5.0,"key":"Fire Potion"},{"floor":7.0,"key":"Weak Potion"}],"is_trial":false,"path_per_floor":["M","M","M","?","M","R","E","M","T","T","?","R","?","M","R","B"],"character_chosen":"IRONCLAD","items_purchased":[],"campfire_rested":0,"item_purchase_floors":[],"current_hp_per_floor":[78,82,72,72,31,31,31,23,23,23,23,23,12,18,18,0,0],"gold":403,"neow_bonus":"TEN_PERCENT_HP_BONUS","is_daily":false,"chose_seed":false,"campfire_upgraded":3,"win_rate":0.0,"timestamp":1613626131,"path_taken":["M","M","M","?","M","R","E","?","T","?","?","R","?","M","R","BOSS"],"items_purchased_type":[],"build_version":"2020-12-22","purchased_purges":0,"victory":false,"max_hp_per_floor":[82,82,82,82,82,82,82,82,82,82,82,82,82,82,82,82,82],"card_choices":[{"not_picked":["True Grit","Headbutt","Twin Strike"],"picked":"SKIP","floor":1.0},{"not_picked":["True Grit","Clothesline"],"picked":"Whirlwind","floor":2.0},{"not_picked":["Burning Pact","Carnage"],"picked":"Uppercut","floor":3.0},{"not_picked":["Fire Breathing","Wild Strike"],"picked":"Shrug It Off","floor":5.0},{"not_picked":["Twin Strike","Pommel Strike"],"picked":"Shrug It Off","floor":7.0},{"not_picked":["Dual Wield","Corruption","Anger"],"picked":"SKIP","floor":8.0},{"not_picked":["Searing Blow","Combust"],"picked":"Battle Trance","floor":14.0}],"player_experience":121882,"relics_obtained":[{"floor":7.0,"key":"Sundial"},{"floor":9.0,"key":"Letter Opener"},{"floor":10.0,"key":"Pen Nib"}],"event_choices":[{"damage_healed":0.0,"max_hp_gain":0.0,"max_hp_loss":0.0,"gold_gain":0.0,"event_name":"WeMeetAgain","player_choice":"Gave Potion","floor":4.0,"gold_loss":0.0,"damage_taken":0.0,"relics_obtained":["MawBank"]},{"cards_removed":["Strike_R"],"damage_healed":0.0,"max_hp_gain":0.0,"max_hp_loss":0.0,"gold_gain":0.0,"event_name":"Living Wall","player_choice":"Forget","floor":11.0,"gold_loss":0.0,"damage_taken":0.0},{"damage_healed":0.0,"max_hp_gain":0.0,"max_hp_loss":0.0,"gold_gain":0.0,"event_name":"Scrap Ooze","player_choice":"Success","floor":13.0,"gold_loss":0.0,"damage_taken":11.0,"relics_obtained":["Anchor"]}],"is_beta":false,"boss_relics":[],"items_purged_floors":[],"is_endless":false,"potions_floor_spawned":[2,5,7],"killed_by":"Hexaghost","ascension_level":17}}