{"host":"0rn20prxkpuv2e47","time":1613637915,"event":{"mods":["100% Spire Juice","ATMod(阿瑾Mod)","Act Like it!","Arknights","Aspiration","BaseMod","Challenge The Spire","Downfall","Friendly Minions","Gensokyo","Hallownest","Hermit","Koishi","KomeijiMod","Marisa（F雨　魔理沙）","Minty Spire (QoL Compilation)","MostiFishMod","Prisma Mod","Quick Restart","Reimu（博丽灵梦）","Remilia（蕾米莉亚）","Robot Space Explorer","StSLib","The Administrix","The Alterego","The Animator","The Blackbeard","The Bug Knight","The Construct","The Cursed","The Jungle","The Mystic","The Runesmith","The Senshi","The Servant 0.9.4","Warlord Emblem","Wide Potions","Yuyuko","[GremlinLeader]The Maniac","[IsaacMod]以撒尖塔","[功能]功能增强和修复MOD","noobMod","【功能Mod】聪明的最终Boss","【遗物卡牌】REMEMod"],"gold_per_floor":[117,60,60,79,79,79,105,105,105,105,136,218,218,236,236,333,333,352,352,36,36,36,36,105,105,178,178,214,214,214,214,214,214,214],"floor_reached":33,"language":"ZHS","playtime":1649,"items_purged":["Pain"],"score":396,"play_id":"155d3355-4146-4122-a5bb-a9328c7e10cd","local_time":"20210218164515","is_ascension_mode":false,"campfire_choices":[{"data":"AT_DarkMatter","floor":6,"key":"SMITH"},{"data":"Madness","floor":10,"key":"SMITH"},{"data":"Dancing Butterflies","floor":13,"key":"SMITH"},{"data":"Monster Cherry Tree","floor":15,"key":"SMITH"},{"data":"Ghostdom Sakura","floor":23,"key":"SMITH"},{"data":"Showy Withering","floor":25,"key":"SMITH"},{"data":"REME_ShortnessOfBreath","floor":27,"key":"SMITH"},{"data":"The Inky Sakura+1","floor":32,"key":"SMITH"}],"circlet_count":0,"master_deck":["Fantasy Butterflies","Fantasy Butterflies","Fantasy Butterflies","Dreamy Sakura","Dreamy Sakura","Dreamy Sakura","Dreamy Sakura","Deathly Ground","Faramita\u0027s Temptation","AT_DarkMatter+1","Ghostdom Sakura+1","Unknown Petal","Madness+1","Monster Cherry Tree+1","Dreamy Sakura","Elegance","Dying Butterflies","Song of Papilio","Dancing Butterflies+1","Showy Withering+1","Home of Suicide","Open The Fan","REME_MagicPocketWatch","REME_ShortnessOfBreath+1","Open The Fan","Madness+1","Jack Of All Trades","The Inky Sakura+2"],"relics":["Coronal","Yuyuko\u0027s fan","ice","AT_ATBox","REME_ComplimentaryCards","HushsDoor","DaveBox","The Courier","GuppysTail","aspiration:Nostalgia","ats:Sanity","SynthV:TestCard","DianPoetry","AT_RedTearstoneRing","SynthV","Gensokyo:OccultBall","PreservedInsect","YumHeart","Lee\u0027s Waffle","BookofShadows","Gensokyo:LunaticRedEyes","WarlordEmblem:QuestRogue","AT_GoldPhoenixTree","Bottled Flame","Transparent","ThornShield","DeadEye","BrkXgEgg","AT_MibuBalloonWealth","Molten Egg 2","theJungle:SpiritDisease","NineVolt","Happy Flower","Omamori","Spirit Poop","DollysMirror","Matryoshka","Prayer Wheel","theJungle:WildMango"],"acts_visited":["Gensokyo:Gensokyo","theJungle:Jungle"],"potions_floor_usage":[],"damage_taken":[{"damage":22,"enemies":"Gensokyo:2_Kodama","floor":1,"turns":4},{"damage":4,"enemies":"Gensokyo:Gryphon","floor":4,"turns":2},{"damage":5,"enemies":"Gensokyo:Cirno","floor":7,"turns":5},{"damage":30,"enemies":"Gensokyo:Aya","floor":11,"turns":5},{"damage":5,"enemies":"Gensokyo:3_Fairies","floor":14,"turns":3},{"damage":33,"enemies":"Gensokyo:Kokoro","floor":16,"turns":8},{"damage":39,"enemies":"theJungle:MUSHROOMGANG","floor":18,"turns":2},{"damage":46,"enemies":"theJungle:Flameango_and_Byrd","floor":24,"turns":4},{"damage":24,"enemies":"theJungle:Lyon","floor":28,"turns":2},{"damage":50,"enemies":"theJungle:FunGuy","floor":33,"turns":3}],"seed_played":"5193184078720332573","potions_obtained":[{"floor":4,"key":"REME_GoldPotion"},{"floor":4,"key":"PowerPotion"}],"is_trial":false,"path_per_floor":["M","$","?","M","$","R","E","?","T","R","E","T","R","M","R","B",null,"M","?","$","?","$","R","M","R","T","R","M","$","?","?","R","B"],"character_chosen":"YUYOKO","items_purchased":["DianPoetry","AT_RedTearstoneRing","SynthV","Unknown Petal","Madness","Float on Moon","Monster Cherry Tree","PreservedInsect","YumHeart","Lee\u0027s Waffle","Dying Butterflies","ThornShield","Butterflies in Dream","REME_MagicPocketWatch","DeadEye","BrkXgEgg","AT_MibuBalloonWealth","Molten Egg 2","NineVolt","Happy Flower","Omamori","REME_ShortnessOfBreath","DollysMirror","Matryoshka","Prayer Wheel","Jack Of All Trades","The Inky Sakura+1"],"campfire_rested":0,"item_purchase_floors":[2,2,2,2,2,2,2,5,5,5,5,20,20,20,20,20,20,20,22,22,22,22,29,29,29,29,29],"current_hp_per_floor":[31,31,31,33,47,47,42,42,42,42,42,42,42,39,39,34,44,39,44,44,44,44,44,44,44,44,44,44,44,58,46,46,0,0],"gold":214,"neow_bonus":"NOSTALGIA","is_daily":false,"chose_seed":false,"campfire_upgraded":8,"win_rate":0.0,"timestamp":1613637915,"path_taken":["M","$","?","?","$","R","E","?","T","R","E","?","R","M","R","BOSS","M","?","$","?","$","R","?","R","T","R","M","?","?","?","R","BOSS"],"items_purchased_type":["Relic","Relic","Relic","Card","Card","Card","Card","Relic","Relic","Relic","Card","Relic","Card","Card","Relic","Relic","Relic","Relic","Relic","Relic","Relic","Card","Relic","Relic","Relic","Card","Card"],"build_version":"2020-12-22","purchased_purges":1,"victory":false,"max_hp_per_floor":[40,40,40,40,47,47,47,47,47,47,47,47,47,44,44,44,44,44,44,44,44,44,44,44,44,44,44,44,44,58,58,58,58,58],"card_choices":[{"not_picked":["Final of Final","Sakura Ward"],"picked":"Ghostdom Sakura","floor":1},{"not_picked":["Reverse The Screen","The Forgotten Winter","Reunion after Death","Phantom Butterflies"],"picked":"Elegance","floor":4},{"not_picked":["Ghost Spot","Open The Fan","Reverse The Screen","Unstable Ward"],"picked":"Song of Papilio","floor":7},{"not_picked":["Spear of Papilio","Steamed Phantom","Scenery of Papilio","Supernatural Nether"],"picked":"Dancing Butterflies","floor":11},{"not_picked":["Gauzy Sakura","Suicide","Spear of Papilio","Elegance"],"picked":"Showy Withering","floor":14},{"not_picked":["Reunion after Death","Past Graveyard","Dying Dream","Ghastly Dream"],"picked":"Home of Suicide","floor":16},{"not_picked":["Unborn Light","Gauzy Sakura+1","Reverse The Screen","Dancing Butterflies"],"picked":"Open The Fan","floor":18},{"not_picked":["Stifle+1","Elegance+1","The Nether+1","Reverse The Screen+1"],"picked":"Open The Fan","floor":24},{"not_picked":["Phantom Village+1","Phantom Butterflies","Snow","Stifle+1","Dark Wind"],"picked":"SKIP","floor":28}],"player_experience":191076,"relics_obtained":[{"floor":1,"key":"SynthV:TestCard"},{"floor":7,"key":"BookofShadows"},{"floor":9,"key":"WarlordEmblem:QuestRogue"},{"floor":11,"key":"AT_GoldPhoenixTree"},{"floor":12,"key":"Bottled Flame"},{"floor":16,"key":"Gensokyo:OccultBall"},{"floor":24,"key":"Gensokyo:OccultBall"},{"floor":26,"key":"Spirit Poop"}],"event_choices":[],"is_beta":false,"boss_relics":[{"not_picked":["WarlordEmblem:SaveLoadDisk","NightmareShop"],"picked":"Transparent"},{"not_picked":[]}],"items_purged_floors":[20],"is_endless":false,"potions_floor_spawned":[4,4,7,7,7,11,16,18,18,24],"killed_by":"theJungle:FunGuy","ascension_level":0}}