{"host":"cgwysqtmt736mr58","time":1613657512,"event":{"mods":["2.2 Compatiblity","Aspiration","BaseMod","Beaked The Cultist","BetterRewards","Colored Map","Colored Powertips","Downfall","Duelist Mod","GifTheSpireLib","Googly Eyes","Halation","Hermit","Hubris","Infinite Spire","Lobotomy","LobotomyExtend","Minty Spire (QoL Compilation)","Relic Stats","Replay The Spire","Shade Mod","Shop Mod","StSLib","The Construct","The Cursed","The Disciple","The Exalted","The Necromancer","The Runesmith","Waifu the Spire","Yuri Mod"],"gold_per_floor":[99,114,99,115,115,115,141,167,167,116,134,195,209,222,222,317,317,317,333,348,124,137,137,161,161,175,196,211,66,66,84,98,197,247,247,262,59,69,161,161,186,186,236,236,249,260,260,260,274,274,274],"floor_reached":52,"language":"ENG","playtime":1790,"items_purged":[],"score":1001,"play_id":"69f30757-2ed2-45a2-8d60-0f4a50d9da78","local_time":"20210219011152","is_ascension_mode":true,"campfire_choices":[{"data":"bronze:Strike","floor":1,"key":"SMITH"},{"data":"bronze:DigitalCarnage","floor":6,"key":"SMITH"},{"data":"bronze:Library","floor":9,"key":"SMITH"},{"floor":18,"key":"DIG"},{"floor":23,"key":"REST"},{"floor":25,"key":"REST"},{"data":"expansioncontent:QuickStudy","floor":42,"key":"SMITH"}],"circlet_count":0,"master_deck":["bronze:Strike+1","bronze:Strike","bronze:Defend","bronze:Defend","bronze:Defend","bronze:Defend","bronze:Replicate+1","bronze:Goto","bronze:Shield","bronze:DigitalCarnage+1","bronze:Library+1","bronze:CutThrough","bronze:Boost","bronze:WhirlingStrike","bronze:ItsAFeature","bronze:Mutator+1","bronze:RecursiveStrike","bronze:DelayedSlice","bronze:Separator+1","bronze:Iterate","bronze:Flail","bronze:Flail","bronze:FineTuning+1","bronze:Boost+1","expansioncontent:QuickStudy+1","bronze:RecursiveStrike","bronze:Iterate","bronze:Format","bronze:OilSpill+1","bronze:ItsAFeature","ReplayTheSpireMod:Splinters","bronze:Iterate+1","bronze:Repair","bronze:Iterate","bronze:FineTuning+1"],"relics":["bronze:BronzeCore","LetterFromLob","Oddly Smooth Stone","infinitespire:CursedDice","Bag of Marbles","LaetitiaHeart","infinitespire:Cupcake","Gambling Chip","aspiration:Nostalgia","TheCursedMod:BlackMagic101","Pen Nib","HandDrill","hubris:TenFootPole","Tiny House","BargainBundle","Vajra","halation:PinkSoulGem","infinitespire:Lucky Rock","hubris:Spice","halation:PapillonHeart"],"acts_visited":["Exordium","TheCity","TheBeyond"],"potions_floor_usage":[8,16,22,28,31,31,31,33,33,38,43,43,50,50],"damage_taken":[{"damage":1,"enemies":"Cultist","floor":2,"turns":3},{"damage":0,"enemies":"downfall:FleeingMerchant","floor":3,"turns":4},{"damage":1,"enemies":"Jaw Worm","floor":4,"turns":3},{"damage":4,"enemies":"Lagavulin","floor":8,"turns":3},{"damage":3,"enemies":"downfall:FleeingMerchant","floor":10,"turns":4},{"damage":0,"enemies":"2 Louse","floor":11,"turns":3},{"damage":9,"enemies":"Gremlin Nob","floor":12,"turns":3},{"damage":0,"enemies":"Exordium Wildlife","floor":13,"turns":1},{"damage":8,"enemies":"Lots of Slimes","floor":14,"turns":3},{"damage":7,"enemies":"WA_ARCHETYPE_RETAIN","floor":16,"turns":5},{"damage":3,"enemies":"Shell Parasite","floor":19,"turns":2},{"damage":21,"enemies":"Sentry and Sphere","floor":20,"turns":3},{"damage":2,"enemies":"downfall:FleeingMerchant","floor":21,"turns":4},{"damage":2,"enemies":"Shelled Parasite and Fungi","floor":22,"turns":2},{"damage":0,"enemies":"Cultist and Chosen","floor":26,"turns":3},{"damage":0,"enemies":"downfall:FleeingMerchant","floor":27,"turns":2},{"damage":0,"enemies":"Snake Plant","floor":28,"turns":2},{"damage":0,"enemies":"Chosen and Byrds","floor":31,"turns":2},{"damage":0,"enemies":"3 Cultists","floor":32,"turns":2},{"damage":24,"enemies":"IC_MUSHROOM_ARCHETYPE","floor":33,"turns":4},{"damage":0,"enemies":"3 Shapes","floor":36,"turns":1},{"damage":0,"enemies":"3 Darklings","floor":38,"turns":1},{"damage":10,"enemies":"3 Darklings","floor":43,"turns":5},{"damage":0,"enemies":"Jaw Worm Horde","floor":45,"turns":2},{"damage":8,"enemies":"Transient","floor":46,"turns":5},{"damage":2,"enemies":"Maw","floor":49,"turns":4},{"damage":33,"enemies":"DF_ARCHETYPE_ORBS","floor":50,"turns":4}],"seed_played":"-5786412366644329910","potions_obtained":[{"floor":2,"key":"EssenceOfSteel"},{"floor":11,"key":"bronze:CleanCodePotion"},{"floor":12,"key":"Strength Potion"},{"floor":13,"key":"Languid Potion"},{"floor":20,"key":"GamblersBrew"},{"floor":26,"key":"EntropicBrew"},{"floor":28,"key":"PowerPotion"},{"floor":32,"key":"SkillPotion"},{"floor":34,"key":"AttackPotion"},{"floor":38,"key":"ColorlessPotion"},{"floor":44,"key":"downfall:CursedFountainPotion"},{"floor":45,"key":"Regen Potion"}],"is_trial":false,"path_per_floor":["R","M","$","M","?","R","T","E","R","$","M","?","M","M","M","B",null,"R_BF","M","M","$","M","R","T","R","M","$","M","$","?","M","M","B",null,"R_BF","M","$","M","?","?","T","R","?","?","M","M","?","?","M","B",null,null],"character_chosen":"THE_AUTOMATON","items_purchased":["bronze:Boost","aspiration:Nostalgia","bronze:Flail","HandDrill","expansioncontent:QuickStudy","hubris:TenFootPole","BargainBundle","LifebloodPotion"],"campfire_rested":2,"item_purchase_floors":[10,21,21,27,27,29,37,37],"current_hp_per_floor":[63,62,62,61,61,61,61,57,57,54,54,45,45,37,37,30,60,60,57,36,34,32,53,53,70,70,70,70,70,70,70,70,46,69,75,75,75,75,75,75,75,75,73,73,73,72,72,72,70,45,45],"gold":274,"neow_bonus":"UPGRADE_CARD","is_daily":false,"chose_seed":false,"campfire_upgraded":4,"win_rate":0.0,"timestamp":1613657512,"path_taken":["R","M","$","?","?","R","T","E","R","?","M","?","M","?","M","BOSS","R_BF","M","M","?","M","R","T","R","M","$","M","$","?","M","M","BOSS","R_BF","M","$","M","?","?","T","R","?","?","M","?","?","?","M","BOSS"],"items_purchased_type":["Card","Relic","Card","Relic","Card","Relic","Relic","Potion"],"build_version":"2020-12-22","purchased_purges":0,"victory":true,"max_hp_per_floor":[70,70,70,70,70,70,70,70,70,70,70,70,70,70,70,70,70,70,70,70,70,70,70,70,70,70,70,70,70,70,70,70,70,75,75,75,75,75,75,75,75,75,83,83,83,83,79,79,79,79,79],"relic_stats":{"counters":[27,80],"Gambling Chip":[26],"Pen Nib":[10],"HandDrill":[24],"obtain_stats":[{"TheCursedMod:BlackMagic101":21,"BargainBundle":37,"halation:PapillonHeart":47,"bronze:BronzeCore":0,"Tiny House":34,"infinitespire:CursedDice":8,"aspiration:Nostalgia":21,"Oddly Smooth Stone":7,"Vajra":39,"Pen Nib":24,"infinitespire:Lucky Rock":41,"halation:StarCompass":48,"LaetitiaHeart":15,"hubris:Spice":43,"Gambling Chip":18,"LetterFromLob":2,"Bag of Marbles":12,"HandDrill":27,"hubris:TenFootPole":29,"halation:PinkSoulGem":40,"infinitespire:Cupcake":17},{"TheCursedMod:BlackMagic101":13,"BargainBundle":21,"halation:PapillonHeart":25,"bronze:BronzeCore":0,"Tiny House":20,"infinitespire:CursedDice":4,"aspiration:Nostalgia":13,"Oddly Smooth Stone":3,"Vajra":22,"Pen Nib":14,"infinitespire:Lucky Rock":22,"halation:StarCompass":25,"LaetitiaHeart":9,"hubris:Spice":23,"Gambling Chip":10,"LetterFromLob":1,"Bag of Marbles":6,"HandDrill":16,"hubris:TenFootPole":17,"halation:PinkSoulGem":22,"infinitespire:Cupcake":10},{"TheCursedMod:BlackMagic101":41,"BargainBundle":59,"halation:PapillonHeart":72,"bronze:BronzeCore":0,"Tiny House":58,"infinitespire:CursedDice":13,"aspiration:Nostalgia":41,"Oddly Smooth Stone":10,"Vajra":60,"Pen Nib":43,"infinitespire:Lucky Rock":60,"halation:StarCompass":72,"LaetitiaHeart":27,"hubris:Spice":65,"Gambling Chip":32,"LetterFromLob":3,"Bag of Marbles":20,"HandDrill":48,"hubris:TenFootPole":50,"halation:PinkSoulGem":60,"infinitespire:Cupcake":32}]},"card_choices":[{"not_picked":["bronze:ClassDefault","bronze:BuggyMess"],"picked":"bronze:Shield","floor":2},{"not_picked":["bronze:Repulsor","bronze:BugBarrage"],"picked":"bronze:DigitalCarnage","floor":3},{"not_picked":["bronze:BuggyMess","bronze:BronzeArmor","bronze:CloningBeam"],"picked":"SKIP","floor":4},{"not_picked":["bronze:OilSpill","bronze:BronzeArmor"],"picked":"bronze:Library","floor":8},{"not_picked":["bronze:BuggyMess","bronze:ForLoop"],"picked":"bronze:CutThrough","floor":10},{"not_picked":["bronze:Boost","bronze:Iterate"],"picked":"bronze:WhirlingStrike","floor":11},{"not_picked":["bronze:Invalidate","bronze:WhirlingStrike"],"picked":"bronze:ItsAFeature","floor":13},{"not_picked":["bronze:Overload","bronze:WhirlingStrike"],"picked":"bronze:Mutator","floor":14},{"not_picked":["bronze:ShipIt","bronze:AlphaBuild"],"picked":"bronze:RecursiveStrike","floor":16},{"not_picked":["bronze:DelayedGuard+1","bronze:Deprecate"],"picked":"bronze:DelayedSlice","floor":19},{"not_picked":["bronze:Invalidate+1","bronze:Return"],"picked":"bronze:Separator+1","floor":20},{"not_picked":["bronze:WildBeam","bronze:MaxOutput"],"picked":"bronze:Iterate","floor":21},{"not_picked":["bronze:Refactor","bronze:ForceShield","bronze:NullPointer+1"],"picked":"SKIP","floor":22},{"not_picked":["bronze:Shield+1","bronze:ClassDefault"],"picked":"bronze:FineTuning","floor":26},{"not_picked":["bronze:Invalidate+1","bronze:Shield+1"],"picked":"bronze:Boost+1","floor":27},{"not_picked":["bronze:WildBeam+1","bronze:DelayedGuard"],"picked":"bronze:RecursiveStrike","floor":28},{"not_picked":["bronze:Invalidate+1","bronze:DelayedGuard","bronze:ThunderWave"],"picked":"SKIP","floor":31},{"not_picked":["bronze:MaxOutput","bronze:CloningBeam"],"picked":"bronze:Iterate","floor":32},{"not_picked":["bronze:ThunderWave","bronze:Hardcode"],"picked":"bronze:Format","floor":33},{"not_picked":["bronze:CutThrough","bronze:Overload"],"picked":"bronze:OilSpill+1","floor":34},{"not_picked":["bronze:Frontload","bronze:MaxOutput","bronze:DelayedGuard"],"picked":"SKIP","floor":36},{"not_picked":["bronze:BuggyMess","bronze:Safeguard"],"picked":"bronze:ItsAFeature","floor":38},{"not_picked":["bronze:Frontload+1","bronze:WhirlingStrike+1"],"picked":"bronze:Iterate+1","floor":39},{"not_picked":["bronze:WhirlingStrike+1","bronze:TinkerersToolbox"],"picked":"bronze:Repair","floor":43},{"not_picked":["bronze:CloningBeam","bronze:BuggyMess"],"picked":"bronze:Iterate","floor":45},{"not_picked":["bronze:Turbo+1","bronze:Frontload+1","bronze:DelayedGuard"],"picked":"SKIP","floor":46},{"not_picked":["bronze:Deprecate+1","bronze:DelayedGuard"],"picked":"bronze:FineTuning+1","floor":49}],"player_experience":1103776,"relics_obtained":[{"floor":2,"key":"LetterFromLob"},{"floor":7,"key":"Oddly Smooth Stone"},{"floor":8,"key":"infinitespire:CursedDice"},{"floor":18,"key":"Gambling Chip"},{"floor":24,"key":"Pen Nib"},{"floor":39,"key":"Vajra"},{"floor":41,"key":"infinitespire:Lucky Rock"},{"floor":43,"key":"hubris:Spice"}],"event_choices":[{"cards_removed":["bronze:Strike"],"damage_healed":0,"gold_gain":0,"player_choice":"Offered Basic","damage_taken":0,"max_hp_gain":0,"max_hp_loss":0,"event_name":"Bonfire Elementals","floor":5,"gold_loss":0}],"is_beta":false,"boss_relics":[{"not_picked":["aspiration:RunicSpoon","Bromod:ArcaneBarrier"],"picked":"infinitespire:Cupcake"},{"not_picked":["Replay:Drink Me","halation:Risk"],"picked":"Tiny House"}],"items_purged_floors":[],"is_endless":false,"potions_floor_spawned":[2,11,12,13,14,20,26,28,32,38,45],"ascension_level":9}}