{"host":"rs956zbefct9hzhl","time":1613681975,"event":{"mods":["BaseMod","BetterRewards","Downfall","Minty Spire (QoL Compilation)","Replay The Spire","Shop Mod","Spicy Shops","Spikes Relics","StSLib"],"gold_per_floor":[99,117,135,135,148,148,148,177,194,208,208,225,1,36,46,147,147,147,166,179,279,279,279,279,298,198,198,215,7,20,5,16,16,16,16],"floor_reached":33,"language":"ENG","playtime":2372,"items_purged":["Overencumbered"],"score":324,"play_id":"149d5174-39a3-4e48-9105-a7d95aca5c9f","local_time":"20210218215935","is_ascension_mode":true,"campfire_choices":[{"data":"bronze:Separator","floor":6,"key":"SMITH"},{"data":"bronze:Break","floor":11,"key":"SMITH"},{"data":"BlessedFruit","floor":26,"key":"SMITH"}],"circlet_count":0,"master_deck":["bronze:Strike","bronze:Strike","bronze:Strike","bronze:Defend","bronze:Defend","bronze:Defend","bronze:Defend","bronze:Replicate","bronze:Goto","bronze:Invalidate","bronze:Turbo","bronze:WhirlingStrike","bronze:Allocate","bronze:AlphaBuild","bronze:Shell","bronze:FunctionCard","bronze:Deprecate","bronze:SpaghettiCode","BlessedFruit+1","BlessedFruit","downfall:Icky","CommonCold","bronze:InfiniteLoop","bronze:BuggyMess","Pride","bronze:Repulsor+1","bronze:Optimize+1","bronze:Repair","bronze:DelayedSlice"],"relics":["bronze:BronzeCore","SuspiciousGoo","Garlic","Bag of Preparation","bronze:SilverBullet","Frozen Egg 2","TungstenRod","The Courier","downfall:HeartBlessingBlue","MerchantsRug","Omamori"],"acts_visited":["Exordium","TheCity"],"potions_floor_usage":[8,21,32,33,33,33],"damage_taken":[{"damage":2,"enemies":"2 Louse","floor":2,"turns":2},{"damage":0,"enemies":"Cultist","floor":3,"turns":1},{"damage":5,"enemies":"Small Slimes","floor":5,"turns":3},{"damage":6,"enemies":"Lagavulin","floor":8,"turns":3},{"damage":4,"enemies":"3 Louse","floor":9,"turns":2},{"damage":0,"enemies":"Blue Slaver","floor":10,"turns":1},{"damage":0,"enemies":"Large Slime","floor":12,"turns":1},{"damage":0,"enemies":"downfall:FleeingMerchant","floor":13,"turns":4},{"damage":14,"enemies":"Gremlin Nob","floor":14,"turns":3},{"damage":12,"enemies":"Exordium Wildlife","floor":15,"turns":2},{"damage":9,"enemies":"SI_SHIV_ARCHETYPE","floor":16,"turns":6},{"damage":5,"enemies":"3 Byrds","floor":19,"turns":5},{"damage":27,"enemies":"Shell Parasite","floor":20,"turns":5},{"damage":32,"enemies":"IC_STATUS_ARCHETYPE","floor":21,"turns":5},{"damage":40,"enemies":"Cultist and Chosen","floor":25,"turns":6},{"damage":7,"enemies":"Centurion and Healer","floor":28,"turns":3},{"damage":0,"enemies":"downfall:FleeingMerchant","floor":29,"turns":4},{"damage":3,"enemies":"Snake Plant","floor":30,"turns":3},{"damage":0,"enemies":"downfall:FleeingMerchant","floor":31,"turns":4},{"damage":20,"enemies":"3 Cultists","floor":32,"turns":4},{"damage":47,"enemies":"DF_ARCHETYPE_CLAW","floor":33,"turns":5}],"seed_played":"-1352977637757325521","potions_obtained":[{"floor":2,"key":"FearPotion"},{"floor":4,"key":"Languid Potion"},{"floor":4,"key":"Dexterity Potion"},{"floor":4,"key":"FairyPotion"},{"floor":5,"key":"Adrenaline Potion"},{"floor":9,"key":"LiquidMemories"},{"floor":16,"key":"Milkshake"},{"floor":25,"key":"BlessingOfTheForge"},{"floor":28,"key":"bronze:FreeFunctionsPotion"},{"floor":32,"key":"Strength Potion"}],"is_trial":false,"path_per_floor":["R","M","M","?","M","R","T","E","M","M","R","M","$","E","M","B",null,"R","M","M","?","?","T","T","M","R","?","M","$","M","$","M","B"],"character_chosen":"THE_AUTOMATON","items_purchased":["bronze:AlphaBuild","MerchantsRug","bronze:Optimize+1","bronze:Repair","Omamori"],"campfire_rested":0,"item_purchase_floors":[13,29,29,29,29],"current_hp_per_floor":[49,47,50,50,45,45,45,39,35,38,38,41,41,27,15,6,79,64,61,36,6,6,6,6,14,24,24,20,23,30,43,34,0,0,0],"gold":16,"neow_bonus":"ONE_RARE_RELIC","is_daily":false,"chose_seed":false,"campfire_upgraded":3,"win_rate":0.0,"timestamp":1613681975,"path_taken":["R","M","M","?","?","R","T","E","M","M","R","M","?","E","M","BOSS","R","M","M","?","?","?","T","M","R","?","M","$","?","?","M","BOSS"],"items_purchased_type":["Card","Relic","Card","Card","Relic"],"build_version":"2020-12-22","purchased_purges":1,"victory":false,"max_hp_per_floor":[70,70,73,73,73,73,73,73,73,76,76,79,79,79,79,79,79,84,86,88,90,90,90,90,92,102,102,105,108,111,114,115,118,118,118],"card_choices":[{"not_picked":["bronze:ItsAFeature","bronze:Constructor"],"picked":"bronze:Separator","floor":2},{"not_picked":["bronze:Overload","bronze:Deprecate"],"picked":"bronze:Turbo","floor":3},{"not_picked":["bronze:DelayedGuard","bronze:Backtrace"],"picked":"bronze:WhirlingStrike","floor":5},{"not_picked":["bronze:Iterate","bronze:FineTuning"],"picked":"bronze:Break","floor":8},{"not_picked":["bronze:Branch","bronze:CutThrough"],"picked":"bronze:DelayedGuard","floor":9},{"not_picked":["bronze:InfiniteBeams","bronze:WhirlingStrike","bronze:Branch"],"picked":"SKIP","floor":10},{"not_picked":["bronze:Overheat","bronze:BitShift"],"picked":"bronze:Allocate","floor":12},{"not_picked":["bronze:Constructor","bronze:BugBarrage"],"picked":"bronze:Hardcode","floor":13},{"not_picked":["bronze:Shield","bronze:WhirlingStrike"],"picked":"bronze:Shell","floor":14},{"not_picked":["bronze:DelayedGuard","bronze:OilSpill"],"picked":"bronze:Deprecate","floor":15},{"not_picked":["bronze:FindAndReplace","bronze:InfiniteLoop"],"picked":"bronze:SpaghettiCode","floor":16},{"not_picked":["CloudedMind","Looming Evil"],"picked":"Overencumbered","floor":17},{"not_picked":["ReplayTheSpireMod:Faulty Equipment","Amnesia"],"picked":"downfall:Icky","floor":17},{"not_picked":["ReplayTheSpireMod:Faulty Equipment","ReplayTheSpireMod:IOU"],"picked":"CommonCold","floor":17},{"not_picked":["bronze:DelayedGuard","bronze:CutThrough","bronze:Deprecate+1"],"picked":"SKIP","floor":19},{"not_picked":["bronze:Iterate","bronze:BugBarrage"],"picked":"bronze:InfiniteLoop","floor":20},{"not_picked":["bronze:BronzeOrb","bronze:Boost"],"picked":"bronze:BuggyMess","floor":21},{"not_picked":["bronze:CutThrough+1","bronze:Branch"],"picked":"bronze:Repulsor+1","floor":25},{"not_picked":["bronze:BitShift","bronze:GetLatest","bronze:BronzeArmor"],"picked":"SKIP","floor":28},{"not_picked":["bronze:CutThrough","bronze:DelayedGuard","bronze:FollowUp"],"picked":"SKIP","floor":29},{"not_picked":["bronze:CutThrough","bronze:Shield","bronze:NullPointer"],"picked":"SKIP","floor":30},{"not_picked":["bronze:BronzeArmor","bronze:Constructor","bronze:Optimize+1"],"picked":"SKIP","floor":31},{"not_picked":["bronze:CloningBeam","bronze:Iterate"],"picked":"bronze:DelayedSlice","floor":32}],"player_experience":532013,"relics_obtained":[{"floor":7,"key":"Garlic"},{"floor":8,"key":"Bag of Preparation"},{"floor":14,"key":"Centennial Puzzle"},{"floor":21,"key":"Replay:Kaleidoscope"},{"floor":21,"key":"ReplayTheSpireMod:Ninjato"},{"floor":24,"key":"The Courier"}],"event_choices":[{"damage_healed":0,"gold_gain":0,"player_choice":"Got Potions","damage_taken":0,"max_hp_gain":0,"max_hp_loss":0,"event_name":"Lab","floor":4,"gold_loss":0},{"damage_healed":0,"gold_gain":0,"player_choice":"Stole Relic","damage_taken":0,"relics_obtained":["TungstenRod"],"max_hp_gain":0,"max_hp_loss":0,"event_name":"Addict","floor":22,"gold_loss":0,"cards_obtained":["Pride"]},{"damage_healed":0,"gold_gain":0,"player_choice":"Ignored","damage_taken":0,"max_hp_gain":0,"max_hp_loss":0,"event_name":"Ghosts","floor":27,"gold_loss":0}],"is_beta":false,"boss_relics":[{"not_picked":["SlaversCollar","Replay:Wanted Poster"],"picked":"Replay:Ancient Bell"},{"not_picked":["Vajra","Bag of Marbles"],"picked":"bronze:SilverBullet"},{"not_picked":["Mercury Hourglass","bronze:CableSpool"],"picked":"Frozen Egg 2"},{"not_picked":["Torii","WizardHat"],"picked":"HeavenlyBonsai"}],"items_purged_floors":[29],"is_endless":false,"potions_floor_spawned":[2,5,9,14,15,16,19,25,28,32],"killed_by":"DF_ARCHETYPE_CLAW","ascension_level":1}}