{"host":"0ueeacaatm8t6jyh","time":1613629608,"event":{"mods":["AchievementEnabler","BaseMod","Colored Powertips","Minty Spire (QoL Compilation)","Quick Restart","Rare Cards Sparkle","Shop Mod","StSLib"],"gold_per_floor":[119,119,119,119,133,133,164,177,177,177,34,109,109,109,134,134,212,212,222,241,203,203,118,143,143,172,184,184,62,62,62,72,72,9,25,25,25,97,97,114,165,181,199,199,239,259,259,259,290,309,323,357,130,145,145,145],"floor_reached":57,"language":"ZHS","playtime":1884,"items_purged":["Zap","Dualcast+1","Seek","Self Repair+1"],"score":1564,"play_id":"3e2a9914-f52c-4f47-be6a-6b2bc17dafe0","local_time":"20210218142648","is_ascension_mode":true,"campfire_choices":[{"data":"Skim","floor":6.0,"key":"SMITH"},{"data":"Hologram","floor":14.0,"key":"SMITH"},{"data":"White Noise","floor":16.0,"key":"SMITH"},{"data":"Beam Cell","floor":25.0,"key":"SMITH"},{"data":"Go for the Eyes","floor":31.0,"key":"SMITH"},{"data":"Gash","floor":33.0,"key":"SMITH"},{"data":"All For One","floor":36.0,"key":"SMITH"},{"data":"Reinforced Body","floor":37.0,"key":"SMITH"},{"data":"Seek","floor":47.0,"key":"SMITH"},{"floor":55,"key":"REST"}],"circlet_count":0,"master_deck":["AscendersBane","Skim+1","Gash+1","Hologram+1","White Noise+1","Seek+1","All For One+1","Go for the Eyes+1","Beam Cell+1","Gash+1","Scrape+1","All For One+1","Chill+1","Madness+1"],"relics":["Cracked Core","NeowsBlessing","Meat on the Bone","Pocketwatch","Pantograph","Boot","Membership Card","Shuriken","Pandora\u0027s Box","Pen Nib","Omamori","Bottled Flame","Molten Egg 2","PrismaticShard","Astrolabe","Emotion Chip","CeramicFish","Frozen Egg 2","StoneCalendar","Unceasing Top","Anchor","Lee\u0027s Waffle"],"acts_visited":["Exordium","TheCity","TheBeyond"],"potions_floor_usage":[49,56,56],"damage_taken":[{"damage":0.0,"enemies":"2 Louse","floor":1.0,"turns":1.0},{"damage":0.0,"enemies":"Jaw Worm","floor":5.0,"turns":1.0},{"damage":0.0,"enemies":"Gremlin Nob","floor":7.0,"turns":1.0},{"damage":0.0,"enemies":"Small Slimes","floor":8.0,"turns":2.0},{"damage":20.0,"enemies":"3 Sentries","floor":15.0,"turns":8.0},{"damage":43.0,"enemies":"Hexaghost","floor":17.0,"turns":8.0},{"damage":0.0,"enemies":"Spheric Guardian","floor":19.0,"turns":2.0},{"damage":0.0,"enemies":"Shell Parasite","floor":20.0,"turns":2.0},{"damage":16.0,"enemies":"Book of Stabbing","floor":24.0,"turns":4.0},{"damage":9.0,"enemies":"Gremlin Leader","floor":26.0,"turns":3.0},{"damage":0.0,"enemies":"Cultist and Chosen","floor":27.0,"turns":3.0},{"damage":0.0,"enemies":"Snake Plant","floor":32.0,"turns":1.0},{"damage":11.0,"enemies":"Snecko","floor":35.0,"turns":4.0},{"damage":0.0,"enemies":"Automaton","floor":38.0,"turns":2.0},{"damage":10.0,"enemies":"3 Darklings","floor":40.0,"turns":3.0},{"damage":29.0,"enemies":"2 Orb Walkers","floor":41.0,"turns":3.0},{"damage":23.0,"enemies":"3 Shapes","floor":42.0,"turns":2.0},{"damage":7.0,"enemies":"3 Darklings","floor":43.0,"turns":3.0},{"damage":20.0,"enemies":"Nemesis","floor":45.0,"turns":4.0},{"damage":28.0,"enemies":"4 Shapes","floor":46.0,"turns":3.0},{"damage":12,"enemies":"Reptomancer","floor":49,"turns":2},{"damage":0,"enemies":"Transient","floor":50,"turns":3},{"damage":10,"enemies":"Writhing Mass","floor":51,"turns":2},{"damage":13,"enemies":"Nemesis","floor":52,"turns":3},{"damage":2,"enemies":"Sphere and 2 Shapes","floor":54,"turns":3},{"damage":26,"enemies":"Donu and Deca","floor":56,"turns":4}],"seed_played":"3583728993497236532","potions_obtained":[{"floor":5.0,"key":"Fruit Juice"},{"floor":17.0,"key":"SpeedPotion"},{"floor":26.0,"key":"FearPotion"},{"floor":27.0,"key":"Energy Potion"},{"floor":49,"key":"Energy Potion"}],"is_trial":false,"path_per_floor":["M","?","T","?","M","R","E","M","T","T","$","?","?","R","E","R","B",null,"M","M","$","?","?","E","R","E","M","T","$","?","R","M","R","$","M","R","R","B",null,"M","?","M","M","$","E","M","R","T","E","M","M","E","$","M","R","B",null],"character_chosen":"DEFECT","items_purchased":["Membership Card","PrismaticShard","Anchor","Lee\u0027s Waffle"],"campfire_rested":1,"item_purchase_floors":[11,29,53,53],"current_hp_per_floor":[64,64,64,64,69,69,69,69,69,69,69,58,58,58,50,50,44,68,68,68,68,68,68,52,52,43,43,43,43,43,43,43,43,43,44,44,44,69,74,64,47,46,49,49,51,45,45,45,55,65,65,62,83,81,83,57],"gold":145,"neow_bonus":"THREE_ENEMY_KILL","is_daily":false,"chose_seed":false,"campfire_upgraded":9,"win_rate":0.0,"timestamp":1613629608,"path_taken":["M","?","?","?","?","R","E","M","T","T","$","?","?","R","E","R","BOSS","M","M","$","?","?","E","R","E","M","T","$","?","R","M","R","$","M","R","R","BOSS","M","?","M","M","$","E","M","R","T","E","M","M","E","$","M","R","BOSS"],"items_purchased_type":["Relic","Relic","Relic","Relic"],"build_version":"2020-12-22","purchased_purges":4,"victory":true,"max_hp_per_floor":[71,71,71,71,76,76,76,76,76,76,76,76,76,76,76,76,76,76,76,76,76,76,76,76,76,76,76,76,76,76,76,76,76,76,76,76,76,76,76,76,76,76,76,76,76,76,76,76,76,76,76,76,83,83,83,83],"card_choices":[{"not_picked":["Turbo","Stack","Aggregate"],"picked":"SKIP","floor":1.0},{"not_picked":["Leap","Double Energy"],"picked":"Gash","floor":5.0},{"not_picked":["Conserve Battery","Steam Power"],"picked":"Hologram","floor":7.0},{"not_picked":["Reinforced Body","Compile Driver","Tempest"],"picked":"SKIP","floor":8.0},{"not_picked":["Coolheaded","Streamline"],"picked":"White Noise","floor":15.0},{"not_picked":["Biased Cognition","Amplify"],"picked":"Seek","floor":17.0},{"not_picked":["Hello World","Streamline"],"picked":"Gash+1","floor":19.0},{"not_picked":["Redo","Coolheaded","Rebound"],"picked":"SKIP","floor":20.0},{"not_picked":["Chaos","Coolheaded","Ball Lightning"],"picked":"SKIP","floor":24.0},{"not_picked":["Sunder+1","FTL","Cold Snap"],"picked":"SKIP","floor":26.0},{"not_picked":["Stack","Darkness","Beam Cell"],"picked":"SKIP","floor":27.0},{"not_picked":["WindmillStrike+1","Conserve Battery"],"picked":"Scrape+1","floor":32.0},{"not_picked":["Prepared","DeceiveReality","Barrage+1"],"picked":"SKIP","floor":35.0},{"not_picked":["Beam Cell+1","Prepared","Heavy Blade+1"],"picked":"SKIP","floor":40.0},{"not_picked":["Skewer+1","Underhanded Strike+1","Poisoned Stab+1"],"picked":"SKIP","floor":42.0},{"not_picked":["Compile Driver+1","WindmillStrike+1","Self Repair"],"picked":"SKIP","floor":43.0},{"not_picked":["Twin Strike+1","Choke+1"],"picked":"Madness+1","floor":45.0},{"not_picked":["Turbo","Spot Weakness+1","Defragment"],"picked":"SKIP","floor":46.0},{"not_picked":["Streamline+1","Eviscerate+1","Ghostly Armor"],"picked":"SKIP","floor":49},{"not_picked":["Bane+1","Deadly Poison","Stack"],"picked":"SKIP","floor":50},{"not_picked":["Bane+1","Deadly Poison","Stack"],"picked":"SKIP","floor":50},{"not_picked":["Sanctity","Chill","SashWhip+1"],"picked":"SKIP","floor":51},{"not_picked":["Underhanded Strike+1","Warcry","Ball Lightning+1"],"picked":"SKIP","floor":52},{"not_picked":["Chill","Poisoned Stab+1","Flex"],"picked":"SKIP","floor":54}],"player_experience":553416,"relics_obtained":[{"floor":3.0,"key":"Meat on the Bone"},{"floor":7.0,"key":"Pocketwatch"},{"floor":9.0,"key":"Pantograph"},{"floor":10.0,"key":"Boot"},{"floor":15.0,"key":"Shuriken"},{"floor":24.0,"key":"Omamori"},{"floor":26.0,"key":"Bottled Flame"},{"floor":28.0,"key":"Molten Egg 2"},{"floor":41.0,"key":"Emotion Chip"},{"floor":45.0,"key":"CeramicFish"},{"floor":48.0,"key":"Frozen Egg 2"},{"floor":49,"key":"StoneCalendar"},{"floor":52,"key":"Unceasing Top"}],"event_choices":[{"damage_healed":0.0,"max_hp_gain":0.0,"max_hp_loss":0.0,"gold_gain":0.0,"cards_transformed":["Strike_B"],"event_name":"Living Wall","player_choice":"Change","floor":2.0,"gold_loss":0.0,"damage_taken":0.0,"cards_obtained":["Skim"]},{"damage_healed":0.0,"max_hp_gain":0.0,"max_hp_loss":0.0,"gold_gain":0.0,"event_name":"Upgrade Shrine","player_choice":"Upgraded","floor":4.0,"gold_loss":0.0,"damage_taken":0.0,"cards_upgraded":["Dualcast"]},{"damage_healed":0.0,"max_hp_gain":0.0,"max_hp_loss":0.0,"gold_gain":75.0,"event_name":"World of Goop","player_choice":"Gather Gold","floor":12.0,"gold_loss":0.0,"damage_taken":11.0},{"damage_healed":0.0,"max_hp_gain":0.0,"max_hp_loss":0.0,"gold_gain":0.0,"event_name":"Liars Game","player_choice":"Ignored","floor":13.0,"gold_loss":0.0,"damage_taken":0.0},{"damage_healed":0.0,"max_hp_gain":0.0,"max_hp_loss":0.0,"gold_gain":0.0,"event_name":"Ghosts","player_choice":"Ignored","floor":22.0,"gold_loss":0.0,"damage_taken":0.0},{"damage_healed":0.0,"max_hp_gain":0.0,"max_hp_loss":0.0,"gold_gain":0.0,"event_name":"Addict","player_choice":"Obtained Relic","floor":23.0,"gold_loss":85.0,"damage_taken":0.0,"relics_obtained":["Pen Nib"]},{"damage_healed":0.0,"max_hp_gain":0.0,"max_hp_loss":0.0,"gold_gain":0.0,"event_name":"Accursed Blacksmith","player_choice":"Forge","floor":30.0,"gold_loss":0.0,"damage_taken":0.0,"cards_upgraded":["Double Energy"]},{"damage_healed":0.0,"max_hp_gain":0.0,"max_hp_loss":0.0,"gold_gain":0.0,"event_name":"Mysterious Sphere","player_choice":"Fight","floor":41.0,"gold_loss":0.0,"damage_taken":0.0}],"is_beta":false,"boss_relics":[{"not_picked":["SacredBark","Busted Crown"],"picked":"Pandora\u0027s Box"},{"not_picked":["Sozu","SlaversCollar"],"picked":"Astrolabe"}],"items_purged_floors":[21,29,34,53],"is_endless":false,"potions_floor_spawned":[5,17,26,27,40,41,45,49,50],"ascension_level":15}}