{"host":"4xlu242lhh766u2u","time":1613682843,"event":{"mods":["AchievementEnabler","BaseMod","BetterRewards","Colored Map","Colored Powertips","Downfall","Infinite Spire","Minty Spire (QoL Compilation)","Replay The Spire","Shop Mod","StSLib","everything is the same but u backflip on backflip"],"gold_per_floor":[113,123,123,999,999,1030,1030,1063,1063,1075,1152,1168,1168,1182,1182,1286,1286,1297,1315,661,671,671,671,705,705,781,741,755,766,779,855,855,955,955,966,966,966,966,985,1020,1020,1020,1094,324,343,377,391,405,405,405],"floor_reached":51,"language":"ENG","playtime":4395,"items_purged":["Defend_G"],"score":1241,"play_id":"bc560bca-3537-4e63-9364-cf68e6e957f8","local_time":"20210218221403","is_ascension_mode":true,"campfire_choices":[{"floor":13.0,"key":"DIG"},{"floor":15.0,"key":"DIG"},{"data":"Apotheosis","floor":23.0,"key":"SMITH"},{"floor":25.0,"key":"DIG"},{"floor":32.0,"key":"REST"},{"data":"1","floor":42,"key":"LIFT"},{"floor":49,"key":"REST"}],"circlet_count":0,"master_deck":["Strike_G","Strike_G","Strike_G","Strike_G","Strike_G","Defend_G","Defend_G","Defend_G","Defend_G","Survivor","Neutralize","Outmaneuver","Flying Knee+1","Noxious Fumes+1","Apotheosis+1","Pot Of Greed","Pot Of Greed","Secret Weapon","PanicButton","Regret","Outmaneuver+1","Acrobatics","Blade Dance","Accuracy","Pot Of Greed","Doppelganger","Blade Dance","Deflect","Malaise","Terror+1","Blade Dance","Slice","Atom Bomb","Bouncing Flask","Cloak And Dagger","Deadly Poison","Accuracy","Pot Of Greed","Quick Slash+1","Poison Darts","Deflect+1","Envenom","Deflect+1","Flying Knee","Predator+1","Quick Slash+1","Backstab","Distraction+1","Bouncing Flask+1"],"relics":["Ring of the Snake","NeowsBlessing","Grinning Jar","Replay:Rubber Ducky","ReplayTheSpireMod:ShopPack","Shovel","Darkstone Periapt","Pear","PreservedInsect","HornCleat","Oddly Smooth Stone","MealTicket","Omamori","Philosopher\u0027s Stone","Orrery","Replay:Bottled Eggs","Snake Skull","Red Mask","Replay:Wax Seal","Replay:Bottled Steam","Mirror","Ring of Chaos","Ring of Fury","ReplayTheSpireMod:Ring of Addiction","Chameleon Ring","Potion Belt","Girya","Question Card","Lizard Tail","Replay:Bottled Snecko","Frozen Eye","Happy Flower"],"acts_visited":["Exordium","TheCity","TheBeyond"],"potions_floor_usage":[40,45,47,48,50,50],"damage_taken":[{"damage":0.0,"enemies":"Cultist","floor":1.0,"turns":1.0},{"damage":0.0,"enemies":"Small Slimes","floor":2.0,"turns":1.0},{"damage":0.0,"enemies":"Lagavulin","floor":6.0,"turns":1.0},{"damage":31.0,"enemies":"3 Sentries","floor":8.0,"turns":7.0},{"damage":6.0,"enemies":"Jaw Worm","floor":10.0,"turns":3.0},{"damage":7.0,"enemies":"Looter","floor":12.0,"turns":3.0},{"damage":5.0,"enemies":"Large Slime","floor":14.0,"turns":5.0},{"damage":3.0,"enemies":"Slime Boss","floor":16.0,"turns":5.0},{"damage":18.0,"enemies":"3 Byrds","floor":18.0,"turns":5.0},{"damage":19.0,"enemies":"Shell Parasite","floor":19.0,"turns":5.0},{"damage":40.0,"enemies":"Chosen and Byrds","floor":21.0,"turns":4.0},{"damage":7.0,"enemies":"Masked Bandits","floor":24.0,"turns":4.0},{"damage":4.0,"enemies":"Sentry and Sphere","floor":28.0,"turns":5.0},{"damage":2.0,"enemies":"Snecko","floor":29.0,"turns":3.0},{"damage":7.0,"enemies":"Chosen and Byrds","floor":30.0,"turns":5.0},{"damage":14.0,"enemies":"Pondfish","floor":33.0,"turns":5.0},{"damage":52.0,"enemies":"3 Darklings","floor":35.0,"turns":7.0},{"damage":20,"enemies":"3 Shapes","floor":39,"turns":3},{"damage":1,"enemies":"R_Hoarder","floor":40,"turns":5},{"damage":4,"enemies":"3 Darklings","floor":45,"turns":3},{"damage":36,"enemies":"Nightmare","floor":46,"turns":4},{"damage":6,"enemies":"Sphere and 2 Shapes","floor":47,"turns":2},{"damage":10,"enemies":"Maw","floor":48,"turns":4},{"damage":46,"enemies":"Donu and Deca","floor":50,"turns":7}],"seed_played":"8245569175425721809","potions_obtained":[{"floor":2.0,"key":"PowerPotion"},{"floor":8.0,"key":"BlessingOfTheForge"},{"floor":12.0,"key":"SteroidPotion"},{"floor":16.0,"key":"Regen Potion"},{"floor":21.0,"key":"Swift Potion"},{"floor":35.0,"key":"CunningPotion"},{"floor":37.0,"key":"Strength Potion"},{"floor":37.0,"key":"AttackPotion"}],"is_trial":false,"path_per_floor":["M","M","?","$","?","E","T","E","T","M","?","M","R","M","R","B",null,"M","M","$","M","?","R","?","R","T","?","M","M","M","T","R","B",null,"M","AVR","?","?","M","E","?","R","T","$","M","NM","M","M","R","B",null],"character_chosen":"THE_SILENT","items_purchased":["Noxious Fumes+1","Apotheosis","Grinning Jar","Replay:Rubber Ducky","ReplayTheSpireMod:ShopPack","Milkshake","Orrery","Replay:Bottled Eggs","Snake Skull","Dexterity Potion","Deadly Poison","Lizard Tail","Replay:Bottled Snecko","Frozen Eye","LiquidMemories"],"campfire_rested":2,"item_purchase_floors":[4,4,4,4,4,4,20,20,20,20,20,44,44,44,44],"current_hp_per_floor":[70,70,70,70,70,70,80,49,49,43,43,36,36,31,31,28,80,62,43,58,30,56,56,49,49,49,49,45,43,36,36,60,46,80,28,28,28,70,50,49,49,49,49,64,60,24,18,8,28,16],"gold":405,"neow_bonus":"THREE_ENEMY_KILL","is_daily":false,"chose_seed":false,"campfire_upgraded":1,"win_rate":0.0,"timestamp":1613682843,"path_taken":["M","M","?","$","?","E","?","E","T","M","?","M","R","M","R","BOSS","M","M","$","M","?","R","?","R","T","?","?","M","M","?","R","BOSS","M","AVR","?","?","M","E","?","R","T","?","M","NM","M","?","R","BOSS"],"items_purchased_type":["Card","Card","Relic","Relic","Relic","Potion","Relic","Relic","Relic","Potion","Card","Relic","Relic","Relic","Potion"],"build_version":"2020-12-22","purchased_purges":1,"victory":true,"max_hp_per_floor":[70,70,70,70,70,70,80,80,80,80,80,80,80,80,80,80,80,80,80,80,80,80,80,80,80,80,80,80,80,80,80,80,80,80,80,80,80,70,70,70,70,70,70,68,68,68,68,68,68,68],"card_choices":[{"not_picked":["Slice","Poisoned Stab"],"picked":"Outmaneuver","floor":1.0},{"not_picked":["ReplayTheSpireMod:Exploit Weakness","Reflex"],"picked":"Flying Knee","floor":2.0},{"not_picked":["Metamorphosis","ReplayUltimateDefense"],"picked":"Secret Weapon","floor":4.0},{"not_picked":["Midas Touch","ReplayTheSpireMod:Uncanny Aura"],"picked":"PanicButton","floor":4.0},{"not_picked":["Transmutation","Replay:Bootleg Shield Generator"],"picked":"Enlightenment","floor":4.0},{"not_picked":["Prepared","Fluid Movement"],"picked":"Outmaneuver","floor":6.0},{"not_picked":["Dodge and Roll","Flying Knee"],"picked":"Acrobatics","floor":8.0},{"not_picked":["Deadly Poison","Dagger Throw"],"picked":"Blade Dance","floor":10.0},{"not_picked":["Outmaneuver","Tactician"],"picked":"Accuracy","floor":11.0},{"not_picked":["Cloak And Dagger","Choke"],"picked":"Doppelganger","floor":11.0},{"not_picked":["Poisoned Stab","Bane"],"picked":"Blade Dance","floor":12.0},{"not_picked":["Toxin Wave","PiercingWail"],"picked":"Deflect","floor":14.0},{"not_picked":["Night Terror","Poison Darts"],"picked":"Malaise","floor":16.0},{"not_picked":["Deadly Poison","Hidden Blade"],"picked":"Terror+1","floor":18.0},{"not_picked":["Hidden Blade+1","Sucker Punch"],"picked":"Blade Dance","floor":19.0},{"not_picked":["PiercingWail","Escape Plan+1"],"picked":"Slice","floor":20.0},{"not_picked":["Flying Knee","Blade Dance"],"picked":"Atom Bomb","floor":20.0},{"not_picked":["Reflex","Bane"],"picked":"Bouncing Flask","floor":20.0},{"not_picked":["Blur","Prepared"],"picked":"Cloak And Dagger","floor":20.0},{"not_picked":["Dagger Throw","Outmaneuver"],"picked":"Accuracy","floor":21.0},{"not_picked":["Hidden Blade","Leg Sweep"],"picked":"Quick Slash+1","floor":24.0},{"not_picked":["Sucker Punch","Infinite Blades"],"picked":"Poison Darts","floor":28.0},{"not_picked":["PiercingWail","Quick Slash","Choke"],"picked":"SKIP","floor":29.0},{"not_picked":["Flying Knee","Sneak Up"],"picked":"Deflect+1","floor":30.0},{"not_picked":["Wraith Form v2","Venomology"],"picked":"Envenom","floor":33.0},{"not_picked":["Acrobatics","Prepared+1"],"picked":"Deflect+1","floor":35.0},{"not_picked":["Poisoned Stab+1","ReplayTheSpireMod:Tripwire+1"],"picked":"Flying Knee","floor":39},{"not_picked":["Envenom","Flying Knee"],"picked":"Predator+1","floor":40},{"not_picked":["Deflect+1","Poisoned Stab+1","Flechettes+1"],"picked":"Quick Slash+1","floor":45},{"not_picked":["Poisoned Stab+1","Outmaneuver","Reflex"],"picked":"Backstab","floor":46},{"not_picked":["Glass Knife","Prepared+1","PiercingWail+1"],"picked":"Distraction+1","floor":47},{"not_picked":["Deadly Poison+1","Acrobatics+1","Quick Slash+1"],"picked":"Bouncing Flask+1","floor":48}],"player_experience":40263,"relics_obtained":[{"floor":6.0,"key":"Darkstone Periapt"},{"floor":7.0,"key":"Pear"},{"floor":8.0,"key":"PreservedInsect"},{"floor":9.0,"key":"HornCleat"},{"floor":11.0,"key":"Oddly Smooth Stone"},{"floor":13.0,"key":"MealTicket"},{"floor":15.0,"key":"Omamori"},{"floor":24.0,"key":"Red Mask"},{"floor":25.0,"key":"Replay:Wax Seal"},{"floor":26.0,"key":"Replay:Bottled Steam"},{"floor":31.0,"key":"Mirror"},{"floor":37.0,"key":"Ring of Fury"},{"floor":37.0,"key":"ReplayTheSpireMod:Ring of Addiction"},{"floor":37.0,"key":"Chameleon Ring"},{"floor":37.0,"key":"Potion Belt"},{"floor":40,"key":"Girya"},{"floor":43,"key":"Question Card"},{"floor":46,"key":"Happy Flower"}],"event_choices":[{"damage_healed":0.0,"max_hp_gain":0.0,"max_hp_loss":0.0,"gold_gain":0.0,"event_name":"Big Fish","player_choice":"Box","floor":5.0,"gold_loss":0.0,"damage_taken":0.0,"relics_obtained":["Shovel"],"cards_obtained":["Regret"]},{"damage_healed":26.0,"max_hp_gain":0.0,"max_hp_loss":0.0,"gold_gain":0.0,"event_name":"The Library","player_choice":"Heal","floor":22.0,"gold_loss":0.0,"damage_taken":0.0},{"damage_healed":0.0,"max_hp_gain":0.0,"max_hp_loss":0.0,"gold_gain":0.0,"event_name":"Masked Bandits","player_choice":"Fought Bandits","floor":24.0,"gold_loss":0.0,"damage_taken":0.0},{"damage_healed":0.0,"max_hp_gain":0.0,"max_hp_loss":0.0,"gold_gain":0.0,"event_name":"Designer","player_choice":"Upgrade","floor":27.0,"gold_loss":40.0,"damage_taken":0.0,"cards_upgraded":["Outmaneuver"]},{"damage_healed":70.0,"max_hp_gain":0.0,"max_hp_loss":10.0,"gold_gain":0.0,"event_name":"The Moai Head","player_choice":"Heal","floor":38.0,"gold_loss":0.0,"damage_taken":0.0},{"cards_removed":["Enlightenment"],"damage_healed":0,"gold_gain":0,"player_choice":"Removed Skill","damage_taken":0,"max_hp_gain":0,"max_hp_loss":0,"event_name":"Falling","floor":41,"gold_loss":0}],"is_beta":false,"boss_relics":[{"not_picked":["Ring of the Serpent","Fusion Hammer"],"picked":"Philosopher\u0027s Stone"},{"not_picked":["Replay:Ancient Bell","Astrolabe"],"picked":"Ring of Chaos"}],"items_purged_floors":[4],"is_endless":false,"potions_floor_spawned":[2,8,12,16,21,24,28,30,35,39],"ascension_level":3}}