{"host":"jyt72nbfoih0mxuq","time":1613650659,"event":{"mods":["BaseMod","Minty Spire (QoL Compilation)","Relic Stats"],"gold_per_floor":[119,139,139,149,149,168,168,199,273,292,320,320,320,339,339,437,437,452,452,377,387,404,404,435,463,463,463,463,363,398,418,418,515,515,531,531,542,556,569,594,594,621,646,375,375,386,406,419,419,419,419],"floor_reached":50,"language":"ENG","playtime":3154,"items_purged":["Strike_G","Writhe","Parasite"],"score":861,"play_id":"26f5852b-dc7c-4429-834f-c597862f6944","local_time":"20210218131739","is_ascension_mode":true,"campfire_choices":[{"data":"Dodge and Roll","floor":7,"key":"SMITH"},{"floor":13,"key":"REST"},{"data":"Cloak And Dagger","floor":15,"key":"SMITH"},{"data":"Cloak And Dagger","floor":23,"key":"SMITH"},{"data":"Infinite Blades","floor":27,"key":"SMITH"},{"floor":32,"key":"REST"},{"floor":49,"key":"RECALL"}],"circlet_count":0,"master_deck":["Strike_G","Strike_G","Strike_G","Strike_G","Defend_G","Defend_G+1","Defend_G+1","Defend_G","Survivor","Neutralize","Dodge and Roll+1","Infinite Blades+1","Cloak And Dagger+1","Cloak And Dagger+1","Footwork","Accuracy+1","Dodge and Roll","Blade Dance+1","Blade Dance","After Image","Prepared","Backflip+1","Accuracy","Dash","PiercingWail"],"relics":["Ring of the Snake","Vajra","Incense Burner","Shuriken","Odd Mushroom","Sozu","Red Mask","Happy Flower","Matryoshka","Orichalcum","WristBlade","War Paint","Bag of Marbles","Anchor","Ancient Tea Set","Toy Ornithopter","Mercury Hourglass"],"acts_visited":["Exordium","TheCity","TheBeyond"],"potions_floor_usage":[6,8,11,11],"damage_taken":[{"damage":0,"enemies":"Cultist","floor":1,"turns":3},{"damage":8,"enemies":"Small Slimes","floor":2,"turns":4},{"damage":2,"enemies":"2 Louse","floor":4,"turns":3},{"damage":1,"enemies":"Exordium Wildlife","floor":6,"turns":5},{"damage":18,"enemies":"Gremlin Nob","floor":8,"turns":4},{"damage":0,"enemies":"Red Slaver","floor":10,"turns":6},{"damage":7,"enemies":"The Mushroom Lair","floor":11,"turns":6},{"damage":0,"enemies":"2 Fungi Beasts","floor":14,"turns":3},{"damage":20,"enemies":"Slime Boss","floor":16,"turns":12},{"damage":0,"enemies":"3 Byrds","floor":18,"turns":5},{"damage":0,"enemies":"Shell Parasite","floor":21,"turns":5},{"damage":8,"enemies":"Chosen and Byrds","floor":22,"turns":8},{"damage":9,"enemies":"Masked Bandits","floor":24,"turns":5},{"damage":0,"enemies":"Gremlin Leader","floor":25,"turns":7},{"damage":16,"enemies":"Slavers","floor":30,"turns":6},{"damage":3,"enemies":"Snake Plant","floor":31,"turns":5},{"damage":18,"enemies":"Collector","floor":33,"turns":5},{"damage":4,"enemies":"3 Darklings","floor":35,"turns":4},{"damage":0,"enemies":"3 Shapes","floor":37,"turns":4},{"damage":14,"enemies":"Writhing Mass","floor":38,"turns":6},{"damage":0,"enemies":"Spire Growth","floor":39,"turns":4},{"damage":0,"enemies":"Giant Head","floor":40,"turns":5},{"damage":25,"enemies":"Nemesis","floor":42,"turns":7},{"damage":0,"enemies":"Sphere and 2 Shapes","floor":46,"turns":3},{"damage":0,"enemies":"Maw","floor":47,"turns":5},{"damage":12,"enemies":"Transient","floor":48,"turns":5},{"damage":14,"enemies":"Donu and Deca","floor":50,"turns":2}],"seed_played":"8514501939975726243","potions_obtained":[{"floor":1,"key":"Poison Potion"},{"floor":2,"key":"Fire Potion"},{"floor":6,"key":"Dexterity Potion"},{"floor":8,"key":"PowerPotion"},{"floor":10,"key":"LiquidBronze"}],"is_trial":false,"path_per_floor":["M","M","$","M","?","M","R","E","T","M","?","?","R","M","R","B",null,"M","?","$","M","M","R","?","E","T","R","?","$","E","M","R","B",null,"M","?","M","M","M","E","?","E","T","$","T","M","M","M","R","B"],"character_chosen":"THE_SILENT","items_purchased":["Accuracy","Dash"],"campfire_rested":2,"item_purchase_floors":[44,44],"current_hp_per_floor":[63,55,55,53,46,45,45,27,27,27,20,20,41,41,41,21,58,58,58,58,58,50,50,41,41,41,41,41,41,25,22,43,25,59,55,55,55,41,41,41,41,16,16,16,16,16,16,4,4,0,0],"gold":419,"neow_bonus":"RANDOM_COMMON_RELIC","is_daily":false,"chose_seed":false,"campfire_upgraded":4,"win_rate":0.0,"timestamp":1613650659,"path_taken":["M","M","$","M","?","M","R","E","T","M","?","?","R","M","R","BOSS","M","?","$","M","?","R","?","E","T","R","?","?","E","M","R","BOSS","M","?","M","M","M","E","?","E","T","$","?","M","M","?","R","BOSS"],"items_purchased_type":["Card","Card"],"build_version":"2020-12-22","purchased_purges":3,"victory":false,"max_hp_per_floor":[70,70,70,70,70,70,70,70,70,70,70,70,70,70,70,70,70,70,70,70,70,70,70,70,70,70,70,70,70,70,70,70,70,70,70,70,70,70,70,70,66,66,66,63,63,63,63,63,63,63,63],"relic_stats":{"Sozu":6,"Happy Flower":[20],"counters":[27,137],"Shuriken":[100],"Orichalcum":[0],"War Paint":["Defend_G","Defend_G"],"obtain_stats":[{"Happy Flower":25,"Vajra":0,"Incense Burner":8,"Odd Mushroom":11,"Orichalcum":30,"War Paint":40,"Ancient Tea Set":43,"Mercury Hourglass":45,"Sozu":17,"Anchor":43,"Matryoshka":28,"WristBlade":34,"Shuriken":9,"Red Mask":24,"Bag of Marbles":42,"Toy Ornithopter":45,"Ring of the Snake":0},{"Happy Flower":14,"Vajra":0,"Incense Burner":5,"Odd Mushroom":7,"Orichalcum":15,"War Paint":22,"Ancient Tea Set":23,"Mercury Hourglass":23,"Sozu":9,"Anchor":23,"Matryoshka":14,"WristBlade":17,"Shuriken":5,"Red Mask":13,"Bag of Marbles":23,"Toy Ornithopter":23,"Ring of the Snake":0},{"Happy Flower":76,"Vajra":0,"Incense Burner":19,"Odd Mushroom":31,"Orichalcum":82,"War Paint":115,"Ancient Tea Set":122,"Mercury Hourglass":122,"Sozu":46,"Anchor":122,"Matryoshka":76,"WristBlade":92,"Shuriken":19,"Red Mask":69,"Bag of Marbles":122,"Toy Ornithopter":122,"Ring of the Snake":0}],"Toy Ornithopter":0,"Ring of the Snake":[54],"Mercury Hourglass":[55]},"card_choices":[{"not_picked":["Eviscerate","All Out Attack","Accuracy"],"picked":"SKIP","floor":1},{"not_picked":["Dagger Throw","Dagger Spray","Sucker Punch"],"picked":"SKIP","floor":2},{"not_picked":["Concentrate","Endless Agony"],"picked":"Dodge and Roll","floor":4},{"not_picked":["Flying Knee","Dagger Spray"],"picked":"Infinite Blades","floor":6},{"not_picked":["Infinite Blades","Flechettes"],"picked":"Quick Slash","floor":8},{"not_picked":["Acrobatics","Poisoned Stab"],"picked":"Cloak And Dagger","floor":10},{"not_picked":["Bane","Sucker Punch"],"picked":"Cloak And Dagger","floor":11},{"not_picked":["Flying Knee","Malaise","Heel Hook"],"picked":"SKIP","floor":14},{"not_picked":["Endless Agony","Cloak And Dagger","Concentrate"],"picked":"SKIP","floor":18},{"not_picked":["Reflex+1","Deadly Poison"],"picked":"Footwork","floor":21},{"not_picked":["PiercingWail","Flying Knee"],"picked":"Accuracy+1","floor":22},{"not_picked":["Dagger Spray","Calculated Gamble"],"picked":"Dodge and Roll","floor":24},{"not_picked":["Underhanded Strike","Leg Sweep"],"picked":"Blade Dance+1","floor":25},{"not_picked":["Tactician","Glass Knife","Bane"],"picked":"SKIP","floor":30},{"not_picked":["Masterful Stab","Expertise"],"picked":"Blade Dance","floor":31},{"not_picked":["Unload","Doppelganger"],"picked":"After Image","floor":33},{"not_picked":["Deadly Poison+1","Sucker Punch+1","Skewer+1"],"picked":"SKIP","floor":35},{"not_picked":["Sucker Punch+1","Caltrops","Dagger Spray"],"picked":"SKIP","floor":37},{"not_picked":["Dagger Spray","Deflect+1","Blade Dance"],"picked":"SKIP","floor":38},{"not_picked":["Deadly Poison+1","Outmaneuver"],"picked":"Prepared","floor":39},{"not_picked":["Bullet Time","Skewer","Calculated Gamble+1"],"picked":"SKIP","floor":40},{"not_picked":["Deadly Poison","After Image"],"picked":"Backflip+1","floor":42},{"not_picked":["Poisoned Stab","Catalyst+1","Dagger Spray"],"picked":"SKIP","floor":46},{"not_picked":["Outmaneuver+1","Backflip"],"picked":"PiercingWail","floor":47},{"not_picked":["Infinite Blades+1","Dagger Spray","Concentrate"],"picked":"SKIP","floor":48}],"player_experience":216129,"relics_obtained":[{"floor":8,"key":"Incense Burner"},{"floor":9,"key":"Shuriken"},{"floor":11,"key":"Odd Mushroom"},{"floor":24,"key":"Red Mask"},{"floor":25,"key":"Happy Flower"},{"floor":30,"key":"Orichalcum"},{"floor":40,"key":"War Paint"},{"floor":42,"key":"Bag of Marbles"},{"floor":43,"key":"Anchor"},{"floor":43,"key":"Ancient Tea Set"},{"floor":45,"key":"Toy Ornithopter"},{"floor":45,"key":"Mercury Hourglass"}],"event_choices":[{"cards_removed":["Defend_G"],"damage_healed":0,"gold_gain":0,"player_choice":"Card Removal","damage_taken":7,"max_hp_gain":0,"max_hp_loss":0,"event_name":"Golden Wing","floor":5,"gold_loss":0},{"damage_healed":0,"gold_gain":0,"player_choice":"Fought Mushrooms","damage_taken":0,"max_hp_gain":0,"max_hp_loss":0,"event_name":"Mushrooms","floor":11,"gold_loss":0},{"damage_healed":0,"gold_gain":0,"player_choice":"Searched \u00271\u0027 times","damage_taken":0,"max_hp_gain":0,"max_hp_loss":0,"event_name":"Dead Adventurer","floor":12,"gold_loss":0},{"damage_healed":0,"gold_gain":0,"player_choice":"Bought 0 Potions","damage_taken":0,"max_hp_gain":0,"max_hp_loss":0,"event_name":"The Woman in Blue","floor":19,"gold_loss":0},{"damage_healed":0,"gold_gain":0,"player_choice":"Fought Bandits","damage_taken":0,"max_hp_gain":0,"max_hp_loss":0,"event_name":"Masked Bandits","floor":24,"gold_loss":0},{"damage_healed":0,"gold_gain":0,"player_choice":"Opened","damage_taken":0,"relics_obtained":["Matryoshka"],"max_hp_gain":0,"max_hp_loss":0,"event_name":"The Mausoleum","floor":28,"gold_loss":0,"cards_obtained":["Writhe"]},{"cards_removed":["Quick Slash"],"damage_healed":0,"gold_gain":0,"player_choice":"Removed Attack","damage_taken":0,"max_hp_gain":0,"max_hp_loss":0,"event_name":"Falling","floor":36,"gold_loss":0},{"damage_healed":0,"gold_gain":0,"player_choice":"Max HP","damage_taken":0,"max_hp_gain":0,"max_hp_loss":4,"event_name":"Winding Halls","floor":41,"gold_loss":0}],"is_beta":false,"boss_relics":[{"not_picked":["Astrolabe","Ectoplasm"],"picked":"Sozu"},{"not_picked":["Philosopher\u0027s Stone","Busted Crown"],"picked":"WristBlade"}],"items_purged_floors":[20,29,44],"is_endless":false,"potions_floor_spawned":[1,2,6,8,10,21,25,31,37,39,40],"killed_by":"Donu and Deca","ascension_level":9}}