{"host":"mo4d2vii2wc3uyp7","time":1613654228,"event":{"mods":["AchievementEnabler","BaseMod","Colored Map","Highlight Path","Keyboard Shortcuts","Minty Spire (QoL Compilation)","Permanent Neow","Quick Restart","Shop Mod","StSLib","SuperFastMode","everything is the same but u backflip on backflip"],"gold_per_floor":[114,131,146,116,129,156,156,188,213,213,72,72,85,102,102,197,247,262,279,369,382,2,37,37,69,96,108,118,138,138,168,168,168,168],"floor_reached":33,"language":"KOR","playtime":1008,"items_purged":["Strike_G","Defend_G"],"score":335,"play_id":"5e832a72-f5c6-4275-8c20-020329025bc8","local_time":"20210218221708","is_ascension_mode":true,"campfire_choices":[{"data":"Dagger Spray","floor":7.0,"key":"SMITH"},{"data":"Underhanded Strike","floor":10.0,"key":"SMITH"},{"floor":12.0,"key":"REST"},{"data":"Footwork","floor":15.0,"key":"SMITH"},{"data":"Terror","floor":24.0,"key":"SMITH"},{"floor":30.0,"key":"REST"},{"data":"Calculated Gamble","floor":32.0,"key":"SMITH"}],"circlet_count":0,"master_deck":["Strike_G","Strike_G","Strike_G","Strike_G","Defend_G+1","Defend_G","Defend_G","Defend_G","Survivor","Neutralize+1","Footwork+1","Dagger Spray+1","Prepared","Underhanded Strike+1","Dagger Throw","Bane","Bandage Up","Quick Slash","Endless Agony","Corpse Explosion","Terror+1","Trip","Noxious Fumes","Panache","Escape Plan","Backstab+1","Backflip","Calculated Gamble+1"],"relics":["Ring of the Snake","Ancient Tea Set","Smiling Mask","Anchor","Tiny House","Bag of Marbles","Happy Flower","Question Card","Tiny Chest","Darkstone Periapt"],"acts_visited":["Exordium","TheCity"],"potions_floor_usage":[33],"damage_taken":[{"damage":0.0,"enemies":"Cultist","floor":1.0,"turns":5.0},{"damage":0.0,"enemies":"Small Slimes","floor":2.0,"turns":6.0},{"damage":0.0,"enemies":"2 Louse","floor":3.0,"turns":2.0},{"damage":0.0,"enemies":"Looter","floor":4.0,"turns":4.0},{"damage":0.0,"enemies":"2 Fungi Beasts","floor":5.0,"turns":3.0},{"damage":26.0,"enemies":"Lagavulin","floor":6.0,"turns":9.0},{"damage":18.0,"enemies":"Gremlin Nob","floor":8.0,"turns":4.0},{"damage":0.0,"enemies":"Exordium Wildlife","floor":13.0,"turns":4.0},{"damage":0.0,"enemies":"Looter","floor":14.0,"turns":2.0},{"damage":28.0,"enemies":"Hexaghost","floor":16.0,"turns":9.0},{"damage":8.0,"enemies":"2 Thieves","floor":18.0,"turns":5.0},{"damage":11.0,"enemies":"Chosen","floor":19.0,"turns":5.0},{"damage":14.0,"enemies":"Shelled Parasite and Fungi","floor":21.0,"turns":5.0},{"damage":7.0,"enemies":"Gremlin Leader","floor":23.0,"turns":5.0},{"damage":11.0,"enemies":"Slavers","floor":25.0,"turns":3.0},{"damage":0.0,"enemies":"Snake Plant","floor":27.0,"turns":3.0},{"damage":6.0,"enemies":"Snecko","floor":28.0,"turns":4.0},{"damage":3.0,"enemies":"Cultist and Chosen","floor":29.0,"turns":5.0},{"damage":13.0,"enemies":"Book of Stabbing","floor":31.0,"turns":3.0},{"damage":44,"enemies":"Collector","floor":33,"turns":3}],"seed_played":"-5189668027701287961","potions_obtained":[{"floor":1.0,"key":"SteroidPotion"},{"floor":3.0,"key":"SpeedPotion"},{"floor":8.0,"key":"LiquidBronze"},{"floor":13.0,"key":"CunningPotion"},{"floor":17.0,"key":"Ancient Potion"},{"floor":19.0,"key":"CultistPotion"},{"floor":21.0,"key":"DuplicationPotion"},{"floor":23.0,"key":"Energy Potion"},{"floor":28.0,"key":"Strength Potion"},{"floor":29.0,"key":"Energy Potion"}],"is_trial":false,"path_per_floor":["M","M","M","M","M","E","R","E","T","R","$","R","M","M","R","B",null,"M","M","?","M","$","E","R","E","T","M","M","M","R","E","R","B"],"character_chosen":"THE_SILENT","items_purchased":["Bandage Up","Panache","Bag of Marbles"],"campfire_rested":2,"item_purchase_floors":[11,22,22],"current_hp_per_floor":[70,70,70,70,70,44,44,26,26,26,26,47,51,51,51,27,75,67,60,42,32,32,29,29,18,18,22,20,21,43,34,34,0,0],"gold":168,"neow_bonus":"UPGRADE_CARD","is_daily":false,"chose_seed":false,"campfire_upgraded":5,"win_rate":0.0,"timestamp":1613654228,"path_taken":["M","M","M","M","M","E","R","E","T","R","$","R","?","M","R","BOSS","M","M","?","?","$","E","R","E","T","M","M","M","R","E","R","BOSS"],"items_purchased_type":["Card","Card","Relic"],"build_version":"2020-12-22","purchased_purges":2,"victory":false,"max_hp_per_floor":[70,70,70,70,70,70,70,70,70,70,70,70,70,70,70,70,75,75,75,75,75,75,75,75,75,75,75,75,75,75,75,75,75,75],"card_choices":[{"not_picked":["Poisoned Stab","Finisher"],"picked":"Footwork","floor":1.0},{"not_picked":["Outmaneuver","Acrobatics"],"picked":"Dagger Spray","floor":2.0},{"not_picked":["Catalyst","Deflect"],"picked":"Prepared","floor":3.0},{"not_picked":["Blade Dance","Doppelganger"],"picked":"Underhanded Strike","floor":4.0},{"not_picked":["Bouncing Flask","Dodge and Roll","Choke"],"picked":"SKIP","floor":5.0},{"not_picked":["Infinite Blades","Skewer"],"picked":"Dagger Throw","floor":6.0},{"not_picked":["PiercingWail","Setup"],"picked":"Bane","floor":8.0},{"not_picked":["Crippling Poison","Deadly Poison"],"picked":"Quick Slash","floor":13.0},{"not_picked":["Bane","Expertise"],"picked":"Endless Agony","floor":14.0},{"not_picked":["Burst","Doppelganger"],"picked":"Corpse Explosion","floor":16.0},{"not_picked":["Dash","Escape Plan"],"picked":"Terror","floor":17.0},{"not_picked":["Leg Sweep","PiercingWail","Skewer"],"picked":"SKIP","floor":18.0},{"not_picked":["Endless Agony+1","Cloak And Dagger+1","Bane"],"picked":"SKIP","floor":19.0},{"not_picked":["Slice","Catalyst"],"picked":"Noxious Fumes","floor":21.0},{"not_picked":["Dagger Spray+1","Dash","Deflect"],"picked":"SKIP","floor":23.0},{"not_picked":["Concentrate","Well Laid Plans","Terror"],"picked":"SKIP","floor":25.0},{"not_picked":["Deadly Poison","Quick Slash","Endless Agony+1"],"picked":"Escape Plan","floor":27.0},{"not_picked":["Bane","Outmaneuver","Crippling Poison"],"picked":"Backstab+1","floor":28.0},{"not_picked":["Heel Hook","Predator","Deadly Poison"],"picked":"Backflip","floor":29.0},{"not_picked":["Prepared","Flechettes+1","Slice"],"picked":"Calculated Gamble","floor":31.0}],"player_experience":633391,"relics_obtained":[{"floor":6.0,"key":"Ancient Tea Set"},{"floor":8.0,"key":"Smiling Mask"},{"floor":9.0,"key":"Anchor"},{"floor":23.0,"key":"Happy Flower"},{"floor":25.0,"key":"Question Card"},{"floor":26.0,"key":"Tiny Chest"},{"floor":31.0,"key":"Darkstone Periapt"}],"event_choices":[{"damage_healed":0.0,"max_hp_gain":0.0,"max_hp_loss":0.0,"gold_gain":90.0,"event_name":"Knowing Skull","player_choice":"CARD GOLD ","floor":20.0,"potions_obtained":[],"gold_loss":0.0,"damage_taken":18.0,"cards_obtained":["Trip"]}],"is_beta":false,"boss_relics":[{"not_picked":["Ectoplasm","Busted Crown"],"picked":"Tiny House"}],"items_purged_floors":[11,22],"is_endless":false,"potions_floor_spawned":[1,3,8,13,19,21,23,28,29],"killed_by":"Collector","ascension_level":1}}