{"host":"tzwikg9s6mkzv6w0","time":1613638264,"event":{"mods":["BaseMod","Good Game Mod","Minty Spire (QoL Compilation)","Spicy Shops","StSLib"],"gold_per_floor":[20,20,39,55,55,55,90,109,133,133,157,157,157,157],"floor_reached":13,"language":"ZHS","playtime":381,"items_purged":[],"score":166,"play_id":"c7d782ad-cb0a-48cc-9648-d488e9e103b9","local_time":"20210218165104","is_ascension_mode":true,"campfire_choices":[{"data":"Blade Dance","floor":6.0,"key":"SMITH"},{"floor":10.0,"key":"REST"},{"data":"Prepared","floor":12.0,"key":"SMITH"}],"circlet_count":0,"master_deck":["AscendersBane","Strike_G","Strike_G","Strike_G","Strike_G","Defend_G","Defend_G","Defend_G","Defend_G","Survivor","Neutralize","Adrenaline","Footwork","Blade Dance+1","Prepared+1","Expertise","Tactician"],"relics":["Ring of the Snake","REME:ComplimentaryCards","Golden Idol","Regal Pillow","Bronze Scales"],"acts_visited":["Exordium"],"potions_floor_usage":[13],"damage_taken":[{"damage":0.0,"enemies":"Jaw Worm","floor":1.0,"turns":7.0},{"damage":0.0,"enemies":"Small Slimes","floor":3.0,"turns":5.0},{"damage":0.0,"enemies":"2 Louse","floor":4.0,"turns":3.0},{"damage":43.0,"enemies":"Lagavulin","floor":7.0,"turns":9.0},{"damage":2.0,"enemies":"Looter","floor":8.0,"turns":4.0},{"damage":3.0,"enemies":"Gremlin Gang","floor":11.0,"turns":5.0},{"damage":58,"enemies":"Gremlin Nob","floor":13,"turns":4}],"seed_played":"-3197490954650856815","potions_obtained":[{"floor":4.0,"key":"LiquidMemories"},{"floor":7.0,"key":"DistilledChaos"},{"floor":8.0,"key":"SpeedPotion"}],"is_trial":false,"path_per_floor":["M","?","M","M","?","R","E","M","T","R","M","R","E"],"character_chosen":"THE_SILENT","items_purchased":[],"campfire_rested":1,"item_purchase_floors":[],"current_hp_per_floor":[59,59,59,59,59,59,16,14,14,47,44,44,0,0],"gold":157,"neow_bonus":"REMOVE_TWO","is_daily":false,"chose_seed":false,"campfire_upgraded":2,"win_rate":0.0,"timestamp":1613638264,"path_taken":["M","?","M","M","?","R","E","M","T","R","M","R","E"],"items_purchased_type":[],"build_version":"2020-12-22","purchased_purges":0,"victory":false,"max_hp_per_floor":[66,60,60,60,60,60,60,60,60,60,60,60,60,60],"card_choices":[{"not_picked":["Infinite Blades","Deflect"],"picked":"Footwork","floor":1.0},{"not_picked":["Choke","Flying Knee","Dagger Throw"],"picked":"SKIP","floor":3.0},{"not_picked":["Dagger Spray","All Out Attack"],"picked":"Blade Dance","floor":4.0},{"not_picked":["Choke","Blur"],"picked":"Prepared","floor":7.0},{"not_picked":["Slice","Noxious Fumes"],"picked":"Expertise","floor":8.0},{"not_picked":["Outmaneuver","Quick Slash"],"picked":"Tactician","floor":11.0}],"player_experience":139544,"relics_obtained":[{"floor":7.0,"key":"Regal Pillow"},{"floor":9.0,"key":"Bronze Scales"}],"event_choices":[{"damage_healed":0.0,"max_hp_gain":0.0,"max_hp_loss":6.0,"gold_gain":0.0,"event_name":"Golden Idol","player_choice":"Lose Max HP","floor":2.0,"gold_loss":0.0,"damage_taken":0.0,"relics_obtained":["Golden Idol"]},{"damage_healed":0.0,"max_hp_gain":0.0,"max_hp_loss":0.0,"gold_gain":0.0,"event_name":"The Cleric","player_choice":"Leave","floor":5.0,"gold_loss":0.0,"damage_taken":0.0}],"is_beta":false,"boss_relics":[],"items_purged_floors":[],"is_endless":false,"potions_floor_spawned":[4,7,8],"killed_by":"Gremlin Nob","ascension_level":19}}