{"host":"6bsan6hkua32tfq7","time":1613688211,"event":{"mods":["BaseMod","Better Third Choice","Colored Map","Highlight Path","Minty Spire (QoL Compilation)","StSLib"],"gold_per_floor":[116,116,126,146,71,71,97,116,116,140,155,155,54,74,74,148,148,164,164,78,78,78,78,95,95,119,134,134,187,187,187],"floor_reached":30,"language":"ENG","playtime":763,"items_purged":["Strike_R"],"score":456,"play_id":"4f1f9af8-de48-4b6a-9d35-72a3eb6f5650","local_time":"20210218234331","is_ascension_mode":true,"campfire_choices":[{"data":"Bash","floor":6,"key":"SMITH"},{"floor":12,"key":"REST"},{"data":"True Grit","floor":15,"key":"SMITH"},{"data":"Immolate","floor":23,"key":"SMITH"},{"floor":25,"key":"REST"},{"data":"True Grit","floor":28,"key":"SMITH"}],"circlet_count":0,"master_deck":["AscendersBane","Strike_R","Strike_R","Strike_R","Defend_R","Defend_R","Bash+1","Headbutt","Disarm","Twin Strike+1","Anger+1","True Grit+1","True Grit+1","Immolate+1","Pain","Dark Embrace"],"relics":["Burning Blood","Champion Belt","Matryoshka","Oddly Smooth Stone","Nunchaku","Philosopher\u0027s Stone","WarpedTongs","GremlinMask","MealTicket","Red Skull","Whetstone"],"acts_visited":["Exordium","TheCity"],"potions_floor_usage":[16,30,30],"damage_taken":[{"damage":3,"enemies":"2 Louse","floor":1,"turns":3},{"damage":7,"enemies":"Small Slimes","floor":3,"turns":3},{"damage":12,"enemies":"Jaw Worm","floor":4,"turns":5},{"damage":27,"enemies":"Gremlin Nob","floor":7,"turns":4},{"damage":13,"enemies":"Blue Slaver","floor":8,"turns":5},{"damage":11,"enemies":"Exordium Thugs","floor":11,"turns":4},{"damage":4,"enemies":"Large Slime","floor":14,"turns":6},{"damage":20,"enemies":"The Guardian","floor":16,"turns":15},{"damage":16,"enemies":"2 Thieves","floor":18,"turns":2},{"damage":23,"enemies":"Shell Parasite","floor":24,"turns":4},{"damage":21,"enemies":"Shelled Parasite and Fungi","floor":27,"turns":3},{"damage":42,"enemies":"Slavers","floor":30,"turns":3}],"seed_played":"-6864535008850970549","potions_obtained":[{"floor":3,"key":"Swift Potion"},{"floor":11,"key":"Strength Potion"},{"floor":16,"key":"DuplicationPotion"}],"is_trial":false,"path_per_floor":["M","?","M","M","?","R","E","M","T","T","M","R","$","M","R","B",null,"M","?","$","$","?","R","M","R","T","M","R","T","E"],"character_chosen":"IRONCLAD","items_purchased":["True Grit","Dark Embrace"],"campfire_rested":2,"item_purchase_floors":[13,20],"current_hp_per_floor":[53,53,52,46,46,46,25,18,18,18,13,35,35,37,37,23,62,52,52,52,52,52,52,35,57,57,42,42,42,0,0],"gold":187,"neow_bonus":"REMOVE_TWO","is_daily":false,"chose_seed":false,"campfire_upgraded":4,"win_rate":0.0,"timestamp":1613688211,"path_taken":["M","?","M","M","?","R","E","M","T","?","M","R","?","?","R","BOSS","M","?","?","$","?","R","M","R","T","?","R","?","E"],"items_purchased_type":["Card","Card"],"build_version":"2020-12-22","purchased_purges":1,"victory":false,"max_hp_per_floor":[75,75,75,75,75,75,75,75,75,75,75,75,75,75,75,75,75,75,75,75,75,75,75,75,75,75,75,75,75,75,75],"card_choices":[{"not_picked":["Armaments","Entrench"],"picked":"Headbutt","floor":1},{"not_picked":["Shrug It Off","Flex"],"picked":"Disarm","floor":3},{"not_picked":["Pommel Strike","Flex"],"picked":"Twin Strike","floor":4},{"not_picked":["Body Slam","Fire Breathing","Carnage"],"picked":"SKIP","floor":7},{"not_picked":["Twin Strike","Pummel"],"picked":"Anger","floor":8},{"not_picked":["Second Wind","Perfected Strike"],"picked":"True Grit","floor":11},{"not_picked":["Twin Strike","Thunderclap","Searing Blow"],"picked":"SKIP","floor":14},{"not_picked":["Reaper","Fiend Fire"],"picked":"Immolate","floor":16},{"not_picked":["Pommel Strike","Sentinel","Twin Strike"],"picked":"SKIP","floor":18},{"not_picked":["Armaments+1","Combust","Rage"],"picked":"SKIP","floor":24},{"not_picked":["Double Tap","Cleave","Dual Wield"],"picked":"SKIP","floor":27}],"player_experience":5439296,"relics_obtained":[{"floor":7,"key":"Champion Belt"},{"floor":9,"key":"Matryoshka"},{"floor":10,"key":"Oddly Smooth Stone"},{"floor":10,"key":"Nunchaku"},{"floor":26,"key":"MealTicket"},{"floor":26,"key":"Red Skull"},{"floor":29,"key":"Whetstone"}],"event_choices":[{"damage_healed":0,"gold_gain":0,"player_choice":"Ignored","damage_taken":116,"max_hp_gain":0,"max_hp_loss":0,"event_name":"betterThird:BetterSerpent","floor":2,"gold_loss":0},{"cards_removed":["Defend_R"],"damage_healed":0,"gold_gain":0,"player_choice":"Card Removal","damage_taken":0,"max_hp_gain":0,"max_hp_loss":0,"event_name":"The Cleric","floor":5,"gold_loss":75},{"damage_healed":0,"gold_gain":0,"player_choice":"Rummage","damage_taken":0,"relics_obtained":["WarpedTongs"],"max_hp_gain":0,"max_hp_loss":0,"event_name":"Accursed Blacksmith","floor":19,"gold_loss":0,"cards_obtained":["Pain"]},{"damage_healed":0,"gold_gain":0,"player_choice":"Trade","damage_taken":0,"relics_obtained":["GremlinMask"],"max_hp_gain":0,"max_hp_loss":0,"event_name":"FaceTrader","floor":22,"gold_loss":0}],"is_beta":false,"boss_relics":[{"not_picked":["Calling Bell","Ectoplasm"],"picked":"Philosopher\u0027s Stone"}],"items_purged_floors":[13],"is_endless":false,"potions_floor_spawned":[3,11,14,16,24],"killed_by":"Slavers","ascension_level":20}}