{"host":"tlbbab9afexrkdtf","time":1613608917,"event":{"mods":["2.2 Compatiblity","AchievementEnabler","BaseMod","Colored Map","Colored Powertips","Minty Spire (QoL Compilation)","Rare Cards Sparkle","StSLib"],"gold_per_floor":[362,372,372,20,95,120,120,147,147,162,162,172,23,43,43,138,138,154,154,8,8,26,26,60,60,60,113,123,158,173,207,207,306,306,322,13,13,13,31,31,42,42,42,54,67,78,78,78],"floor_reached":47,"language":"ENG","playtime":1295,"items_purged":[],"score":644,"play_id":"dd783e6a-8df9-4e32-87dc-958a85f1880b","local_time":"20210217194157","is_ascension_mode":true,"campfire_choices":[{"floor":7,"key":"REST"},{"floor":11,"key":"REST"},{"floor":15,"key":"RECALL"},{"floor":23,"key":"REST"},{"floor":25,"key":"REST"},{"floor":32,"key":"REST"},{"floor":40,"key":"REST"},{"floor":42,"key":"REST"}],"circlet_count":0,"master_deck":["Strike_R","Strike_R","Strike_R","Strike_R","Strike_R","Defend_R+1","Defend_R","Defend_R","Defend_R+1","Bash","Uppercut","Anger","Pommel Strike","Thunderclap","Spot Weakness+1","Demon Form+1","Battle Trance+1","Wild Strike","Perfected Strike","Havoc+1","Double Tap+1","Warcry+1","Spot Weakness+1","Metallicize","Flex+1","Armaments+1","Havoc+1","Spot Weakness+1","Anger+1","Ghostly Armor+1","Shrug It Off+1","Limit Break+1","Double Tap+1","CurseOfTheBell","Wild Strike","Madness+1","Madness+1","Perfected Strike+1","Spot Weakness+1","Warcry+1","Limit Break+1","Cleave+1","Body Slam+1"],"relics":["Burning Blood","StrikeDummy","Toxic Egg 2","Dream Catcher","Shuriken","HandDrill","SacredBark","Bag of Marbles","Pen Nib","Kunai","Question Card","Red Mask","Calling Bell","PreservedInsect","Meat on the Bone","Bird Faced Urn","Bronze Scales","War Paint","Letter Opener","Molten Egg 2"],"acts_visited":["Exordium","TheCity","TheBeyond"],"potions_floor_usage":[6,14,24,29,33,33,33,41,44,45,47],"damage_taken":[{"damage":17,"enemies":"Jaw Worm","floor":1,"turns":6},{"damage":0,"enemies":"Small Slimes","floor":2,"turns":3},{"damage":12,"enemies":"Gremlin Nob","floor":6,"turns":3},{"damage":35,"enemies":"Lagavulin","floor":8,"turns":4},{"damage":0,"enemies":"Cultist","floor":10,"turns":2},{"damage":16,"enemies":"3 Louse","floor":12,"turns":3},{"damage":1,"enemies":"Lots of Slimes","floor":14,"turns":2},{"damage":9,"enemies":"Slime Boss","floor":16,"turns":5},{"damage":14,"enemies":"Shell Parasite","floor":18,"turns":2},{"damage":12,"enemies":"Chosen","floor":22,"turns":3},{"damage":43,"enemies":"Gremlin Leader","floor":24,"turns":4},{"damage":37,"enemies":"Snecko","floor":28,"turns":4},{"damage":29,"enemies":"Slavers","floor":29,"turns":3},{"damage":7,"enemies":"Shelled Parasite and Fungi","floor":30,"turns":3},{"damage":36,"enemies":"Masked Bandits","floor":31,"turns":4},{"damage":17,"enemies":"Automaton","floor":33,"turns":6},{"damage":11,"enemies":"Orb Walker","floor":35,"turns":3},{"damage":63,"enemies":"3 Shapes","floor":39,"turns":3},{"damage":49,"enemies":"Maw","floor":41,"turns":7},{"damage":30,"enemies":"4 Shapes","floor":44,"turns":5},{"damage":0,"enemies":"3 Darklings","floor":45,"turns":2},{"damage":46,"enemies":"Sphere and 2 Shapes","floor":46,"turns":4},{"damage":45,"enemies":"Writhing Mass","floor":47,"turns":3}],"seed_played":"7390079810138454427","potions_obtained":[{"floor":2,"key":"DuplicationPotion"},{"floor":10,"key":"Explosive Potion"},{"floor":16,"key":"Ancient Potion"},{"floor":18,"key":"FairyPotion"},{"floor":22,"key":"ColorlessPotion"},{"floor":28,"key":"LiquidMemories"},{"floor":31,"key":"Block Potion"},{"floor":33,"key":"Fruit Juice"},{"floor":35,"key":"SteroidPotion"},{"floor":41,"key":"HeartOfIron"},{"floor":44,"key":"ColorlessPotion"},{"floor":46,"key":"SneckoOil"}],"is_trial":false,"path_per_floor":["M","M","?","$","?","E","R","E","T","M","R","M","$","M","R","B",null,"M","?","$","?","M","R","E","R","T","T","M","E","M","?","R","B",null,"M","$","?","T","M","R","M","R","T","M","M","M","M"],"character_chosen":"IRONCLAD","items_purchased":["StrikeDummy","Pommel Strike","Thunderclap","HandDrill","Bag of Marbles","Bronze Scales","War Paint"],"campfire_rested":7,"item_purchase_floors":[4,4,4,13,20,36,36],"current_hp_per_floor":[69,75,75,75,64,58,80,51,51,57,80,70,70,75,75,72,78,70,70,70,70,64,80,43,67,67,67,36,13,12,37,61,60,83,80,80,69,69,26,53,24,51,51,41,63,35,0,0],"gold":78,"neow_bonus":"TWO_FIFTY_GOLD","is_daily":false,"chose_seed":false,"campfire_upgraded":0,"win_rate":0.0,"timestamp":1613608917,"path_taken":["M","M","?","$","?","E","R","E","T","M","R","M","?","M","R","BOSS","M","?","?","?","?","R","E","R","T","?","M","E","M","?","R","BOSS","M","$","?","?","M","R","M","R","T","M","M","?","?"],"items_purchased_type":["Relic","Card","Card","Relic","Relic","Relic","Relic"],"build_version":"2020-12-22","purchased_purges":0,"victory":false,"max_hp_per_floor":[80,80,80,80,80,80,80,80,80,80,80,80,80,80,80,80,80,80,80,80,80,80,80,80,80,80,80,80,80,80,80,80,90,90,90,90,90,90,90,90,90,90,90,90,90,90,90,90],"card_choices":[{"not_picked":["Hemokinesis","True Grit"],"picked":"Uppercut","floor":1},{"not_picked":["Headbutt","Warcry"],"picked":"Anger","floor":2},{"not_picked":["Searing Blow","Twin Strike"],"picked":"Spot Weakness+1","floor":6},{"not_picked":["Body Slam","Dual Wield+1"],"picked":"Demon Form","floor":8},{"not_picked":["Sword Boomerang","Body Slam"],"picked":"Battle Trance+1","floor":10},{"not_picked":["Headbutt","Feel No Pain"],"picked":"Wild Strike","floor":11},{"not_picked":["Clothesline","Twin Strike"],"picked":"Perfected Strike","floor":12},{"not_picked":["Sword Boomerang","Wild Strike"],"picked":"Havoc+1","floor":14},{"not_picked":["Juggernaut","Immolate"],"picked":"Double Tap+1","floor":16},{"not_picked":["Twin Strike","Sever Soul+1"],"picked":"Warcry+1","floor":18},{"not_picked":["Heavy Blade","Battle Trance+1"],"picked":"Metallicize","floor":22},{"not_picked":["Infernal Blade+1","Thunderclap+1"],"picked":"Flex+1","floor":23},{"not_picked":["Anger","Shrug It Off+1"],"picked":"Armaments+1","floor":24},{"not_picked":["Blood for Blood","Sword Boomerang"],"picked":"Havoc+1","floor":25},{"not_picked":["Searing Blow","Cleave"],"picked":"Spot Weakness+1","floor":28},{"not_picked":["Battle Trance+1","Burning Pact+1"],"picked":"Anger+1","floor":29},{"not_picked":["Thunderclap+1","Headbutt+1","Cleave+1"],"picked":"Ghostly Armor+1","floor":30},{"not_picked":["Sever Soul","Sword Boomerang","Wild Strike"],"picked":"Shrug It Off+1","floor":31},{"not_picked":["Sword Boomerang","Twin Strike","Dropkick"],"picked":"Limit Break+1","floor":32},{"not_picked":["Fiend Fire","Barricade","Bludgeon"],"picked":"Double Tap+1","floor":33},{"not_picked":["Searing Blow","Clothesline","Anger"],"picked":"Wild Strike","floor":35},{"not_picked":["Iron Wave+1","Carnage","Armaments+1"],"picked":"Perfected Strike+1","floor":39},{"not_picked":["Corruption","Perfected Strike","Wild Strike+1"],"picked":"Spot Weakness+1","floor":40},{"not_picked":["Armaments+1","Body Slam","Sword Boomerang+1"],"picked":"Warcry+1","floor":41},{"not_picked":["Shrug It Off+1","Rupture","Warcry+1"],"picked":"Limit Break+1","floor":44},{"not_picked":["True Grit+1","Battle Trance+1","Dark Embrace"],"picked":"Cleave+1","floor":45},{"not_picked":["Clothesline+1","Uppercut+1","Armaments+1"],"picked":"Body Slam+1","floor":46}],"player_experience":324603,"relics_obtained":[{"floor":6,"key":"Toxic Egg 2"},{"floor":8,"key":"Dream Catcher"},{"floor":9,"key":"Shuriken"},{"floor":24,"key":"Pen Nib"},{"floor":26,"key":"Kunai"},{"floor":29,"key":"Question Card"},{"floor":31,"key":"Red Mask"},{"floor":34,"key":"PreservedInsect"},{"floor":34,"key":"Meat on the Bone"},{"floor":34,"key":"Bird Faced Urn"},{"floor":38,"key":"Letter Opener"},{"floor":43,"key":"Molten Egg 2"}],"event_choices":[{"cards_removed":["Shame"],"damage_healed":0,"gold_gain":0,"player_choice":"Forget","damage_taken":0,"max_hp_gain":0,"max_hp_loss":0,"event_name":"Living Wall","floor":3,"gold_loss":0},{"damage_healed":0,"gold_gain":75,"player_choice":"Gather Gold","damage_taken":11,"max_hp_gain":0,"max_hp_loss":0,"event_name":"World of Goop","floor":5,"gold_loss":0},{"damage_healed":0,"gold_gain":0,"player_choice":"Copied","damage_taken":0,"max_hp_gain":0,"max_hp_loss":0,"event_name":"Duplicator","floor":19,"gold_loss":0,"cards_obtained":["Spot Weakness"]},{"damage_healed":0,"gold_gain":0,"player_choice":"Upgraded","damage_taken":0,"max_hp_gain":0,"max_hp_loss":0,"event_name":"Upgrade Shrine","floor":21,"gold_loss":0,"cards_upgraded":["Demon Form"]},{"damage_healed":0,"gold_gain":0,"player_choice":"Fought Bandits","damage_taken":0,"max_hp_gain":0,"max_hp_loss":0,"event_name":"Masked Bandits","floor":31,"gold_loss":0},{"damage_healed":0,"gold_gain":0,"player_choice":"Embrace Madness","damage_taken":11,"max_hp_gain":0,"max_hp_loss":0,"event_name":"Winding Halls","floor":37,"gold_loss":0,"cards_obtained":["Madness","Madness"]}],"is_beta":false,"boss_relics":[{"not_picked":["Empty Cage","Snecko Eye"],"picked":"SacredBark"},{"not_picked":["Cursed Key","Astrolabe"],"picked":"Calling Bell"}],"items_purged_floors":[],"is_endless":false,"potions_floor_spawned":[2,10,16,18,22,28,31,33,35,41,44,46],"killed_by":"Writhing Mass","ascension_level":5}}