{"host":"4wxwpv5qre4pm8t8","time":1613643471,"event":{"mods":["2.2 Compatiblity","AchievementEnabler","Act Like it!","Always Whale","Astrologer","BaseMod","Challenge The Spire","Conspire","Dota2Spire","Downfall","Elementarium","Friendly Minions","Halation","Highlight Path","Hubris","Infinite Spire","Lobotomy","Minty Spire (QoL Compilation)","Pale of the Ancients","Random Character Button","Replay The Spire","Shop Mod","StSLib","SuperFastMode","The Animator","The Jungle","Useless Jewels Mod","Yuri Mod","egg"],"gold_per_floor":[119,131,131,131,142,174,174,200,200,226,246,259,259,273,273,273,273],"floor_reached":16,"language":"ENG","playtime":895,"items_purged":[],"score":128,"play_id":"3ee0754b-3e5f-4386-b220-9337eae7c5fa","local_time":"20210218021751","is_ascension_mode":true,"campfire_choices":[],"circlet_count":0,"master_deck":["SpecialBullet","SpecialBullet","SpecialBullet","SpecialBullet","SpecialBullet","SpecialBullet","SpecialBullet","InformationCode","SecurityCode","ControlCode","OSAHOGD","Heaven","SomewhereSpear","QueenOfHatred","GrinderMk4","Wellcheers","WristCuter","Spore","RedEyes","BigBird"],"relics":["CogitoBucket","halation:LettersToHer","halation:KoshaPiece","halation:PrussianBluePaint","AspirationHeart","Dota2Spire:ShadowBlade"],"acts_visited":["Exordium"],"potions_floor_usage":[6,16],"damage_taken":[{"damage":10,"enemies":"conspire:RoseBush","floor":1,"turns":2},{"damage":6,"enemies":"2 Louse","floor":2,"turns":2},{"damage":11,"enemies":"Jaw Worm","floor":5,"turns":2},{"damage":6,"enemies":"Gremlin Nob","floor":6,"turns":3},{"damage":36,"enemies":"Lagavulin","floor":8,"turns":5},{"damage":30,"enemies":"Replay:BlueRogue","floor":10,"turns":5},{"damage":29,"enemies":"2 Fungi Beasts","floor":11,"turns":3},{"damage":10,"enemies":"Looter","floor":12,"turns":2},{"damage":8,"enemies":"Lots of Slimes","floor":14,"turns":3},{"damage":63,"enemies":"The Guardian","floor":16,"turns":8}],"seed_played":"-4421755809229600893","potions_obtained":[{"floor":2,"key":"conspire:TimeTravelPotion"},{"floor":5,"key":"Fire Potion"},{"floor":11,"key":"SneckoOil"},{"floor":12,"key":"Dexterity Potion"}],"is_trial":false,"path_per_floor":["M","M","?","$","M","E","$","E","T","E","M","M","?","M","R","B"],"character_chosen":"Angela","items_purchased":[],"campfire_rested":0,"item_purchase_floors":[],"current_hp_per_floor":[68,70,70,70,67,69,69,41,41,31,35,42,42,52,52,0,0],"gold":273,"neow_bonus":"RANDOM_EVENT","is_daily":false,"chose_seed":false,"campfire_upgraded":0,"win_rate":0.0,"timestamp":1613643471,"path_taken":["M","M","?","$","M","E","$","E","T","E","M","M","?","?","R","BOSS"],"items_purchased_type":[],"build_version":"2020-12-22","purchased_purges":0,"victory":false,"max_hp_per_floor":[70,70,70,70,70,70,70,70,70,70,80,80,80,80,80,80,80],"card_choices":[{"not_picked":["Scorched","PunishingBird"],"picked":"OSAHOGD","floor":1},{"not_picked":["Laetitia_ego"],"picked":"Heaven","floor":1},{"not_picked":["CrimsonScar","Horn"],"picked":"SKIP","floor":2},{"not_picked":["Soda","CUTE"],"picked":"SKIP","floor":5},{"not_picked":["Wingbeat"],"picked":"SomewhereSpear","floor":6},{"not_picked":["CrumblingArmor","UniverseFragment"],"picked":"QueenOfHatred","floor":8},{"not_picked":["BearPaw"],"picked":"GrinderMk4","floor":8},{"not_picked":["BigBadWolf","VoidDream"],"picked":"Wellcheers","floor":10},{"not_picked":["DaCapo"],"picked":"WristCuter","floor":10},{"not_picked":["Mimicry"],"picked":"Spore","floor":11},{"not_picked":["CUTE"],"picked":"RedEyes","floor":12},{"not_picked":["MHz","DespairKnight"],"picked":"BigBird","floor":14},{"not_picked":["Moonlight","RapturousDream"],"picked":"SKIP","floor":14}],"player_experience":533133,"relics_obtained":[{"floor":6,"key":"halation:LettersToHer"},{"floor":8,"key":"halation:KoshaPiece"},{"floor":9,"key":"halation:LettersToHer"},{"floor":10,"key":"halation:PrussianBluePaint"},{"floor":13,"key":"Dota2Spire:ShadowBlade"}],"event_choices":[{"damage_healed":0,"gold_gain":0,"player_choice":"Disagree","damage_taken":0,"max_hp_gain":0,"max_hp_loss":0,"event_name":"conspire:LoneGhost","floor":3,"gold_loss":0}],"is_beta":false,"boss_relics":[],"items_purged_floors":[],"is_endless":false,"potions_floor_spawned":[2,5,11,12],"killed_by":"The Guardian","ascension_level":1}}