{"host":"johnydays","time":1613659734,"event":{"mods":["BaseMod","Bestiary","Block Reminder","Colored Map","Colored Powertips","Curses Come First","DeckTracker","Highlight Path","Minty Spire (QoL Compilation)","Relic Sorter","Relic Stats","StSLib","SuperFastMode","Weighted Paths"],"gold_per_floor":[112,112,131,144,162,162,205,229,253,253,253],"floor_reached":10,"language":"ENG","playtime":600,"items_purged":[],"score":88,"play_id":"9b221282-0b32-41bc-854f-453584f74f86","local_time":"20210218144854","is_ascension_mode":true,"campfire_choices":[{"data":"Eruption","floor":6.0,"key":"SMITH"}],"circlet_count":0,"master_deck":["Strike_P","Strike_P","Strike_P","Defend_P","Defend_P","Defend_P","Eruption+1","Vigilance","Crescendo","Protect","Halt","CutThroughFate","LikeWater","BowlingBash","Protect+1","PathToVictory+1"],"relics":["PureWater","Golden Idol","Toxic Egg 2"],"acts_visited":["Exordium"],"potions_floor_usage":[10],"damage_taken":[{"damage":0.0,"enemies":"Jaw Worm","floor":1.0,"turns":4.0},{"damage":0.0,"enemies":"Small Slimes","floor":3.0,"turns":3.0},{"damage":0.0,"enemies":"2 Louse","floor":4.0,"turns":2.0},{"damage":17.0,"enemies":"Exordium Thugs","floor":5.0,"turns":5.0},{"damage":20.0,"enemies":"3 Sentries","floor":7.0,"turns":6.0},{"damage":2.0,"enemies":"Looter","floor":8.0,"turns":2.0},{"damage":22,"enemies":"Gremlin Nob","floor":10,"turns":4}],"seed_played":"6133224613249453874","potions_obtained":[{"floor":4.0,"key":"SteroidPotion"},{"floor":5.0,"key":"Explosive Potion"},{"floor":8.0,"key":"Regen Potion"}],"is_trial":false,"path_per_floor":["M","?","M","M","M","R","E","M","T","E"],"character_chosen":"WATCHER","items_purchased":[],"campfire_rested":0,"item_purchase_floors":[],"current_hp_per_floor":[65,49,49,49,32,32,12,10,10,0,0],"gold":253,"neow_bonus":"TRANSFORM_TWO_CARDS","is_daily":false,"chose_seed":false,"campfire_upgraded":1,"win_rate":0.0,"timestamp":1613659734,"path_taken":["M","?","M","M","M","R","E","M","T","E"],"items_purchased_type":[],"build_version":"2020-12-18","purchased_purges":0,"victory":false,"max_hp_per_floor":[65,65,65,65,65,65,65,65,65,65,65],"relic_stats":{"counters":[7,26],"Golden Idol":25,"obtain_stats":[{"Golden Idol":2,"PureWater":0,"Toxic Egg 2":7},{"Golden Idol":1,"PureWater":0,"Toxic Egg 2":5},{"Golden Idol":4,"PureWater":0,"Toxic Egg 2":20}]},"card_choices":[{"not_picked":["EmptyBody","Indignation"],"picked":"Halt","floor":1.0},{"not_picked":["JustLucky","Evaluate"],"picked":"CutThroughFate","floor":3.0},{"not_picked":["SignatureMove","Consecrate"],"picked":"LikeWater","floor":4.0},{"not_picked":["CutThroughFate","SashWhip"],"picked":"BowlingBash","floor":5.0},{"not_picked":["SashWhip","EmptyMind+1"],"picked":"Protect+1","floor":7.0},{"not_picked":["Halt+1","Sanctity+1"],"picked":"PathToVictory+1","floor":8.0}],"player_experience":542963,"relics_obtained":[{"floor":7.0,"key":"Toxic Egg 2"}],"event_choices":[{"damage_healed":0.0,"max_hp_gain":0.0,"max_hp_loss":0.0,"gold_gain":0.0,"event_name":"Golden Idol","player_choice":"Take Damage","floor":2.0,"gold_loss":0.0,"damage_taken":16.0,"relics_obtained":["Golden Idol"]}],"is_beta":true,"boss_relics":[],"items_purged_floors":[],"is_endless":false,"potions_floor_spawned":[4,5,8],"killed_by":"Gremlin Nob","ascension_level":5}}