{"host":"ou23awlgcm0pi7o1","time":1613654934,"event":{"mods":["BaseMod","Colored Map","Minty Spire (QoL Compilation)","StSLib","The Animator","Unceasing Turn Reminder"],"gold_per_floor":[123,298,7,7,35,35,81,81,127,159,170,170,170,182,182,283,283,300,300,200,200,213,213,247,247,271,290,314,347,365,21,21,116,116,129,129,129,141,172,205,205,205,205,205,218,249,94,94,94],"floor_reached":48,"language":"ENG","playtime":5536,"items_purged":["Doubt","animator:Strike","animator:Defend_MadokaMagica"],"score":615,"play_id":"39fc9cf0-a1d3-476c-bdf5-5955b135aa49","local_time":"20210218132854","is_ascension_mode":true,"campfire_choices":[{"data":"animator:IrohaTamaki","floor":6.0,"key":"SMITH"},{"data":"animator:GazelDwargon","floor":8.0,"key":"SMITH"},{"data":"animator:KyokoSakura","floor":12.0,"key":"SMITH"},{"data":"animator:Tatsumaki","floor":15.0,"key":"SMITH"},{"data":"animator:LeleiLaLalena","floor":23,"key":"SMITH"},{"data":"animator:KyokoSakura","floor":25,"key":"SMITH"},{"floor":32,"key":"RECALL"},{"data":"animator:GazelDwargon","floor":41,"key":"SMITH"},{"data":"animator:PandorasActor","floor":44,"key":"SMITH"}],"circlet_count":0,"master_deck":["animator:Strike+1","animator:Defend","animator:Defend","animator:Defend","animator:IrohaTamaki+1","animator:YuiTsuruno+1","animator:OrikoMikuni","animator:KyokoSakura+1","animator:LeleiLaLalena+1","animator:DwarfShaman","animator:GazelDwargon+1","animator:KyokoSakura+1","animator:Pride","animator:Tatsumaki+1","animator:Envy","animator:ElricEdward","animator:WinryRockbell","animator:Ain+1","animator:NarberalGamma+1","animator:GazelDwargon+1","animator:HigakiRinne","animator:PandorasActor","animator:NagisaMomoe","animator:PandorasActor+1","Parasite","animator:Gluttony+1"],"relics":["animator:LivingPicture","animator:TheMissingPiece","animator:PurgingStone","Chemical X","Oddly Smooth Stone","Bag of Preparation","Whetstone","PreservedInsect","Runic Dome","Nilry\u0027s Codex","animator:WornHelmet","Shovel","Juzu Bracelet","Runic Capacitor","Cursed Key","Pantograph","Mercury Hourglass","Dream Catcher","TheAbacus"],"acts_visited":["Exordium","TheCity","TheBeyond"],"potions_floor_usage":[29,33],"damage_taken":[{"damage":0.0,"enemies":"Small Slimes","floor":1.0,"turns":5.0},{"damage":4.0,"enemies":"Jaw Worm","floor":5.0,"turns":3.0},{"damage":6.0,"enemies":"Lagavulin","floor":7.0,"turns":6.0},{"damage":1.0,"enemies":"3 Sentries","floor":10.0,"turns":7.0},{"damage":0.0,"enemies":"Cultist","floor":11.0,"turns":3.0},{"damage":10.0,"enemies":"Exordium Thugs","floor":14.0,"turns":4.0},{"damage":0,"enemies":"Hexaghost","floor":16,"turns":8},{"damage":0,"enemies":"Spheric Guardian","floor":18,"turns":1},{"damage":0,"enemies":"Chosen","floor":22,"turns":3},{"damage":19,"enemies":"Slavers","floor":24,"turns":4},{"damage":0,"enemies":"Centurion and Healer","floor":27,"turns":7},{"damage":11,"enemies":"Shelled Parasite and Fungi","floor":28,"turns":5},{"damage":10,"enemies":"Gremlin Leader","floor":29,"turns":6},{"damage":3,"enemies":"Snake Plant","floor":30,"turns":4},{"damage":6,"enemies":"Automaton","floor":33,"turns":6},{"damage":22,"enemies":"3 Darklings","floor":35,"turns":4},{"damage":1,"enemies":"3 Shapes","floor":38,"turns":3},{"damage":1,"enemies":"Writhing Mass","floor":39,"turns":6},{"damage":22,"enemies":"Reptomancer","floor":40,"turns":6},{"damage":0,"enemies":"Jaw Worm Horde","floor":45,"turns":4},{"damage":17,"enemies":"Nemesis","floor":46,"turns":7},{"damage":4,"enemies":"3 Darklings","floor":48,"turns":2}],"seed_played":"4292517410040693925","potions_obtained":[{"floor":1.0,"key":"Fire Potion"},{"floor":7.0,"key":"FearPotion"},{"floor":10.0,"key":"SteroidPotion"},{"floor":11.0,"key":"DistilledChaos"},{"floor":16,"key":"Block Potion"},{"floor":24,"key":"Explosive Potion"},{"floor":28,"key":"Regen Potion"},{"floor":30,"key":"SteroidPotion"},{"floor":33,"key":"animator:FalseLifePotion"},{"floor":35,"key":"ColorlessPotion"}],"is_trial":false,"path_per_floor":["M","?","$","?","M","R","E","R","T","E","M","R","?","M","R","B",null,"M","?","$","?","M","R","E","R","T","M","M","E","M","$","R","B",null,"M","?","$","M","M","E","R","?","T","R","M","E","$","M"],"character_chosen":"THE_ANIMATOR","items_purchased":["animator:LeleiLaLalena","Chemical X","Runic Capacitor","animator:GazelDwargon","TheAbacus"],"campfire_rested":0,"item_purchase_floors":[3,3,31,31,47],"current_hp_per_floor":[67,67,67,67,63,63,57,57,57,56,56,56,44,34,34,34,67,67,51,51,51,51,51,32,32,32,32,21,32,29,29,29,23,67,45,45,45,44,43,21,21,21,21,21,21,4,4,0,0],"gold":94,"neow_bonus":"THREE_CARDS","is_daily":false,"chose_seed":false,"campfire_upgraded":8,"win_rate":0.0,"timestamp":1613654934,"path_taken":["M","?","$","?","M","R","E","R","T","E","M","R","?","M","R","BOSS","M","?","$","?","M","R","E","R","T","M","?","E","M","$","R","BOSS","M","?","$","M","M","E","R","?","T","R","M","E","$","M"],"items_purchased_type":["Card","Relic","Relic","Card","Relic"],"build_version":"2020-12-22","purchased_purges":3,"victory":false,"max_hp_per_floor":[67,67,67,67,67,67,67,67,67,67,67,67,67,67,67,67,67,67,67,67,67,67,67,67,67,67,67,67,67,67,67,67,67,67,67,67,67,67,67,67,67,67,67,67,67,67,67,67,67],"card_choices":[{"not_picked":["animator:Scar","animator:Sloth"],"picked":"animator:OrikoMikuni","floor":0.0},{"not_picked":["animator:Rena","animator:Bozes"],"picked":"animator:KyokoSakura","floor":1.0},{"not_picked":["animator:Millim","animator:Togame"],"picked":"animator:DwarfShaman","floor":5.0},{"not_picked":["animator:GuildGirl","animator:Demiurge"],"picked":"animator:GazelDwargon","floor":7.0},{"not_picked":["animator:YuiTsuruno","animator:SuzuneAmano"],"picked":"animator:KyokoSakura","floor":10.0},{"not_picked":["animator:WinryRockbell","animator:Tyuule"],"picked":"animator:Pride","floor":11.0},{"not_picked":["animator:IrohaTamaki","animator:Benimaru"],"picked":"animator:Tatsumaki","floor":14.0},{"not_picked":["animator:HigakiRinne","animator:Shizu"],"picked":"animator:Envy","floor":16},{"not_picked":["animator:WinryRockbell","animator:MumenRider"],"picked":"animator:ElricEdward","floor":18},{"not_picked":["animator:ElricEdward","animator:ElricAlphonse"],"picked":"animator:WinryRockbell","floor":22},{"not_picked":["animator:LizardPriest","animator:RoryMercury","animator:Nanami"],"picked":"SKIP","floor":24},{"not_picked":["animator:LizardPriest","animator:OrikoMikuni"],"picked":"animator:Ain+1","floor":27},{"not_picked":["animator:IrohaTamaki","animator:Konayuki"],"picked":"animator:NarberalGamma+1","floor":28},{"not_picked":["animator:Togame","animator:Bozes+1","animator:DwarfShaman"],"picked":"SKIP","floor":30},{"not_picked":["animator:Ainz","animator:Father"],"picked":"animator:HigakiRinne","floor":33},{"not_picked":["animator:LizardPriest+1","animator:Shichika+1","animator:IrohaTamaki"],"picked":"SKIP","floor":35},{"not_picked":["animator:Priestess","animator:Nanami"],"picked":"animator:PandorasActor","floor":38},{"not_picked":["animator:SuzuneAmano","animator:IrohaTamaki"],"picked":"animator:NagisaMomoe","floor":39},{"not_picked":["animator:RoryMercury","animator:Shuna"],"picked":"animator:PandorasActor","floor":40},{"not_picked":["animator:IrohaTamaki","animator:Hakurou","animator:Geryuganshoop"],"picked":"SKIP","floor":45},{"not_picked":["animator:Shalltear","animator:SayakaMiki"],"picked":"animator:Gluttony+1","floor":46}],"player_experience":145008,"relics_obtained":[{"floor":7.0,"key":"Oddly Smooth Stone"},{"floor":9.0,"key":"Bag of Preparation"},{"floor":10.0,"key":"Whetstone"},{"floor":19,"key":"Nilry\u0027s Codex"},{"floor":24,"key":"Shovel"},{"floor":29,"key":"Juzu Bracelet"},{"floor":40,"key":"Pantograph"},{"floor":43,"key":"Mercury Hourglass"},{"floor":46,"key":"Dream Catcher"}],"event_choices":[{"damage_healed":0.0,"max_hp_gain":0.0,"max_hp_loss":0.0,"gold_gain":175.0,"event_name":"Liars Game","player_choice":"AGREE","floor":2.0,"gold_loss":0.0,"damage_taken":0.0,"cards_obtained":["Doubt"]},{"cards_removed":["animator:Strike"],"damage_healed":0.0,"max_hp_gain":0.0,"max_hp_loss":0.0,"gold_gain":0.0,"event_name":"Living Wall","player_choice":"Forget","floor":4.0,"gold_loss":0.0,"damage_taken":0.0},{"damage_healed":0.0,"max_hp_gain":0.0,"max_hp_loss":0.0,"gold_gain":0.0,"event_name":"Scrap Ooze","player_choice":"Success","floor":13.0,"gold_loss":0.0,"damage_taken":12.0,"relics_obtained":["PreservedInsect"]},{"damage_healed":0,"gold_gain":0,"player_choice":"Obtained Book","damage_taken":16,"max_hp_gain":0,"max_hp_loss":0,"event_name":"Cursed Tome","floor":19,"gold_loss":0},{"damage_healed":0,"gold_gain":0,"player_choice":"Gave Potion","damage_taken":0,"relics_obtained":["animator:WornHelmet"],"max_hp_gain":0,"max_hp_loss":0,"event_name":"WeMeetAgain","floor":21,"gold_loss":0},{"damage_healed":0,"gold_gain":0,"player_choice":"Memory 1","damage_taken":0,"max_hp_gain":0,"max_hp_loss":0,"event_name":"SensoryStone","floor":36,"gold_loss":0},{"cards_removed":["animator:Strike_MadokaMagica"],"damage_healed":0,"gold_gain":0,"player_choice":"Purged","damage_taken":0,"max_hp_gain":0,"max_hp_loss":0,"event_name":"Purifier","floor":42,"gold_loss":0}],"is_beta":false,"boss_relics":[{"not_picked":["SacredBark","Astrolabe"],"picked":"Runic Dome"},{"not_picked":["Pandora\u0027s Box","animator:CursedBlade"],"picked":"Cursed Key"}],"items_purged_floors":[3,20,31],"is_endless":false,"potions_floor_spawned":[1,7,10,11,16,18,24,28,30,33,35,40,46],"killed_by":"3 Darklings","ascension_level":1}}