{"host":"ue7jlgf7uv134an9","time":1613645004,"event":{"mods":["BaseMod","Better Third Choice","Colored Map","Defuse TimeMaze Blight","Minty Spire (QoL Compilation)","Quick Restart","Rare Cards Sparkle","Relic Stats","StSLib","UnlockEverythingMod"],"gold_per_floor":[109,109,184,134,134,162,172,198,198,198,198,211,64,74,74,169,169,182,263,288,288,26,26,55,65,139,154,154,154,32,48,48,150,150,166,176,176,189,189,189,54,104,104,13,58,68,82,97,97,97],"floor_reached":51,"language":"ENG","playtime":1746,"items_purged":["Strike_G","Strike_G"],"score":773,"play_id":"65725792-dbe0-4d5c-8ac8-51fe84f64f94","local_time":"20210218054324","is_ascension_mode":false,"campfire_choices":[{"data":"Cloak And Dagger","floor":10.0,"key":"SMITH"},{"data":"Cloak And Dagger","floor":15.0,"key":"SMITH"},{"data":"Finisher","floor":23.0,"key":"SMITH"},{"data":"Accuracy","floor":28.0,"key":"SMITH"},{"floor":32.0,"key":"REST"},{"data":"Footwork","floor":40,"key":"SMITH"},{"data":"Footwork","floor":49,"key":"SMITH"}],"circlet_count":0,"master_deck":["Defend_G","Defend_G","Defend_G","Defend_G","Survivor","Neutralize","Slice","Cloak And Dagger+1","Predator+1","Corpse Explosion","Cloak And Dagger+1","Well Laid Plans","Finisher+1","After Image","Blade Dance+1","Backflip","Footwork+1","Backstab","Deflect","Accuracy+1","Quick Slash","Well Laid Plans","PiercingWail","Footwork+1","After Image","Deflect+1","Terror+1","Die Die Die","Accuracy+1","Dramatic Entrance","Calculated Gamble+1","PiercingWail+1"],"relics":["Ring of the Snake","NeowsBlessing","CaptainsWheel","Tiny Chest","Dead Branch","HoveringKite","Shuriken","Lantern","Blood Vial","Mummified Hand","Cursed Key","Lizard Tail","StoneCalendar"],"acts_visited":["Exordium","TheCity","TheBeyond"],"potions_floor_usage":[50],"damage_taken":[{"damage":0.0,"enemies":"Small Slimes","floor":1.0,"turns":1.0},{"damage":0.0,"enemies":"3 Sentries","floor":6.0,"turns":2.0},{"damage":0.0,"enemies":"2 Louse","floor":7.0,"turns":1.0},{"damage":8.0,"enemies":"Lagavulin","floor":8.0,"turns":8.0},{"damage":1.0,"enemies":"Jaw Worm","floor":12.0,"turns":3.0},{"damage":2.0,"enemies":"Blue Slaver","floor":14.0,"turns":3.0},{"damage":33.0,"enemies":"Hexaghost","floor":16.0,"turns":11.0},{"damage":7.0,"enemies":"2 Thieves","floor":18.0,"turns":4.0},{"damage":0.0,"enemies":"Slavers","floor":24.0,"turns":2.0},{"damage":0.0,"enemies":"Shell Parasite","floor":25.0,"turns":2.0},{"damage":4.0,"enemies":"Chosen and Byrds","floor":27.0,"turns":2.0},{"damage":12.0,"enemies":"Snake Plant","floor":31.0,"turns":5.0},{"damage":24.0,"enemies":"Collector","floor":33.0,"turns":8.0},{"damage":3.0,"enemies":"Orb Walker","floor":35.0,"turns":2.0},{"damage":0.0,"enemies":"3 Darklings","floor":36.0,"turns":4.0},{"damage":7.0,"enemies":"Writhing Mass","floor":38.0,"turns":3.0},{"damage":0,"enemies":"Mind Bloom Boss Battle","floor":42,"turns":3},{"damage":0,"enemies":"2 Orb Walkers","floor":45,"turns":1},{"damage":2,"enemies":"Maw","floor":46,"turns":5},{"damage":0,"enemies":"Jaw Worm Horde","floor":47,"turns":1},{"damage":0,"enemies":"4 Shapes","floor":48,"turns":1},{"damage":15,"enemies":"Awakened One","floor":50,"turns":6}],"seed_played":"26590123756138736","potions_obtained":[{"floor":6.0,"key":"AttackPotion"},{"floor":12.0,"key":"Dexterity Potion"},{"floor":14.0,"key":"Explosive Potion"},{"floor":18.0,"key":"SneckoOil"},{"floor":31.0,"key":"Weak Potion"},{"floor":33.0,"key":"LiquidMemories"},{"floor":36.0,"key":"GamblersBrew"},{"floor":42,"key":"ColorlessPotion"}],"is_trial":false,"path_per_floor":["M","?","?","?","?","E","M","E","T","R","?","M","$","M","R","B",null,"M","T","T","?","$","R","E","M","T","M","R","?","$","M","R","B",null,"M","M","?","M","T","R","$","?","T","$","?","M","M","M","R","B",null],"character_chosen":"THE_SILENT","items_purchased":["Well Laid Plans","Footwork","Backstab","PiercingWail","Footwork","Die Die Die","Dramatic Entrance"],"campfire_rested":1,"item_purchase_floors":[13,22,22,30,30,41,44],"current_hp_per_floor":[70,63,52,52,57,57,57,49,49,49,49,48,48,46,46,13,75,68,68,68,68,68,68,68,70,70,68,68,68,68,58,75,51,75,72,74,74,68,68,68,68,70,70,70,72,72,74,75,75,60],"gold":97,"neow_bonus":"THREE_ENEMY_KILL","is_daily":false,"chose_seed":false,"campfire_upgraded":6,"win_rate":0.0,"timestamp":1613645004,"path_taken":["M","?","?","?","?","E","?","E","T","R","?","?","$","M","R","BOSS","M","?","?","?","$","R","E","M","T","M","R","?","$","M","R","BOSS","M","M","?","M","?","R","$","?","T","?","?","M","M","M","R","BOSS"],"items_purchased_type":["Card","Card","Card","Card","Card","Card","Card"],"build_version":"2020-12-22","purchased_purges":2,"victory":true,"max_hp_per_floor":[70,70,70,70,75,75,75,75,75,75,75,75,75,75,75,75,75,75,75,75,75,75,75,75,75,75,75,75,75,75,75,75,75,75,75,75,75,75,75,75,75,75,75,75,75,75,75,75,75,75],"relic_stats":{"Blood Vial":18,"Lizard Tail":0,"counters":[22,78],"Shuriken":[44],"Mummified Hand":[68],"Dead Branch":[151],"HoveringKite":[9],"Tiny Chest":2,"StoneCalendar":[0],"Cursed Key":0,"obtain_stats":[{"Lantern":20,"NeowsBlessing":0,"Dead Branch":9,"HoveringKite":17,"StoneCalendar":45,"Cursed Key":34,"Blood Vial":24,"CaptainsWheel":6,"Lizard Tail":42,"Shuriken":19,"Mummified Hand":26,"Tiny Chest":8,"Ring of the Snake":0},{"Lantern":8,"NeowsBlessing":0,"Dead Branch":4,"HoveringKite":7,"StoneCalendar":18,"Cursed Key":13,"Blood Vial":9,"CaptainsWheel":2,"Lizard Tail":17,"Shuriken":8,"Mummified Hand":10,"Tiny Chest":4,"Ring of the Snake":0},{"Lantern":33,"NeowsBlessing":0,"Dead Branch":12,"HoveringKite":29,"StoneCalendar":65,"Cursed Key":52,"Blood Vial":35,"CaptainsWheel":3,"Lizard Tail":64,"Shuriken":33,"Mummified Hand":37,"Tiny Chest":12,"Ring of the Snake":0}],"Ring of the Snake":[44]},"card_choices":[{"not_picked":["Deadly Poison","Dodge and Roll"],"picked":"Slice","floor":1.0},{"not_picked":["Deflect","Leg Sweep"],"picked":"Cloak And Dagger","floor":6.0},{"not_picked":["Quick Slash","Prepared"],"picked":"Predator","floor":7.0},{"not_picked":["Well Laid Plans","Riddle With Holes"],"picked":"Corpse Explosion","floor":8.0},{"not_picked":["Deadly Poison","Underhanded Strike"],"picked":"Cloak And Dagger","floor":12.0},{"not_picked":["Bane","Well Laid Plans"],"picked":"Finisher","floor":14.0},{"not_picked":["Adrenaline","Die Die Die"],"picked":"After Image","floor":16.0},{"not_picked":["Terror","Cloak And Dagger+1"],"picked":"Blade Dance","floor":18.0},{"not_picked":["Dagger Throw","Caltrops"],"picked":"Deflect","floor":24.0},{"not_picked":["Skewer","All Out Attack"],"picked":"Accuracy","floor":25.0},{"not_picked":["Heel Hook+1","Finisher","Expertise"],"picked":"SKIP","floor":27.0},{"not_picked":["Bane","Quick Slash","Finisher"],"picked":"SKIP","floor":31.0},{"not_picked":["Doppelganger","A Thousand Cuts"],"picked":"After Image","floor":33.0},{"not_picked":["Dodge and Roll+1","Caltrops"],"picked":"Deflect+1","floor":35.0},{"not_picked":["Endless Agony","Dagger Spray"],"picked":"Terror+1","floor":36.0},{"not_picked":["Acrobatics+1","Tactician","Quick Slash+1"],"picked":"SKIP","floor":38.0},{"not_picked":["Dagger Throw","Quick Slash+1"],"picked":"Accuracy+1","floor":42},{"not_picked":["Slice","Expertise+1"],"picked":"Calculated Gamble+1","floor":46},{"not_picked":["Prepared","Outmaneuver+1"],"picked":"PiercingWail+1","floor":47},{"not_picked":["Predator","Well Laid Plans","Reflex"],"picked":"SKIP","floor":48}],"player_experience":85490,"relics_obtained":[{"floor":6.0,"key":"CaptainsWheel"},{"floor":8.0,"key":"Tiny Chest"},{"floor":9.0,"key":"Dead Branch"},{"floor":19.0,"key":"Shuriken"},{"floor":20.0,"key":"Lantern"},{"floor":24.0,"key":"Blood Vial"},{"floor":26.0,"key":"Mummified Hand"},{"floor":42,"key":"Lizard Tail"},{"floor":45,"key":"StoneCalendar"}],"event_choices":[{"cards_removed":["Strike_G"],"damage_healed":0.0,"max_hp_gain":0.0,"max_hp_loss":0.0,"gold_gain":0.0,"event_name":"Golden Wing","player_choice":"Card Removal","floor":2.0,"gold_loss":0.0,"damage_taken":7.0},{"damage_healed":0.0,"max_hp_gain":0.0,"max_hp_loss":0.0,"gold_gain":75.0,"event_name":"betterThird:BetterGoop","player_choice":"Gold","floor":3.0,"gold_loss":0.0,"damage_taken":11.0},{"cards_removed":["Defend_G"],"damage_healed":0.0,"max_hp_gain":0.0,"max_hp_loss":0.0,"gold_gain":0.0,"event_name":"The Cleric","player_choice":"Card Removal","floor":4.0,"gold_loss":50.0,"damage_taken":0.0},{"damage_healed":0.0,"max_hp_gain":5.0,"max_hp_loss":0.0,"gold_gain":0.0,"event_name":"Big Fish","player_choice":"Donut","floor":5.0,"gold_loss":0.0,"damage_taken":0.0},{"damage_healed":0.0,"max_hp_gain":0.0,"max_hp_loss":0.0,"gold_gain":0.0,"event_name":"Upgrade Shrine","player_choice":"Upgraded","floor":11.0,"gold_loss":0.0,"damage_taken":0.0,"cards_upgraded":["Predator"]},{"damage_healed":0.0,"max_hp_gain":0.0,"max_hp_loss":0.0,"gold_gain":0.0,"event_name":"The Library","player_choice":"Read","floor":21.0,"gold_loss":0.0,"damage_taken":0.0,"cards_obtained":["Backflip"]},{"damage_healed":0.0,"max_hp_gain":0.0,"max_hp_loss":0.0,"gold_gain":0.0,"cards_transformed":["Strike_G","Strike_G"],"event_name":"Drug Dealer","player_choice":"Became Test Subject","floor":29.0,"gold_loss":0.0,"damage_taken":0.0,"cards_obtained":["Quick Slash","Well Laid Plans"]},{"damage_healed":0.0,"max_hp_gain":0.0,"max_hp_loss":0.0,"gold_gain":0.0,"event_name":"Upgrade Shrine","player_choice":"Upgraded","floor":37.0,"gold_loss":0.0,"damage_taken":0.0,"cards_upgraded":["Blade Dance"]},{"damage_healed":0,"gold_gain":0,"player_choice":"Fight","damage_taken":0,"max_hp_gain":0,"max_hp_loss":0,"event_name":"MindBloom","floor":42,"gold_loss":0},{"damage_healed":0,"gold_gain":0,"player_choice":"Fight","damage_taken":0,"max_hp_gain":0,"max_hp_loss":0,"event_name":"Mysterious Sphere","floor":45,"gold_loss":0}],"is_beta":false,"boss_relics":[{"not_picked":["Runic Dome","Calling Bell"],"picked":"HoveringKite"},{"not_picked":["Astrolabe","Coffee Dripper"],"picked":"Cursed Key"}],"items_purged_floors":[13,22],"is_endless":false,"potions_floor_spawned":[6,12,14,18,31,33,36,42,46,48],"ascension_level":0}}