{"host":"Sean","time":1613661381,"event":{"mods":["BaseMod","Block Reminder","Colored Map","Colored Powertips","Highlight Path","Minty Spire (QoL Compilation)","Permanent Neow","Relic Stats"],"gold_per_floor":[15,29,29,49,66,66,86,113,139,172,185,185,218,231,231,329,329,339,354,354,21,21,21,56,68,68,79,93,111,123,156,156,253,253,270,319,331,52,66,66,94,94,94,124,26,0,19,19,19,19,19],"floor_reached":50,"language":"ENG","playtime":6082,"items_purged":["Strike_G","Defend_G"],"score":1037,"play_id":"eb816b2e-ed19-47be-b2e9-633bcb407452","local_time":"20210218151621","is_ascension_mode":true,"campfire_choices":[{"data":"Unload","floor":6.0,"key":"SMITH"},{"data":"Envenom","floor":15.0,"key":"SMITH"},{"data":"Blade Dance","floor":23.0,"key":"SMITH"},{"floor":32.0,"key":"REST"},{"data":"Phantasmal Killer","floor":40.0,"key":"SMITH"},{"data":"Sadistic Nature","floor":42.0,"key":"SMITH"},{"floor":49.0,"key":"RECALL"}],"circlet_count":0,"master_deck":["AscendersBane","Strike_G","Strike_G","Strike_G+1","Strike_G+1","Defend_G","Defend_G","Defend_G","Survivor","Neutralize+1","Unload+1","Bouncing Flask","Cloak And Dagger","Flying Knee+1","Dash","Blur","Envenom+1","Infinite Blades","PiercingWail","Corpse Explosion","Phantasmal Killer+1","Cloak And Dagger","Blade Dance+1","Necronomicurse","PiercingWail","Swift Strike","Heel Hook","Underhanded Strike","Well Laid Plans","Slice","Acrobatics","Blade Dance","Prepared","PiercingWail+1","Glass Knife","Eviscerate+1","Cloak And Dagger+1","Prepared+1","Sadistic Nature+1","Accuracy","Prepared+1"],"relics":["Ring of the Snake","Ninja Scroll","Potion Belt","Strawberry","Whetstone","Darkstone Periapt","WristBlade","Necronomicon","Pear","Tingsha","Happy Flower","Runic Pyramid","Mango","Bag of Marbles","Bottled Tornado","Red Mask"],"acts_visited":["Exordium","TheCity","TheBeyond"],"potions_floor_usage":[50,50,50],"damage_taken":[{"damage":0.0,"enemies":"Jaw Worm","floor":1.0,"turns":5.0},{"damage":0.0,"enemies":"Cultist","floor":2.0,"turns":4.0},{"damage":0.0,"enemies":"2 Louse","floor":4.0,"turns":1.0},{"damage":0.0,"enemies":"Looter","floor":5.0,"turns":3.0},{"damage":18.0,"enemies":"Exordium Thugs","floor":7.0,"turns":5.0},{"damage":12.0,"enemies":"3 Sentries","floor":8.0,"turns":9.0},{"damage":0.0,"enemies":"Gremlin Nob","floor":10.0,"turns":3.0},{"damage":2.0,"enemies":"Gremlin Gang","floor":11.0,"turns":4.0},{"damage":7.0,"enemies":"Lagavulin","floor":13.0,"turns":7.0},{"damage":3.0,"enemies":"3 Louse","floor":14.0,"turns":3.0},{"damage":18.0,"enemies":"The Guardian","floor":16.0,"turns":13.0},{"damage":3.0,"enemies":"Spheric Guardian","floor":18.0,"turns":4.0},{"damage":2.0,"enemies":"Chosen","floor":19.0,"turns":3.0},{"damage":12.0,"enemies":"Book of Stabbing","floor":24.0,"turns":5.0},{"damage":5.0,"enemies":"Snecko","floor":25.0,"turns":4.0},{"damage":0.0,"enemies":"Centurion and Healer","floor":27.0,"turns":5.0},{"damage":0.0,"enemies":"3 Cultists","floor":28.0,"turns":1.0},{"damage":13.0,"enemies":"Shelled Parasite and Fungi","floor":29.0,"turns":3.0},{"damage":3.0,"enemies":"Snake Plant","floor":30.0,"turns":4.0},{"damage":0.0,"enemies":"Slavers","floor":31.0,"turns":3.0},{"damage":34.0,"enemies":"Collector","floor":33.0,"turns":8.0},{"damage":8.0,"enemies":"Orb Walker","floor":35.0,"turns":3.0},{"damage":19.0,"enemies":"2 Orb Walkers","floor":36.0,"turns":3.0},{"damage":3.0,"enemies":"3 Shapes","floor":37.0,"turns":4.0},{"damage":6.0,"enemies":"3 Darklings","floor":39.0,"turns":2.0},{"damage":11.0,"enemies":"Giant Head","floor":41.0,"turns":5.0},{"damage":0.0,"enemies":"Reptomancer","floor":44.0,"turns":4.0},{"damage":0.0,"enemies":"Maw","floor":47.0,"turns":4.0},{"damage":43,"enemies":"Time Eater","floor":50,"turns":5}],"seed_played":"5672690368710066327","potions_obtained":[{"floor":7.0,"key":"SkillPotion"},{"floor":8.0,"key":"DistilledChaos"},{"floor":10.0,"key":"Regen Potion"},{"floor":14.0,"key":"PowerPotion"},{"floor":16.0,"key":"SteroidPotion"},{"floor":24.0,"key":"SneckoOil"},{"floor":25.0,"key":"LiquidMemories"},{"floor":28.0,"key":"Block Potion"},{"floor":29.0,"key":"GamblersBrew"},{"floor":31.0,"key":"Block Potion"},{"floor":36.0,"key":"Ancient Potion"},{"floor":39.0,"key":"GhostInAJar"},{"floor":44.0,"key":"AttackPotion"}],"is_trial":false,"path_per_floor":["M","M","?","M","M","R","M","E","T","E","M","?","E","M","R","B",null,"M","M","?","$","?","R","E","M","T","M","M","M","M","E","R","B",null,"M","?","M","$","M","R","E","R","T","E","$","?","M","$","R","B"],"character_chosen":"THE_SILENT","items_purchased":["PiercingWail","Swift Strike","GamblersBrew","PowerPotion","Sadistic Nature","Swift Potion","AttackPotion"],"campfire_rested":1,"item_purchase_floors":[21,21,21,21,38,45,45],"current_hp_per_floor":[63,63,63,63,63,63,45,33,40,40,38,23,31,28,28,10,60,57,55,45,45,45,45,43,38,38,38,38,25,22,22,49,15,74,66,61,58,58,52,52,41,41,41,41,41,41,41,41,41,0,0],"gold":19,"neow_bonus":"THREE_RARE_CARDS","is_daily":false,"chose_seed":false,"campfire_upgraded":5,"win_rate":0.0,"timestamp":1613661381,"path_taken":["M","M","?","M","M","R","?","E","T","E","M","?","E","M","R","BOSS","M","M","?","$","?","R","E","M","T","M","M","M","?","E","R","BOSS","M","?","M","?","M","R","E","R","T","E","$","?","?","?","R","BOSS"],"items_purchased_type":["Card","Card","Potion","Potion","Card","Potion","Potion"],"build_version":"2020-12-18","purchased_purges":2,"victory":false,"max_hp_per_floor":[70,70,70,70,70,70,70,70,77,77,77,77,77,77,77,77,77,77,77,83,83,83,83,93,93,93,93,93,93,93,93,93,93,93,93,107,107,107,107,107,107,107,107,107,107,107,107,107,107,107,107],"relic_stats":{"Darkstone Periapt":6,"Happy Flower":[12],"counters":[29,127],"Tingsha":[210],"Necronomicon":[17],"Whetstone":["Strike_G","Strike_G"],"obtain_stats":[{"Potion Belt":8,"Darkstone Periapt":13,"Pear":24,"Happy Flower":31,"Tingsha":26,"Mango":36,"Whetstone":10,"Bottled Tornado":44,"WristBlade":17,"Ninja Scroll":3,"Strawberry":9,"Necronomicon":20,"Bag of Marbles":41,"Red Mask":46,"Ring of the Snake":0,"Runic Pyramid":34},{"Potion Belt":6,"Darkstone Periapt":9,"Pear":14,"Happy Flower":20,"Tingsha":15,"Mango":23,"Whetstone":7,"Bottled Tornado":27,"WristBlade":11,"Ninja Scroll":2,"Strawberry":6,"Necronomicon":13,"Bag of Marbles":26,"Red Mask":27,"Ring of the Snake":0,"Runic Pyramid":21},{"Potion Belt":27,"Darkstone Periapt":41,"Pear":69,"Happy Flower":89,"Tingsha":73,"Mango":103,"Whetstone":30,"Bottled Tornado":118,"WristBlade":57,"Ninja Scroll":9,"Strawberry":27,"Necronomicon":64,"Bag of Marbles":114,"Red Mask":118,"Ring of the Snake":0,"Runic Pyramid":97}],"Ring of the Snake":[58]},"card_choices":[{"not_picked":["Grand Finale","A Thousand Cuts"],"picked":"Unload","floor":0.0},{"not_picked":["Cloak And Dagger","Dagger Throw"],"picked":"Bouncing Flask","floor":1.0},{"not_picked":["Underhanded Strike","Concentrate"],"picked":"Blade Dance","floor":2.0},{"not_picked":["Bane","Flying Knee"],"picked":"Cloak And Dagger","floor":4.0},{"not_picked":["Deflect","Cloak And Dagger"],"picked":"Flying Knee","floor":5.0},{"not_picked":["Acrobatics","Underhanded Strike"],"picked":"Dash","floor":7.0},{"not_picked":["Sucker Punch","Heel Hook"],"picked":"Blur","floor":8.0},{"not_picked":["Acrobatics","Deadly Poison"],"picked":"Envenom","floor":10.0},{"not_picked":["Predator","Bane"],"picked":"Infinite Blades","floor":11.0},{"not_picked":["Cloak And Dagger","Flying Knee"],"picked":"PiercingWail","floor":13.0},{"not_picked":["Sucker Punch","Underhanded Strike"],"picked":"Corpse Explosion","floor":14.0},{"not_picked":["Adrenaline","Bullet Time"],"picked":"Phantasmal Killer","floor":16.0},{"not_picked":["Dodge and Roll","Skewer+1"],"picked":"Cloak And Dagger","floor":18.0},{"not_picked":["Outmaneuver+1","Finisher"],"picked":"Blade Dance","floor":19.0},{"not_picked":["Outmaneuver","PiercingWail"],"picked":"Underhanded Strike","floor":24.0},{"not_picked":["Outmaneuver","Flying Knee+1"],"picked":"Well Laid Plans","floor":25.0},{"not_picked":["Sucker Punch+1","Outmaneuver"],"picked":"Slice","floor":27.0},{"not_picked":["Poisoned Stab","Cloak And Dagger"],"picked":"Acrobatics","floor":28.0},{"not_picked":["Slice","Deadly Poison+1"],"picked":"Blade Dance","floor":29.0},{"not_picked":["Outmaneuver+1","Underhanded Strike"],"picked":"Prepared","floor":30.0},{"not_picked":["Doppelganger","Acrobatics+1"],"picked":"PiercingWail+1","floor":31.0},{"not_picked":["Grand Finale","Envenom"],"picked":"Glass Knife","floor":33.0},{"not_picked":["Dagger Throw+1","Deadly Poison+1"],"picked":"Eviscerate+1","floor":35.0},{"not_picked":["Bane+1","Poisoned Stab"],"picked":"Cloak And Dagger+1","floor":36.0},{"not_picked":["Sucker Punch+1","Quick Slash+1"],"picked":"Prepared+1","floor":37.0},{"not_picked":["Bane","Dagger Throw","Escape Plan"],"picked":"SKIP","floor":39.0},{"not_picked":["Sucker Punch","Tools of the Trade"],"picked":"Accuracy","floor":41.0},{"not_picked":["Dagger Spray","Acrobatics","Flying Knee+1"],"picked":"SKIP","floor":44.0},{"not_picked":["Predator","Skewer"],"picked":"Prepared+1","floor":47.0}],"player_experience":547176,"relics_obtained":[{"floor":8.0,"key":"Potion Belt"},{"floor":9.0,"key":"Strawberry"},{"floor":10.0,"key":"Whetstone"},{"floor":13.0,"key":"Darkstone Periapt"},{"floor":20.0,"key":"Necronomicon"},{"floor":24.0,"key":"Pear"},{"floor":26.0,"key":"Tingsha"},{"floor":31.0,"key":"Happy Flower"},{"floor":36.0,"key":"Mango"},{"floor":41.0,"key":"Bag of Marbles"},{"floor":44.0,"key":"Bottled Tornado"}],"event_choices":[{"cards_removed":["Blade Dance"],"damage_healed":0.0,"max_hp_gain":0.0,"max_hp_loss":0.0,"gold_gain":0.0,"event_name":"WeMeetAgain","player_choice":"Gave Card","floor":3.0,"gold_loss":0.0,"damage_taken":0.0,"relics_obtained":["Ninja Scroll"]},{"damage_healed":0.0,"max_hp_gain":0.0,"max_hp_loss":0.0,"gold_gain":0.0,"event_name":"Shining Light","player_choice":"Entered Light","floor":12.0,"gold_loss":0.0,"damage_taken":15.0,"cards_upgraded":["Flying Knee","Neutralize"]},{"damage_healed":0.0,"max_hp_gain":0.0,"max_hp_loss":0.0,"gold_gain":0.0,"event_name":"Cursed Tome","player_choice":"Obtained Book","floor":20.0,"gold_loss":0.0,"damage_taken":16.0},{"damage_healed":0.0,"max_hp_gain":0.0,"max_hp_loss":0.0,"gold_gain":0.0,"cards_transformed":["Defend_G"],"event_name":"Transmorgrifier","player_choice":"Transformed","floor":22.0,"gold_loss":0.0,"damage_taken":0.0,"cards_obtained":["Heel Hook"]},{"damage_healed":0.0,"max_hp_gain":0.0,"max_hp_loss":0.0,"gold_gain":0.0,"event_name":"Mysterious Sphere","player_choice":"Fight","floor":36.0,"gold_loss":0.0,"damage_taken":0.0},{"damage_healed":0.0,"max_hp_gain":0.0,"max_hp_loss":0.0,"gold_gain":0.0,"event_name":"Tomb of Lord Red Mask","player_choice":"Paid","floor":46.0,"gold_loss":26.0,"damage_taken":0.0,"relics_obtained":["Red Mask"]}],"is_beta":true,"boss_relics":[{"not_picked":["Velvet Choker","Philosopher\u0027s Stone"],"picked":"WristBlade"},{"not_picked":["SlaversCollar","Empty Cage"],"picked":"Runic Pyramid"}],"items_purged_floors":[21,38],"is_endless":false,"potions_floor_spawned":[7,8,10,14,16,24,25,28,29,31,36,39,44],"killed_by":"Time Eater","ascension_level":10}}