{"host":"ad59wuc8ynh8u2z6","time":1613663658,"event":{"mods":["AchievementEnabler","BaseMod","Colored Powertips","DeckTracker","Highlight Path","Minty Spire (QoL Compilation)","Permanent Neow"],"gold_per_floor":[112,124,140,41,52,80,80,113,158,173,173,204,204,304,304,406,456,475,253,234,34,44,72,72,103,103,103,136,136,136,151,151,250,250,270,270,270,370,385,411,411,411,411],"floor_reached":42,"language":"ENG","playtime":1595,"items_purged":["Strike_R","Strike_R"],"score":703,"play_id":"c19a5382-4d45-40b6-b036-0f9daba492f0","local_time":"20210218165418","is_ascension_mode":true,"campfire_choices":[{"data":"Anger","floor":7.0,"key":"SMITH"},{"data":"Corruption","floor":13.0,"key":"SMITH"},{"data":"Metallicize","floor":15.0,"key":"SMITH"},{"floor":24,"key":"REST"},{"floor":29,"key":"REST"},{"data":"Shockwave","floor":32,"key":"SMITH"},{"data":"Feed","floor":41,"key":"SMITH"}],"circlet_count":0,"master_deck":["Strike_R+1","Strike_R+1","Strike_R+1","Defend_R+1","Defend_R+1","Defend_R+1","Defend_R+1","Bash","Shockwave+1","Anger+1","Corruption+1","Metallicize+1","Ghostly Armor","Clash+1","Brutality","Exhume","Clash","Clash+1","Feed+1","Madness","Madness","Feed"],"relics":["Burning Blood","Mummified Hand","Blue Candle","Juzu Bracelet","Strawberry","Tiny House","Whetstone","Membership Card","StrikeDummy","StoneCalendar","Meat on the Bone","MutagenicStrength","Bag of Marbles","SacredBark","Bottled Tornado"],"acts_visited":["Exordium","TheCity","TheBeyond"],"potions_floor_usage":[25,28,40,42],"damage_taken":[{"damage":6.0,"enemies":"2 Louse","floor":1.0,"turns":3.0},{"damage":0.0,"enemies":"Cultist","floor":2.0,"turns":4.0},{"damage":2.0,"enemies":"Jaw Worm","floor":3.0,"turns":4.0},{"damage":13.0,"enemies":"2 Fungi Beasts","floor":5.0,"turns":4.0},{"damage":29.0,"enemies":"Gremlin Nob","floor":6.0,"turns":4.0},{"damage":15.0,"enemies":"Lagavulin","floor":8.0,"turns":7.0},{"damage":10.0,"enemies":"Large Slime","floor":10.0,"turns":4.0},{"damage":25.0,"enemies":"Gremlin Nob","floor":12.0,"turns":5.0},{"damage":14.0,"enemies":"Slime Boss","floor":16.0,"turns":8.0},{"damage":4.0,"enemies":"3 Byrds","floor":18.0,"turns":5.0},{"damage":24.0,"enemies":"2 Thieves","floor":20.0,"turns":4.0},{"damage":24.0,"enemies":"Snake Plant","floor":22.0,"turns":4.0},{"damage":24,"enemies":"Gremlin Leader","floor":23,"turns":5},{"damage":45,"enemies":"Slavers","floor":25,"turns":7},{"damage":31,"enemies":"Gremlin Leader","floor":28,"turns":5},{"damage":3,"enemies":"3 Cultists","floor":31,"turns":4},{"damage":7,"enemies":"Champ","floor":33,"turns":7},{"damage":15,"enemies":"Orb Walker","floor":35,"turns":5},{"damage":31,"enemies":"3 Darklings","floor":39,"turns":7},{"damage":78,"enemies":"Nemesis","floor":40,"turns":7},{"damage":68,"enemies":"Reptomancer","floor":42,"turns":4}],"seed_played":"-1422149366265485409","potions_obtained":[{"floor":2.0,"key":"FearPotion"},{"floor":8.0,"key":"AttackPotion"},{"floor":12.0,"key":"LiquidBronze"},{"floor":17.0,"key":"Fire Potion"},{"floor":20.0,"key":"BloodPotion"},{"floor":25,"key":"AttackPotion"},{"floor":28,"key":"Ancient Potion"},{"floor":39,"key":"FearPotion"}],"is_trial":false,"path_per_floor":["M","M","M","$","M","E","R","E","T","M","?","E","R","?","R","B",null,"M","$","M","$","M","E","R","E","T","?","E","R","?","M","R","B",null,"M","?","?","?","M","E","R","E"],"character_chosen":"IRONCLAD","items_purchased":["Fruit Juice","Whetstone","Membership Card"],"campfire_rested":2,"item_purchase_floors":[4,19,21],"current_hp_per_floor":[67,73,77,77,70,47,47,38,38,34,34,22,22,22,22,14,86,88,88,70,70,52,34,66,32,32,32,19,52,52,67,67,66,101,95,80,80,80,70,57,57,0,0],"gold":411,"neow_bonus":"TWENTY_PERCENT_HP_BONUS","is_daily":false,"chose_seed":false,"campfire_upgraded":5,"win_rate":0.0,"timestamp":1613663658,"path_taken":["M","M","M","$","M","E","R","E","T","M","?","E","R","?","R","BOSS","M","?","M","?","M","E","R","E","T","?","E","R","?","M","R","BOSS","M","?","?","?","M","E","R","E"],"items_purchased_type":["Potion","Relic","Relic"],"build_version":"2020-12-22","purchased_purges":2,"victory":false,"max_hp_per_floor":[96,96,96,96,96,96,96,96,96,96,96,103,103,103,103,103,108,108,108,108,108,108,108,108,113,113,113,113,113,113,113,113,113,113,116,116,116,116,119,119,119,119,119],"card_choices":[{"not_picked":["Sword Boomerang","Clothesline"],"picked":"Shockwave","floor":1.0},{"not_picked":["Clothesline","Uppercut"],"picked":"Anger","floor":2.0},{"not_picked":["Heavy Blade","Warcry","True Grit"],"picked":"SKIP","floor":3.0},{"not_picked":["Pummel","Feel No Pain"],"picked":"Corruption","floor":5.0},{"not_picked":["Anger","Entrench","Warcry"],"picked":"SKIP","floor":6.0},{"not_picked":["Pommel Strike","Headbutt"],"picked":"Metallicize","floor":8.0},{"not_picked":["Wild Strike","Pummel"],"picked":"Ghostly Armor","floor":10.0},{"not_picked":["Shrug It Off","Body Slam"],"picked":"Clash","floor":12.0},{"not_picked":["Impervious","Fiend Fire"],"picked":"Brutality","floor":16.0},{"not_picked":["Burning Pact","Seeing Red","Whirlwind"],"picked":"SKIP","floor":18.0},{"not_picked":["Iron Wave","Spot Weakness","Cleave+1"],"picked":"SKIP","floor":20.0},{"not_picked":["Iron Wave+1","Hemokinesis","Perfected Strike"],"picked":"SKIP","floor":22.0},{"not_picked":["Ghostly Armor","Juggernaut","Body Slam+1"],"picked":"SKIP","floor":23},{"not_picked":["Armaments","Bloodletting"],"picked":"Exhume","floor":25},{"not_picked":["Sentinel","Reckless Charge+1"],"picked":"Clash","floor":28},{"not_picked":["Flex+1","Spot Weakness"],"picked":"Clash+1","floor":31},{"not_picked":["Reaper","Limit Break"],"picked":"Feed","floor":33},{"not_picked":["Flex","Body Slam+1","Wild Strike+1"],"picked":"SKIP","floor":35},{"not_picked":["True Grit","Dropkick","Clothesline"],"picked":"SKIP","floor":39},{"not_picked":["Pommel Strike","Feel No Pain","Berserk"],"picked":"SKIP","floor":40}],"player_experience":100552,"relics_obtained":[{"floor":6.0,"key":"Mummified Hand"},{"floor":8.0,"key":"Blue Candle"},{"floor":9.0,"key":"Juzu Bracelet"},{"floor":12.0,"key":"Strawberry"},{"floor":23,"key":"StrikeDummy"},{"floor":25,"key":"StoneCalendar"},{"floor":26,"key":"Meat on the Bone"},{"floor":28,"key":"Bag of Marbles"},{"floor":40,"key":"Bottled Tornado"}],"event_choices":[{"damage_healed":0.0,"max_hp_gain":0.0,"max_hp_loss":0.0,"gold_gain":0.0,"event_name":"Liars Game","player_choice":"Ignored","floor":11.0,"gold_loss":0.0,"damage_taken":0.0},{"damage_healed":0.0,"max_hp_gain":0.0,"max_hp_loss":0.0,"gold_gain":100.0,"event_name":"Golden Shrine","player_choice":"Pray","floor":14.0,"gold_loss":0.0,"damage_taken":0.0},{"damage_healed":0,"gold_gain":0,"player_choice":"Inject Mutagens","damage_taken":0,"relics_obtained":["MutagenicStrength"],"max_hp_gain":0,"max_hp_loss":0,"event_name":"Drug Dealer","floor":27,"gold_loss":0},{"damage_healed":0,"gold_gain":0,"player_choice":"Simplicity","damage_taken":0,"max_hp_gain":0,"max_hp_loss":0,"event_name":"Back to Basics","floor":30,"gold_loss":0,"cards_upgraded":["Strike_R","Defend_R","Defend_R","Defend_R","Defend_R"]},{"damage_healed":0,"gold_gain":0,"player_choice":"Embrace Madness","damage_taken":15,"max_hp_gain":0,"max_hp_loss":0,"event_name":"Winding Halls","floor":36,"gold_loss":0,"cards_obtained":["Madness","Madness"]},{"damage_healed":0,"gold_gain":0,"player_choice":"Copied","damage_taken":0,"max_hp_gain":0,"max_hp_loss":0,"event_name":"Duplicator","floor":37,"gold_loss":0,"cards_obtained":["Feed"]},{"damage_healed":0,"gold_gain":100,"player_choice":"Pray","damage_taken":0,"max_hp_gain":0,"max_hp_loss":0,"event_name":"Golden Shrine","floor":38,"gold_loss":0}],"is_beta":false,"boss_relics":[{"not_picked":["Ectoplasm","Empty Cage"],"picked":"Tiny House"},{"not_picked":["Snecko Eye","Velvet Choker"],"picked":"SacredBark"}],"items_purged_floors":[19,21],"is_endless":false,"potions_floor_spawned":[2,8,12,20,25,28,31,39],"killed_by":"Reptomancer","ascension_level":6}}