{"host":"st1kg310ms6sytc5","time":1613635737,"event":{"mods":["ATMod(°¢èªMod)","Act Like it!","BaseMod","Bossed Relics","CapriCore","Gensokyo","Minty Spire (QoL Compilation)","StSLib","SuperFastMode","Wide Potions","Yakumo Yukari mod","¡¾ÒÅÎï¿¨ÅÆ¡¿REMEMod"],"gold_per_floor":[130,210,140,151,163,190,34,62,144,178,31,47,47,47,47,180,180,197,197,212,212,223,223,248,263,263,293,305,318,346,364,364,463,463,481,481,96,96,113,113,143,53,77,93,128,128,128,163,163,163,163,163,89,121,121],"floor_reached":56,"language":"ZHS","playtime":2986,"items_purged":["AT_purpleEX","AT_purpleEX"],"score":2256,"play_id":"e075a116-91bf-43f6-abb3-96a9ae30bd41","local_time":"20210218160857","is_ascension_mode":true,"campfire_choices":[{"data":"REME_Flogging","floor":13,"key":"SMITH"},{"data":"WeekHit_purple","floor":15,"key":"SMITH"},{"data":"Observe_purple_2","floor":23,"key":"SMITH"},{"data":"MeetDecomposer_purple","floor":32,"key":"SMITH"},{"data":"WangLiang_LineAndCurveDreams_purple","floor":40,"key":"SMITH"},{"floor":47,"key":"RECALL"},{"data":"Anti_communist_purple","floor":49,"key":"SMITH"},{"data":"Know_ledgeAbilityRealm_purple","floor":52,"key":"SMITH"}],"circlet_count":0,"master_deck":["Defend_purpleEX","Defend_purpleEX+1","Defend_purpleEX","Observe_purple_2+1","AT_SoftenMuscles+1","REME_Flogging+1","MeetDecomposer_purple+1","Mirror_TwoAndThreeElementRealm_purple+1","Anti_communist_purple+1","WorldDissolvedintheRealm_purple","WeekHit_purple+1","MeetDecomposer_purple+1","RuleDissolution_purple+1","Know_ledgeAbilityRealm_purple+1","DimensionStaggered_purple+1","StateErode_purple+1","ContainerChange_purple","DimensionStaggered_purple+1","OpenedBox_purple+1","ProofOfUnderstanding_purple","Anti_communist_purple+1","Gensokyo:ShootingStar+1","WangLiang_LineAndCurveDreams_purple+1","Umbrella_purple+1","PositiveMatter_Antimatter_Universe_purple+1","Gensokyo:CustomPotion","RuleDissolution_purple+1","Gensokyo:RisingWorld+1","Anti_communist_purple+1","Impatience+1","Anti_communist_purple+1"],"relics":["Boundary_crack","Memoryfragments_purpleEX","AT_ATBox","REME_ComplimentaryCards","Prayer Wheel","AT_BladeRuinedKing","Toxic Egg 2","Bird Faced Urn","War Paint","Gensokyo:Mercy","Black Star","Gensokyo:SongOfSouls","Gensokyo:RedStar","Girya","Anchor","Akabeko","Ice Cream","Letter Opener","Pen Nib","SlaversCollar","Calipers","Ginger","AT_ChloranthyRing","Question Card","Toy Ornithopter","InkBottle","The Courier","HornCleat","PreservedInsect","Art of War","Oddly Smooth Stone"],"acts_visited":["Gensokyo:Gensokyo","Gensokyo:Gensokyoer","Gensokyo:Gensokyoest","TheEnding"],"potions_floor_usage":[16,33,55,55],"damage_taken":[{"damage":0.0,"enemies":"Gensokyo:3_Fairies","floor":1.0,"turns":3.0},{"damage":2.0,"enemies":"Gensokyo:2_Kodama","floor":4.0,"turns":3.0},{"damage":0.0,"enemies":"Gensokyo:Python","floor":5.0,"turns":3.0},{"damage":19.0,"enemies":"Gensokyo:Aya","floor":6.0,"turns":6.0},{"damage":14.0,"enemies":"Gensokyo:Mamizou","floor":8.0,"turns":7.0},{"damage":9,"enemies":"Gensokyo:Aya","floor":10,"turns":4},{"damage":0,"enemies":"Gensokyo:Kitsune","floor":12,"turns":2},{"damage":0,"enemies":"Gensokyo:Yukari","floor":16,"turns":7},{"damage":10,"enemies":"Gensokyo:AngelMirror","floor":18,"turns":3},{"damage":3,"enemies":"Gensokyo:3_Dogs","floor":20,"turns":5},{"damage":0,"enemies":"Gensokyo:Swordslinger","floor":22,"turns":3},{"damage":19,"enemies":"Gensokyo:Reisen","floor":24,"turns":4},{"damage":0,"enemies":"Gensokyo:Monolith_and_Dog","floor":25,"turns":5},{"damage":3,"enemies":"Gensokyo:Tenshi","floor":27,"turns":3},{"damage":0,"enemies":"Gensokyo:3_Gloops","floor":28,"turns":1},{"damage":0,"enemies":"Gensokyo:Slime_Group","floor":29,"turns":2},{"damage":0,"enemies":"Gensokyo:Koishi","floor":30,"turns":3},{"damage":1,"enemies":"Gensokyo:Wraith","floor":31,"turns":3},{"damage":0,"enemies":"Gensokyo:Kaguya","floor":33,"turns":7},{"damage":0,"enemies":"Gensokyo:3_Bats","floor":35,"turns":2},{"damage":0,"enemies":"Gensokyo:AncientGuardian","floor":39,"turns":3},{"damage":0,"enemies":"Gensokyo:Doremy","floor":41,"turns":2},{"damage":0,"enemies":"Gensokyo:3_Boulders","floor":44,"turns":2},{"damage":0,"enemies":"Gensokyo:Kasen","floor":45,"turns":3},{"damage":0,"enemies":"Gensokyo:Kasen","floor":46,"turns":7},{"damage":0,"enemies":"Gensokyo:Doremy","floor":48,"turns":2},{"damage":0,"enemies":"Gensokyo:Scarlet_Devils","floor":50,"turns":3},{"damage":4,"enemies":"Shield and Spear","floor":54,"turns":3},{"damage":0,"enemies":"The Heart","floor":55,"turns":4}],"seed_played":"-3774837033903398801","potions_obtained":[{"floor":6.0,"key":"AttackPotion"},{"floor":8.0,"key":"REME_GoldPotion"},{"floor":10,"key":"Weak Potion"},{"floor":20,"key":"SkillPotion"},{"floor":25,"key":"DuplicationPotion"},{"floor":41,"key":"AttackPotion"},{"floor":48,"key":"Dexterity Potion"}],"is_trial":false,"path_per_floor":["M","?","?","M","M","E","$","E","T","E","$","M","R","?","R","B",null,"M","?","M","?","M","R","E","M","T","E","M","M","E","M","R","B",null,"M","?","$","?","M","R","E","?","T","M","E","?","R","E","R","B",null,"R","$","E","B",null],"character_chosen":"Youkari","items_purchased":["WorldDissolvedintheRealm_purple","War Paint","Calipers","Impatience+1"],"campfire_rested":0,"item_purchase_floors":[7,11,37,53],"current_hp_per_floor":[63,63,63,63,63,45,45,31,31,23,23,25,25,25,25,27,54,58,58,57,57,63,63,46,53,53,63,63,63,63,63,63,63,63,63,63,63,38,42,42,46,46,46,50,61,61,61,63,63,63,63,63,63,63,63],"gold":121,"neow_bonus":"TRANSFORM_TWO_CARDS","is_daily":false,"chose_seed":false,"campfire_upgraded":7,"win_rate":0.0,"timestamp":1613635737,"path_taken":["M","?","?","M","M","E","$","E","T","E","?","M","R","?","R","BOSS","M","?","M","?","M","R","E","M","T","E","M","M","E","M","R","BOSS","M","?","$","?","M","R","E","?","T","M","E","?","R","E","R","BOSS","R","$","E","BOSS"],"items_purchased_type":["Card","Relic","Relic","Card"],"build_version":"2020-12-22","purchased_purges":2,"victory":true,"max_hp_per_floor":[63,63,63,63,63,63,63,63,63,63,63,63,63,63,63,63,63,63,63,63,63,63,63,63,63,63,63,63,63,63,63,63,63,63,63,63,63,63,63,63,63,63,63,63,63,63,63,63,63,63,63,63,63,63,63],"card_choices":[{"not_picked":["StateDuplicate_purple","DarkRealmRedLine_purple","RuleDissolution_purple"],"picked":"SKIP","floor":1.0},{"not_picked":["Mirror_FormAndEmptin_purple","Shallow_ocean_purpleEX","StateErode_purple"],"picked":"SKIP","floor":4.0},{"not_picked":["StateDuplicate_purple","RuleDissolution_purple"],"picked":"Anti_communist_purple","floor":5.0},{"not_picked":["Realm_recovery_purpleEX","LoveAcrossDimensions_purple","Charmbait_purple"],"picked":"SKIP","floor":6.0},{"not_picked":["MeetDecomposer_purple","CommonSense_AntiCommonSense_purple"],"picked":"WeekHit_purple","floor":8.0},{"not_picked":["PurpleNeedle_purple","Shallow_ocean_purpleEX"],"picked":"MeetDecomposer_purple+1","floor":10},{"not_picked":["SfantasyHide_purple+1","RuptureOfTimeAndSpace_purple+1"],"picked":"RuleDissolution_purple+1","floor":12},{"not_picked":["Shallow_ocean_purpleEX","OmniscientAndOmnipotent_Monster_purple"],"picked":"Boundary_ObjectiveBoundary_purple+1","floor":12},{"not_picked":["Theboundaryofcreation_purpleEX+1","Monsters_DoubleDeathButterfly_purple"],"picked":"Know_ledgeAbilityRealm_purple","floor":16},{"not_picked":["Mirror_FormAndEmptin_purple+1","SfantasyHide_purple+1"],"picked":"DimensionStaggered_purple+1","floor":18},{"not_picked":["Boundary_DynamicStaticEquilibrium_purple+1","Realm_recovery_purpleEX+1","WorldDissolvedintheRealm_purple"],"picked":"SKIP","floor":18},{"not_picked":["Shallow_ocean_purpleEX+1","RuleDissolution_purple+1"],"picked":"StateErode_purple+1","floor":20},{"not_picked":["MeetDecomposer_purple+1","DimensionStaggered_purple+1","SharpContractionReality_purple"],"picked":"SKIP","floor":20},{"not_picked":["Mirror_FormAndEmptin_purple+1","Worldmountain_purple"],"picked":"ContainerChange_purple","floor":22},{"not_picked":["EighthInstrument_OneDividesIntoTwo_purple","OmniscientAndOmnipotent_Monster_purple"],"picked":"DimensionStaggered_purple+1","floor":22},{"not_picked":["MonsterNeedle_purple+1","Boundary_of_Extermination_purpleEX","Realm_recovery_purpleEX+1"],"picked":"SKIP","floor":24},{"not_picked":["StateErode_purple","Worldmountain_purple","Bait_Toxicbait_purple+1"],"picked":"SKIP","floor":25},{"not_picked":["StateErode_purple+1","Shallow_ocean_purpleEX+1","Mirror_FormAndEmptin_purple+1"],"picked":"SKIP","floor":25},{"not_picked":["Shallow_ocean_purpleEX","SharpContractionReality_purple","Mirror_FormAndEmptin_purple+1"],"picked":"SKIP","floor":27},{"not_picked":["Yakumo_Ran_purple+1","Boundary_DynamicStaticEquilibrium_purple+1"],"picked":"OpenedBox_purple+1","floor":28},{"not_picked":["Line_surface_state_purple+1","Realm_recovery_purpleEX+1","SfantasyHide_purple+1"],"picked":"SKIP","floor":28},{"not_picked":["StateDuplicate_purple+1","AdvanceAttack_purple"],"picked":"ProofOfUnderstanding_purple","floor":29},{"not_picked":["DarkRealmRedLine_purple","SharpContractionReality_purple","ExistenceContinue_purple"],"picked":"SKIP","floor":29},{"not_picked":["RuptureOfTimeAndSpace_purple+1","SfantasyHide_purple+1","ExistenceContinue_purple"],"picked":"SKIP","floor":30},{"not_picked":["Charmbait_purple","AdvanceAttack_purple"],"picked":"Anti_communist_purple+1","floor":31},{"not_picked":["Boundary_DynamicStaticEquilibrium_purple+1","Mirror_Drifter_purple","RuptureOfTimeAndSpace_purple+1"],"picked":"SKIP","floor":31},{"not_picked":[],"picked":"Gensokyo:ShootingStar","floor":33},{"not_picked":["Mirror_TwoAndThreeElementRealm_purple+1","Know_ledgeAbilityRealm_purple"],"picked":"WangLiang_LineAndCurveDreams_purple","floor":33},{"not_picked":["SharpContractionReality_purple+1","ExistenceContinue_purple"],"picked":"Umbrella_purple+1","floor":35},{"not_picked":["SharpContractionReality_purple","Realm_recovery_purpleEX+1","Boundary_DynamicStaticEquilibrium_purple+1"],"picked":"SKIP","floor":35},{"not_picked":["WangLiang_LineAndCurveDreams_purple","SfantasyHide_purple+1"],"picked":"PositiveMatter_Antimatter_Universe_purple+1","floor":39},{"not_picked":["Realm_recovery_purpleEX+1","Mirror_WaveAndshot_purple+1","PositiveMatter_Antimatter_Universe_purple+1"],"picked":"SKIP","floor":39},{"not_picked":["ExternalForce_HighSpeedFlying_purple+1","Shallow_ocean_purpleEX+1","Mirror_FormAndEmptin_purple+1"],"picked":"SKIP","floor":41},{"not_picked":["Shallow_ocean_purpleEX+1","OmniscientAndOmnipotent_Monster_purple","PurpleNeedle_purple+1"],"picked":"RuleDissolution_purple+1","floor":44},{"not_picked":["Fantasy_PerpetualMotionMachine_purple+1","AdvanceAttack_purple+1","Know_ledgeAbilityRealm_purple","DarkRealmRedLine_purple+1"],"picked":"SKIP","floor":44},{"not_picked":["MeetDecomposer_purple+1","SfantasyHide_purple+1","MagicEyes_LaplaceDemon_purple+1","MonsterNeedle_purple+1"],"picked":"SKIP","floor":45},{"not_picked":["Gensokyo:MorningStar+1","Gensokyo:UnhurriedMind+1"],"picked":"Gensokyo:RisingWorld+1","floor":46},{"not_picked":["ExistenceContinue_purple+1","Boundary_LightAndDark_purple+1","WatchEChange_purple+1"],"picked":"Anti_communist_purple+1","floor":48},{"not_picked":["MonsterNeedle_purple+1","ExistenceContinue_purple","SfantasyHide_purple+1"],"picked":"Anti_communist_purple+1","floor":54}],"player_experience":1426114,"relics_obtained":[{"floor":6.0,"key":"Prayer Wheel"},{"floor":8.0,"key":"AT_BladeRuinedKing"},{"floor":9.0,"key":"Toxic Egg 2"},{"floor":10,"key":"Bird Faced Urn"},{"floor":24,"key":"Girya"},{"floor":24,"key":"Anchor"},{"floor":27,"key":"Akabeko"},{"floor":27,"key":"Ice Cream"},{"floor":30,"key":"Letter Opener"},{"floor":30,"key":"Pen Nib"},{"floor":41,"key":"AT_ChloranthyRing"},{"floor":41,"key":"Question Card"},{"floor":43,"key":"Toy Ornithopter"},{"floor":45,"key":"InkBottle"},{"floor":45,"key":"The Courier"},{"floor":48,"key":"HornCleat"},{"floor":48,"key":"PreservedInsect"},{"floor":54,"key":"Art of War"},{"floor":54,"key":"Oddly Smooth Stone"}],"event_choices":[],"is_beta":false,"boss_relics":[{"not_picked":["Cursed Key","Philosopher\u0027s Stone"],"picked":"Black Star"},{"not_picked":["AT_MortalBlade","Runic Pyramid"],"picked":"SlaversCollar"}],"items_purged_floors":[7,37],"is_endless":false,"potions_floor_spawned":[6,8,10,20,22,25,27,29,41,44,48],"ascension_level":8}}