{"host":"qxeepl7ydvsgmfdb","time":1613641777,"event":{"mods":["AchievementEnabler","BaseMod","Colored Powertips","Minty Spire (QoL Compilation)","Quick Restart","slay the spire mod where everything is the same but ironclad has a cowboy hat"],"gold_per_floor":[115,265,265,190,205,205,230,230,230,264,283,283,36,48,48,126,126,141,141,154,168,6,6,33,6,6,6,36,52,71,71,71],"floor_reached":31,"language":"ENG","playtime":643,"items_purged":[],"score":662,"play_id":"2497219a-bea9-4abd-a7bb-ee73a435b3f3","local_time":"20210218044937","is_ascension_mode":true,"campfire_choices":[{"data":"Deflect","floor":6.0,"key":"SMITH"},{"data":"Neutralize","floor":12.0,"key":"SMITH"},{"data":"Survivor","floor":15.0,"key":"SMITH"},{"floor":23.0,"key":"REST"}],"circlet_count":0,"master_deck":["AscendersBane","Strike_G","Strike_G","Strike_G","Strike_G","Defend_G","Defend_G","Defend_G","Defend_G","Defend_G","Survivor+1","Neutralize+1","Deflect+1","Dagger Spray+1","Dagger Spray+1","Dramatic Entrance+1","Finisher+1","Die Die Die+1","Blade Dance","Footwork","All Out Attack+1","Blade Dance","Deflect","Blade Dance"],"relics":["Ring of the Snake","NeowsBlessing","Molten Egg 2","Ancient Tea Set","Question Card","Paper Crane","Bronze Scales","WristBlade","Membership Card","Vajra","Pantograph","Blood Vial"],"acts_visited":["Exordium","TheCity"],"potions_floor_usage":[31],"damage_taken":[{"damage":0.0,"enemies":"Cultist","floor":1.0,"turns":1.0},{"damage":0.0,"enemies":"Small Slimes","floor":5.0,"turns":1.0},{"damage":0.0,"enemies":"Lagavulin","floor":7.0,"turns":1.0},{"damage":0.0,"enemies":"Gremlin Nob","floor":10.0,"turns":2.0},{"damage":0.0,"enemies":"2 Louse","floor":11.0,"turns":1.0},{"damage":0.0,"enemies":"Looter","floor":14.0,"turns":2.0},{"damage":26.0,"enemies":"The Guardian","floor":16.0,"turns":18.0},{"damage":7.0,"enemies":"Chosen","floor":18.0,"turns":4.0},{"damage":11.0,"enemies":"Spheric Guardian","floor":20.0,"turns":3.0},{"damage":17.0,"enemies":"Snake Plant","floor":21.0,"turns":4.0},{"damage":0.0,"enemies":"Gremlin Leader","floor":24.0,"turns":4.0},{"damage":23.0,"enemies":"Book of Stabbing","floor":28.0,"turns":4.0},{"damage":3.0,"enemies":"Cultist and Chosen","floor":29.0,"turns":4.0},{"damage":0.0,"enemies":"Shelled Parasite and Fungi","floor":30.0,"turns":1.0},{"damage":19,"enemies":"Snake Plant","floor":31,"turns":1}],"seed_played":"4694873727752291276","potions_obtained":[{"floor":1.0,"key":"FearPotion"},{"floor":7.0,"key":"SteroidPotion"},{"floor":11.0,"key":"Explosive Potion"},{"floor":19.0,"key":"CultistPotion"},{"floor":19.0,"key":"Poison Potion"},{"floor":29.0,"key":"AttackPotion"},{"floor":30.0,"key":"Poison Potion"}],"is_trial":false,"path_per_floor":["M","?","?","?","M","R","E","?","T","E","M","R","$","M","R","B",null,"M","?","M","M","$","R","E","$","T","$","E","M","M","M"],"character_chosen":"THE_SILENT","items_purchased":["Bronze Scales","Dramatic Entrance+1","Membership Card","Deflect"],"campfire_rested":1,"item_purchase_floors":[13,13,22,25],"current_hp_per_floor":[59,59,59,59,59,59,59,48,48,48,48,48,48,48,48,22,55,48,48,37,20,20,39,39,39,39,39,16,15,17,0,0],"gold":71,"neow_bonus":"THREE_ENEMY_KILL","is_daily":false,"chose_seed":false,"campfire_upgraded":3,"win_rate":0.0,"timestamp":1613641777,"path_taken":["M","?","?","?","M","R","E","?","T","E","M","R","$","M","R","BOSS","M","?","?","?","$","R","E","?","T","$","E","M","M","M"],"items_purchased_type":["Relic","Card","Relic","Card"],"build_version":"2020-12-22","purchased_purges":0,"victory":false,"max_hp_per_floor":[66,66,66,66,66,66,66,66,66,66,66,66,66,66,66,66,66,66,66,66,66,66,66,66,66,66,66,66,66,66,66,66],"card_choices":[{"not_picked":["Well Laid Plans","Quick Slash"],"picked":"Deflect","floor":1.0},{"not_picked":["Flechettes","Caltrops","Quick Slash"],"picked":"SKIP","floor":5.0},{"not_picked":["Accuracy","Concentrate"],"picked":"Dagger Spray+1","floor":7.0},{"not_picked":["Quick Slash+1","Bane+1","Escape Plan"],"picked":"Dagger Spray+1","floor":10.0},{"not_picked":["Dagger Spray+1","Concentrate","Flechettes+1","PiercingWail"],"picked":"SKIP","floor":11.0},{"not_picked":["Predator+1","Terror","Deadly Poison"],"picked":"Finisher+1","floor":14.0},{"not_picked":["Wraith Form v2","Storm of Steel","Bullet Time"],"picked":"Die Die Die+1","floor":16.0},{"not_picked":["Outmaneuver","Dagger Spray+1","Dash+1"],"picked":"Blade Dance","floor":18.0},{"not_picked":["Masterful Stab+1","PiercingWail","Bane+1"],"picked":"Footwork","floor":20.0},{"not_picked":["Leg Sweep","Prepared+1","PiercingWail+1"],"picked":"All Out Attack+1","floor":21.0},{"not_picked":["All Out Attack+1","Acrobatics","Accuracy"],"picked":"Blade Dance","floor":24.0},{"not_picked":["Outmaneuver","Footwork","Dodge and Roll+1"],"picked":"Blade Dance","floor":28.0},{"not_picked":["PiercingWail","Choke+1","All Out Attack+1","Dodge and Roll+1"],"picked":"SKIP","floor":29.0},{"not_picked":["Quick Slash+1","Terror","Eviscerate+1","Prepared"],"picked":"SKIP","floor":30.0}],"player_experience":168829,"relics_obtained":[{"floor":7.0,"key":"Molten Egg 2"},{"floor":9.0,"key":"Question Card"},{"floor":10.0,"key":"Paper Crane"},{"floor":24.0,"key":"Vajra"},{"floor":26.0,"key":"Pantograph"},{"floor":28.0,"key":"Blood Vial"}],"event_choices":[{"damage_healed":0.0,"max_hp_gain":0.0,"max_hp_loss":0.0,"gold_gain":150.0,"event_name":"Liars Game","player_choice":"AGREE","floor":2.0,"gold_loss":0.0,"damage_taken":0.0,"cards_obtained":["Doubt"]},{"cards_removed":["Doubt"],"damage_healed":0.0,"max_hp_gain":0.0,"max_hp_loss":0.0,"gold_gain":0.0,"event_name":"Living Wall","player_choice":"Forget","floor":3.0,"gold_loss":0.0,"damage_taken":0.0},{"cards_removed":["Strike_G"],"damage_healed":0.0,"max_hp_gain":0.0,"max_hp_loss":0.0,"gold_gain":0.0,"event_name":"The Cleric","player_choice":"Card Removal","floor":4.0,"gold_loss":75.0,"damage_taken":0.0},{"damage_healed":0.0,"max_hp_gain":0.0,"max_hp_loss":0.0,"gold_gain":0.0,"event_name":"Scrap Ooze","player_choice":"Success","floor":8.0,"gold_loss":0.0,"damage_taken":11.0,"relics_obtained":["Ancient Tea Set"]},{"damage_healed":0.0,"max_hp_gain":0.0,"max_hp_loss":0.0,"gold_gain":0.0,"event_name":"Lab","player_choice":"Got Potions","floor":19.0,"gold_loss":0.0,"damage_taken":0.0}],"is_beta":false,"boss_relics":[{"not_picked":["Ectoplasm","Busted Crown"],"picked":"WristBlade"}],"items_purged_floors":[],"is_endless":false,"potions_floor_spawned":[1,7,11,20,29,30],"killed_by":"Snake Plant","ascension_level":17}}