{"host":"yqw1zpryoutrnocq","time":1613680176,"event":{"mods":["2.2 Compatiblity","AchievementEnabler","BaseMod","Colored Map","Custom Start","DeckTracker","Minty Spire (QoL Compilation)","StSLib","SuperFastMode"],"gold_per_floor":[109,120,120,195,195,225,225,236,236,256,268,302,318,318,318],"floor_reached":14,"language":"KOR","playtime":230,"items_purged":[],"score":197,"play_id":"98385bde-501f-432c-8a6b-1cf094f1c93d","local_time":"20210218142936","is_ascension_mode":true,"campfire_choices":[{"data":"Masterful Stab","floor":7,"key":"SMITH"}],"circlet_count":0,"master_deck":["AscendersBane","Strike_G","Strike_G","Strike_G+1","Strike_G","Strike_G","Defend_G","Defend_G","Defend_G","Defend_G+1","Defend_G","Survivor","Neutralize","Dagger Spray","Masterful Stab+1","Finisher","Burst","Dagger Throw","Calculated Gamble","Poisoned Stab","Heel Hook","Blade Dance","Cloak And Dagger"],"relics":["Ring of the Snake","NeowsBlessing","White Beast Statue","Potion Belt"],"acts_visited":["Exordium"],"potions_floor_usage":[11,13,13,14],"damage_taken":[{"damage":0,"enemies":"Small Slimes","floor":1,"turns":1},{"damage":0,"enemies":"2 Louse","floor":2,"turns":1},{"damage":0,"enemies":"Gremlin Nob","floor":6,"turns":1},{"damage":0,"enemies":"Cultist","floor":8,"turns":2},{"damage":9,"enemies":"2 Fungi Beasts","floor":10,"turns":2},{"damage":0,"enemies":"Blue Slaver","floor":11,"turns":3},{"damage":32,"enemies":"3 Sentries","floor":12,"turns":7},{"damage":0,"enemies":"Looter","floor":13,"turns":1},{"damage":9,"enemies":"Gremlin Nob","floor":14,"turns":2}],"seed_played":"6287850972852136013","potions_obtained":[{"floor":2,"key":"Dexterity Potion"},{"floor":6,"key":"Poison Potion"},{"floor":10,"key":"Weak Potion"},{"floor":11,"key":"Fruit Juice"},{"floor":12,"key":"FearPotion"},{"floor":13,"key":"Fruit Juice"}],"is_trial":false,"path_per_floor":["M","M","?","?","?","E","R","M","T","M","M","E","M","E"],"character_chosen":"THE_SILENT","items_purchased":[],"campfire_rested":0,"item_purchase_floors":[],"current_hp_per_floor":[63,63,49,38,38,38,38,38,38,29,34,2,7,0,0],"gold":318,"neow_bonus":"THREE_ENEMY_KILL","is_daily":false,"chose_seed":false,"campfire_upgraded":1,"win_rate":0.0,"timestamp":1613680176,"path_taken":["M","M","?","?","?","E","R","M","T","M","M","E","?","E"],"items_purchased_type":[],"build_version":"2020-12-22","purchased_purges":0,"victory":false,"max_hp_per_floor":[70,70,70,70,70,70,70,70,70,70,75,75,80,80,80],"card_choices":[{"not_picked":["Leg Sweep","Acrobatics"],"picked":"Dagger Spray","floor":1},{"not_picked":["Infinite Blades","Dagger Throw"],"picked":"Masterful Stab","floor":2},{"not_picked":["Flying Knee","Outmaneuver"],"picked":"Dagger Throw","floor":6},{"not_picked":["Deflect","Leg Sweep"],"picked":"Calculated Gamble","floor":8},{"not_picked":["Outmaneuver","Deflect"],"picked":"Poisoned Stab","floor":10},{"not_picked":["Skewer","Sucker Punch"],"picked":"Heel Hook","floor":11},{"not_picked":["Calculated Gamble","Masterful Stab"],"picked":"Blade Dance","floor":12},{"not_picked":["Caltrops","Dash"],"picked":"Cloak And Dagger","floor":13}],"player_experience":345344,"relics_obtained":[{"floor":6,"key":"White Beast Statue"},{"floor":12,"key":"Potion Belt"}],"event_choices":[{"damage_healed":0,"gold_gain":0,"player_choice":"Entered Light","damage_taken":14,"max_hp_gain":0,"max_hp_loss":0,"event_name":"Shining Light","floor":3,"gold_loss":0,"cards_upgraded":["Strike_G","Defend_G"]},{"damage_healed":0,"gold_gain":75,"player_choice":"Gather Gold","damage_taken":11,"max_hp_gain":0,"max_hp_loss":0,"event_name":"World of Goop","floor":4,"gold_loss":0},{"damage_healed":0,"gold_gain":0,"player_choice":"2 cards matched","damage_taken":0,"max_hp_gain":0,"max_hp_loss":0,"event_name":"Match and Keep!","floor":5,"gold_loss":0,"cards_obtained":["Finisher","Burst"]}],"is_beta":false,"boss_relics":[],"items_purged_floors":[],"is_endless":false,"potions_floor_spawned":[2,6,8,10,11,12,13],"killed_by":"Gremlin Nob","ascension_level":11}}