{"host":"l46m38yewlsb1e16","time":1613667316,"event":{"mods":["BaseMod","Infinite Spire","Minty Spire (QoL Compilation)","Replay The Spire","Shop Mod","StSLib","The Jungle"],"gold_per_floor":[112,62,137,137,151,181,34,34,34,64,75,86,86,97,97,97,97],"floor_reached":16,"language":"ENG","playtime":806,"items_purged":[],"score":149,"play_id":"e3733882-7389-4186-86b7-862a4d1fc5c0","local_time":"20210218165516","is_ascension_mode":true,"campfire_choices":[{"data":"Eclipse","floor":8,"key":"SMITH"},{"data":"Bash","floor":15,"key":"SMITH"}],"circlet_count":0,"master_deck":["Strike_R","Strike_R","Strike_R","Strike_R","Defend_R","Defend_R","Defend_R","Defend_R","Bash+1","Eclipse+1","Fire Breathing","Wild Strike","Shrug It Off","True Grit"],"relics":["Burning Blood","Divine Protection","Sling","Paper Frog","Mango"],"acts_visited":["Exordium"],"potions_floor_usage":[14,16],"damage_taken":[{"damage":8,"enemies":"Small Slimes","floor":1,"turns":3},{"damage":10,"enemies":"2 Louse","floor":5,"turns":5},{"damage":28,"enemies":"Replay:BlueRogue","floor":6,"turns":6},{"damage":9,"enemies":"Gremlin Nob","floor":10,"turns":4},{"damage":4,"enemies":"Jaw Worm","floor":11,"turns":2},{"damage":0,"enemies":"2 Fungi Beasts","floor":12,"turns":4},{"damage":6,"enemies":"Red Slaver","floor":14,"turns":4},{"damage":52,"enemies":"Hexaghost","floor":16,"turns":13}],"seed_played":"2668630024686901651","potions_obtained":[{"floor":6,"key":"Explosive Potion"},{"floor":10,"key":"Fire Potion"},{"floor":11,"key":"Swift Potion"}],"is_trial":false,"path_per_floor":["M","?","?","?","M","E","$","R","T","E","M","M","T","M","R","B"],"character_chosen":"IRONCLAD","items_purchased":["Sling"],"campfire_rested":0,"item_purchase_floors":[7],"current_hp_per_floor":[70,70,59,59,55,33,33,33,33,44,46,52,52,52,52,0,0],"gold":97,"neow_bonus":"THREE_RARE_CARDS","is_daily":false,"chose_seed":false,"campfire_upgraded":2,"win_rate":0.0,"timestamp":1613667316,"path_taken":["M","?","?","?","M","E","$","R","T","E","M","M","?","M","R","BOSS"],"items_purchased_type":["Relic"],"build_version":"2020-12-22","purchased_purges":0,"victory":false,"max_hp_per_floor":[72,72,72,72,72,72,72,72,72,86,86,86,86,86,86,86,86],"card_choices":[{"not_picked":["Hemogenesis","Demonic Infusion"],"picked":"Eclipse","floor":0},{"not_picked":["Body Slam","Perfected Strike"],"picked":"Fire Breathing","floor":1},{"not_picked":["Sever Soul","Sword Boomerang"],"picked":"Wild Strike","floor":5},{"not_picked":["Intimidate","Pommel Strike"],"picked":"Shrug It Off","floor":6},{"not_picked":["Anger","Run Through"],"picked":"True Grit","floor":10},{"not_picked":["Massacre","Rampage","Second Wind"],"picked":"SKIP","floor":11},{"not_picked":["Havoc","Combust","Body Slam"],"picked":"SKIP","floor":12},{"not_picked":["Armaments","Eclipse","Warcry"],"picked":"SKIP","floor":14}],"player_experience":374891,"relics_obtained":[{"floor":6,"key":"Divine Protection"},{"floor":9,"key":"Paper Frog"},{"floor":10,"key":"Mango"}],"event_choices":[{"cards_removed":["Strike_R"],"damage_healed":0,"gold_gain":0,"player_choice":"Card Removal","damage_taken":0,"max_hp_gain":0,"max_hp_loss":0,"event_name":"The Cleric","floor":2,"gold_loss":50},{"damage_healed":0,"gold_gain":75,"player_choice":"Gather Gold","damage_taken":11,"max_hp_gain":0,"max_hp_loss":0,"event_name":"World of Goop","floor":3,"gold_loss":0}],"is_beta":false,"boss_relics":[],"items_purged_floors":[],"is_endless":false,"potions_floor_spawned":[6,10,11],"killed_by":"Hexaghost","ascension_level":7}}