{"host":"j5j96s76v36ug78u","time":1613646506,"event":{"mods":["BaseMod","Better Third Choice","Downfall","Highlight Path","Minty Spire (QoL Compilation)","Reliquary","StSLib","The Animator"],"gold_per_floor":[0,14,14,14,41,65,140,9,121,152,152,172,172,213,236,341,341,241,261,365,365,365,199,223,254,54,75,101,121,121,141,174,286,286,286,309,309,347,347,347,370,370,401,416,430,77,77,104,126,130,130,130,130],"floor_reached":52,"language":"ENG","playtime":6982,"items_purged":["animator:Strike"],"score":914,"play_id":"2e1f3da9-fbee-41fb-a66c-a4b014902f69","local_time":"20210218080826","is_ascension_mode":true,"campfire_choices":[{"data":"animator:Kuroyukihime","floor":1.0,"key":"SMITH"},{"data":"animator:DolaRiku","floor":13.0,"key":"SMITH"},{"floor":18,"key":"RECALL"},{"data":"J.A.X.","floor":26,"key":"SMITH"},{"data":"animator:UneriGinkaku","floor":30,"key":"SMITH"},{"data":"animator:MumenRider","floor":35,"key":"SMITH"},{"data":"animator:Boros","floor":40,"key":"SMITH"}],"circlet_count":0,"master_deck":["animator:Kuroyukihime+1","animator:LimeBell","animator:Rena","animator:Sonic","animator:GuildGirl+1","animator:Rena","animator:Sebas","animator:CowGirl","animator:Melzalgald","animator:DolaRiku+1","animator:MumenRider","animator:Sonic","animator:MumenRider+1","animator:Kyubey","animator:YuiTsuruno","animator:Add+1","J.A.X.+1","animator:YaoHaDucy+1","animator:Shuna","animator:UneriGinkaku+1","animator:ZankiKiguchi+1","animator:MumenRider","animator:UneriGinkaku","animator:CowGirl","animator:Shalltear","animator:Saitama","animator:Boros+1","animator:AcuraTooru+1","animator:Tatsumaki","animator:Shiro","animator:Boros","animator:Chung+1","animator:ZankiKiguchi+1","expansioncontent:Hexaburn","expansioncontent:AwakenDeath","expansioncontent:LastStand","animator:MumenRider","Parasite","animator:Add+1"],"relics":["animator:LivingPicture","animator:TheMissingPiece","animator:PurgingStone","Dead Branch","Question Card","Bird Faced Urn","reliquary:ThirdArm","downfall:HeartBlessingGreen","MutagenicStrength","reliquary:FingerTrap","Orichalcum","downfall:HeartBlessingBlue","downfall:HeartBlessingRed","Torii","reliquary:RedCape","The Courier","Red Skull","Blue Candle","Whetstone","OrangePellets","Potion Belt"],"acts_visited":["Exordium","TheCity","TheBeyond","TheEnding"],"potions_floor_usage":[20,27,28,29,31,43,50,50,50,50,50,50,50,50],"damage_taken":[{"damage":0.0,"enemies":"Jaw Worm","floor":2.0,"turns":5.0},{"damage":0.0,"enemies":"Small Slimes","floor":5.0,"turns":3.0},{"damage":0.0,"enemies":"Cultist","floor":6.0,"turns":5.0},{"damage":0.0,"enemies":"downfall:FleeingMerchant","floor":8.0,"turns":4.0},{"damage":0.0,"enemies":"downfall:Heads","floor":9.0,"turns":6.0},{"damage":9.0,"enemies":"Lots of Slimes","floor":10.0,"turns":4.0},{"damage":0.0,"enemies":"downfall:LooterAlt","floor":12.0,"turns":2.0},{"damage":14.0,"enemies":"3 Sentries","floor":14.0,"turns":7.0},{"damage":0.0,"enemies":"Blue Slaver","floor":15.0,"turns":4.0},{"damage":27.0,"enemies":"WA_ARCHETYPE_RETAIN","floor":16.0,"turns":12.0},{"damage":0,"enemies":"Spheric Guardian","floor":19,"turns":7},{"damage":1,"enemies":"downfall:Augmenter","floor":20,"turns":8},{"damage":0,"enemies":"downfall:FleeingMerchant","floor":23,"turns":4},{"damage":0,"enemies":"Chosen","floor":25,"turns":5},{"damage":4,"enemies":"downfall:FleeingMerchant","floor":27,"turns":4},{"damage":7,"enemies":"Centurion and Healer","floor":28,"turns":3},{"damage":0,"enemies":"Snake Plant","floor":29,"turns":1},{"damage":7,"enemies":"Cultist and Chosen","floor":31,"turns":3},{"damage":9,"enemies":"Centurion and Healer","floor":32,"turns":5},{"damage":31,"enemies":"SI_MIRROR_ARCHETYPE","floor":33,"turns":11},{"damage":17,"enemies":"3 Darklings","floor":36,"turns":4},{"damage":0,"enemies":"Orb Walker","floor":38,"turns":4},{"damage":0,"enemies":"Giant Head","floor":43,"turns":6},{"damage":1,"enemies":"Sphere and 2 Shapes","floor":44,"turns":4},{"damage":7,"enemies":"Spire Growth","floor":45,"turns":3},{"damage":12,"enemies":"3 Darklings","floor":48,"turns":7},{"damage":50,"enemies":"Writhing Mass","floor":49,"turns":4},{"damage":61,"enemies":"IC_BLOCK_ARCHETYPE","floor":50,"turns":10},{"damage":104,"enemies":"downfall:CharBossMerchant","floor":52,"turns":6}],"seed_played":"4168054086848349071","potions_obtained":[{"floor":2.0,"key":"FearPotion"},{"floor":9.0,"key":"bronze:BurnAndBuffPotion"},{"floor":12.0,"key":"EntropicBrew"},{"floor":25,"key":"GamblersBrew"},{"floor":28,"key":"hexamod:SoulburnPotion"},{"floor":29,"key":"FearPotion"},{"floor":43,"key":"EntropicBrew"},{"floor":44,"key":"Ancient Potion"},{"floor":48,"key":"Guardian:BlockOnCardUsePotion"},{"floor":49,"key":"champ:CounterPotion"}],"is_trial":false,"path_per_floor":["R","M","?","?","M","M","T","$","?","M","T","M","R","E","M","B",null,"R","M","?","T","?","$","T","M","R","$","M","M","R","M","M","B",null,"R","M","?","M","T","R","T","?","E","M","M","$","?","M","M","B",null,"E"],"character_chosen":"THE_ANIMATOR","items_purchased":["animator:Sebas","reliquary:FingerTrap","Torii","Whetstone","OrangePellets","Potion Belt"],"campfire_rested":0,"item_purchase_floors":[8,23,27,46,46,46],"current_hp_per_floor":[66,66,66,66,66,66,66,66,67,58,58,61,61,51,55,32,70,70,70,69,69,69,70,70,70,80,76,73,73,73,70,72,50,83,83,82,82,83,83,83,83,83,83,83,83,83,73,83,44,28,83,0,0],"gold":130,"neow_bonus":"ONE_RARE_RELIC","is_daily":false,"chose_seed":false,"campfire_upgraded":6,"win_rate":0.0,"timestamp":1613646506,"path_taken":["R","M","?","?","?","?","T","?","?","M","?","M","R","E","M","BOSS","R","M","?","?","?","?","T","M","R","?","M","M","R","M","M","BOSS","R","M","?","?","?","R","T","?","E","?","M","$","?","M","M","BOSS","E"],"items_purchased_type":["Card","Relic","Relic","Relic","Relic","Relic"],"build_version":"2020-12-22","purchased_purges":1,"victory":false,"max_hp_per_floor":[66,66,66,66,66,66,66,66,67,67,67,68,68,68,70,70,70,70,70,70,70,70,70,70,70,80,80,80,80,80,80,82,83,83,83,83,83,83,83,83,83,83,83,83,83,83,83,83,83,83,83,83,83],"card_choices":[{"not_picked":["animator:KyokoSakura","animator:Vesta"],"picked":"animator:Rena","floor":2.0},{"not_picked":["animator:KyokoSakura","animator:Millim"],"picked":"animator:Sonic","floor":5.0},{"not_picked":["animator:Shion","animator:TukaLunaMarceau"],"picked":"animator:GuildGirl","floor":6.0},{"not_picked":["animator:Aisha","animator:Chung","animator:Ciel"],"picked":"animator:Rena","floor":8.0},{"not_picked":["animator:Geryuganshoop","animator:IrohaTamaki","animator:Hitei"],"picked":"animator:CowGirl","floor":9.0},{"not_picked":["animator:Konayuki","animator:Kuribayashi","animator:Spearman"],"picked":"animator:DolaRiku","floor":10.0},{"not_picked":["animator:YaoHaDucy","animator:Tatsumaki","animator:Ara"],"picked":"animator:MumenRider","floor":12.0},{"not_picked":["animator:MetalKnight","animator:Melzalgald","animator:Tatsumaki"],"picked":"animator:Sonic","floor":14.0},{"not_picked":["animator:Priestess","animator:Evileye","animator:Fredrika"],"picked":"animator:MumenRider","floor":15.0},{"not_picked":["animator:Ainz","animator:Albedo","animator:AcuraShin"],"picked":"animator:Kyubey","floor":16.0},{"not_picked":["animator:Nanami+1","animator:KyokoSakura","animator:Ara"],"picked":"animator:YuiTsuruno","floor":19},{"not_picked":["animator:ZankiKiguchi","animator:Shuna","animator:NagisaMomoe+1"],"picked":"animator:Add+1","floor":20},{"not_picked":[],"picked":"J.A.X.","floor":20},{"not_picked":["animator:DolaRiku","animator:Arpeggio","animator:HighElfArcher"],"picked":"animator:ZankiKiguchi","floor":25},{"not_picked":["animator:SilverFang+1","animator:YaoHaDucy","animator:Souei"],"picked":"animator:MumenRider","floor":27},{"not_picked":["animator:Demiurge","animator:DolaCouronne+1","animator:Chung"],"picked":"animator:UneriGinkaku","floor":28},{"not_picked":["animator:Priestess","animator:LizardPriest","animator:Spearman"],"picked":"animator:CowGirl","floor":29},{"not_picked":["animator:ChaikaBohdan","animator:Shichika","animator:Bozes"],"picked":"animator:Shalltear","floor":31},{"not_picked":["animator:LizardPriest","animator:Melzalgald","animator:UneriGinkaku+1"],"picked":"animator:Saitama","floor":32},{"not_picked":["animator:Ainz","animator:MadokaKaname","animator:Albedo"],"picked":"animator:Boros","floor":33},{"not_picked":["animator:Demiurge+1","animator:DolaStephanie+1","animator:Ain+1"],"picked":"animator:AcuraTooru+1","floor":36},{"not_picked":["animator:MumenRider","animator:MetalKnight","animator:SilverFang"],"picked":"animator:Tatsumaki","floor":38},{"not_picked":["animator:Spearman+1","animator:MumenRider+1","animator:DolaSchwi"],"picked":"animator:Boros","floor":43},{"not_picked":["animator:Shalltear","animator:Lu","animator:Nanami"],"picked":"animator:Chung+1","floor":44},{"not_picked":["animator:Bozes+1","animator:Shuna","animator:Sonic"],"picked":"animator:ZankiKiguchi+1","floor":45},{"not_picked":["expansioncontent:Chronoboost","expansioncontent:GuardianWhirl"],"picked":"expansioncontent:Hexaburn","floor":47},{"not_picked":["expansioncontent:HyperBeam","expansioncontent:Chronoboost"],"picked":"expansioncontent:AwakenDeath","floor":47},{"not_picked":["expansioncontent:PolyBeam","expansioncontent:HyperBeam"],"picked":"expansioncontent:LastStand","floor":47},{"not_picked":["animator:Melzalgald","animator:Sonic","animator:SilverFang"],"picked":"animator:MumenRider","floor":48},{"not_picked":["animator:Elesis","animator:Entoma","animator:Ciel"],"picked":"animator:Add+1","floor":49}],"player_experience":260405,"relics_obtained":[{"floor":7.0,"key":"Question Card"},{"floor":11.0,"key":"Bird Faced Urn"},{"floor":14.0,"key":"Centennial Puzzle"},{"floor":20,"key":"MutagenicStrength"},{"floor":24,"key":"Orichalcum"},{"floor":39,"key":"The Courier"},{"floor":41,"key":"Red Skull"},{"floor":43,"key":"Blue Candle"}],"event_choices":[{"cards_removed":["animator:Strike"],"damage_healed":0.0,"max_hp_gain":0.0,"max_hp_loss":0.0,"gold_gain":0.0,"event_name":"The Cleric","player_choice":"Card Removal","floor":3.0,"gold_loss":0.0,"damage_taken":0.0},{"damage_healed":0,"gold_gain":0,"player_choice":"Read","damage_taken":0,"max_hp_gain":0,"max_hp_loss":0,"event_name":"The Library","floor":22,"gold_loss":0,"cards_obtained":["animator:UneriGinkaku"]}],"is_beta":false,"boss_relics":[{"not_picked":["Philosopher\u0027s Stone","animator:RacePiece"],"picked":"reliquary:ThirdArm"},{"not_picked":["animator:CursedBlade","reliquary:WritOfMandamus"],"picked":"reliquary:RedCape"}],"items_purged_floors":[8],"is_endless":false,"potions_floor_spawned":[2,9,12,14,16,19,25,28,29,43,44,48,49],"killed_by":"downfall:CharBossMerchant","ascension_level":3}}