{"host":"a3gu5zu37ht99mpa","time":1613609343,"event":{"mods":["100% Spire Juice","Act Like it!","Bartender","BaseMod","Better Silent Start","Better Third Choice","BetterRewards","Conspire","Downfall","Energized Spire","GifTheSpireLib","Gold Saver","Halation","JesterMod","Lobotomy","LobotomyExtend","Luminous","Minty Spire (QoL Compilation)","Reliquary","StSLib","Stuff the Spire","The Animator","The Florist","The Gatherer","Virulent Crown","Wandering Minibosses","yUi","??????REMEMod"],"gold_per_floor":[116,191,191,191,201,226,226,246,246,54,54,54,54,68,68,68,68],"floor_reached":16,"language":"ENG","playtime":991,"items_purged":[],"score":148,"play_id":"87afdda2-e15f-4d3b-9039-fac31ba1b439","local_time":"20210217194903","is_ascension_mode":false,"campfire_choices":[{"data":"Agrypnos:SeedPacket","floor":7,"key":"SMITH"},{"floor":12,"key":"REST"},{"floor":15,"key":"REST"}],"circlet_count":0,"master_deck":["conspire:GhostlyStrike","conspire:GhostlyStrike","conspire:GhostlyStrike","conspire:GhostlyStrike","conspire:GhostlyDefend","conspire:GhostlyDefend","conspire:GhostlyDefend","conspire:GhostlyDefend","Agrypnos:Dandelion","Agrypnos:Trowel","Agrypnos:MorningGlory","NakedNest","Agrypnos:Rake","Burn","OldLady","Agrypnos:CombTheEarth","Agrypnos:SeedPacket+1","Murderer","WallGazer","Agrypnos:Myosotis","Agrypnos:Pollen","Agrypnos:NaturalNutrition","CherryBlossoms"],"relics":["Agrypnos:Floristry","REME_ComplimentaryCards","CogitoBucket","LetterFromLob","reliquary:TridentHead","halation:Komachan"],"acts_visited":["Exordium"],"potions_floor_usage":[6],"damage_taken":[{"damage":2,"enemies":"2 Louse","floor":1,"turns":4},{"damage":9,"enemies":"conspire:RoseBush","floor":5,"turns":2},{"damage":23,"enemies":"3 Sentries","floor":6,"turns":11},{"damage":11,"enemies":"Jaw Worm","floor":8,"turns":3},{"damage":22,"enemies":"conspire:2 RoseBushes","floor":14,"turns":6},{"damage":49,"enemies":"The Guardian","floor":16,"turns":5}],"seed_played":"-1901255725588419977","potions_obtained":[{"floor":1,"key":"Regen Potion"},{"floor":6,"key":"Ancient Potion"},{"floor":14,"key":"Guardian:BlockOnCardUsePotion"}],"is_trial":false,"path_per_floor":["M","?","?","?","M","E","R","M","T","$","$","R","?","M","R","B"],"character_chosen":"THE_FLORIST","items_purchased":["Agrypnos:Pollen","halation:Komachan"],"campfire_rested":2,"item_purchase_floors":[10,10],"current_hp_per_floor":[68,57,57,57,48,40,40,29,29,29,29,50,50,28,49,0,0],"gold":68,"neow_bonus":"","is_daily":false,"chose_seed":false,"campfire_upgraded":1,"win_rate":0.0,"timestamp":1613609343,"path_taken":["M","?","?","?","M","E","R","M","T","?","$","R","?","M","R","BOSS"],"items_purchased_type":["Card","Relic"],"build_version":"2020-12-22","purchased_purges":0,"victory":false,"max_hp_per_floor":[70,70,70,70,70,70,70,70,70,70,70,70,70,70,70,70,70],"card_choices":[{"not_picked":["Bloodbath","PunishingBird"],"picked":"NakedNest","floor":1},{"not_picked":["Agrypnos:Autumn","Agrypnos:Zinnia"],"picked":"Agrypnos:Rake","floor":1},{"not_picked":["MeatLantern","BeautyBeast"],"picked":"OldLady","floor":5},{"not_picked":["Agrypnos:RustyShear","Agrypnos:Azalea"],"picked":"Agrypnos:CombTheEarth","floor":5},{"not_picked":["Agrypnos:Tumbleweed","Agrypnos:Till"],"picked":"Agrypnos:SeedPacket","floor":6},{"not_picked":["MHz","SpiderBud"],"picked":"Murderer","floor":6},{"not_picked":["Funeral","FairyFestival"],"picked":"WallGazer","floor":8},{"not_picked":["Agrypnos:Restock","Agrypnos:Shell"],"picked":"Agrypnos:Myosotis","floor":8},{"not_picked":["Agrypnos:Sunflower","Agrypnos:Poppy"],"picked":"Agrypnos:NaturalNutrition","floor":14},{"not_picked":["VoidDream","Scorched"],"picked":"CherryBlossoms","floor":14}],"player_experience":109385,"relics_obtained":[{"floor":1,"key":"LetterFromLob"},{"floor":6,"key":"reliquary:TridentHead"}],"event_choices":[{"damage_healed":0,"gold_gain":75,"player_choice":"Gold","damage_taken":11,"max_hp_gain":0,"max_hp_loss":0,"event_name":"betterThird:BetterGoop","floor":2,"gold_loss":0},{"damage_healed":0,"gold_gain":0,"player_choice":"Leave","damage_taken":0,"max_hp_gain":0,"max_hp_loss":0,"event_name":"The Cleric","floor":3,"gold_loss":0},{"damage_healed":57,"gold_gain":0,"player_choice":"Embrace Burn","damage_taken":0,"max_hp_gain":0,"max_hp_loss":70,"event_name":"betterThird:BetterShining","floor":4,"gold_loss":0},{"damage_healed":0,"gold_gain":0,"player_choice":"Agree","damage_taken":0,"max_hp_gain":0,"max_hp_loss":0,"event_name":"conspire:LoneGhost","floor":13,"gold_loss":0}],"is_beta":false,"boss_relics":[],"items_purged_floors":[],"is_endless":false,"potions_floor_spawned":[1,6,14],"killed_by":"The Guardian","ascension_level":0}}