{"host":"lnfs5t5iydkm2lft","time":1613607012,"event":{"mods":["AchievementEnabler","BaseMod","Better Third Choice","BetterRewards","Colored Powertips","Downfall","Hermit","Hubris","Infinite Spire","Marisa????????","Minty Spire (QoL Compilation)","Quick Restart","Replay The Spire","StSLib","The Runesmith","The Senshi","everything is the same but u backflip on backflip","slay the spire mod where everything is the same but ironclad has a cowboy hat"],"gold_per_floor":[115,115,135,150,168,168,200,253,277,277,297,314,327,337,337,440,440,455,455,502,88,107,107,125,136,136,165,178,178,190,41,141,242,242,261,221,237,6,23,23,43,63,63,75,75,75,75,85,85,85,85,85,35,70,70,70],"floor_reached":55,"language":"ENG","playtime":2158,"items_purged":["downfall:Haunted","downfall:Haunted"],"score":672,"play_id":"f081bb35-bb0a-4160-8f38-9442197eaf63","local_time":"20210217181012","is_ascension_mode":false,"campfire_choices":[{"data":"hermit:FlashPowder","floor":6,"key":"SMITH"},{"floor":15,"key":"REST"},{"floor":23,"key":"RECALL"},{"data":"hermit:Maintenance","floor":40,"key":"SMITH"},{"floor":47,"key":"REST"},{"data":"hermit:Showdown","floor":47,"key":"SMITH"},{"floor":49,"key":"REST"},{"data":"hubris:InfiniteBlow","floor":49,"key":"SMITH"},{"floor":52,"key":"REST"},{"data":"hubris:InfiniteBlow+1","floor":52,"key":"SMITH"}],"circlet_count":0,"master_deck":["hermit:Strike_Hermit","hermit:Strike_Hermit","hermit:Strike_Hermit","hermit:Strike_Hermit","hermit:Defend_Hermit+1","hermit:Defend_Hermit+1","hermit:Defend_Hermit","hermit:Defend_Hermit","hermit:Snapshot","hermit:Covet","hermit:Showdown+1","Decay","hermit:Gambit","hermit:Horror","hermit:Misfire","hermit:FlashPowder+1","hermit:FullyLoaded","hermit:Maintenance+1","hermit:Grudge","hermit:Quickdraw","hermit:HoleUp+1","hermit:Roughhouse","Regret","hermit:Roughhouse","Replay:Sssssssssshield+1","ReplayTheSpireMod:Book of Names","hermit:Glare+1","downfall:Bewildered","hermit:Midnight","hermit:Determination","hermit:BodyArmor+1","hermit:GoldenBullet+1","hermit:FlashPowder+1","hermit:Shortfuse+1","hermit:Deadeye+1","hermit:SprayPray","hermit:HighNoon","hermit:Grudge","Parasite","hermit:Maintenance+1","hermit:ShadowCloak","hubris:InfiniteBlow+2","hermit:DeadMansHand+1"],"relics":["hermit:Momento","Du-Vu Doll","Runesmith:AutoHammer","Gremlin Horn","Gremlin Food","hubris:Towel","ReplayTheSpireMod:SealedPack","sneckomod:BabySnecko","hubris:SphereOfDissonance","Thread and Needle","Pantograph","Lee\u0027s Waffle","Replay:WaspNest","infinitespire:Magic Flask","ReplayTheSpireMod:DimensionalGlitch","HandDrill","War Paint","hubris:PeanutButter","infinitespire:Cupcake","Unceasing Top"],"acts_visited":["Exordium","TheCity","TheBeyond","TheEnding"],"potions_floor_usage":[7,7,12,16,27,30,30,32,32,37,44,50,54,55],"damage_taken":[{"damage":3,"enemies":"Jaw Worm","floor":1,"turns":3},{"damage":5,"enemies":"Small Slimes","floor":3,"turns":3},{"damage":5,"enemies":"2 Louse","floor":4,"turns":3},{"damage":0,"enemies":"Large Slime","floor":5,"turns":4},{"damage":16,"enemies":"Gremlin Nob","floor":7,"turns":4},{"damage":0,"enemies":"Blue Slaver","floor":11,"turns":2},{"damage":0,"enemies":"Gremlin Gang","floor":12,"turns":1},{"damage":0,"enemies":"2 Fungi Beasts","floor":13,"turns":1},{"damage":6,"enemies":"Exordium Wildlife","floor":14,"turns":3},{"damage":24,"enemies":"Hexaghost","floor":16,"turns":10},{"damage":1,"enemies":"Chosen","floor":18,"turns":5},{"damage":19,"enemies":"Shell Parasite","floor":22,"turns":3},{"damage":25,"enemies":"Sentry and Sphere","floor":24,"turns":6},{"damage":7,"enemies":"Centurion and Healer","floor":25,"turns":4},{"damage":5,"enemies":"Book of Stabbing","floor":27,"turns":3},{"damage":0,"enemies":"Snake Plant","floor":28,"turns":2},{"damage":5,"enemies":"Shelled Parasite and Fungi","floor":30,"turns":5},{"damage":0,"enemies":"Colosseum Slavers","floor":32,"turns":2},{"damage":12,"enemies":"Colosseum Nobs","floor":32,"turns":3},{"damage":70,"enemies":"Collector","floor":33,"turns":8},{"damage":15,"enemies":"Orb Walker","floor":35,"turns":3},{"damage":0,"enemies":"3 Darklings","floor":37,"turns":2},{"damage":0,"enemies":"Writhing Mass","floor":39,"turns":4},{"damage":0,"enemies":"Jaw Worm Horde","floor":41,"turns":3},{"damage":15,"enemies":"Sphere and 2 Shapes","floor":42,"turns":3},{"damage":8,"enemies":"Spire Growth","floor":44,"turns":3},{"damage":4,"enemies":"Maw","floor":48,"turns":8},{"damage":87,"enemies":"Time Eater","floor":50,"turns":10},{"damage":75,"enemies":"Shield and Spear","floor":54,"turns":7},{"damage":37,"enemies":"The Heart","floor":55,"turns":2}],"seed_played":"-6326424295238581063","potions_obtained":[{"floor":1,"key":"SpeedPotion"},{"floor":4,"key":"Block Potion"},{"floor":8,"key":"AttackPotion"},{"floor":14,"key":"Toxic Potion"},{"floor":16,"key":"PowerPotion"},{"floor":24,"key":"Weak Potion"},{"floor":25,"key":"AttackPotion"},{"floor":27,"key":"GamblersBrew"},{"floor":30,"key":"EssenceOfSteel"},{"floor":33,"key":"AttackPotion"},{"floor":35,"key":"AttackPotion"},{"floor":37,"key":"ColorlessPotion"},{"floor":54,"key":"Reflective Coating"}],"is_trial":false,"path_per_floor":["M","?","M","M","M","R","E","?","T","?","M","M","M","M","R","B",null,"M","?","T","$","M","R","M","M","T","E","M","?","M","$","R","B",null,"M","?","M","$","M","R","M","M","T","M","AVR","?","R","M","R","B",null,"R","$","E","B"],"character_chosen":"HERMIT","items_purchased":["hubris:SphereOfDissonance","hermit:Midnight","Lee\u0027s Waffle","HandDrill","hermit:Grudge","ColorlessPotion"],"campfire_rested":4,"item_purchase_floors":[21,21,31,38,38,53],"current_hp_per_floor":[79,79,74,69,69,69,53,21,21,21,21,21,21,15,39,15,82,81,81,81,81,62,62,37,30,30,25,25,25,20,89,77,19,89,74,74,74,74,74,74,74,59,59,51,51,39,65,61,87,2,89,89,89,14,0,0],"gold":70,"neow_bonus":"TEN_PERCENT_HP_BONUS","is_daily":false,"chose_seed":false,"campfire_upgraded":5,"win_rate":0.0,"timestamp":1613607012,"path_taken":["M","?","M","M","M","R","E","?","T","?","?","M","M","?","R","BOSS","M","?","?","$","M","R","M","M","T","E","?","?","M","?","R","BOSS","M","?","M","?","M","R","M","M","T","M","AVR","?","R","M","R","BOSS","R","$","E","BOSS"],"items_purchased_type":["Relic","Card","Relic","Relic","Card","Potion"],"build_version":"2020-12-22","purchased_purges":2,"victory":false,"max_hp_per_floor":[82,82,82,82,82,82,82,82,82,82,82,82,82,82,82,82,82,82,82,82,82,82,82,82,82,82,82,82,82,82,89,89,89,89,89,89,89,89,89,89,89,89,89,89,89,89,89,89,89,89,89,89,89,89,89,89],"card_choices":[{"not_picked":["hermit:Ricochet","hermit:Feint"],"picked":"hermit:Showdown","floor":1},{"not_picked":["hermit:TakeAim","hermit:CalledShot"],"picked":"hermit:Horror","floor":3},{"not_picked":["hermit:CalledShot","hermit:LuckOfTheDraw"],"picked":"hermit:Misfire","floor":4},{"not_picked":["hermit:Roughhouse","hermit:Shortfuse"],"picked":"hermit:FlashPowder","floor":5},{"not_picked":["hermit:TrackingShot","hermit:NoHoldsBarred"],"picked":"hermit:FullyLoaded","floor":7},{"not_picked":["hermit:Snipe","hermit:Desperado"],"picked":"hermit:Maintenance","floor":8},{"not_picked":["hermit:FullyLoaded","hermit:Combo","hermit:CursedWeapon"],"picked":"SKIP","floor":11},{"not_picked":["hermit:Ricochet","hermit:Horror"],"picked":"hermit:Grudge","floor":12},{"not_picked":["hermit:Misfire","hermit:Coalescence"],"picked":"hermit:Quickdraw","floor":13},{"not_picked":["hermit:Headshot","hermit:SprayPray"],"picked":"hermit:HoleUp","floor":14},{"not_picked":["hermit:OverwhelmingPower","hermit:FinalCanter"],"picked":"hermit:Roughhouse","floor":16},{"not_picked":["hermit:Adapt","hermit:FromBeyond"],"picked":"hermit:Roughhouse","floor":17},{"not_picked":["Bandage Up","hubris:Insight"],"picked":"Replay:Sssssssssshield","floor":17},{"not_picked":["infinitespire:Menacing","infinitespire:Execution"],"picked":"ReplayTheSpireMod:Book of Names","floor":17},{"not_picked":["hermit:Headshot","hermit:Vantage"],"picked":"hermit:Glare+1","floor":18},{"not_picked":["hermit:Roughhouse","hermit:NoHoldsBarred"],"picked":"hermit:Determination","floor":22},{"not_picked":["hermit:Desperado","hermit:PistolWhip"],"picked":"hermit:BodyArmor","floor":24},{"not_picked":["hermit:TrackingShot+1","hermit:Cheat"],"picked":"hermit:GoldenBullet+1","floor":25},{"not_picked":["hermit:Brawl","hermit:Dissolve"],"picked":"hermit:FlashPowder+1","floor":27},{"not_picked":["hermit:PistolWhip+1","hermit:Midnight+1"],"picked":"hermit:Shortfuse+1","floor":28},{"not_picked":["hermit:Snipe","hermit:TrackingShot+1"],"picked":"hermit:Deadeye+1","floor":30},{"not_picked":["hermit:HighCaliber","hermit:CursedWeapon"],"picked":"hermit:SprayPray","floor":32},{"not_picked":["hermit:Adapt","hermit:OverwhelmingPower"],"picked":"hermit:HighNoon","floor":33},{"not_picked":["hermit:Misfire","hermit:Feint","hermit:ItchyTrigger"],"picked":"SKIP","floor":35},{"not_picked":["hermit:BlackWind","hermit:Coalescence+1","hermit:Manifest"],"picked":"SKIP","floor":37},{"not_picked":["hermit:LowProfile+1","hermit:ItchyTrigger+1"],"picked":"hermit:Maintenance+1","floor":39},{"not_picked":["hermit:Shortfuse","hermit:Quickdraw"],"picked":"hermit:ShadowCloak","floor":41},{"not_picked":["hermit:DeadMansHand","hermit:LowProfile","hermit:Combo+1"],"picked":"SKIP","floor":42},{"not_picked":["hermit:Misfire","hermit:Showdown","hermit:Vantage+1"],"picked":"SKIP","floor":44},{"not_picked":["hermit:Feint","hermit:Glare"],"picked":"hermit:DeadMansHand+1","floor":48},{"not_picked":["hermit:BodyArmor","hermit:Roulette+1","hermit:Purgatory"],"picked":"SKIP","floor":54}],"player_experience":374293,"relics_obtained":[{"floor":7,"key":"Runesmith:AutoHammer"},{"floor":8,"key":"Gremlin Horn"},{"floor":9,"key":"Gremlin Food"},{"floor":26,"key":"Thread and Needle"},{"floor":27,"key":"Pantograph"},{"floor":32,"key":"Replay:WaspNest"},{"floor":32,"key":"infinitespire:Magic Flask"},{"floor":43,"key":"War Paint"},{"floor":54,"key":"Unceasing Top"}],"event_choices":[{"damage_healed":0,"gold_gain":0,"player_choice":"Ignored","damage_taken":0,"max_hp_gain":0,"max_hp_loss":0,"event_name":"Ghosts","floor":29,"gold_loss":0},{"damage_healed":0,"gold_gain":0,"player_choice":"Fight","damage_taken":0,"max_hp_gain":0,"max_hp_loss":0,"event_name":"Colosseum","floor":32,"gold_loss":0},{"damage_healed":0,"gold_gain":0,"player_choice":"Fought Nobs","damage_taken":0,"max_hp_gain":0,"max_hp_loss":0,"event_name":"Colosseum","floor":32,"gold_loss":0},{"damage_healed":0,"gold_gain":0,"player_choice":"Upgraded Two","damage_taken":0,"max_hp_gain":0,"max_hp_loss":0,"event_name":"Designer","floor":36,"gold_loss":40,"cards_upgraded":["hermit:Defend_Hermit","hermit:Defend_Hermit"]},{"damage_healed":0,"gold_gain":0,"player_choice":"Damaged","damage_taken":8,"max_hp_gain":0,"max_hp_loss":0,"event_name":"Wheel of Change","floor":46,"gold_loss":0}],"is_beta":false,"boss_relics":[{"not_picked":["SlaversCollar","hubris:RunicObelisk"],"picked":"ReplayTheSpireMod:SealedPack"},{"not_picked":["bronze:MakeshiftBattery","hubris:ScarierMask"],"picked":"ReplayTheSpireMod:DimensionalGlitch"}],"items_purged_floors":[21,45],"is_endless":false,"potions_floor_spawned":[1,4,14,16,24,25,27,30,32,33,35,37,54],"killed_by":"The Heart","ascension_level":0}}