{"host":"o6j8h35axmoodbwy","time":1613659367,"event":{"mods":["2.2 Compatiblity","Act Like it!","BaseMod","Colored Map","Colored Powertips","Faster Ascension Climbing","MarisaÅiñ∂âJÅ@ñÇóùçπÅj","Minty Spire (QoL Compilation)","Prisma Mod","Quick Restart","Shop Mod","StSLib","SuperFastMode","Td1madao Mod"],"gold_per_floor":[116,116,116,16,91,91,117,117,117,117,152,170,200,219,219,322,322,335,350,350,350,366,366,432,486,534,568,595,636,648,760,772,911,923,972,984,1009,1021,1074,1086,1166,1220,1232,1244,1268,1338,1350,1406,1418,1455],"floor_reached":51,"language":"JPN","playtime":4160,"items_purged":["PrismaMod:MiyuCommonDefend"],"score":843,"play_id":"f1a83f23-80cc-4906-91f7-32a4566718ea","local_time":"20210218234247","is_ascension_mode":true,"campfire_choices":[{"data":"PrismaMod:MiyuUncommonDexBuff","floor":6.0,"key":"SMITH"},{"data":"PrismaMod:MiyuEvokeBuffDex","floor":8.0,"key":"SMITH"},{"data":"PrismaMod:MiyuCheapChannelDefend","floor":10.0,"key":"SMITH"},{"data":"PrismaMod:MiyuUncommonAOEAttack","floor":15.0,"key":"SMITH"},{"data":"PrismaMod:MiyuCheapChannelAttack","floor":23.0,"key":"SMITH"},{"floor":30,"key":"REST"},{"floor":32,"key":"REST"},{"data":"PrismaMod:MiyuUncommonDexBuff","floor":40,"key":"SMITH"},{"data":"PrismaMod:MiyuUncommonDexBuff","floor":44,"key":"SMITH"},{"data":"PrismaMod:MiyuEvokeAllAttack","floor":49,"key":"SMITH"}],"circlet_count":0,"master_deck":["PrismaMod:MiyuCommonDefend","PrismaMod:MiyuCommonDefend","PrismaMod:MiyuCommonDefend","PrismaMod:MiyuCommonDefend","PrismaMod:MiyuCommonAttack","PrismaMod:MiyuCommonAttack","PrismaMod:MiyuCheapChannelAttack+1","PrismaMod:MiyuCheapChannelDefend+1","PrismaMod:MiyuEvokeBuffDex+1","PrismaMod:MiyuUncommonDexBuff+1","PrismaMod:MiyuCheapPlate","PrismaMod:MiyuCheapDexBuff","PrismaMod:MiyuEvokeCheapAttack","PrismaMod:MiyuUncommonDefend","PrismaMod:MiyuUncommonAOEAttack+1","PrismaMod:MiyuEvokeAllAttack+1","PrismaMod:MiyuCheapStrBuff+1","PrismaMod:MiyuOrbIncreasePerm","PrismaMod:MiyuEvokeBuffStr","PrismaMod:MiyuCheapDefend1","PrismaMod:MiyuUberAttack","PrismaMod:MiyuCheapDexBuff","PrismaMod:MiyuCheapDefend2","PrismaMod:MiyuEvokeCheapAttack+1","PrismaMod:MiyuUberAOEAttack+1","PrismaMod:MiyuUncommonDexBuff+1","PrismaMod:MiyuUncommonDexBuff+1","PrismaMod:MiyuCommonAOEAttack+1","Writhe","PrismaMod:MiyuEvokeBuffDex+1","PrismaMod:MiyuUncommonStrBuff","Doubt","PrismaMod:MiyuCheapAttack2+1"],"relics":["PrismaMod:PrismaSapphireUpgrade","NeowsBlessing","Bag of Marbles","Matryoshka","Orichalcum","Akabeko","Nilry\u0027s Codex","Oddly Smooth Stone","Pear","Nunchaku","MawBank","Potion Belt","Turnip","The Courier","Cursed Key","Pantograph","Incense Burner","InkBottle","Eternal Feather"],"acts_visited":["Exordium","TheCity","TheBeyond"],"potions_floor_usage":[29,50,50,50],"damage_taken":[{"damage":0.0,"enemies":"Jaw Worm","floor":1.0,"turns":1.0},{"damage":0.0,"enemies":"Gremlin Nob","floor":7.0,"turns":1.0},{"damage":0.0,"enemies":"Lagavulin","floor":11.0,"turns":3.0},{"damage":3.0,"enemies":"Small Slimes","floor":12.0,"turns":4.0},{"damage":2.0,"enemies":"Gremlin Nob","floor":13.0,"turns":5.0},{"damage":0.0,"enemies":"2 Louse","floor":14.0,"turns":2.0},{"damage":12.0,"enemies":"Hexaghost","floor":16.0,"turns":8.0},{"damage":13.0,"enemies":"Shell Parasite","floor":18.0,"turns":5.0},{"damage":0.0,"enemies":"Chosen","floor":19.0,"turns":5.0},{"damage":6.0,"enemies":"3 Cultists","floor":22.0,"turns":5.0},{"damage":0.0,"enemies":"Centurion and Healer","floor":24.0,"turns":9.0},{"damage":33.0,"enemies":"Gremlin Leader","floor":25.0,"turns":10.0},{"damage":1.0,"enemies":"Book of Stabbing","floor":27.0,"turns":7.0},{"damage":0.0,"enemies":"Snake Plant","floor":28.0,"turns":1.0},{"damage":18,"enemies":"Gremlin Leader","floor":29,"turns":8},{"damage":9,"enemies":"Colosseum Slavers","floor":31,"turns":4},{"damage":7,"enemies":"Colosseum Nobs","floor":31,"turns":5},{"damage":39,"enemies":"Collector","floor":33,"turns":14},{"damage":0,"enemies":"3 Darklings","floor":35,"turns":6},{"damage":16,"enemies":"Orb Walker","floor":37,"turns":3},{"damage":0,"enemies":"Sphere and 2 Shapes","floor":39,"turns":3},{"damage":0,"enemies":"Maw","floor":41,"turns":8},{"damage":0,"enemies":"Transient","floor":42,"turns":5},{"damage":1,"enemies":"Sphere and 2 Shapes","floor":45,"turns":6},{"damage":22,"enemies":"Nemesis","floor":46,"turns":5},{"damage":0,"enemies":"Writhing Mass","floor":48,"turns":8},{"damage":47,"enemies":"Awakened One","floor":50,"turns":13}],"seed_played":"-7231326378679773797","potions_obtained":[{"floor":11.0,"key":"SpeedPotion"},{"floor":14.0,"key":"Strength Potion"},{"floor":16.0,"key":"Strength Potion"},{"floor":29,"key":"FearPotion"},{"floor":31,"key":"SmokeBomb"},{"floor":35,"key":"DistilledChaos"},{"floor":41,"key":"SkillPotion"}],"is_trial":false,"path_per_floor":["M","?","?","$","?","R","E","R","T","R","E","M","E","M","R","B",null,"M","M","?","?","M","R","M","E","T","E","M","E","R","?","R","B",null,"M","?","M","?","M","R","M","M","T","R","M","E","T","M","R","B",null],"character_chosen":"MIYU","items_purchased":["PrismaMod:MiyuUncommonDexBuff"],"campfire_rested":2,"item_purchase_floors":[4],"current_hp_per_floor":[75,68,73,73,62,62,62,62,62,62,62,59,57,57,57,45,80,67,67,51,51,45,45,45,12,22,21,21,7,34,22,49,18,90,90,90,74,74,78,78,82,86,86,86,89,67,67,71,89,47],"gold":1467,"neow_bonus":"THREE_ENEMY_KILL","is_daily":false,"chose_seed":false,"campfire_upgraded":8,"win_rate":0.0,"timestamp":1613659367,"path_taken":["M","?","?","$","?","R","E","R","T","R","E","M","E","M","R","BOSS","M","M","?","?","?","R","M","E","T","E","M","E","R","?","R","BOSS","M","?","?","?","M","R","M","M","T","R","M","E","?","?","R","BOSS"],"items_purchased_type":["Card"],"build_version":"2020-12-22","purchased_purges":1,"victory":true,"max_hp_per_floor":[75,75,80,80,80,80,80,80,80,80,80,80,80,80,80,80,80,80,80,80,80,80,80,80,80,90,90,90,90,90,90,90,90,90,90,90,90,90,90,90,90,90,90,90,90,90,90,90,90,90],"card_choices":[{"not_picked":["PrismaMod:MiyuUncommonAttack","PrismaMod:MiyuCheapEvoke"],"picked":"PrismaMod:MiyuEvokeBuffDex","floor":1.0},{"not_picked":["PrismaMod:MiyuUncommonDefend","PrismaMod:MiyuCarnivalAttack"],"picked":"PrismaMod:MiyuCheapPlate","floor":7.0},{"not_picked":["PrismaMod:MiyuDevil","PrismaMod:MiyuChannelAttackEvoke"],"picked":"PrismaMod:MiyuCheapDexBuff","floor":11.0},{"not_picked":["PrismaMod:MiyuMaid","PrismaMod:MiyuEvokeCheapDefend"],"picked":"PrismaMod:MiyuEvokeCheapAttack","floor":12.0},{"not_picked":["PrismaMod:MiyuAttackChannelVul","PrismaMod:MiyuEvokeAll"],"picked":"PrismaMod:MiyuUncommonDefend","floor":13.0},{"not_picked":["PrismaMod:MiyuEvokeAll","PrismaMod:MiyuDevil"],"picked":"PrismaMod:MiyuUncommonAOEAttack","floor":14.0},{"not_picked":["PrismaMod:MiyuChannelDefendEvoke","PrismaMod:MiyuEvokeAllDefend"],"picked":"PrismaMod:MiyuEvokeAllAttack","floor":16.0},{"not_picked":["PrismaMod:MiyuAttackChannelVul","PrismaMod:MiyuCheapChannelAttack"],"picked":"PrismaMod:MiyuCheapStrBuff+1","floor":18.0},{"not_picked":["PrismaMod:MiyuCheapChannelVul","PrismaMod:MiyuCommonAOEAttack"],"picked":"PrismaMod:MiyuOrbIncreasePerm","floor":19.0},{"not_picked":["PrismaMod:MiyuEvokeCheapAttack","PrismaMod:MiyuCommonAOEAttack","PrismaMod:MiyuCheapAttack1"],"picked":"SKIP","floor":22.0},{"not_picked":["PrismaMod:MiyuCheapChannelVul","PrismaMod:MiyuCheapDexBuff"],"picked":"PrismaMod:MiyuEvokeBuffStr","floor":24.0},{"not_picked":["PrismaMod:MiyuCheapPlate","PrismaMod:MiyuUncommonAttack"],"picked":"PrismaMod:MiyuCheapDefend1","floor":25.0},{"not_picked":["PrismaMod:MiyuCheapChannelWeak+1","PrismaMod:MiyuCheapAttack2","PrismaMod:MiyuCheapDexBuff"],"picked":"SKIP","floor":27.0},{"not_picked":["PrismaMod:MiyuCheapStrBuff","PrismaMod:MiyuEvokeCheapDefend"],"picked":"PrismaMod:MiyuUberAttack","floor":28.0},{"not_picked":["PrismaMod:MiyuCheapChannelAttack","PrismaMod:MiyuDefenseRemoval","PrismaMod:MiyuAttackChannelVul"],"picked":"SKIP","floor":29},{"not_picked":["PrismaMod:MiyuMaid","PrismaMod:MiyuChannelDefendEvoke"],"picked":"PrismaMod:MiyuCheapDexBuff","floor":31},{"not_picked":["PrismaMod:MiyuChannelAttackEvoke","PrismaMod:MiyuBride"],"picked":"PrismaMod:MiyuCheapDefend2","floor":33},{"not_picked":["PrismaMod:MiyuCheapChannelWeak+1","PrismaMod:MiyuEvokeBuffDex"],"picked":"PrismaMod:MiyuEvokeCheapAttack+1","floor":35},{"not_picked":["PrismaMod:MiyuUberAttack","PrismaMod:MiyuUncommonDexBuff"],"picked":"PrismaMod:MiyuUberAOEAttack+1","floor":37},{"not_picked":["PrismaMod:MiyuUberAOEAttack","PrismaMod:MiyuCheapChannelDefend+1"],"picked":"PrismaMod:MiyuUncommonDexBuff","floor":39},{"not_picked":["PrismaMod:MiyuCheapChannelVul","PrismaMod:MiyuCheapChannelWeak+1"],"picked":"PrismaMod:MiyuUncommonDexBuff","floor":41},{"not_picked":["PrismaMod:MiyuMaid","PrismaMod:MiyuCarnivalAttack+1"],"picked":"PrismaMod:MiyuCommonAOEAttack+1","floor":42},{"not_picked":["PrismaMod:MiyuDefenseExplosion+1","PrismaMod:MiyuCheapStrBuff"],"picked":"PrismaMod:MiyuEvokeBuffDex+1","floor":45},{"not_picked":["PrismaMod:MiyuAttackChannelWeak+1","PrismaMod:MiyuCheapChannelHeal"],"picked":"PrismaMod:MiyuUncommonStrBuff","floor":46},{"not_picked":["PrismaMod:MiyuUncommonPlate","PrismaMod:MiyuUncommonDexBuff+1"],"picked":"PrismaMod:MiyuCheapAttack2+1","floor":48}],"player_experience":451141,"relics_obtained":[{"floor":7.0,"key":"Bag of Marbles"},{"floor":9.0,"key":"Matryoshka"},{"floor":11.0,"key":"Orichalcum"},{"floor":13.0,"key":"Akabeko"},{"floor":20.0,"key":"Nilry\u0027s Codex"},{"floor":25.0,"key":"Oddly Smooth Stone"},{"floor":26.0,"key":"Pear"},{"floor":26.0,"key":"Nunchaku"},{"floor":27.0,"key":"MawBank"},{"floor":29,"key":"Potion Belt"},{"floor":31,"key":"Turnip"},{"floor":31,"key":"The Courier"},{"floor":43,"key":"Pantograph"},{"floor":43,"key":"Incense Burner"},{"floor":46,"key":"InkBottle"},{"floor":47,"key":"Eternal Feather"}],"event_choices":[{"cards_removed":["PrismaMod:MiyuCommonAttack"],"damage_healed":0.0,"max_hp_gain":0.0,"max_hp_loss":0.0,"gold_gain":0.0,"event_name":"Golden Wing","player_choice":"Card Removal","floor":2.0,"gold_loss":0.0,"damage_taken":7.0},{"damage_healed":0.0,"max_hp_gain":5.0,"max_hp_loss":0.0,"gold_gain":0.0,"event_name":"Big Fish","player_choice":"Donut","floor":3.0,"gold_loss":0.0,"damage_taken":0.0},{"damage_healed":0.0,"max_hp_gain":0.0,"max_hp_loss":0.0,"gold_gain":75.0,"event_name":"World of Goop","player_choice":"Gather Gold","floor":5.0,"gold_loss":0.0,"damage_taken":11.0},{"damage_healed":0.0,"max_hp_gain":0.0,"max_hp_loss":0.0,"gold_gain":0.0,"event_name":"Cursed Tome","player_choice":"Obtained Book","floor":20.0,"gold_loss":0.0,"damage_taken":16.0},{"cards_removed":["PrismaMod:MiyuCommonAttack"],"damage_healed":0.0,"max_hp_gain":0.0,"max_hp_loss":0.0,"gold_gain":0.0,"event_name":"Bonfire Elementals","player_choice":"Offered Basic","floor":21.0,"gold_loss":0.0,"damage_taken":0.0},{"damage_healed":0,"gold_gain":0,"player_choice":"Fight","damage_taken":0,"max_hp_gain":0,"max_hp_loss":0,"event_name":"Colosseum","floor":31,"gold_loss":0},{"damage_healed":0,"gold_gain":0,"player_choice":"Fought Nobs","damage_taken":0,"max_hp_gain":0,"max_hp_loss":0,"event_name":"Colosseum","floor":31,"gold_loss":0},{"cards_removed":["PrismaMod:MiyuCommonAttack"],"damage_healed":0,"gold_gain":0,"player_choice":"Purged","damage_taken":0,"max_hp_gain":0,"max_hp_loss":0,"event_name":"Purifier","floor":36,"gold_loss":0},{"damage_healed":0,"gold_gain":0,"player_choice":"Ignored","damage_taken":0,"max_hp_gain":0,"max_hp_loss":0,"event_name":"Tomb of Lord Red Mask","floor":38,"gold_loss":0}],"is_beta":false,"boss_relics":[{"not_picked":["Runic Dome","Snecko Eye"],"picked":"PrismaMod:PrismaSapphireUpgrade"},{"not_picked":["Astrolabe","Philosopher\u0027s Stone"],"picked":"Cursed Key"}],"items_purged_floors":[4],"is_endless":false,"potions_floor_spawned":[11,14,16,22,27,28,29,31,31,35,41,42],"ascension_level":1}}