{"host":"v9yiptmoyyuggqjj","time":1613631287,"event":{"mods":["AchievementEnabler","BaseMod","BetterRewards","Card Forge","Colored Map","Colored Powertips","DeckTracker","Highlight Path","Infinite Spire","Minty Spire (QoL Compilation)","Quick Restart","Shop Mod","StSLib","Swap Starting Deck Mod"],"gold_per_floor":[117,117,142,154,91,91,121,121,121,121,121,121,147,167,167,266,266,276,288,288,86,86,113,127,127,127,140,175,175,188,269,269,367,367,379,379,395,395,395,395,55,83,108,119,119,148,148,164,164,164],"floor_reached":51,"language":"ENG","playtime":2278,"items_purged":["Poisoned Stab","Poisoned Stab+1","Bane+1"],"score":1084,"play_id":"43d0107f-9c9a-4083-aaea-ffc9e4ca171a","local_time":"20210217235447","is_ascension_mode":true,"campfire_choices":[{"data":"Poisoned Stab","floor":6,"key":"SMITH"},{"data":"Poisoned Stab","floor":8,"key":"SMITH"},{"data":"Poisoned Stab","floor":10,"key":"SMITH"},{"data":"Deflect","floor":12,"key":"SMITH"},{"data":"Deadly Poison","floor":15,"key":"SMITH"},{"floor":25,"key":"REST"},{"data":"Venomology","floor":29,"key":"SMITH"},{"floor":32,"key":"REST"},{"data":"Corpse Explosion","floor":40,"key":"SMITH"},{"data":"Deflect","floor":45,"key":"SMITH"},{"data":"infinitespire:Neurotoxin","floor":47,"key":"SMITH"},{"floor":49,"key":"REST"}],"circlet_count":0,"master_deck":["Poisoned Stab+1","Poisoned Stab+1","Deflect","Deflect","Deflect+1","Deflect+1","Deadly Poison+1","Venomology+1","Deadly Poison+1","infinitespire:Neurotoxin+1","Noxious Fumes+1","Crippling Poison","Corpse Explosion+1","infinitespire:UltimateForm","infinitespire:Neurotoxin"],"relics":["Ring of the Snake","Hammer of Thor","Seething Fire","Anvil of the Gods","swapstartingdeckmod:Bellows","MawBank","Molten Egg 2","The Courier","Sundial","Tiny Chest","Black Star","MutagenicStrength","Lee\u0027s Waffle","Pocketwatch","Mummified Hand","infinitespire:Satchel","Oddly Smooth Stone","Singing Bowl","Letter Opener","StrikeDummy","Busted Crown","infinitespire:Cupcake","Question Card","DollysMirror","Snake Skull","Paper Crane","Nunchaku","Toy Ornithopter","Mercury Hourglass","Ornamental Fan"],"acts_visited":["TheCity","TheBeyond"],"potions_floor_usage":[7,16,16,19,19,30,30,30,33,35,42,42,46,48,50,50,50,50,50,50,50],"damage_taken":[{"damage":0,"enemies":"Jaw Worm","floor":1,"turns":2},{"damage":9,"enemies":"3 Sentries","floor":7,"turns":7},{"damage":17,"enemies":"Lagavulin","floor":13,"turns":4},{"damage":0,"enemies":"Cultist","floor":14,"turns":2},{"damage":22,"enemies":"Hexaghost","floor":16,"turns":4},{"damage":4,"enemies":"Chosen","floor":18,"turns":4},{"damage":25,"enemies":"2 Thieves","floor":19,"turns":3},{"damage":48,"enemies":"Gremlin Leader","floor":23,"turns":4},{"damage":19,"enemies":"Snake Plant","floor":24,"turns":3},{"damage":6,"enemies":"Sentry and Sphere","floor":27,"turns":3},{"damage":23,"enemies":"Book of Stabbing","floor":28,"turns":4},{"damage":0,"enemies":"3 Cultists","floor":30,"turns":3},{"damage":22,"enemies":"Collector","floor":33,"turns":5},{"damage":17,"enemies":"3 Darklings","floor":35,"turns":2},{"damage":0,"enemies":"3 Shapes","floor":37,"turns":3},{"damage":7,"enemies":"Reptomancer","floor":42,"turns":3},{"damage":3,"enemies":"Maw","floor":44,"turns":4},{"damage":0,"enemies":"Giant Head","floor":46,"turns":5},{"damage":5,"enemies":"Spire Growth","floor":48,"turns":2},{"damage":15,"enemies":"Time Eater","floor":50,"turns":4}],"seed_played":"5199410110966866244","potions_obtained":[{"floor":7,"key":"LiquidMemories"},{"floor":14,"key":"Ancient Potion"},{"floor":16,"key":"PowerPotion"},{"floor":18,"key":"DuplicationPotion"},{"floor":24,"key":"Fire Potion"},{"floor":27,"key":"Explosive Potion"},{"floor":33,"key":"Fire Potion"},{"floor":35,"key":"ColorlessPotion"},{"floor":38,"key":"Fire Potion"},{"floor":42,"key":"CultistPotion"}],"is_trial":false,"path_per_floor":["M","?","T","T","$","R","E","R","T","R","?","R","E","M","R","B",null,"M","M","?","$","?","E","M","R","T","M","E","R","M","T","R","B",null,"M","?","M","?","AVR","R","$","E","T","M","R","E","R","M","R","B",null],"character_chosen":"THE_SILENT","items_purchased":["Lee\u0027s Waffle","DollysMirror","Snake Skull"],"campfire_rested":3,"item_purchase_floors":[21,41,41],"current_hp_per_floor":[70,70,70,70,70,70,61,61,61,61,61,61,44,44,44,22,58,54,29,29,77,77,29,10,33,33,27,6,6,8,8,32,10,63,48,48,50,50,50,50,50,45,45,44,44,51,51,53,80,82],"gold":164,"neow_bonus":"","is_daily":false,"chose_seed":false,"campfire_upgraded":9,"win_rate":0.0,"timestamp":1613631287,"path_taken":["M","?","?","?","?","R","E","R","T","R","?","R","E","M","R","BOSS","M","M","?","$","?","E","M","R","T","M","E","R","?","?","R","BOSS","M","?","?","?","AVR","R","$","E","T","M","R","E","R","M","R","BOSS"],"items_purchased_type":["Relic","Relic","Relic"],"build_version":"2020-12-22","purchased_purges":3,"victory":true,"max_hp_per_floor":[70,70,70,70,70,70,70,70,70,70,70,70,70,70,70,70,70,70,70,70,77,77,77,77,77,77,77,79,79,81,81,81,81,81,83,83,85,85,85,85,85,87,87,89,89,91,91,93,93,93],"card_choices":[{"not_picked":["Expertise","Blade Dance","Dodge and Roll"],"picked":"SKIP","floor":1},{"not_picked":["Predator+1","Underhanded Strike+1","Tactician"],"picked":"SKIP","floor":7},{"not_picked":["Leg Sweep","Heel Hook+1","A Thousand Cuts"],"picked":"SKIP","floor":13},{"not_picked":["Flying Knee+1","Dagger Throw+1"],"picked":"Deadly Poison","floor":14},{"not_picked":["Wraith Form v2","Bullet Time"],"picked":"infinitespire:Neurotoxin","floor":16},{"not_picked":["Concentrate","Outmaneuver"],"picked":"Bane+1","floor":18},{"not_picked":["Dagger Throw+1","Concentrate"],"picked":"Noxious Fumes+1","floor":19},{"not_picked":["Setup","Distraction","Slice+1"],"picked":"SKIP","floor":23},{"not_picked":["Finisher+1","Dodge and Roll","Night Terror"],"picked":"SKIP","floor":24},{"not_picked":["Reflex","Deadly Poison"],"picked":"Crippling Poison","floor":27},{"not_picked":["Prepared+1","Cloak And Dagger","Blade Dance"],"picked":"Singing Bowl","floor":28},{"not_picked":["Noxious Fumes+1","PiercingWail","Dagger Throw+1"],"picked":"Singing Bowl","floor":30},{"not_picked":["Malaise","Bullet Time"],"picked":"Corpse Explosion","floor":33},{"not_picked":["Dodge and Roll+1"],"picked":"Singing Bowl","floor":35},{"not_picked":["Flying Knee+1"],"picked":"Singing Bowl","floor":37},{"not_picked":["Footwork","Quick Slash+1"],"picked":"Singing Bowl","floor":42},{"not_picked":["Crippling Poison","Poisoned Stab+1"],"picked":"Singing Bowl","floor":44},{"not_picked":["Prepared","Terror"],"picked":"Singing Bowl","floor":46},{"not_picked":["Dagger Spray+1","Expertise+1"],"picked":"Singing Bowl","floor":48}],"player_experience":619289,"relics_obtained":[{"floor":3,"key":"MawBank"},{"floor":4,"key":"Molten Egg 2"},{"floor":7,"key":"The Courier"},{"floor":9,"key":"Sundial"},{"floor":13,"key":"Tiny Chest"},{"floor":23,"key":"Mummified Hand"},{"floor":23,"key":"infinitespire:Satchel"},{"floor":26,"key":"Oddly Smooth Stone"},{"floor":28,"key":"Singing Bowl"},{"floor":28,"key":"Letter Opener"},{"floor":31,"key":"StrikeDummy"},{"floor":42,"key":"Paper Crane"},{"floor":42,"key":"Nunchaku"},{"floor":43,"key":"Toy Ornithopter"},{"floor":46,"key":"Mercury Hourglass"},{"floor":46,"key":"Ornamental Fan"}],"event_choices":[{"damage_healed":0,"gold_gain":0,"player_choice":"Grow","damage_taken":0,"max_hp_gain":0,"max_hp_loss":0,"event_name":"Living Wall","floor":2,"gold_loss":0,"cards_upgraded":["Deadly Poison"]},{"damage_healed":0,"gold_gain":0,"player_choice":"Ignored","damage_taken":0,"max_hp_gain":0,"max_hp_loss":0,"event_name":"Liars Game","floor":11,"gold_loss":0},{"damage_healed":0,"gold_gain":0,"player_choice":"Inject Mutagens","damage_taken":0,"relics_obtained":["MutagenicStrength"],"max_hp_gain":0,"max_hp_loss":0,"event_name":"Drug Dealer","floor":20,"gold_loss":0},{"damage_healed":0,"gold_gain":0,"player_choice":"Gave Potion","damage_taken":0,"relics_obtained":["Pocketwatch"],"max_hp_gain":0,"max_hp_loss":0,"event_name":"WeMeetAgain","floor":22,"gold_loss":0},{"damage_healed":0,"gold_gain":0,"player_choice":"Ignored","damage_taken":0,"max_hp_gain":0,"max_hp_loss":0,"event_name":"Transmorgrifier","floor":36,"gold_loss":0},{"damage_healed":0,"gold_gain":0,"player_choice":"Got Potions","damage_taken":0,"max_hp_gain":0,"max_hp_loss":0,"event_name":"Lab","floor":38,"gold_loss":0}],"is_beta":false,"boss_relics":[{"not_picked":["Ring of the Serpent","Runic Pyramid"],"picked":"Black Star"},{"not_picked":["Runic Dome","Philosopher\u0027s Stone"],"picked":"Busted Crown"}],"items_purged_floors":[5,21,41],"is_endless":false,"potions_floor_spawned":[7,14,16,18,24,27,28,33,35,42,46],"ascension_level":5}}