{"host":"ziko4uwynam20dv9","time":1613658838,"event":{"mods":["Aspiration","BaseMod","BetterRewards","Downfall","Hubris","Infinite Spire","Minty Spire (QoL Compilation)","Remilia??????","Replay The Spire","Shop Mod","StSLib","The Animator","The Jungle"],"gold_per_floor":[113,113,113,184,201,201,228,228,254,254,293,293,323,333,333,410,410,425,425,425,499,469,469],"floor_reached":22,"language":"FRA","playtime":987,"items_purged":[],"score":491,"play_id":"1ce17bd1-2bce-4bb0-b1ad-ce84e0b6aae2","local_time":"20210218153358","is_ascension_mode":true,"campfire_choices":[{"data":"animator:UneriGinkaku","floor":6,"key":"SMITH"},{"floor":8,"key":"REST"},{"data":"animator:CrowleyEusford","floor":10,"key":"SMITH"},{"floor":12,"key":"REST"},{"floor":15,"key":"REST"}],"circlet_count":0,"master_deck":["AscendersBane","animator:Strike_Fate","animator:Defend_Fate","animator:Strike","animator:Strike","animator:Strike+1","animator:Defend+1","animator:Defend+1","animator:Defend","animator:Alexander","animator:Rider+1","animator:UneriGinkaku+1","animator:CrowleyEusford+1","animator:Yoichi","animator:Berserker","animator:Shichika","animator:Priestess","animator:Saber","Decay"],"relics":["animator:LivingPicture","animator:TheMissingPiece","NeowsBlessing","hubris:MysteriousPyramids","Meat on the Bone","Gremlin Food","aspiration:FetidBarrel","Blue Doll","SlaversCollar","aspiration:Stabinomicon","Mirror"],"acts_visited":["Exordium","TheCity"],"potions_floor_usage":[16],"damage_taken":[{"damage":0,"enemies":"Jaw Worm","floor":1,"turns":1},{"damage":0,"enemies":"Cultist","floor":5,"turns":1},{"damage":0,"enemies":"3 Sentries","floor":7,"turns":2},{"damage":31,"enemies":"Replay:BlueRogue","floor":11,"turns":8},{"damage":17,"enemies":"Lagavulin","floor":13,"turns":5},{"damage":0,"enemies":"Small Slimes","floor":14,"turns":3},{"damage":0,"enemies":"Slime Boss","floor":16,"turns":6},{"damage":36,"enemies":"Chosen","floor":18,"turns":7},{"damage":22,"enemies":"2 Thieves","floor":22,"turns":1}],"seed_played":"7442884918409574149","potions_obtained":[{"floor":1,"key":"bronze:BurnAndBuffPotion"},{"floor":7,"key":"DistilledChaos"},{"floor":13,"key":"Reflective Coating"},{"floor":14,"key":"Energy Potion"},{"floor":16,"key":"animator:GrowthPotion"}],"is_trial":false,"path_per_floor":["M","?","?","T","M","R","E","R","T","R","E","R","E","M","R","B",null,"M","?","?","T","M"],"character_chosen":"THE_ANIMATOR","items_purchased":[],"campfire_rested":3,"item_purchase_floors":[],"current_hp_per_floor":[54,59,39,39,39,39,39,58,58,58,39,58,41,41,60,61,65,41,20,20,20,0,0],"gold":469,"neow_bonus":"THREE_ENEMY_KILL","is_daily":false,"chose_seed":false,"campfire_upgraded":2,"win_rate":0.0,"timestamp":1613658838,"path_taken":["M","?","?","?","?","R","E","R","T","R","E","R","E","M","R","BOSS","M","?","?","?","M"],"items_purchased_type":[],"build_version":"2020-12-22","purchased_purges":0,"victory":false,"max_hp_per_floor":[60,65,65,65,65,65,65,65,65,65,65,65,65,65,65,66,66,66,66,66,66,66,66],"card_choices":[{"not_picked":["animator:SayakaMiki","animator:DwarfShaman"],"picked":"animator:UneriGinkaku","floor":1},{"not_picked":["animator:NagisaMomoe","animator:Assassin"],"picked":"animator:CrowleyEusford","floor":5},{"not_picked":["animator:Illya","animator:WinryRockbell"],"picked":"animator:Yoichi","floor":7},{"not_picked":["animator:Illya","animator:Rider"],"picked":"animator:Berserker","floor":11},{"not_picked":["animator:OrikoMikuni","animator:Vesta"],"picked":"animator:Shichika","floor":13},{"not_picked":["animator:YuiTsuruno","animator:Mitsuba"],"picked":"animator:Priestess","floor":14},{"not_picked":["animator:Greed","animator:Gilgamesh"],"picked":"animator:Saber","floor":16},{"not_picked":["animator:Pride","animator:Berserker","animator:ElricAlphonse"],"picked":"SKIP","floor":18}],"player_experience":1016988,"relics_obtained":[{"floor":4,"key":"hubris:MysteriousPyramids"},{"floor":7,"key":"Meat on the Bone"},{"floor":9,"key":"Gremlin Food"},{"floor":11,"key":"aspiration:FetidBarrel"},{"floor":13,"key":"Blue Doll"},{"floor":19,"key":"aspiration:Stabinomicon"},{"floor":21,"key":"Mirror"}],"event_choices":[{"damage_healed":0,"gold_gain":0,"player_choice":"Donut","damage_taken":0,"max_hp_gain":5,"max_hp_loss":0,"event_name":"Big Fish","floor":2,"gold_loss":0},{"damage_healed":0,"gold_gain":0,"player_choice":"Entered Light","damage_taken":20,"max_hp_gain":0,"max_hp_loss":0,"event_name":"Shining Light","floor":3,"gold_loss":0,"cards_upgraded":["animator:Defend","animator:Strike"]},{"damage_healed":0,"gold_gain":0,"player_choice":"Obtained Book","damage_taken":21,"max_hp_gain":0,"max_hp_loss":0,"event_name":"Cursed Tome","floor":19,"gold_loss":0},{"damage_healed":0,"gold_gain":0,"player_choice":"Smashed Altar","damage_taken":0,"max_hp_gain":0,"max_hp_loss":0,"event_name":"Forgotten Altar","floor":20,"gold_loss":0,"cards_obtained":["Decay"]}],"is_beta":false,"boss_relics":[{"not_picked":["Sozu","Replay:Bronze Core"],"picked":"SlaversCollar"}],"items_purged_floors":[],"is_endless":false,"potions_floor_spawned":[1,7,13,14,16],"killed_by":"2 Thieves","ascension_level":16}}