{"host":"yyxj6r7867daifnt","time":1613614383,"event":{"mods":["Act Like it!","BaseMod","Better Third Choice","BetterRewards","Card Forge","Colored Map","Colored Powertips","Downfall","Key Reminder","Minty Spire (QoL Compilation)","Permanent Neow","Prisma Mod","Quick Restart","Rare Cards Sparkle","Relic Stats","Spicy Shops","StSLib","The Saiyan","The Senshi"],"gold_per_floor":[131,191,191,191,191,284,335,335,383,0,39,39,72,153,153,456,456,504,504,504,564,139,226,304,93,93,93,168,228,10,10,10,298,298,352,499,312,312,345,432,250,307,307,400,400,478,356,356,356,356],"floor_reached":51,"language":"ENG","playtime":2826,"items_purged":[],"score":1122,"play_id":"76b47bd9-4ada-4f9c-9320-4e4581451189","local_time":"20210217211303","daily_mods":["Heirloom","Time Dilation","Flight","Lethality","Midas"],"is_ascension_mode":false,"campfire_choices":[{"floor":15,"key":"REST"},{"floor":32,"key":"REST"},{"floor":49,"key":"REST"}],"circlet_count":0,"master_deck":["Saiyan:SAIYA_Strike+1","Saiyan:SAIYA_Strike+1","Saiyan:SAIYA_Defend+1","Saiyan:SAIYA_Defend+1","Saiyan:EnergyBlast+1","Saiyan:KaioKen+1","Saiyan:RuthlessBlow+1","Saiyan:RemoveWeights+1","Saiyan:MeteorDash+1","Saiyan:PowerUp+1","Enlightenment+1","Saiyan:FingerParry+1","Saiyan:SuperSaiyanThree+1","Saiyan:SuperSaiyanThree+1","CurseOfTheBell","Saiyan:GenkiDama+1","Saiyan:PowerUp+1","Saiyan:BurningSoul+1","Saiyan:ThirstForFight+1","Saiyan:Pacing+1","Saiyan:SuperSaiyanForm+1","Saiyan:SuperSaiyanThree+1","Saiyan:MeteorDash+1","Saiyan:RemoveWeights+1","Parasite","Saiyan:Quickening+1","Saiyan:UltraInstinct+1","Saiyan:TurtleShell+1"],"relics":["SaiyanSoul","SaiyanHeart","Hammer of Thor","Seething Fire","Anvil of the Gods","Ice Cream","Blue Candle","Art of War","Blood Vial","Smiling Mask","Happy Flower","Calling Bell","Lantern","Kunai","theSenshi:SpiralHeartMoonRodRelic","MutagenicStrength","Shuriken","Anchor","Pantograph","Vajra","Bronze Scales","White Beast Statue","MealTicket","bronze:DonusWashers","HandDrill","SacredBark","Guardian:GemstoneGun","Membership Card","Nunchaku","theSenshi:SuperSailorFukuRelic","Potion Belt","Bag of Marbles","Question Card","Gremlin Horn","hexamod:Sixitude","Bag of Preparation"],"acts_visited":["Exordium","TheCity","TheBeyond"],"potions_floor_usage":[23,24,28,40,50,50],"damage_taken":[{"damage":0,"enemies":"Jaw Worm","floor":1,"turns":2},{"damage":0,"enemies":"2 Louse","floor":2,"turns":1},{"damage":0,"enemies":"Lagavulin","floor":6,"turns":2},{"damage":0,"enemies":"Cultist","floor":7,"turns":1},{"damage":12,"enemies":"2 Fungi Beasts","floor":11,"turns":2},{"damage":0,"enemies":"3 Louse","floor":13,"turns":2},{"damage":0,"enemies":"Gremlin Nob","floor":14,"turns":2},{"damage":23,"enemies":"Hexaghost","floor":16,"turns":4},{"damage":4,"enemies":"2 Thieves","floor":18,"turns":3},{"damage":0,"enemies":"Spheric Guardian","floor":21,"turns":3},{"damage":28,"enemies":"Slavers","floor":23,"turns":2},{"damage":1,"enemies":"Book of Stabbing","floor":24,"turns":4},{"damage":0,"enemies":"Slavers","floor":28,"turns":2},{"damage":0,"enemies":"Cultist and Chosen","floor":29,"turns":3},{"damage":17,"enemies":"Champ","floor":33,"turns":8},{"damage":10,"enemies":"3 Darklings","floor":35,"turns":2},{"damage":0,"enemies":"2 Orb Walkers","floor":36,"turns":2},{"damage":0,"enemies":"3 Shapes","floor":39,"turns":1},{"damage":27,"enemies":"Nemesis","floor":40,"turns":5},{"damage":0,"enemies":"3 Darklings","floor":42,"turns":1},{"damage":0,"enemies":"Reptomancer","floor":44,"turns":2},{"damage":0,"enemies":"Giant Head","floor":46,"turns":3},{"damage":68,"enemies":"Time Eater","floor":50,"turns":7}],"seed_played":"6862835963757224755","potions_obtained":[{"floor":1,"key":"SteroidPotion"},{"floor":7,"key":"SpeedPotion"},{"floor":13,"key":"ColorlessPotion"},{"floor":14,"key":"Ancient Potion"},{"floor":20,"key":"DuplicationPotion"},{"floor":23,"key":"Block Potion"},{"floor":28,"key":"LiquidBronze"},{"floor":29,"key":"Weak Potion"},{"floor":40,"key":"FearPotion"},{"floor":42,"key":"Block Potion"},{"floor":44,"key":"Weak Potion"}],"is_trial":true,"path_per_floor":["M","M","?","?","?","E","M","?","T","?","M","$","M","E","R","B",null,"M","?","?","M","$","E","E","$","T","?","E","M","$","?","R","B",null,"M","?","$","?","M","E","$","M","T","E","?","E","$","?","R","B",null],"character_chosen":"SAIYAJIN","items_purchased":["Shuriken","Saiyan:GenkiDama","Vajra","Bronze Scales","bronze:DonusWashers","HandDrill","Membership Card","Nunchaku","Potion Belt","Bag of Marbles","Saiyan:Quickening","Saiyan:UltraInstinct","Saiyan:TurtleShell","Bag of Preparation"],"campfire_rested":3,"item_purchase_floors":[22,22,25,25,30,30,37,37,41,41,41,47,47,47],"current_hp_per_floor":[61,61,56,56,56,56,58,58,58,64,55,55,58,60,69,49,72,71,71,71,75,75,56,62,62,62,62,72,79,84,84,84,71,86,86,90,90,90,90,66,81,91,91,93,93,95,95,95,95,31],"gold":356,"neow_bonus":"","is_daily":false,"chose_seed":false,"campfire_upgraded":0,"win_rate":0.0,"timestamp":1613614383,"path_taken":["M","M","?","?","?","E","?","?","T","?","?","?","?","E","R","BOSS","M","?","?","?","$","E","E","$","T","?","E","?","?","?","R","BOSS","M","?","$","?","?","E","$","M","T","E","?","E","$","?","R","BOSS"],"items_purchased_type":["Relic","Card","Relic","Relic","Relic","Relic","Relic","Relic","Relic","Relic","Card","Card","Card","Relic"],"build_version":"2020-12-22","purchased_purges":0,"victory":true,"max_hp_per_floor":[61,61,61,61,61,61,61,61,61,67,68,68,69,69,69,72,72,73,73,73,75,75,78,81,81,81,81,83,84,84,84,84,86,86,88,90,90,90,90,91,91,91,91,93,93,95,95,95,95,97],"relic_stats":{"Happy Flower":[17],"Gremlin Horn":[0,0],"counters":[23,64],"Blue Candle":[3],"Bag of Preparation":[2],"Smiling Mask":0,"Question Card":2,"Blood Vial":20,"Nunchaku":[3],"Shuriken":[7],"Pantograph":0,"Bronze Scales":[86],"MealTicket":20,"Art of War":[6],"HandDrill":[18],"Kunai":[8],"obtain_stats":[{"Ice Cream":0,"Lantern":17,"theSenshi:SuperSailorFukuRelic":40,"Gremlin Horn":44,"SacredBark":34,"Vajra":25,"Hammer of Thor":0,"Bag of Preparation":47,"theSenshi:SpiralHeartMoonRodRelic":17,"Smiling Mask":9,"Blood Vial":6,"Nunchaku":37,"Pantograph":24,"MealTicket":28,"HandDrill":30,"Kunai":17,"Potion Belt":41,"bronze:DonusWashers":30,"Happy Flower":14,"Blue Candle":3,"Guardian:GemstoneGun":36,"hexamod:Sixitude":46,"SaiyanHeart":0,"Seething Fire":0,"Question Card":43,"White Beast Statue":26,"Calling Bell":17,"Anchor":23,"Anvil of the Gods":0,"Shuriken":22,"MutagenicStrength":19,"Bronze Scales":25,"SaiyanSoul":0,"Art of War":5,"Bag of Marbles":41,"Membership Card":37},{"Ice Cream":0,"Lantern":8,"theSenshi:SuperSailorFukuRelic":19,"Gremlin Horn":21,"SacredBark":15,"Vajra":12,"Hammer of Thor":0,"Bag of Preparation":22,"theSenshi:SpiralHeartMoonRodRelic":8,"Smiling Mask":4,"Blood Vial":3,"Nunchaku":17,"Pantograph":12,"MealTicket":13,"HandDrill":14,"Kunai":8,"Potion Belt":19,"bronze:DonusWashers":14,"Happy Flower":7,"Blue Candle":2,"Guardian:GemstoneGun":17,"hexamod:Sixitude":22,"SaiyanHeart":0,"Seething Fire":0,"Question Card":20,"White Beast Statue":12,"Calling Bell":8,"Anchor":11,"Anvil of the Gods":0,"Shuriken":10,"MutagenicStrength":9,"Bronze Scales":12,"SaiyanSoul":0,"Art of War":2,"Bag of Marbles":19,"Membership Card":17},{"Ice Cream":0,"Lantern":16,"theSenshi:SuperSailorFukuRelic":51,"Gremlin Horn":54,"SacredBark":41,"Vajra":28,"Hammer of Thor":0,"Bag of Preparation":57,"theSenshi:SpiralHeartMoonRodRelic":16,"Smiling Mask":6,"Blood Vial":5,"Nunchaku":45,"Pantograph":28,"MealTicket":30,"HandDrill":33,"Kunai":16,"Potion Belt":51,"bronze:DonusWashers":33,"Happy Flower":12,"Blue Candle":3,"Guardian:GemstoneGun":45,"hexamod:Sixitude":57,"SaiyanHeart":0,"Seething Fire":0,"Question Card":52,"White Beast Statue":28,"Calling Bell":16,"Anchor":24,"Anvil of the Gods":0,"Shuriken":22,"MutagenicStrength":19,"Bronze Scales":28,"SaiyanSoul":0,"Art of War":3,"Bag of Marbles":51,"Membership Card":45}]},"card_choices":[{"not_picked":["Saiyan:DoubleMasenko","Saiyan:ReverberatingForce"],"picked":"Saiyan:RemoveWeights","floor":1},{"not_picked":["Saiyan:Flurry","Saiyan:FingerParry"],"picked":"Saiyan:RemoveWeights","floor":2},{"not_picked":["Saiyan:DoubleMasenko","Saiyan:MeteorDash"],"picked":"Saiyan:Taunt","floor":6},{"not_picked":["Saiyan:DoubleMasenko","Saiyan:DragonFist"],"picked":"Saiyan:PowerUp","floor":7},{"not_picked":["Saiyan:PlotArmor","Saiyan:ExpandingShockwave"],"picked":"Saiyan:FingerParry","floor":11},{"not_picked":["Saiyan:FingerParry","Saiyan:Makankosappo"],"picked":"Saiyan:Furor","floor":13},{"not_picked":["Saiyan:KameHameHa","Saiyan:BackAttack"],"picked":"Saiyan:SuperSaiyanThree","floor":14},{"not_picked":["Saiyan:SenzuBean","Saiyan:MajinSeal"],"picked":"Saiyan:SuperSaiyanThree","floor":16},{"not_picked":["Saiyan:MeteorDash","Saiyan:Taunt","Saiyan:ThirstForFight"],"picked":"SKIP","floor":18},{"not_picked":["Saiyan:FingerParry","Saiyan:Flurry","Saiyan:ConcussiveBlow"],"picked":"SKIP","floor":21},{"not_picked":["Saiyan:DragonFist","Saiyan:Flurry"],"picked":"Saiyan:PowerUp","floor":23},{"not_picked":["Saiyan:Makankosappo","Saiyan:Quickening"],"picked":"Saiyan:BurningSoul+1","floor":24},{"not_picked":["Saiyan:Afterimage","Saiyan:Overexert"],"picked":"Saiyan:Pacing","floor":28},{"not_picked":["Saiyan:BigBangAttack","Saiyan:DrainingStrike+1","Saiyan:Flurry"],"picked":"SKIP","floor":29},{"not_picked":["Saiyan:Momentum","Saiyan:TransfigurationBeam"],"picked":"Saiyan:SuperSaiyanThree","floor":33},{"not_picked":["Saiyan:SaiyanHubris+1","Saiyan:Planning"],"picked":"Saiyan:MeteorDash+1","floor":35},{"not_picked":["Saiyan:Planning+1","Saiyan:Scouter+1"],"picked":"Saiyan:RemoveWeights","floor":36},{"not_picked":["Saiyan:BigBangAttack+1","Saiyan:DoubleMasenko","Saiyan:ExpandingShockwave+1"],"picked":"SKIP","floor":39},{"not_picked":["Saiyan:SenzuBean","Saiyan:Makankosappo","Saiyan:Flurry"],"picked":"SKIP","floor":40},{"not_picked":["Saiyan:BigBangAttack","Saiyan:PlotArmor+1","Saiyan:Makankosappo"],"picked":"SKIP","floor":42},{"not_picked":["Saiyan:Pacing","Saiyan:BackAttack","Saiyan:PowerUp+1","Saiyan:Teleport+1"],"picked":"SKIP","floor":44},{"not_picked":["Saiyan:Honing+1","Saiyan:KiStrike","Saiyan:BackAttack","Saiyan:MindBoom"],"picked":"SKIP","floor":46}],"player_experience":671329,"relics_obtained":[{"floor":6,"key":"Blood Vial"},{"floor":9,"key":"Smiling Mask"},{"floor":14,"key":"Happy Flower"},{"floor":17,"key":"Lantern"},{"floor":17,"key":"Kunai"},{"floor":17,"key":"theSenshi:SpiralHeartMoonRodRelic"},{"floor":23,"key":"Anchor"},{"floor":24,"key":"Pantograph"},{"floor":26,"key":"White Beast Statue"},{"floor":28,"key":"MealTicket"},{"floor":36,"key":"Guardian:GemstoneGun"},{"floor":40,"key":"theSenshi:SuperSailorFukuRelic"},{"floor":43,"key":"Question Card"},{"floor":44,"key":"Gremlin Horn"},{"floor":46,"key":"hexamod:Sixitude"}],"event_choices":[{"damage_healed":0,"gold_gain":0,"cards_transformed":["Saiyan:SAIYA_Defend"],"player_choice":"Change","damage_taken":0,"max_hp_gain":0,"max_hp_loss":0,"event_name":"Living Wall","floor":4,"gold_loss":0,"cards_obtained":["Saiyan:MeteorDash"]},{"damage_healed":0,"gold_gain":0,"player_choice":"Gave Potion","damage_taken":0,"relics_obtained":["Art of War"],"max_hp_gain":0,"max_hp_loss":0,"event_name":"WeMeetAgain","floor":5,"gold_loss":0},{"damage_healed":0,"gold_gain":0,"player_choice":"Leave","damage_taken":0,"max_hp_gain":0,"max_hp_loss":0,"event_name":"The Cleric","floor":8,"gold_loss":0},{"damage_healed":0,"gold_gain":0,"player_choice":"RENOUNCE","damage_taken":383,"max_hp_gain":0,"max_hp_loss":0,"event_name":"betterThird:BetterSerpent","floor":10,"gold_loss":383,"cards_obtained":["Enlightenment"]},{"damage_healed":0,"gold_gain":0,"player_choice":"Inject Mutagens","damage_taken":0,"relics_obtained":["MutagenicStrength"],"max_hp_gain":0,"max_hp_loss":0,"event_name":"Drug Dealer","floor":19,"gold_loss":0},{"damage_healed":0,"gold_gain":0,"player_choice":"Got Potions","damage_taken":0,"max_hp_gain":0,"max_hp_loss":0,"event_name":"Lab","floor":20,"gold_loss":0},{"damage_healed":0,"gold_gain":0,"cards_transformed":["Saiyan:Furor"],"player_choice":"Transformed","damage_taken":0,"max_hp_gain":0,"max_hp_loss":0,"event_name":"Transmorgrifier","floor":27,"gold_loss":0,"cards_obtained":["Saiyan:ThirstForFight"]},{"damage_healed":0,"gold_gain":0,"player_choice":"Read","damage_taken":0,"max_hp_gain":0,"max_hp_loss":0,"event_name":"The Library","floor":31,"gold_loss":0,"cards_obtained":["Saiyan:SuperSaiyanForm"]},{"damage_healed":0,"gold_gain":0,"player_choice":"Fight","damage_taken":0,"max_hp_gain":0,"max_hp_loss":0,"event_name":"Mysterious Sphere","floor":36,"gold_loss":0},{"damage_healed":0,"gold_gain":0,"player_choice":"Ignored","damage_taken":0,"max_hp_gain":0,"max_hp_loss":0,"event_name":"Tomb of Lord Red Mask","floor":38,"gold_loss":0},{"cards_removed":["Saiyan:RemoveWeights"],"damage_healed":0,"gold_gain":0,"player_choice":"Removed Skill","damage_taken":0,"max_hp_gain":0,"max_hp_loss":0,"event_name":"Falling","floor":45,"gold_loss":0},{"damage_healed":0,"gold_gain":0,"player_choice":"Upgraded","damage_taken":0,"max_hp_gain":0,"max_hp_loss":0,"event_name":"Upgrade Shrine","floor":48,"gold_loss":0,"cards_upgraded":["Saiyan:TurtleShell"]}],"is_beta":false,"boss_relics":[{"not_picked":["Empty Cage","Busted Crown"],"picked":"Calling Bell"},{"not_picked":["Astrolabe","Snecko Eye"],"picked":"SacredBark"}],"items_purged_floors":[],"is_endless":false,"potions_floor_spawned":[1,7,13,14,23,28,29,33,35,36,39,40,42,44,46],"ascension_level":0}}