{"host":"61scwtj8sjvayefi","time":1613684561,"event":{"mods":["2.2 Compatiblity","Act Like it!","BaseMod","Conspire","Downfall","Gensokyo","Hermit","Koishi","Marisa????????","Minty Spire (QoL Compilation)","Remilia??????","Replay The Spire","StSLib","The Bug Knight","The Hierophant","The Mystic","The Senshi","The Servant 0.9.4"],"gold_per_floor":[114,124,139,2,2,37,37,93,93,123,123,198,198,211,211,314,314,331,351,364,384,384,384,402,414,414,430,210,242,257,275,275,375,375,386,398,411,430,430,430],"floor_reached":39,"language":"ENG","playtime":4523,"items_purged":["BattleHymn"],"score":494,"play_id":"cbf2eb21-fc9d-44fd-b3b9-6311196101a8","local_time":"20210218154241","daily_mods":["SealedDeck"],"is_ascension_mode":false,"campfire_choices":[{"floor":7.0,"key":"REST"},{"data":"Worship","floor":11.0,"key":"SMITH"},{"data":"Establishment","floor":15.0,"key":"SMITH"},{"data":"Worship","floor":23.0,"key":"SMITH"},{"floor":32.0,"key":"REST"}],"circlet_count":0,"master_deck":["Replay:ManipulateFuture","Prostrate","ThirdEye","CarveReality","ReachHeaven","Replay:Cycle","JustLucky","Replay:Vibes","BattleHymn+1","Establishment+1","Worship+1","Devotion","Perseverance","DevaForm","Fasting2+1","Protect"],"relics":["PureWater","Lantern","Pen Nib","Garlic","Unceasing Top","ReplayTheSpireMod:DimensionalGlitch","Bottled Tornado","Bag of Preparation","Omamori","Kintsugi"],"acts_visited":["Exordium","TheCity","TheBeyond"],"potions_floor_usage":[33,33,33],"damage_taken":[{"damage":0.0,"enemies":"2 Louse","floor":1.0,"turns":2.0},{"damage":7.0,"enemies":"Jaw Worm","floor":2.0,"turns":2.0},{"damage":8.0,"enemies":"Small Slimes","floor":3.0,"turns":2.0},{"damage":14.0,"enemies":"Gremlin Nob","floor":6.0,"turns":3.0},{"damage":8.0,"enemies":"Gremlin Nob","floor":8.0,"turns":3.0},{"damage":0.0,"enemies":"Lagavulin","floor":10.0,"turns":2.0},{"damage":2.0,"enemies":"3 Louse","floor":14.0,"turns":2.0},{"damage":5.0,"enemies":"Fading Forest","floor":16.0,"turns":11.0},{"damage":1.0,"enemies":"Spheric Guardian","floor":18.0,"turns":3.0},{"damage":0.0,"enemies":"Chosen","floor":19.0,"turns":4.0},{"damage":1.0,"enemies":"Shelled Parasite and Fungi","floor":20.0,"turns":2.0},{"damage":7.0,"enemies":"Snake Plant","floor":21.0,"turns":3.0},{"damage":16.0,"enemies":"Centurion and Healer","floor":24.0,"turns":4.0},{"damage":0.0,"enemies":"conspire:HollyBat","floor":25.0,"turns":4.0},{"damage":15.0,"enemies":"Snake Plant","floor":27.0,"turns":4.0},{"damage":2.0,"enemies":"Book of Stabbing","floor":29.0,"turns":3.0},{"damage":0.0,"enemies":"Snecko","floor":30.0,"turns":3.0},{"damage":0.0,"enemies":"conspire:HollyBat","floor":31.0,"turns":3.0},{"damage":10,"enemies":"Champ","floor":33,"turns":4},{"damage":4,"enemies":"3 Darklings","floor":35,"turns":3},{"damage":28,"enemies":"Orb Walker","floor":36,"turns":4},{"damage":2,"enemies":"Spire Growth","floor":37,"turns":4},{"damage":25,"enemies":"Jaw Worm Horde","floor":38,"turns":4},{"damage":22,"enemies":"Transient","floor":39,"turns":1}],"seed_played":"2544142979921223080","potions_obtained":[{"floor":2.0,"key":"Dexterity Potion"},{"floor":6.0,"key":"DistilledChaos"},{"floor":10.0,"key":"Weak Potion"},{"floor":18.0,"key":"Energy Potion"},{"floor":19.0,"key":"Fire Potion"},{"floor":22.0,"key":"BottledMiracle"},{"floor":22.0,"key":"Slimebound:ThreeZeroPotion"},{"floor":22.0,"key":"Reflective Coating"},{"floor":24.0,"key":"ColorlessPotion"},{"floor":27.0,"key":"PowerPotion"},{"floor":29.0,"key":"Fire Potion"},{"floor":38,"key":"hexamod:SoulburnPotion"}],"is_trial":true,"path_per_floor":["M","M","M","$","?","E","R","?","T","E","R","?","?","M","R","B",null,"M","M","M","M","?","R","M","M","T","M","$","E","M","M","R","B",null,"M","M","M","M","M"],"character_chosen":"WATCHER","items_purchased":["Replay:Vibes","BattleHymn+1","Bag of Preparation"],"campfire_rested":2,"item_purchase_floors":[4,4,28],"current_hp_per_floor":[72,65,57,57,57,43,64,56,56,56,56,45,45,43,43,62,72,71,71,70,63,63,63,47,47,47,32,32,30,30,30,51,41,72,68,40,38,13,0,0],"gold":430,"neow_bonus":"","is_daily":false,"chose_seed":false,"campfire_upgraded":3,"win_rate":0.0,"timestamp":1613684561,"path_taken":["M","M","M","$","?","E","R","?","T","E","R","?","?","M","R","BOSS","M","M","M","M","?","R","M","M","T","?","$","E","M","M","R","BOSS","M","M","M","M","M"],"items_purchased_type":["Card","Card","Relic"],"build_version":"2020-12-22","purchased_purges":1,"victory":false,"max_hp_per_floor":[72,72,72,72,72,72,72,72,72,72,72,72,72,72,72,72,72,72,72,72,72,72,72,72,72,72,72,72,72,72,72,72,72,72,72,72,72,72,72,72],"card_choices":[{"not_picked":["Evaluate","Halt"],"picked":"Replay:Cycle","floor":1.0},{"not_picked":["Evaluate","Crescendo"],"picked":"JustLucky","floor":2.0},{"not_picked":["SignatureMove","JustLucky"],"picked":"Worship","floor":3.0},{"not_picked":["Indignation","ForeignInfluence"],"picked":"SashWhip","floor":6.0},{"not_picked":["ClearTheMind","Replay:BluntJabs"],"picked":"Establishment","floor":8.0},{"not_picked":["FollowUp","Halt"],"picked":"Worship","floor":10.0},{"not_picked":["ThirdEye","Replay:AtTheReady","Ragnarok"],"picked":"SKIP","floor":14.0},{"not_picked":["Omniscience","Scrawl"],"picked":"Devotion","floor":16.0},{"not_picked":["ThirdEye","CrushJoints","Crescendo+1"],"picked":"SKIP","floor":18.0},{"not_picked":["Collect","ReachHeaven","CrushJoints"],"picked":"SKIP","floor":19.0},{"not_picked":["MentalFortress","Prostrate","Halt+1"],"picked":"SKIP","floor":20.0},{"not_picked":["Consecrate","Replay:AllIn"],"picked":"Perseverance","floor":21.0},{"not_picked":["FollowUp","EmptyBody","EmptyMind+1"],"picked":"SKIP","floor":24.0},{"not_picked":["FearNoEvil","ClearTheMind","Crescendo"],"picked":"SKIP","floor":25.0},{"not_picked":["Prostrate+1","Meditate","Replay:Battleflow"],"picked":"SKIP","floor":27.0},{"not_picked":["Replay:DivineShield","CarveReality+1","WaveOfTheHand+1"],"picked":"SKIP","floor":29.0},{"not_picked":["SashWhip","EmptyFist","FlurryOfBlows"],"picked":"SKIP","floor":30.0},{"not_picked":["CarveReality+1","Prostrate","Wallop+1"],"picked":"SKIP","floor":31.0},{"not_picked":["Replay:AllIn","Judgement"],"picked":"DevaForm","floor":33},{"not_picked":["Replay:ManipulateFuture","EmptyBody"],"picked":"Fasting2+1","floor":35},{"not_picked":["Replay:BluntJabs+1","Fasting2"],"picked":"Protect","floor":36},{"not_picked":["EmptyBody+1","Collect","Perseverance+1"],"picked":"SKIP","floor":37},{"not_picked":["Tantrum","WindmillStrike","BowlingBash"],"picked":"SKIP","floor":38}],"player_experience":91729,"relics_obtained":[{"floor":6.0,"key":"Lantern"},{"floor":8.0,"key":"Pen Nib"},{"floor":9.0,"key":"Garlic"},{"floor":10.0,"key":"Unceasing Top"},{"floor":26.0,"key":"Bottled Tornado"},{"floor":29.0,"key":"Omamori"}],"event_choices":[{"cards_removed":["FlurryOfBlows"],"damage_healed":0.0,"max_hp_gain":0.0,"max_hp_loss":0.0,"gold_gain":0.0,"event_name":"Living Wall","player_choice":"Forget","floor":5.0,"gold_loss":0.0,"damage_taken":0.0},{"damage_healed":0.0,"max_hp_gain":0.0,"max_hp_loss":0.0,"gold_gain":30.0,"event_name":"Dead Adventurer","player_choice":"Searched \u00272\u0027 times","floor":8.0,"gold_loss":0.0,"damage_taken":0.0},{"damage_healed":0.0,"max_hp_gain":0.0,"max_hp_loss":0.0,"gold_gain":75.0,"event_name":"World of Goop","player_choice":"Gather Gold","floor":12.0,"gold_loss":0.0,"damage_taken":11.0},{"damage_healed":0.0,"max_hp_gain":0.0,"max_hp_loss":0.0,"gold_gain":0.0,"event_name":"Liars Game","player_choice":"Ignored","floor":13.0,"gold_loss":0.0,"damage_taken":0.0},{"damage_healed":0.0,"max_hp_gain":0.0,"max_hp_loss":0.0,"gold_gain":0.0,"event_name":"Lab","player_choice":"Got Potions","floor":22.0,"gold_loss":0.0,"damage_taken":0.0}],"is_beta":false,"boss_relics":[{"not_picked":["Tiny House","Replay:Drink Me"],"picked":"ReplayTheSpireMod:DimensionalGlitch"},{"not_picked":["Honey Jar","Busted Crown"],"picked":"Kintsugi"}],"items_purged_floors":[28],"is_endless":false,"potions_floor_spawned":[2,6,10,18,19,24,27,29,31,38],"killed_by":"Transient","ascension_level":0}}