{"host":"st1kg310ms6sytc5","time":1613657530,"event":{"mods":["ATMod(°¢èªMod)","Act Like it!","BaseMod","Bossed Relics","CapriCore","Gensokyo","Minty Spire (QoL Compilation)","StSLib","SuperFastMode","Wide Potions","Yakumo Yukari mod","¡¾ÒÅÎï¿¨ÅÆ¡¿REMEMod"],"gold_per_floor":[133,133,133,145,161,195,195,210,210,239,255,288,288,305,305,406,406,420,434,103,121,21,56,83,120,120,120,132,164,164,215,215,337,337,355,355,369,397,417,417,417,417,417,247,247,265,97,97,97,100,100,100,50,79,118],"floor_reached":56,"language":"ZHS","playtime":2079,"items_purged":["AT_purpleEX","AT_purpleEX","Defend_purpleEX","Defend_purpleEX","Umbrella_purple+1"],"score":2507,"play_id":"4ac44209-9e91-4cf0-961f-81dd5aae92e2","local_time":"20210218221210","is_ascension_mode":true,"campfire_choices":[{"data":"Umbrella_purple","floor":7.0,"key":"SMITH"},{"data":"AT_KingSlayer","floor":13.0,"key":"SMITH"},{"data":"D_absorption_purple","floor":15.0,"key":"SMITH"},{"data":"Boundary_ObjectiveBoundary_purple","floor":27.0,"key":"SMITH"},{"data":"REME_Shoggoth","floor":30.0,"key":"SMITH"},{"data":"WorldDissolvedintheRealm_purple","floor":32.0,"key":"SMITH"},{"floor":40.0,"key":"RECALL"},{"data":"Observe_purple_2","floor":42.0,"key":"SMITH"},{"data":"DimensionStaggered_purple","floor":45,"key":"SMITH"},{"floor":49,"key":"REST"},{"floor":52,"key":"REST"}],"circlet_count":0,"master_deck":["AscendersBane","AT_purpleEX+1","Observe_purple_1+1","Observe_purple_2+1","AT_KingSlayer+1","REME_Shoggoth+1","DimensionStaggered_purple+1","Boundary_ObjectiveBoundary_purple+1","D_absorption_purple+1","Boundary_LifeAndDeath_purple+1","WorldDissolvedintheRealm_purple+1"],"relics":["Boundary_crack","Memoryfragments_purpleEX","AT_ATBox","REME_ComplimentaryCards","NeowsBlessing","Singing Bowl","Letter Opener","AT_TimeSand","AT_BellDemon","CaptainsWheel","Toxic Egg 2","Busted Crown","HornCleat","Darkstone Periapt","AT_BellowingDragoncrestRing","REME_LimitBreaker","AT_ImmortalShieldbow","AT_ForceNature","Red Mask","CeramicFish","MealTicket","Mercury Hourglass","AT_DeathDance","Pantograph","REME_ArchaeologicalTools","Smiling Mask","Incense Burner","War Paint","Pandora\u0027s Box","Parasol_purpleEX","Ice Cream","Whetstone","The Courier","Bottled Lightning","Vajra","Shuriken","Medical Kit","AT_RedTearstoneRing","AT_Kusabimaru"],"acts_visited":["Exordium","TheCity","Gensokyo:Gensokyoest","TheEnding"],"potions_floor_usage":[55],"damage_taken":[{"damage":0.0,"enemies":"Cultist","floor":1.0,"turns":1.0},{"damage":0.0,"enemies":"Small Slimes","floor":4.0,"turns":1.0},{"damage":0.0,"enemies":"2 Louse","floor":5.0,"turns":1.0},{"damage":41.0,"enemies":"3 Sentries","floor":6.0,"turns":12.0},{"damage":7.0,"enemies":"Exordium Wildlife","floor":8.0,"turns":2.0},{"damage":10.0,"enemies":"Gremlin Nob","floor":10.0,"turns":3.0},{"damage":0.0,"enemies":"Exordium Thugs","floor":11.0,"turns":3.0},{"damage":9.0,"enemies":"3 Sentries","floor":12.0,"turns":3.0},{"damage":0.0,"enemies":"Blue Slaver","floor":14.0,"turns":1.0},{"damage":0.0,"enemies":"The Guardian","floor":16.0,"turns":3.0},{"damage":0.0,"enemies":"Spheric Guardian","floor":18.0,"turns":2.0},{"damage":0.0,"enemies":"3 Byrds","floor":19.0,"turns":2.0},{"damage":0.0,"enemies":"Cultist and Chosen","floor":21.0,"turns":1.0},{"damage":0.0,"enemies":"Book of Stabbing","floor":23.0,"turns":2.0},{"damage":0.0,"enemies":"Masked Bandits","floor":24.0,"turns":1.0},{"damage":0.0,"enemies":"REME_1_Revenger","floor":25.0,"turns":2.0},{"damage":0.0,"enemies":"Snake Plant","floor":28.0,"turns":1.0},{"damage":0.0,"enemies":"Book of Stabbing","floor":29.0,"turns":2.0},{"damage":0.0,"enemies":"REME_1_Revenger","floor":31.0,"turns":1.0},{"damage":0.0,"enemies":"Champ","floor":33.0,"turns":2.0},{"damage":0.0,"enemies":"Gensokyo:3_Bats","floor":35.0,"turns":1.0},{"damage":0.0,"enemies":"Gensokyo:3_Boulders","floor":37.0,"turns":1.0},{"damage":0.0,"enemies":"Gensokyo:SeedOfUnknown","floor":38.0,"turns":2.0},{"damage":0.0,"enemies":"Gensokyo:Dusk_and_Dawn","floor":39.0,"turns":1.0},{"damage":0,"enemies":"Gensokyo:3_Boulders","floor":46,"turns":1},{"damage":0,"enemies":"Gensokyo:Scarlet_Devils","floor":50,"turns":1},{"damage":0,"enemies":"Shield and Spear","floor":54,"turns":1},{"damage":0,"enemies":"The Heart","floor":55,"turns":5}],"seed_played":"-7912810908313062677","potions_obtained":[{"floor":6.0,"key":"Strength Potion"},{"floor":10.0,"key":"BlessingOfTheForge"},{"floor":11.0,"key":"Fire Potion"},{"floor":14.0,"key":"Weak Potion"},{"floor":18.0,"key":"REME_GoldPotion"},{"floor":23.0,"key":"Dexterity Potion"},{"floor":31.0,"key":"DuplicationPotion"}],"is_trial":false,"path_per_floor":["M","T","?","M","M","E","R","M","T","E","M","E","R","M","R","B",null,"M","M","$","M","$","E","?","E","T","R","M","E","R","E","R","B",null,"M","?","M","M","M","R","?","R","T","$","R","M","$","?","R","B",null,"R","$","E","B",null],"character_chosen":"Youkari","items_purchased":["AT_BellowingDragoncrestRing","Vajra","Medical Kit"],"campfire_rested":2,"item_purchase_floors":[20,44,47],"current_hp_per_floor":[63,63,63,64,65,26,26,21,21,12,19,17,17,24,24,26,67,72,79,79,85,85,87,90,90,90,90,92,94,94,96,96,98,98,100,100,102,104,106,106,106,106,106,106,106,108,108,108,108,108,108,108,108,110,110],"gold":118,"neow_bonus":"THREE_ENEMY_KILL","is_daily":false,"chose_seed":false,"campfire_upgraded":8,"win_rate":0.0,"timestamp":1613657530,"path_taken":["M","?","?","M","M","E","R","M","T","E","M","E","R","M","R","BOSS","M","M","$","M","$","E","?","E","T","R","M","E","R","E","R","BOSS","M","?","?","M","M","R","?","R","T","$","R","M","$","?","R","BOSS","R","$","E","BOSS"],"items_purchased_type":["Relic","Relic","Relic"],"build_version":"2020-12-22","purchased_purges":5,"victory":true,"max_hp_per_floor":[70,70,70,70,70,72,72,74,74,74,76,78,78,80,80,80,80,82,84,84,86,86,88,90,90,90,90,92,94,94,96,96,98,98,100,100,102,104,106,106,106,106,106,106,106,108,108,108,108,108,108,108,108,110,110],"card_choices":[{"not_picked":["Realm_recovery_purpleEX","Worldmountain_purple"],"picked":"DimensionStaggered_purple","floor":1.0},{"not_picked":["AdvanceAttack_purple","Worldmountain_purple","RealityDreamConfluencek_purple"],"picked":"SKIP","floor":4.0},{"not_picked":["SharpContractionReality_purple","Realm_recovery_purpleEX"],"picked":"Umbrella_purple","floor":5.0},{"not_picked":["PurpleNeedle_purple","OmniscientAndOmnipotent_Monster_purple","DarkRealmRedLine_purple"],"picked":"Singing Bowl","floor":6.0},{"not_picked":["MeetDecomposer_purple","Realm_recovery_purpleEX","Yakumo_Ran_purple"],"picked":"Singing Bowl","floor":8.0},{"not_picked":["RuleDissolution_purple","MeetDecomposer_purple"],"picked":"D_absorption_purple","floor":10.0},{"not_picked":["Line_surface_state_purple","Charmbait_purple","MeetDecomposer_purple"],"picked":"Singing Bowl","floor":11.0},{"not_picked":["Line_surface_state_purple","Extrememeaning_purpleEX","RuleDissolution_purple"],"picked":"Singing Bowl","floor":12.0},{"not_picked":["Bait_HighSpeedFlying_purple","Nest_LightFlightworm_purple","Charmbait_purple"],"picked":"Singing Bowl","floor":14.0},{"not_picked":["WasteWire_Metro_purple","BarrageBoundary_PipeDream_purple"],"picked":"Boundary_LifeAndDeath_purple+1","floor":16.0},{"not_picked":["ExistenceContinue_purple+1"],"picked":"Singing Bowl","floor":18.0},{"not_picked":["Yakumo_Ran_purple+1"],"picked":"Singing Bowl","floor":19.0},{"not_picked":["Erosivefilter_purple+1"],"picked":"Singing Bowl","floor":21.0},{"not_picked":["AdvanceAttack_purple"],"picked":"Singing Bowl","floor":23.0},{"not_picked":["Mirror_FormAndEmptin_purple+1"],"picked":"Singing Bowl","floor":24.0},{"not_picked":[],"picked":"WorldDissolvedintheRealm_purple","floor":25.0},{"not_picked":["DimensionStaggered_purple+1"],"picked":"Singing Bowl","floor":28.0},{"not_picked":["Boundary_ObjectiveBoundary_purple+1"],"picked":"Singing Bowl","floor":29.0},{"not_picked":["SharpContractionReality_purple"],"picked":"Singing Bowl","floor":31.0},{"not_picked":["Fancifulhole_purple"],"picked":"Singing Bowl","floor":33.0},{"not_picked":["StateErode_purple+1"],"picked":"Singing Bowl","floor":35.0},{"not_picked":["MeetDecomposer_purple+1"],"picked":"Singing Bowl","floor":37.0},{"not_picked":["Worldmountain_purple"],"picked":"Singing Bowl","floor":38.0},{"not_picked":["MeetDecomposer_purple+1"],"picked":"Singing Bowl","floor":39.0},{"not_picked":["SfantasyHide_purple+1"],"picked":"Singing Bowl","floor":46},{"not_picked":["WingOfChimera_purple+1"],"picked":"Singing Bowl","floor":54}],"player_experience":1434968,"relics_obtained":[{"floor":6.0,"key":"Singing Bowl"},{"floor":9.0,"key":"Letter Opener"},{"floor":10.0,"key":"AT_TimeSand"},{"floor":12.0,"key":"AT_BellDemon"},{"floor":14.0,"key":"CaptainsWheel"},{"floor":16.0,"key":"Toxic Egg 2"},{"floor":18.0,"key":"HornCleat"},{"floor":19.0,"key":"Darkstone Periapt"},{"floor":21.0,"key":"REME_LimitBreaker"},{"floor":23.0,"key":"AT_ImmortalShieldbow"},{"floor":23.0,"key":"AT_ForceNature"},{"floor":24.0,"key":"Red Mask"},{"floor":24.0,"key":"CeramicFish"},{"floor":25.0,"key":"MealTicket"},{"floor":26.0,"key":"Mercury Hourglass"},{"floor":28.0,"key":"AT_DeathDance"},{"floor":29.0,"key":"Pantograph"},{"floor":29.0,"key":"REME_ArchaeologicalTools"},{"floor":31.0,"key":"Smiling Mask"},{"floor":31.0,"key":"Incense Burner"},{"floor":33.0,"key":"War Paint"},{"floor":35.0,"key":"Parasol_purpleEX"},{"floor":37.0,"key":"Ice Cream"},{"floor":38.0,"key":"Whetstone"},{"floor":39.0,"key":"The Courier"},{"floor":43,"key":"Bottled Lightning"},{"floor":46,"key":"Shuriken"},{"floor":54,"key":"AT_RedTearstoneRing"},{"floor":54,"key":"AT_Kusabimaru"}],"event_choices":[{"damage_healed":0.0,"max_hp_gain":0.0,"max_hp_loss":0.0,"gold_gain":0.0,"cards_transformed":["AT_purpleEX"],"event_name":"Living Wall","player_choice":"Change","floor":3.0,"gold_loss":0.0,"damage_taken":0.0,"cards_obtained":["Boundary_ObjectiveBoundary_purple"]},{"damage_healed":0.0,"max_hp_gain":0.0,"max_hp_loss":0.0,"gold_gain":0.0,"event_name":"Masked Bandits","player_choice":"Fought Bandits","floor":24.0,"gold_loss":0.0,"damage_taken":0.0}],"is_beta":false,"boss_relics":[{"not_picked":["Calling Bell","Seventeenyearold_girl_Forever"],"picked":"Busted Crown"},{"not_picked":["SacredBark","Cursed Key"],"picked":"Pandora\u0027s Box"}],"items_purged_floors":[20,22,44,47,53],"is_endless":false,"potions_floor_spawned":[6,10,11,14,18,23,29,31,38,46,54],"ascension_level":11}}