{"host":"nfcm","time":1613648316,"event":{"mods":["BaseMod","Beaked The Cultist","Better Third Choice","Hermit","Minty Spire (QoL Compilation)","Replay The Spire","Shop Mod","StSLib","[IsaacMod]ÒÔÈö¼âËþ"],"gold_per_floor":[112,129,207,222,266,293,293,321,421,454,379,379,389,415,415,519,519,535,450,450,350,363,390,315,350,399,434,434,460,460,495,495,512,335,346,362,380,413,413,429,429,448,481,481,508,518,518,614,614,624,643,643,655,505,537,537,566,593,618,968,968,978,978,978,978,978,978,268,268,268],"floor_reached":56,"language":"ZHS","playtime":3095,"items_purged":["Strike_R","Strike_R","Strike_R","Strike_R","Immolate+1","Offering"],"score":1886,"play_id":"7c2edab5-d4a3-4cc4-8b4a-2805d6781343","local_time":"20210218193836","is_ascension_mode":true,"campfire_choices":[{"data":"Armaments","floor":7.0,"key":"SMITH"},{"data":"BloodyBrimstone","floor":12.0,"key":"SMITH"},{"data":"Immolate","floor":15.0,"key":"SMITH"},{"floor":28.0,"key":"RECALL"},{"data":"Pommel Strike","floor":30.0,"key":"SMITH"},{"data":"Feel No Pain","floor":32.0,"key":"SMITH"},{"data":"Second Wind","floor":24.0,"key":"SMITH"},{"data":"Clash","floor":32.0,"key":"PURGE"},{"data":"Impervious","floor":41.0,"key":"SMITH"},{"data":"ReplayTheSpireMod:Faulty Equipment","floor":46.0,"key":"SMITH"},{"floor":49.0,"key":"DIG"},{"data":"Sword Boomerang","floor":52.0,"key":"SMITH"}],"circlet_count":0,"master_deck":["Defend_R","Defend_R","Defend_R","Defend_R","Bash","BloodyBrimstone+1","Armaments+1","Second Wind+1","Feel No Pain+1","Sword Boomerang+1","Exhume","Impervious+1","Corruption","Demon Form+1","Pommel Strike+1","Dark Embrace+1","Pommel Strike+1","Feel No Pain+1","Sword Boomerang+1","Spreading Infection","Pain"],"relics":["Burning Blood","HushsDoor","NeowsBlessing","Chaos","Happy Flower","PunchingBag","Ring of Chaos","Replay:Wanted Poster","D6","Snecko Eye","JudasShadow","GuppysHairball","DeathBook","Frozen Egg 2","DoctorsRemote","Replay:Ringing Soul","Strawberry","Counterbalance","AnarchistCookbook","Gremlin Food","NineVolt","Replay:Mystery Machine","Vajra","GuppysPaw","SatanicBible","Strange Spoon","Sozu","Orrery","InkBottle","Another Sword","PillsDrop","Black Blood","EdensBlessing","Ring of Greed","Old Coin","The Courier","Ring of Hypnosis","MegaBlast","Calipers","Succubus","Mummified Hand","Quantum Egg","Pondfish Scales"],"acts_visited":["Exordium","TheCity","TheBeyond","TheEnding"],"potions_floor_usage":[],"damage_taken":[{"damage":0.0,"enemies":"Cultist","floor":1.0,"turns":1.0},{"damage":0.0,"enemies":"Small Slimes","floor":2.0,"turns":1.0},{"damage":0.0,"enemies":"2 Louse","floor":4.0,"turns":1.0},{"damage":19.0,"enemies":"Lagavulin","floor":6.0,"turns":6.0},{"damage":5.0,"enemies":"3 Sentries","floor":8.0,"turns":4.0},{"damage":0.0,"enemies":"Gremlin Nob","floor":10.0,"turns":2.0},{"damage":2.0,"enemies":"Large Slime","floor":13.0,"turns":4.0},{"damage":14.0,"enemies":"3 Sentries","floor":14.0,"turns":4.0},{"damage":23.0,"enemies":"Hexaghost","floor":16.0,"turns":5.0},{"damage":7.0,"enemies":"3 Byrds","floor":18.0,"turns":4.0},{"damage":0.0,"enemies":"2 Thieves","floor":22.0,"turns":2.0},{"damage":16.0,"enemies":"Replay:Snechameleon","floor":23.0,"turns":3.0},{"damage":0.0,"enemies":"Gremlin Leader","floor":25.0,"turns":4.0},{"damage":6.0,"enemies":"Book of Stabbing","floor":27.0,"turns":3.0},{"damage":6.0,"enemies":"Gremlin Leader","floor":29.0,"turns":3.0},{"damage":2.0,"enemies":"Book of Stabbing","floor":31.0,"turns":3.0},{"damage":0.0,"enemies":"Chosen","floor":18.0,"turns":2.0},{"damage":0.0,"enemies":"Spheric Guardian","floor":20.0,"turns":3.0},{"damage":0.0,"enemies":"Snake Plant","floor":21.0,"turns":2.0},{"damage":0.0,"enemies":"Centurion and Healer","floor":22.0,"turns":3.0},{"damage":9.0,"enemies":"Slavers","floor":23.0,"turns":2.0},{"damage":0.0,"enemies":"Shelled Parasite and Fungi","floor":25.0,"turns":2.0},{"damage":0.0,"enemies":"Snake Plant","floor":27.0,"turns":1.0},{"damage":0.0,"enemies":"Gremlin Leader","floor":28.0,"turns":4.0},{"damage":19.0,"enemies":"Slavers","floor":30.0,"turns":2.0},{"damage":0.0,"enemies":"Sentry and Sphere","floor":31.0,"turns":2.0},{"damage":12.0,"enemies":"Collector","floor":33.0,"turns":3.0},{"damage":0.0,"enemies":"3 Shapes","floor":35.0,"turns":2.0},{"damage":6.0,"enemies":"3 Darklings","floor":36.0,"turns":2.0},{"damage":0.0,"enemies":"Spire Growth","floor":38.0,"turns":2.0},{"damage":0.0,"enemies":"Reptomancer","floor":40.0,"turns":2.0},{"damage":0.0,"enemies":"Giant Head","floor":42.0,"turns":2.0},{"damage":0.0,"enemies":"Nemesis","floor":44.0,"turns":3.0},{"damage":0.0,"enemies":"Jaw Worm Horde","floor":47.0,"turns":2.0},{"damage":0.0,"enemies":"Donu and Deca","floor":50.0,"turns":1.0},{"damage":0.0,"enemies":"Shield and Spear","floor":54.0,"turns":1.0},{"damage":0,"enemies":"Delirium","floor":55,"turns":3}],"seed_played":"152485109967271052","potions_obtained":[{"floor":1.0,"key":"Dexterity Potion"},{"floor":4.0,"key":"BlessingOfTheForge"},{"floor":5.0,"key":"DistilledChaos"},{"floor":5.0,"key":"LifebloodPotion"},{"floor":6.0,"key":"Elixir"},{"floor":33.0,"key":"Swift Potion"}],"is_trial":false,"path_per_floor":["M","M","T","M","?","E","R","E","T","E","$","R","M","E","R","B",null,"M","?","?","$","M","E","?","E","T","E","R","E","R","E","R","M","$","M","M","M","E","R","M","T","M","E","?","E","M","R","B",null,"M","M","?","M","$","E","R","E","T","E","?","R","M","?","R","B",null,"R","$","E","B",null],"character_chosen":"IRONCLAD","items_purchased":["GuppysHairball","DeathBook","Impervious","Corruption","Dark Embrace+1","GuppysPaw","Damocles","SatanicBible","Succubus","Mummified Hand","Quantum Egg"],"campfire_rested":0,"item_purchase_floors":[17,17,17,17,19,34,34,34,53,53,53],"current_hp_per_floor":[80,80,80,80,60,47,47,48,48,54,54,54,58,50,50,33,37,36,36,31,31,37,27,27,36,36,46,46,47,47,44,44,44,47,47,50,50,44,44,47,47,47,47,50,37,46,46,40,13,13,7,6,1,1,1,1,4,4,1,4,4,4,4,4,1,1,1,1,1,1],"gold":268,"neow_bonus":"THREE_ENEMY_KILL","is_daily":false,"chose_seed":false,"campfire_upgraded":9,"win_rate":0.0,"timestamp":1613648316,"path_taken":["M","?","?","M","?","E","R","E","T","E","$","R","M","E","R","BOSS","M","?","?","$","M","E","?","E","T","E","R","E","R","E","R","M","$","M","M","M","E","R","M","T","M","E","?","E","M","R","BOSS","M","M","?","M","$","E","R","E","T","E","?","R","M","?","R","BOSS","R","$","E","BOSS"],"items_purchased_type":["Relic","Relic","Card","Card","Card","Relic","Relic","Relic","Relic","Relic","Relic"],"build_version":"2020-12-18","purchased_purges":6,"victory":true,"max_hp_per_floor":[80,80,80,80,80,77,77,77,77,74,74,74,74,74,74,71,38,38,38,43,43,43,40,40,40,40,47,47,47,47,44,44,44,47,47,50,50,47,47,47,47,47,47,50,50,53,53,50,13,13,7,6,1,1,1,1,4,4,1,4,4,4,4,4,1,1,1,1,1,1],"card_choices":[{"not_picked":[],"picked":"BloodyBrimstone","floor":0.0},{"not_picked":["Blood for Blood","ReplayTheSpireMod:Strike From Hell"],"picked":"Armaments","floor":1.0},{"not_picked":["True Grit","Massacre","Heavy Blade"],"picked":"SKIP","floor":2.0},{"not_picked":["Clash","Intimidate","Uppercut"],"picked":"SKIP","floor":4.0},{"not_picked":["Entrench","Cleave"],"picked":"Immolate","floor":5.0},{"not_picked":["Anger","Headbutt"],"picked":"Second Wind","floor":6.0},{"not_picked":["Combust","Fire Breathing"],"picked":"Feel No Pain","floor":8.0},{"not_picked":["Thunderclap","Abandon"],"picked":"Sword Boomerang","floor":10.0},{"not_picked":["Run Through","True Grit"],"picked":"Exhume","floor":13.0},{"not_picked":["Anger","Havoc","Body Slam"],"picked":"SKIP","floor":14.0},{"not_picked":["Anger","Havoc","Body Slam"],"picked":"SKIP","floor":14.0},{"not_picked":["Defy Death","Run Through","ReplayTheSpireMod:Strike From Hell"],"picked":"SKIP","floor":18.0},{"not_picked":["Body Slam","Cleave","Perfected Strike"],"picked":"SKIP","floor":22.0},{"not_picked":["ReplayTheSpireMod:Strike From Hell","Body Slam+1","Shockwave+1"],"picked":"SKIP","floor":23.0},{"not_picked":["Battle Trance","Warcry"],"picked":"Clash","floor":25.0},{"not_picked":["Blood for Blood","Spot Weakness+1"],"picked":"Demon Form+1","floor":27.0},{"not_picked":["Armaments","Cleave"],"picked":"Pommel Strike","floor":29.0},{"not_picked":["Sword Boomerang","Perfected Strike","ReplayTheSpireMod:Strike From Hell+1"],"picked":"SKIP","floor":31.0},{"not_picked":["Thunderclap","Body Slam","Anger"],"picked":"SKIP","floor":18.0},{"not_picked":["Sword Boomerang","True Grit","Sever Soul"],"picked":"SKIP","floor":20.0},{"not_picked":["Shrug It Off","Cleave"],"picked":"Pommel Strike+1","floor":21.0},{"not_picked":["Intimidate","Reaper","Iron Wave+1"],"picked":"SKIP","floor":22.0},{"not_picked":["Flex","Pummel+1","Run Through"],"picked":"SKIP","floor":23.0},{"not_picked":["Demonic Infusion","Cleave","ReplayTheSpireMod:Limb From Limb"],"picked":"SKIP","floor":25.0},{"not_picked":["Armaments","Reckless Charge","Run Through"],"picked":"SKIP","floor":27.0},{"not_picked":["Sword Boomerang","Havoc","Iron Wave"],"picked":"SKIP","floor":28.0},{"not_picked":["Perfected Strike","ReplayTheSpireMod:Limb From Limb","Sword Boomerang"],"picked":"SKIP","floor":30.0},{"not_picked":["Reckless Charge","Replay:Undeath\u0027s Touch"],"picked":"Feel No Pain+1","floor":31.0},{"not_picked":["Combust+1","Anger+1","Power Through"],"picked":"SKIP","floor":35.0},{"not_picked":["ReplayTheSpireMod:LeadingStrike+1","Armaments","Heavy Blade"],"picked":"SKIP","floor":36.0},{"not_picked":["Headbutt","Clash","Feed"],"picked":"SKIP","floor":38.0},{"not_picked":["Iron Wave","Defy Death","Run Through+1"],"picked":"SKIP","floor":40.0},{"not_picked":["Abandon","Uppercut+1","ReplayReversal"],"picked":"SKIP","floor":40.0},{"not_picked":["Searing Blow+1","Cleave","True Grit+1"],"picked":"SKIP","floor":40.0},{"not_picked":["True Grit","Whirlwind","Clothesline"],"picked":"SKIP","floor":40.0},{"not_picked":["ReplayTheSpireMod:Strike From Hell+1","Limit Break"],"picked":"Sword Boomerang+1","floor":42.0},{"not_picked":["Inflame+1","Dual Wield","Brutality+1"],"picked":"SKIP","floor":44.0},{"not_picked":["Perfected Strike","Armaments","Cleave+1"],"picked":"SKIP","floor":47.0},{"not_picked":["Dual Wield+1","ReplayTheSpireMod:Limb From Limb","Bloodletting"],"picked":"SKIP","floor":54}],"player_experience":168052,"relics_obtained":[{"floor":3.0,"key":"Happy Flower"},{"floor":6.0,"key":"PunchingBag"},{"floor":8.0,"key":"Ring of Chaos"},{"floor":9.0,"key":"Replay:Wanted Poster"},{"floor":10.0,"key":"D6"},{"floor":14.0,"key":"Snecko Eye"},{"floor":23.0,"key":"DoctorsRemote"},{"floor":25.0,"key":"Replay:Ringing Soul"},{"floor":27.0,"key":"Strawberry"},{"floor":29.0,"key":"Counterbalance"},{"floor":31.0,"key":"ForgetMeNow"},{"floor":23.0,"key":"AnarchistCookbook"},{"floor":26.0,"key":"Gremlin Food"},{"floor":28.0,"key":"NineVolt"},{"floor":30.0,"key":"Replay:Mystery Machine"},{"floor":35.0,"key":"Strange Spoon"},{"floor":36.0,"key":"Sozu"},{"floor":40.0,"key":"Orrery"},{"floor":42.0,"key":"InkBottle"},{"floor":42.0,"key":"Another Sword"},{"floor":43.0,"key":"PillsDrop"},{"floor":44.0,"key":"Black Blood"},{"floor":44.0,"key":"EdensBlessing"},{"floor":45.0,"key":"Ring of Greed"},{"floor":45.0,"key":"Old Coin"},{"floor":45.0,"key":"The Courier"},{"floor":45.0,"key":"Ring of Hypnosis"},{"floor":47.0,"key":"MegaBlast"},{"floor":49.0,"key":"Calipers"},{"floor":54,"key":"Pondfish Scales"}],"event_choices":[{"damage_healed":0.0,"max_hp_gain":0.0,"max_hp_loss":0.0,"gold_gain":0.0,"event_name":"Addict","player_choice":"Obtained Relic","floor":19.0,"gold_loss":85.0,"damage_taken":0.0,"relics_obtained":["Frozen Egg 2"]},{"damage_healed":0.0,"max_hp_gain":5.0,"max_hp_loss":0.0,"gold_gain":0.0,"event_name":"Forgotten Altar","player_choice":"Shed Blood","floor":20.0,"gold_loss":0.0,"damage_taken":10.0},{"cards_removed":["Strike_R"],"damage_healed":0.0,"max_hp_gain":0.0,"max_hp_loss":0.0,"gold_gain":0.0,"event_name":"Beggar","player_choice":"Gave Gold","floor":24.0,"gold_loss":75.0,"damage_taken":0.0},{"damage_healed":0.0,"max_hp_gain":0.0,"max_hp_loss":0.0,"gold_gain":0.0,"event_name":"The Library","player_choice":"Read","floor":29.0,"gold_loss":0.0,"damage_taken":0.0,"cards_obtained":["Offering"]},{"damage_healed":0.0,"max_hp_gain":0.0,"max_hp_loss":0.0,"gold_gain":0.0,"event_name":"Winding Halls","player_choice":"Max HP","floor":37.0,"gold_loss":0.0,"damage_taken":0.0},{"damage_healed":0.0,"max_hp_gain":0.0,"max_hp_loss":0.0,"gold_gain":0.0,"event_name":"SensoryStone","player_choice":"Memory 1","floor":48.0,"gold_loss":0.0,"damage_taken":0.0}],"is_beta":true,"boss_relics":[{"not_picked":["Replay:Bandana","SteamSale"],"picked":"JudasShadow"},{"not_picked":[]},{"not_picked":["Orichalcum","HandDrill"],"picked":"Vajra"},{"not_picked":[]}],"items_purged_floors":[11,17,21,19,34,39],"is_endless":false,"potions_floor_spawned":[1,4,6,10,18,23,25,20,21,27,28,33,38,40,42],"ascension_level":5}}