{"host":"mu5qkq7030l6349q","time":1613686278,"event":{"mods":["AchievementEnabler","BaseMod","Colored Powertips","Downfall","Highlight Path","Minty Spire (QoL Compilation)","Permanent Neow","Rare Cards Sparkle","Replay The Spire","StSLib"],"gold_per_floor":[99,113,126,126,140,173,173,193,193,193,93,120,135,166,66,85,101,205,205,205,217,229,44,58,43,43,43,43,43,43,43],"floor_reached":29,"language":"ENG","playtime":1942,"items_purged":[],"score":284,"play_id":"66b57e8d-64fc-4297-8042-0ed5a3a4c768","local_time":"20210218231118","is_ascension_mode":true,"campfire_choices":[{"data":"Slimebound:Split","floor":1.0,"key":"SMITH"},{"floor":11.0,"key":"REST"},{"data":"Slimebound:Replication","floor":15,"key":"SMITH"},{"floor":20,"key":"RECALL"}],"circlet_count":0,"master_deck":["Slimebound:Strike_Slimebound","Slimebound:Strike_Slimebound","Slimebound:Strike_Slimebound","Slimebound:Tackle","Slimebound:Defend_Slimebound","Slimebound:Defend_Slimebound","Slimebound:Defend_Slimebound","Slimebound:Defend_Slimebound","Slimebound:Split+1","Slimebound:CorrosiveSpit","Slimebound:OneTwoCombo","Slimebound:SplitMire","Slimebound:ServeAndProtect","Slimebound:Split+1","Slimebound:SplitMire","Slimebound:Repurpose","Slimebound:ComboTackle","Slimebound:Replication+1","Slimebound:SplitBruiser","Slimebound:FirmFortitude","Slimebound:SelfFormingGoo","Slimebound:Equalize","Slimebound:LeechEnergy"],"relics":["Slimebound:AbsorbEndCombat","Bird Faced Urn","downfall:HeartBlessingBlue","Lantern","Mercury Hourglass","downfall:HeartBlessingGreen","SlaversCollar","Ornamental Fan","Nilry\u0027s Codex","downfall:KnowingSkull"],"acts_visited":["Exordium","TheCity"],"potions_floor_usage":[],"damage_taken":[{"damage":12.0,"enemies":"Jaw Worm","floor":2.0,"turns":4.0},{"damage":0.0,"enemies":"Cultist","floor":3.0,"turns":3.0},{"damage":6.0,"enemies":"2 Louse","floor":5.0,"turns":3.0},{"damage":38.0,"enemies":"Gremlin Nob","floor":6.0,"turns":5.0},{"damage":16.0,"enemies":"Exordium Thugs","floor":8.0,"turns":3.0},{"damage":4,"enemies":"Replay:BlueRogue","floor":12,"turns":5},{"damage":14,"enemies":"3 Louse","floor":13,"turns":2},{"damage":0,"enemies":"Gremlin Nob","floor":14,"turns":4},{"damage":11,"enemies":"Lots of Slimes","floor":16,"turns":2},{"damage":7,"enemies":"2 Fungi Beasts","floor":17,"turns":3},{"damage":20,"enemies":"SI_SHIV_ARCHETYPE","floor":18,"turns":6},{"damage":31,"enemies":"downfall:LooterAlt2","floor":21,"turns":4},{"damage":0,"enemies":"Chosen","floor":22,"turns":4},{"damage":7,"enemies":"downfall:FleeingMerchant","floor":23,"turns":4},{"damage":38,"enemies":"Snake Plant","floor":24,"turns":4},{"damage":0,"enemies":"downfall:FleeingMerchant","floor":25,"turns":4},{"damage":17,"enemies":"Gremlin Leader","floor":29,"turns":1}],"seed_played":"256852163504591002","potions_obtained":[{"floor":2.0,"key":"GamblersBrew"},{"floor":5.0,"key":"sneckomod:MuddlingPotion"},{"floor":13,"key":"Toxic Potion"}],"is_trial":false,"path_per_floor":["R","M","M","?","M","E","T","M","PTL","PTL","R","E","M","E","R","M","M","B",null,"R","M","M","$","M","$","T","?","?","E"],"character_chosen":"SLIMEBOUND","items_purchased":["Slimebound:Equalize"],"campfire_rested":1,"item_purchase_floors":[23],"current_hp_per_floor":[65,59,65,65,63,29,29,17,17,17,49,53,45,47,47,38,33,21,75,75,50,54,51,17,35,35,19,13,0,0,0],"gold":43,"neow_bonus":"ONE_RANDOM_RARE_CARD","is_daily":false,"chose_seed":false,"campfire_upgraded":2,"win_rate":0.0,"timestamp":1613686278,"path_taken":["R","M","M","?","M","E","T","M","PTL","PTL","R","E","M","E","R","M","M","BOSS","R","M","?","?","M","$","T","?","?","E"],"items_purchased_type":["Card"],"build_version":"2020-12-22","purchased_purges":0,"victory":false,"max_hp_per_floor":[65,65,65,65,65,65,65,65,65,65,75,75,75,75,75,75,75,75,75,75,75,75,75,75,75,75,75,75,75,75,75],"card_choices":[{"not_picked":["Slimebound:BestDefense","Slimebound:LeechingTouch"],"picked":"Slimebound:SplitMire","floor":2.0},{"not_picked":["Slimebound:RollThrough","Slimebound:Schlurp"],"picked":"Slimebound:ServeAndProtect","floor":3.0},{"not_picked":["Slimebound:ViciousTackle","Slimebound:DouseInSlime"],"picked":"Slimebound:Repurpose","floor":5.0},{"not_picked":["Slimebound:LeechingTouch","Slimebound:Dissolve"],"picked":"Slimebound:ComboTackle","floor":6.0},{"not_picked":["Slimebound:LeechingTouch","Slimebound:ItLooksTasty","Slimebound:SlimeBrawl"],"picked":"SKIP","floor":8.0},{"not_picked":["Slimebound:ItLooksTasty","Slimebound:SlimeBrawl","Slimebound:SplitLeeching"],"picked":"SKIP","floor":12},{"not_picked":["Slimebound:ProtectTheBoss","Slimebound:FinishingTackle"],"picked":"Slimebound:Replication","floor":13},{"not_picked":["Slimebound:GoopTackle","Slimebound:Prepare"],"picked":"Slimebound:SplitBruiser","floor":14},{"not_picked":["Slimebound:DisruptingSlam","Slimebound:LivingWall","Slimebound:FlameTackle"],"picked":"SKIP","floor":16},{"not_picked":["Slimebound:GoopTackle","Slimebound:HauntingLick","Slimebound:RejuvenatingLick"],"picked":"SKIP","floor":17},{"not_picked":["Slimebound:SlimeSlap","Slimebound:OozeBath"],"picked":"Slimebound:FirmFortitude","floor":18},{"not_picked":["Slimebound:SplitBruiser","Slimebound:FlameTackle+1","Slimebound:SlimeBrawl"],"picked":"SKIP","floor":21},{"not_picked":["Slimebound:FinishingTackle+1","Slimebound:LeechingTouch","Slimebound:FormOfPuddle"],"picked":"SKIP","floor":22},{"not_picked":["Slimebound:GoopTackle","Slimebound:SlimeSpikes"],"picked":"Slimebound:SelfFormingGoo","floor":23},{"not_picked":["Slimebound:RollThrough","Slimebound:HauntingLick"],"picked":"Slimebound:LeechEnergy","floor":24},{"not_picked":["Slimebound:FlameTackle+1","Slimebound:LivingWall","Slimebound:PressTheAttack+1"],"picked":"SKIP","floor":25}],"player_experience":55349,"relics_obtained":[{"floor":6.0,"key":"Bird Faced Urn"},{"floor":12,"key":"Lantern"},{"floor":14,"key":"Mercury Hourglass"},{"floor":26,"key":"Ornamental Fan"},{"floor":27,"key":"Nilry\u0027s Codex"}],"event_choices":[],"is_beta":false,"boss_relics":[{"not_picked":["Calling Bell","bronze:MakeshiftBattery"],"picked":"SlaversCollar"}],"items_purged_floors":[],"is_endless":false,"potions_floor_spawned":[2,5,13,14,17,21,24],"killed_by":"Gremlin Leader","ascension_level":1}}