{"host":"qc1sjgtdjonvdsd8","time":1613677739,"event":{"mods":["BaseMod","Colored Map","Colored Powertips","Curses Come First","Minty Spire (QoL Compilation)","StSLib"],"gold_per_floor":[116,116,116,116,66,66,106,106,106,148,177,212,235,257,257,397,397,420,449,476,5,29,29,76,103,103,103,151,151,101,145,145,145,145],"floor_reached":33,"language":"ENG","playtime":2575,"items_purged":["Strike_R"],"score":448,"play_id":"3d1a3a42-1a56-4b1a-9b12-bbe7cba70c7b","local_time":"20210218114859","is_ascension_mode":true,"campfire_choices":[{"data":"Shrug It Off","floor":6,"key":"SMITH"},{"floor":15,"key":"REST"},{"floor":23,"key":"REST"},{"floor":27,"key":"REST"},{"floor":29,"key":"REST"},{"floor":32,"key":"REST"}],"circlet_count":0,"master_deck":["Strike_R","Strike_R","Strike_R","Defend_R","Defend_R","Defend_R","Defend_R","Bash","Sever Soul","Shrug It Off+1","Spot Weakness","Burning Pact","Feel No Pain","Shrug It Off","Double Tap","Pummel+1","Dual Wield+1","Twin Strike","Iron Wave+1","Cleave+1","Metallicize","Juggernaut"],"relics":["Burning Blood","NeowsBlessing","Golden Idol","Matryoshka","Omamori","CeramicFish","Lizard Tail","Ancient Tea Set","Boot","Cursed Key","Medical Kit","Shuriken","Tiny Chest","Potion Belt","White Beast Statue","Toy Ornithopter","Gremlin Horn"],"acts_visited":["Exordium","TheCity"],"potions_floor_usage":[12,16,22,28,28,31,33],"damage_taken":[{"damage":0,"enemies":"Jaw Worm","floor":1,"turns":1},{"damage":0,"enemies":"Lagavulin","floor":7,"turns":1},{"damage":0,"enemies":"Gremlin Nob","floor":10,"turns":1},{"damage":5,"enemies":"Small Slimes","floor":11,"turns":4},{"damage":9,"enemies":"3 Sentries","floor":12,"turns":11},{"damage":9,"enemies":"2 Louse","floor":13,"turns":3},{"damage":36,"enemies":"Lots of Slimes","floor":14,"turns":6},{"damage":85,"enemies":"Hexaghost","floor":16,"turns":14},{"damage":20,"enemies":"3 Byrds","floor":18,"turns":7},{"damage":5,"enemies":"Chosen","floor":19,"turns":5},{"damage":7,"enemies":"Snecko","floor":20,"turns":4},{"damage":32,"enemies":"Centurion and Healer","floor":22,"turns":6},{"damage":41,"enemies":"Book of Stabbing","floor":24,"turns":6},{"damage":7,"enemies":"3 Cultists","floor":25,"turns":4},{"damage":41,"enemies":"Slavers","floor":28,"turns":6},{"damage":13,"enemies":"Gremlin Leader","floor":31,"turns":8},{"damage":90,"enemies":"Collector","floor":33,"turns":7}],"seed_played":"-4729400995335709247","potions_obtained":[{"floor":7,"key":"Ancient Potion"},{"floor":11,"key":"SkillPotion"},{"floor":14,"key":"LiquidMemories"},{"floor":16,"key":"BloodPotion"},{"floor":18,"key":"Swift Potion"},{"floor":25,"key":"Fire Potion"},{"floor":28,"key":"SpeedPotion"},{"floor":31,"key":"DuplicationPotion"}],"is_trial":false,"path_per_floor":["M","?","?","?","$","R","E","?","T","E","M","E","M","M","R","B",null,"M","M","M","$","M","R","E","M","T","R","E","R","?","E","R","B"],"character_chosen":"IRONCLAD","items_purchased":["Shrug It Off","Medical Kit","Shuriken"],"campfire_rested":5,"item_purchase_floors":[5,21,21],"current_hp_per_floor":[80,74,79,67,67,67,73,73,73,79,79,76,73,43,66,29,79,65,66,65,65,39,62,27,26,26,49,14,37,37,35,58,0,0],"gold":145,"neow_bonus":"THREE_ENEMY_KILL","is_daily":false,"chose_seed":false,"campfire_upgraded":1,"win_rate":0.0,"timestamp":1613677739,"path_taken":["M","?","?","?","$","R","E","?","T","E","?","E","M","M","R","BOSS","M","M","M","$","?","R","E","M","T","R","E","R","?","E","R","BOSS"],"items_purchased_type":["Card","Relic","Relic"],"build_version":"2020-12-22","purchased_purges":1,"victory":false,"max_hp_per_floor":[80,74,79,79,79,79,79,79,79,79,79,79,79,79,79,79,79,79,79,79,79,79,79,79,79,79,79,79,79,79,79,79,79,79],"card_choices":[{"not_picked":["Clash","Wild Strike"],"picked":"Sever Soul","floor":1},{"not_picked":["Heavy Blade","Sever Soul"],"picked":"Spot Weakness","floor":7},{"not_picked":["Thunderclap","Rage"],"picked":"Burning Pact","floor":10},{"not_picked":["Armaments","Shrug It Off"],"picked":"Feel No Pain","floor":11},{"not_picked":["Flex","Demon Form","Body Slam"],"picked":"SKIP","floor":12},{"not_picked":["Body Slam","Iron Wave","Uppercut"],"picked":"SKIP","floor":13},{"not_picked":["Armaments","Heavy Blade"],"picked":"Shrug It Off","floor":14},{"not_picked":["Berserk","Bludgeon"],"picked":"Double Tap","floor":16},{"not_picked":["Iron Wave+1","Intimidate+1"],"picked":"Pummel+1","floor":18},{"not_picked":["Perfected Strike","Shrug It Off"],"picked":"Dual Wield+1","floor":19},{"not_picked":["Searing Blow+1","Clothesline"],"picked":"Twin Strike","floor":20},{"not_picked":["Rampage","Sentinel","Anger"],"picked":"SKIP","floor":22},{"not_picked":["Sword Boomerang","Heavy Blade+1"],"picked":"Iron Wave+1","floor":24},{"not_picked":["Anger","Havoc"],"picked":"Cleave+1","floor":25},{"not_picked":["Twin Strike+1","Infernal Blade"],"picked":"Metallicize","floor":28},{"not_picked":["Cleave","Whirlwind+1"],"picked":"Juggernaut","floor":31}],"player_experience":290238,"relics_obtained":[{"floor":7,"key":"Omamori"},{"floor":9,"key":"CeramicFish"},{"floor":9,"key":"Lizard Tail"},{"floor":10,"key":"Ancient Tea Set"},{"floor":12,"key":"Boot"},{"floor":24,"key":"Tiny Chest"},{"floor":26,"key":"Potion Belt"},{"floor":26,"key":"White Beast Statue"},{"floor":28,"key":"Toy Ornithopter"},{"floor":31,"key":"Gremlin Horn"}],"event_choices":[{"damage_healed":0,"gold_gain":0,"player_choice":"Lose Max HP","damage_taken":0,"relics_obtained":["Golden Idol"],"max_hp_gain":0,"max_hp_loss":6,"event_name":"Golden Idol","floor":2,"gold_loss":0},{"damage_healed":0,"gold_gain":0,"player_choice":"Donut","damage_taken":0,"max_hp_gain":5,"max_hp_loss":0,"event_name":"Big Fish","floor":3,"gold_loss":0},{"damage_healed":0,"gold_gain":0,"player_choice":"Success","damage_taken":12,"relics_obtained":["Matryoshka"],"max_hp_gain":0,"max_hp_loss":0,"event_name":"Scrap Ooze","floor":4,"gold_loss":0},{"cards_removed":["Strike_R"],"damage_healed":0,"gold_gain":0,"player_choice":"Purged","damage_taken":0,"max_hp_gain":0,"max_hp_loss":0,"event_name":"Purifier","floor":8,"gold_loss":0},{"damage_healed":0,"gold_gain":0,"player_choice":"Bet on Owner","damage_taken":0,"max_hp_gain":0,"max_hp_loss":0,"event_name":"The Joust","floor":30,"gold_loss":50}],"is_beta":false,"boss_relics":[{"not_picked":["Black Star","Coffee Dripper"],"picked":"Cursed Key"}],"items_purged_floors":[21],"is_endless":false,"potions_floor_spawned":[7,11,14,16,18,25,28,31],"killed_by":"Collector","ascension_level":4}}