{"host":"cjhtzh7tp54jdfyv","time":1613609781,"event":{"mods":["AchievementEnabler","BaseMod","Colored Map","Colored Powertips","Curses Come First","DeckTracker","Filter the Spire","Minty Spire (QoL Compilation)","RNG Fix","Relic Sorter","Relic Stats","StSLib","UnlockEverythingMod","ojb\u0027s Better Paths Mod","ojb\u0027s Info Mod"],"gold_per_floor":[119,44,62,80,99,131,131,165,165,165,181,197,223,71,71,149,149,149,149,149,149,149,149,13,13,13,13,13,13,13,13,13,13,13,13,13,13,13,13,13,13,13,13,13,13,13,13,13,13,13,13,13,13,13,13,13],"floor_reached":57,"language":"ENG","playtime":8028,"items_purged":["Defend_P","Defend_P"],"score":3109,"play_id":"30f8e807-39b1-4b67-b2ea-251acbf74ff0","local_time":"20210217195621","is_ascension_mode":true,"campfire_choices":[{"data":"Eruption","floor":10,"key":"SMITH"},{"data":"CrushJoints","floor":15,"key":"SMITH"},{"data":"Blasphemy","floor":32,"key":"SMITH"},{"floor":40,"key":"RECALL"},{"data":"Wireheading","floor":49,"key":"SMITH"},{"data":"SashWhip","floor":53,"key":"SMITH"}],"circlet_count":0,"master_deck":["AscendersBane","Strike_P","Strike_P","Strike_P","Strike_P","Defend_P","Eruption+1","Vigilance","CrushJoints+1","EmptyBody","Conclude","SashWhip+1","DeceiveReality","CutThroughFate","Sanctity","Blasphemy+1","TalkToTheHand","Adaptation","FearNoEvil","TalkToTheHand","TalkToTheHand","Wireheading+1","Consecrate+1","Weave+1","FlurryOfBlows+1","TalkToTheHand+1","CutThroughFate+1","Scrawl"],"relics":["Black Star","Pen Nib","Incense Burner","Happy Flower","Sundial","Potion Belt","Shuriken","Omamori","Mummified Hand","Ginger","Letter Opener","Ectoplasm","Bag of Preparation","Smiling Mask","Anchor","Art of War","Juzu Bracelet","White Beast Statue","Blue Candle","Eternal Feather","Calling Bell","Tiny Chest","Gremlin Horn","Molten Egg 2","StrikeDummy","Yang","MealTicket","Bronze Scales","Thread and Needle","Akabeko","Boot","Pantograph"],"acts_visited":["Exordium","TheCity","TheBeyond","TheEnding"],"potions_floor_usage":[6,8,13,19,20,23,23,27,30,31,33,36,36,47,51,56,56,56,56],"damage_taken":[{"damage":2,"enemies":"Small Slimes","floor":1,"turns":7},{"damage":0,"enemies":"Cultist","floor":3,"turns":2},{"damage":1,"enemies":"2 Louse","floor":4,"turns":4},{"damage":2,"enemies":"2 Fungi Beasts","floor":5,"turns":3},{"damage":0,"enemies":"Gremlin Nob","floor":6,"turns":2},{"damage":18,"enemies":"3 Sentries","floor":8,"turns":3},{"damage":0,"enemies":"Large Slime","floor":11,"turns":3},{"damage":3,"enemies":"Looter","floor":12,"turns":4},{"damage":3,"enemies":"Lagavulin","floor":13,"turns":6},{"damage":15,"enemies":"The Guardian","floor":16,"turns":11},{"damage":10,"enemies":"Shell Parasite","floor":18,"turns":3},{"damage":13,"enemies":"Spheric Guardian","floor":19,"turns":5},{"damage":7,"enemies":"Shelled Parasite and Fungi","floor":20,"turns":2},{"damage":22,"enemies":"Slavers","floor":23,"turns":2},{"damage":0,"enemies":"Gremlin Leader","floor":25,"turns":1},{"damage":0,"enemies":"Centurion and Healer","floor":27,"turns":8},{"damage":2,"enemies":"Book of Stabbing","floor":29,"turns":4},{"damage":0,"enemies":"Cultist and Chosen","floor":30,"turns":2},{"damage":0,"enemies":"Gremlin Leader","floor":31,"turns":1},{"damage":10,"enemies":"Champ","floor":33,"turns":6},{"damage":3,"enemies":"3 Shapes","floor":35,"turns":5},{"damage":0,"enemies":"3 Darklings","floor":36,"turns":5},{"damage":0,"enemies":"Giant Head","floor":41,"turns":6},{"damage":0,"enemies":"Spire Growth","floor":42,"turns":4},{"damage":0,"enemies":"Sphere and 2 Shapes","floor":44,"turns":3},{"damage":1,"enemies":"Nemesis","floor":45,"turns":5},{"damage":0,"enemies":"Writhing Mass","floor":46,"turns":6},{"damage":0,"enemies":"Reptomancer","floor":47,"turns":6},{"damage":10,"enemies":"Time Eater","floor":50,"turns":7},{"damage":40,"enemies":"Awakened One","floor":51,"turns":11},{"damage":38,"enemies":"Shield and Spear","floor":55,"turns":6},{"damage":49,"enemies":"The Heart","floor":56,"turns":8}],"seed_played":"1665667930230727912","potions_obtained":[{"floor":1,"key":"Energy Potion"},{"floor":3,"key":"SneckoOil"},{"floor":8,"key":"SkillPotion"},{"floor":12,"key":"StancePotion"},{"floor":13,"key":"SneckoOil"},{"floor":16,"key":"Regen Potion"},{"floor":19,"key":"Ancient Potion"},{"floor":21,"key":"Swift Potion"},{"floor":21,"key":"Regen Potion"},{"floor":23,"key":"AttackPotion"},{"floor":25,"key":"Fire Potion"},{"floor":27,"key":"SkillPotion"},{"floor":30,"key":"BottledMiracle"},{"floor":31,"key":"Dexterity Potion"},{"floor":33,"key":"Explosive Potion"},{"floor":36,"key":"SpeedPotion"},{"floor":41,"key":"Explosive Potion"},{"floor":42,"key":"Fire Potion"},{"floor":45,"key":"BottledMiracle"},{"floor":47,"key":"Strength Potion"},{"floor":55,"key":"LiquidBronze"}],"is_trial":false,"path_per_floor":["M","?","M","M","M","E","T","E","T","R","M","M","E","$","R","B",null,"M","M","M","?","?","E","$","E","T","M","?","E","M","E","R","B",null,"M","M","?","?","?","R","E","M","T","M","E","M","E","T","R","B","B",null,"R","$","E","B",null],"character_chosen":"WATCHER","items_purchased":["Sanctity","Adaptation"],"campfire_rested":0,"item_purchase_floors":[14,24],"current_hp_per_floor":[59,59,59,58,56,56,56,38,38,38,38,35,32,32,32,17,55,45,46,39,39,39,17,17,17,17,32,13,11,11,11,23,13,58,55,55,55,70,70,73,73,73,73,73,72,72,72,72,73,63,23,61,73,73,35,11],"gold":13,"neow_bonus":"BOSS_RELIC","is_daily":false,"chose_seed":false,"campfire_upgraded":5,"win_rate":0.0,"timestamp":1613609781,"path_taken":["M","?","M","M","M","E","?","E","T","R","?","M","E","$","R","BOSS","M","M","M","?","?","E","$","E","T","M","?","E","M","E","R","BOSS","M","M","?","?","?","R","E","M","T","M","E","M","E","?","R","BOSS","BOSS","R","$","E","BOSS"],"items_purchased_type":["Card","Card"],"build_version":"2020-12-22","purchased_purges":2,"victory":true,"max_hp_per_floor":[68,68,68,68,68,68,68,68,68,68,68,68,68,68,68,68,68,68,68,68,68,68,68,68,68,68,68,73,73,73,73,73,73,73,73,73,73,73,73,73,73,73,73,73,73,73,73,73,73,73,73,73,73,73,73,73],"relic_stats":{"Happy Flower":[39],"Gremlin Horn":[17,17],"counters":[32,151],"Blue Candle":[0],"Eternal Feather":28,"Yang":[191],"Pen Nib":[16],"Bag of Preparation":[36],"Juzu Bracelet":1,"Ginger":[8],"Letter Opener":[90],"Smiling Mask":50,"Boot":[0],"Sundial":[20],"Shuriken":[92],"Mummified Hand":[23],"Bronze Scales":[207],"Pantograph":25,"Tiny Chest":1,"MealTicket":0,"Ectoplasm":497,"Black Star":11,"Art of War":[3],"obtain_stats":[{"Gremlin Horn":34,"Yang":43,"Bag of Preparation":23,"Juzu Bracelet":29,"Incense Burner":34,"Ginger":9,"Smiling Mask":23,"Boot":55,"Sundial":6,"Mummified Hand":8,"Pantograph":55,"Tiny Chest":34,"MealTicket":45,"Potion Belt":6,"Happy Flower":13,"Blue Candle":31,"Eternal Feather":31,"Thread and Needle":47,"Pen Nib":45,"Omamori":8,"Letter Opener":13,"White Beast Statue":29,"Akabeko":48,"Calling Bell":34,"Anchor":25,"Shuriken":7,"Bronze Scales":47,"Molten Egg 2":41,"Ectoplasm":17,"Black Star":0,"Art of War":25,"PureWater":0,"StrikeDummy":41},{"Gremlin Horn":20,"Yang":24,"Bag of Preparation":14,"Juzu Bracelet":17,"Incense Burner":20,"Ginger":6,"Smiling Mask":14,"Boot":31,"Sundial":5,"Mummified Hand":6,"Pantograph":31,"Tiny Chest":20,"MealTicket":26,"Potion Belt":5,"Happy Flower":9,"Blue Candle":19,"Eternal Feather":19,"Thread and Needle":28,"Pen Nib":26,"Omamori":6,"Letter Opener":9,"White Beast Statue":17,"Akabeko":28,"Calling Bell":20,"Anchor":15,"Shuriken":5,"Bronze Scales":28,"Molten Egg 2":23,"Ectoplasm":10,"Black Star":0,"Art of War":15,"PureWater":0,"StrikeDummy":23},{"Gremlin Horn":79,"Yang":99,"Bag of Preparation":57,"Juzu Bracelet":70,"Incense Burner":79,"Ginger":21,"Smiling Mask":57,"Boot":143,"Sundial":18,"Mummified Hand":21,"Pantograph":143,"Tiny Chest":79,"MealTicket":107,"Potion Belt":18,"Happy Flower":34,"Blue Candle":73,"Eternal Feather":73,"Thread and Needle":119,"Pen Nib":107,"Omamori":21,"Letter Opener":34,"White Beast Statue":70,"Akabeko":119,"Calling Bell":79,"Anchor":58,"Shuriken":18,"Bronze Scales":119,"Molten Egg 2":95,"Ectoplasm":45,"Black Star":0,"Art of War":58,"PureWater":0,"StrikeDummy":95}]},"card_choices":[{"not_picked":["PathToVictory","CutThroughFate"],"picked":"CrushJoints","floor":1},{"not_picked":["ReachHeaven","ThirdEye"],"picked":"EmptyBody","floor":3},{"not_picked":["CrushJoints","Wallop"],"picked":"Conclude","floor":4},{"not_picked":["Perseverance","Protect"],"picked":"SashWhip","floor":5},{"not_picked":["JustLucky","WheelKick"],"picked":"Consecrate","floor":6},{"not_picked":["Collect","WaveOfTheHand","SpiritShield"],"picked":"SKIP","floor":8},{"not_picked":["Collect","WaveOfTheHand","SpiritShield"],"picked":"SKIP","floor":8},{"not_picked":["Crescendo","Collect"],"picked":"DeceiveReality","floor":11},{"not_picked":["Evaluate","EmptyFist","Nirvana"],"picked":"SKIP","floor":12},{"not_picked":["Evaluate","SignatureMove"],"picked":"CutThroughFate","floor":13},{"not_picked":["Alpha","Judgement"],"picked":"Blasphemy","floor":16},{"not_picked":["Halt","JustLucky","Wallop"],"picked":"SKIP","floor":18},{"not_picked":["JustLucky","FlyingSleeves","WreathOfFlame"],"picked":"SKIP","floor":19},{"not_picked":["FollowUp","Crescendo","Wish"],"picked":"SKIP","floor":20},{"not_picked":["FearNoEvil","Wireheading"],"picked":"TalkToTheHand","floor":23},{"not_picked":["WindmillStrike","Swivel","ThirdEye"],"picked":"SKIP","floor":25},{"not_picked":["PathToVictory","Protect","CrushJoints"],"picked":"SKIP","floor":27},{"not_picked":["Sanctity","PathToVictory"],"picked":"FearNoEvil","floor":29},{"not_picked":["JustLucky","EmptyBody","WreathOfFlame"],"picked":"SKIP","floor":30},{"not_picked":["SandsOfTime","PathToVictory"],"picked":"TalkToTheHand","floor":31},{"not_picked":["EmptyFist","JustLucky"],"picked":"TalkToTheHand","floor":35},{"not_picked":["EmptyFist","CutThroughFate"],"picked":"Wireheading","floor":36},{"not_picked":["Protect","Indignation"],"picked":"Consecrate+1","floor":41},{"not_picked":["MasterReality","EmptyFist+1"],"picked":"Weave+1","floor":42},{"not_picked":["EmptyMind","Protect"],"picked":"FlurryOfBlows+1","floor":44},{"not_picked":["FlurryOfBlows+1","CutThroughFate+1"],"picked":"TalkToTheHand+1","floor":45},{"not_picked":["EmptyBody","EmptyFist+1"],"picked":"CutThroughFate+1","floor":46},{"not_picked":["BowlingBash+1","Protect+1","Conclude+1"],"picked":"SKIP","floor":47},{"not_picked":["Establishment","Halt+1"],"picked":"Scrawl","floor":55}],"player_experience":4686775,"relics_obtained":[{"floor":6,"key":"Sundial"},{"floor":6,"key":"Potion Belt"},{"floor":7,"key":"Shuriken"},{"floor":8,"key":"Omamori"},{"floor":8,"key":"Mummified Hand"},{"floor":9,"key":"Ginger"},{"floor":13,"key":"Letter Opener"},{"floor":13,"key":"Happy Flower"},{"floor":23,"key":"Bag of Preparation"},{"floor":23,"key":"Smiling Mask"},{"floor":25,"key":"Anchor"},{"floor":25,"key":"Art of War"},{"floor":29,"key":"Juzu Bracelet"},{"floor":29,"key":"White Beast Statue"},{"floor":31,"key":"Blue Candle"},{"floor":31,"key":"Eternal Feather"},{"floor":34,"key":"Tiny Chest"},{"floor":34,"key":"Gremlin Horn"},{"floor":34,"key":"Incense Burner"},{"floor":41,"key":"Molten Egg 2"},{"floor":41,"key":"StrikeDummy"},{"floor":43,"key":"Yang"},{"floor":45,"key":"Pen Nib"},{"floor":45,"key":"MealTicket"},{"floor":47,"key":"Bronze Scales"},{"floor":47,"key":"Thread and Needle"},{"floor":48,"key":"Akabeko"},{"floor":55,"key":"Boot"},{"floor":55,"key":"Pantograph"}],"event_choices":[{"cards_removed":["Defend_P"],"damage_healed":0,"gold_gain":0,"player_choice":"Card Removal","damage_taken":0,"max_hp_gain":0,"max_hp_loss":0,"event_name":"The Cleric","floor":2,"gold_loss":75},{"damage_healed":0,"gold_gain":0,"player_choice":"Got Potions","damage_taken":0,"max_hp_gain":0,"max_hp_loss":0,"event_name":"Lab","floor":21,"gold_loss":0},{"damage_healed":0,"gold_gain":0,"player_choice":"Leave","damage_taken":0,"max_hp_gain":0,"max_hp_loss":0,"event_name":"FaceTrader","floor":22,"gold_loss":0},{"damage_healed":0,"gold_gain":0,"player_choice":"Shed Blood","damage_taken":24,"max_hp_gain":5,"max_hp_loss":0,"event_name":"Forgotten Altar","floor":28,"gold_loss":0},{"damage_healed":0,"gold_gain":0,"player_choice":"Ignored","damage_taken":0,"max_hp_gain":0,"max_hp_loss":0,"event_name":"SecretPortal","floor":37,"gold_loss":0},{"damage_healed":15,"gold_gain":0,"player_choice":"Writhe","damage_taken":0,"max_hp_gain":0,"max_hp_loss":0,"event_name":"Winding Halls","floor":38,"gold_loss":0,"cards_obtained":["Writhe"]},{"cards_removed":["Consecrate"],"damage_healed":0,"gold_gain":0,"player_choice":"Removed Attack","damage_taken":0,"max_hp_gain":0,"max_hp_loss":0,"event_name":"Falling","floor":39,"gold_loss":0}],"is_beta":false,"boss_relics":[{"not_picked":["Tiny House","SacredBark"],"picked":"Ectoplasm"},{"not_picked":["SlaversCollar","Fusion Hammer"],"picked":"Calling Bell"}],"items_purged_floors":[14,24],"is_endless":false,"potions_floor_spawned":[1,3,8,12,13,16,19,23,25,27,30,31,33,35,36,41,42,44,45,46,47,55],"ascension_level":20}}