{"host":"vk2xyavtylxbvrfq","time":1613662846,"event":{"mods":["Bard","BaseMod","Bestiary","Better Altar","Better Match","Better Note","Better Sensory Stone","Better Skull","Better Vampires","Block Reminder","Bossed Relics","Colored Map","Curses Come First","Displayed Cursed Tome","Downfall","Fox Events","Hermit","Ironclad Rager","Marked Mod","Minty Spire (QoL Compilation)","Quick Restart","Rare Cards Sparkle","Relic Sorter","Reliquary","Robot Space Explorer","StSLib","The Hayseed","The Runesmith","TheSurvivalist","Unceasing Turn Reminder"],"gold_per_floor":[112,112,112,37,56,86,102,102,128,157,176,186,186,186,186,186,186],"floor_reached":16,"language":"ENG","playtime":420,"items_purged":[],"score":176,"play_id":"a99e26db-7a09-49b6-a4a3-55f0d0775b99","local_time":"20210218104046","is_ascension_mode":true,"campfire_choices":[{"data":"hermit:HeroicBravado","floor":8,"key":"SMITH"},{"floor":13,"key":"REST"},{"data":"hermit:CursedWeapon","floor":15,"key":"SMITH"}],"circlet_count":0,"master_deck":["hermit:Strike_Hermit+1","hermit:Strike_Hermit+1","hermit:Strike_Hermit","hermit:Defend_Hermit","hermit:Defend_Hermit","hermit:Defend_Hermit","hermit:Defend_Hermit","hermit:Snapshot","hermit:Covet","hermit:GhostlyPresence","hermit:HeroicBravado+1","hermit:Coalescence","hermit:CursedWeapon+1","hermit:HoleUp","hermit:Combo+1","hermit:Coalescence","hermit:WideOpen+1"],"relics":["hermit:Momento","NeowsBlessing","reliquary:Buckler","Orichalcum","Molten Egg 2"],"acts_visited":["Exordium"],"potions_floor_usage":[10],"damage_taken":[{"damage":0,"enemies":"Cultist","floor":1,"turns":1},{"damage":0,"enemies":"Jaw Worm","floor":5,"turns":1},{"damage":0,"enemies":"3 Sentries","floor":6,"turns":2},{"damage":2,"enemies":"Small Slimes","floor":7,"turns":3},{"damage":10,"enemies":"Gremlin Nob","floor":10,"turns":4},{"damage":3,"enemies":"Blue Slaver","floor":11,"turns":4},{"damage":26,"enemies":"Gremlin Gang","floor":12,"turns":8},{"damage":41,"enemies":"Slime Boss","floor":16,"turns":9}],"seed_played":"-3621490829826857310","potions_obtained":[{"floor":6,"key":"FearPotion"},{"floor":12,"key":"Explosive Potion"}],"is_trial":false,"path_per_floor":["M","$","?","$","M","E","M","R","T","E","M","M","R","?","R","B"],"character_chosen":"HERMIT","items_purchased":["hermit:HeroicBravado"],"campfire_rested":1,"item_purchase_floors":[4],"current_hp_per_floor":[68,68,68,68,68,68,66,66,66,56,53,27,49,49,49,8,8],"gold":186,"neow_bonus":"THREE_ENEMY_KILL","is_daily":false,"chose_seed":false,"campfire_upgraded":2,"win_rate":0.0,"timestamp":1613662846,"path_taken":["M","$","?","$","M","E","M","R","T","E","?","M","R","?","R","BOSS"],"items_purchased_type":["Card"],"build_version":"2020-12-22","purchased_purges":0,"victory":false,"max_hp_per_floor":[75,75,75,75,75,75,75,75,75,75,75,75,75,75,75,75,75],"card_choices":[{"not_picked":["hermit:Snipe","hermit:LoneWolf"],"picked":"hermit:GhostlyPresence","floor":1},{"not_picked":["hermit:Quickdraw","hermit:Desperado"],"picked":"hermit:Coalescence","floor":5},{"not_picked":["hermit:ItchyTrigger","hermit:Reprieve"],"picked":"hermit:CursedWeapon","floor":6},{"not_picked":["hermit:CalledShot","hermit:BodyArmor"],"picked":"hermit:HoleUp","floor":7},{"not_picked":["hermit:Manifest","hermit:CursedWeapon+1"],"picked":"hermit:Combo","floor":10},{"not_picked":["hermit:BodyArmor","hermit:Headshot+1"],"picked":"hermit:Coalescence","floor":11},{"not_picked":["hermit:Virtue","hermit:ShadowCloak"],"picked":"hermit:WideOpen+1","floor":12}],"player_experience":1418997,"relics_obtained":[{"floor":6,"key":"reliquary:Buckler"},{"floor":9,"key":"Orichalcum"},{"floor":10,"key":"Molten Egg 2"}],"event_choices":[{"cards_removed":["hermit:Strike_Hermit"],"damage_healed":0,"gold_gain":0,"player_choice":"Purged","damage_taken":0,"max_hp_gain":0,"max_hp_loss":0,"event_name":"Purifier","floor":3,"gold_loss":0},{"damage_healed":0,"gold_gain":0,"player_choice":"Grow","damage_taken":0,"max_hp_gain":0,"max_hp_loss":0,"event_name":"Living Wall","floor":14,"gold_loss":0,"cards_upgraded":["hermit:Combo"]}],"is_beta":false,"boss_relics":[],"items_purged_floors":[],"is_endless":false,"potions_floor_spawned":[6,12],"killed_by":"Slime Boss","ascension_level":6}}