{"host":"lv7etzzgwahaenh9","time":1613614413,"event":{"mods":["AchievementEnabler","BaseMod","Colored Map","Colored Powertips","Highlight Path","Minty Spire (QoL Compilation)","Permanent Neow","Quick Restart","Random Character Button","StSLib"],"gold_per_floor":[114,189,189,207,207,234,234,262,262,262,277,277,277,9,9,112,112,123,137,137,149,167,167,195,211,211,241,255,255,266,281,281,281,281],"floor_reached":33,"language":"ENG","playtime":1361,"items_purged":[],"score":563,"play_id":"4631bf79-da59-4514-a7e3-0012eebe0f9c","local_time":"20210217181333","is_ascension_mode":true,"campfire_choices":[{"data":"Bludgeon","floor":7,"key":"SMITH"},{"data":"Perfected Strike","floor":10,"key":"SMITH"},{"data":"Bash","floor":12,"key":"SMITH"},{"data":"Armaments","floor":15,"key":"SMITH"},{"data":"Shrug It Off","floor":23,"key":"SMITH"},{"data":"Shockwave","floor":29,"key":"SMITH"},{"data":"Shrug It Off","floor":32,"key":"SMITH"}],"circlet_count":0,"master_deck":["AscendersBane","Strike_R","Strike_R","Strike_R","Strike_R","Strike_R","Defend_R","Defend_R","Defend_R","Bash+1","Perfected Strike+1","Anger","Bludgeon+1","Pommel Strike","Twin Strike","Evolve","Armaments+1","Impervious","Wild Strike+1","Shrug It Off+1","Shrug It Off+1","Rage+1","Shockwave+1","Perfected Strike+1","Dark Embrace+1","Reckless Charge+1"],"relics":["Burning Blood","NeowsBlessing","FaceOfCleric","Unceasing Top","Champion Belt","StoneCalendar","Anchor","Coffee Dripper","Toy Ornithopter","Girya","Dream Catcher"],"acts_visited":["Exordium","TheCity"],"potions_floor_usage":[24,27,27],"damage_taken":[{"damage":0,"enemies":"Small Slimes","floor":1,"turns":1},{"damage":0,"enemies":"2 Louse","floor":4,"turns":1},{"damage":0,"enemies":"Lagavulin","floor":6,"turns":1},{"damage":13,"enemies":"Gremlin Nob","floor":8,"turns":3},{"damage":1,"enemies":"Cultist","floor":11,"turns":3},{"damage":20,"enemies":"Slime Boss","floor":16,"turns":7},{"damage":19,"enemies":"3 Byrds","floor":18,"turns":6},{"damage":0,"enemies":"Chosen","floor":19,"turns":3},{"damage":1,"enemies":"Shelled Parasite and Fungi","floor":21,"turns":4},{"damage":17,"enemies":"Snake Plant","floor":22,"turns":4},{"damage":9,"enemies":"Book of Stabbing","floor":24,"turns":5},{"damage":8,"enemies":"3 Cultists","floor":25,"turns":5},{"damage":0,"enemies":"Gremlin Leader","floor":27,"turns":9},{"damage":5,"enemies":"Snecko","floor":28,"turns":4},{"damage":0,"enemies":"Snake Plant","floor":30,"turns":2},{"damage":19,"enemies":"Cultist and Chosen","floor":31,"turns":5},{"damage":72,"enemies":"Automaton","floor":33,"turns":10}],"seed_played":"-1917321548958930743","potions_obtained":[{"floor":16,"key":"LiquidMemories"},{"floor":18,"key":"Dexterity Potion"},{"floor":25,"key":"HeartOfIron"},{"floor":27,"key":"FearPotion"},{"floor":31,"key":"Ancient Potion"}],"is_trial":false,"path_per_floor":["M","?","?","M","?","E","R","E","T","R","M","R","?","$","R","B",null,"M","M","?","M","M","R","E","M","T","E","M","R","M","M","R","B"],"character_chosen":"IRONCLAD","items_purchased":["Evolve","Anchor","Armaments"],"campfire_rested":0,"item_purchase_floors":[14,14,14],"current_hp_per_floor":[78,67,67,74,79,86,86,80,80,80,86,86,86,86,86,73,86,74,81,63,69,59,59,57,56,56,73,75,75,82,70,70,0,0],"gold":281,"neow_bonus":"THREE_ENEMY_KILL","is_daily":false,"chose_seed":false,"campfire_upgraded":7,"win_rate":0.0,"timestamp":1613614413,"path_taken":["M","?","?","?","?","E","R","E","T","R","M","R","?","$","R","BOSS","M","M","?","M","M","R","E","M","T","E","M","R","M","M","R","BOSS"],"items_purchased_type":["Card","Relic","Card"],"build_version":"2020-12-22","purchased_purges":0,"victory":false,"max_hp_per_floor":[80,80,80,81,86,87,87,88,88,88,89,89,89,89,89,90,90,91,92,97,98,99,99,100,101,101,102,103,103,104,105,105,105,105],"card_choices":[{"not_picked":["Iron Wave","Clash"],"picked":"Perfected Strike","floor":1},{"not_picked":["True Grit","Clash"],"picked":"Anger","floor":4},{"not_picked":["Flex","Body Slam"],"picked":"Bludgeon","floor":6},{"not_picked":["Flex","Sword Boomerang","Headbutt"],"picked":"SKIP","floor":8},{"not_picked":["Clash","Searing Blow"],"picked":"Pommel Strike","floor":11},{"not_picked":["Feed","Brutality"],"picked":"Impervious","floor":16},{"not_picked":["Twin Strike","Havoc+1"],"picked":"Wild Strike+1","floor":18},{"not_picked":["Body Slam","Headbutt"],"picked":"Shrug It Off","floor":19},{"not_picked":["Dark Embrace","Body Slam"],"picked":"Shrug It Off","floor":21},{"not_picked":["Pommel Strike","Heavy Blade"],"picked":"Rage+1","floor":22},{"not_picked":["Infernal Blade","Armaments+1"],"picked":"Shockwave","floor":24},{"not_picked":["Twin Strike","True Grit"],"picked":"Perfected Strike+1","floor":25},{"not_picked":["Wild Strike","Heavy Blade+1"],"picked":"Dark Embrace+1","floor":27},{"not_picked":["Heavy Blade+1","Whirlwind","Twin Strike"],"picked":"SKIP","floor":28},{"not_picked":["Hemokinesis","Wild Strike","Iron Wave"],"picked":"SKIP","floor":30},{"not_picked":["Twin Strike","Wild Strike"],"picked":"Reckless Charge+1","floor":31}],"player_experience":422524,"relics_obtained":[{"floor":6,"key":"Unceasing Top"},{"floor":8,"key":"Champion Belt"},{"floor":9,"key":"StoneCalendar"},{"floor":24,"key":"Toy Ornithopter"},{"floor":26,"key":"Girya"},{"floor":27,"key":"Dream Catcher"}],"event_choices":[{"damage_healed":0,"gold_gain":75,"player_choice":"Gather Gold","damage_taken":11,"max_hp_gain":0,"max_hp_loss":0,"event_name":"World of Goop","floor":2,"gold_loss":0},{"damage_healed":0,"gold_gain":0,"player_choice":"Trade","damage_taken":0,"relics_obtained":["FaceOfCleric"],"max_hp_gain":0,"max_hp_loss":0,"event_name":"FaceTrader","floor":3,"gold_loss":0},{"damage_healed":0,"gold_gain":0,"player_choice":"Donut","damage_taken":0,"max_hp_gain":5,"max_hp_loss":0,"event_name":"Big Fish","floor":5,"gold_loss":0},{"damage_healed":0,"gold_gain":0,"cards_transformed":["Defend_R"],"player_choice":"Change","damage_taken":0,"max_hp_gain":0,"max_hp_loss":0,"event_name":"Living Wall","floor":13,"gold_loss":0,"cards_obtained":["Twin Strike"]},{"damage_healed":0,"gold_gain":0,"player_choice":"Shed Blood","damage_taken":23,"max_hp_gain":5,"max_hp_loss":0,"event_name":"Forgotten Altar","floor":20,"gold_loss":0}],"is_beta":false,"boss_relics":[{"not_picked":["Runic Dome","Empty Cage"],"picked":"Coffee Dripper"}],"items_purged_floors":[],"is_endless":false,"potions_floor_spawned":[16,18,19,25,27,31],"killed_by":"Automaton","ascension_level":11}}