{"host":"bg0cyinkrjnqf173","time":1613608665,"event":{"mods":["BaseMod","Colored Map","Minty Spire (QoL Compilation)","StSLib","Together in Spire"],"gold_per_floor":[112,127,127,139,151,178,196,196,222,222,232,249,249,288,288,409,409,433,451,76,94,113,146,160,204,204,56,81,81,97,97,97,226,226,241,255,276,296,220,263,287,321,367,205,205,205,230,251,251,251,251,251,25,60,60],"floor_reached":56,"language":"ENG","playtime":2469,"items_purged":["Regret"],"score":1092,"play_id":"aa5b4e41-9100-465a-b7e4-d9df90790092","local_time":"20210217193745","is_ascension_mode":false,"campfire_choices":[{"data":"Dark Embrace","floor":8.0,"key":"SMITH"},{"data":"Fiend Fire","floor":10.0,"key":"SMITH"},{"data":"Sentinel","floor":15.0,"key":"SMITH"},{"data":"Fire Breathing","floor":29.0,"key":"SMITH"},{"data":"Feel No Pain","floor":32.0,"key":"SMITH"},{"data":"Fiend Fire","floor":46.0,"key":"SMITH"},{"floor":49.0,"key":"RECALL"},{"data":"Havoc","floor":52,"key":"SMITH"}],"circlet_count":0,"master_deck":["Strike_R","Strike_R","Strike_R","Strike_R","Strike_R","Defend_R","Defend_R","Defend_R","Defend_R","Bash","Fiend Fire+1","Dark Embrace+1","Cleave","Twin Strike","Whirlwind","Double Tap","Shrug It Off","Warcry","Sentinel+1","Exhume","Wild Strike","Fire Breathing+1","Burning Pact","Havoc+1","Feel No Pain+1","True Grit","Fiend Fire+1","Pommel Strike","Shockwave","Fiend Fire+1","Pommel Strike+1","Shrug It Off+1","Reckless Charge","Feel No Pain+1","True Grit","Thunderclap+1","Burning Pact","Feel No Pain","Thinking Ahead","Secret Technique","Havoc+1","Ghostly Armor+1","Dark Embrace"],"relics":["Burning Blood","Regal Pillow","Boot","Nunchaku","Golden Idol","Bag of Preparation","Black Star","Membership Card","Lantern","Bag of Marbles","Potion Belt","Blue Candle","Pen Nib","Eternal Feather","Charon\u0027s Ashes","Vajra","DollysMirror","Runic Pyramid","Akabeko","Happy Flower","Incense Burner","Kunai","Oddly Smooth Stone","TheAbacus","Bronze Scales","Centennial Puzzle","StoneCalendar","Anchor"],"acts_visited":["TheEnding"],"potions_floor_usage":[],"damage_taken":[{"damage":0.0,"enemies":"Cultist","floor":1.0,"turns":2.0},{"damage":0.0,"enemies":"Small Slimes","floor":2.0,"turns":2.0},{"damage":6.0,"enemies":"Jaw Worm","floor":4.0,"turns":2.0},{"damage":0.0,"enemies":"Gremlin Gang","floor":5.0,"turns":2.0},{"damage":11.0,"enemies":"3 Sentries","floor":6.0,"turns":4.0},{"damage":0.0,"enemies":"Looter","floor":7.0,"turns":2.0},{"damage":9.0,"enemies":"2 Fungi Beasts","floor":11.0,"turns":2.0},{"damage":0.0,"enemies":"Exordium Thugs","floor":12.0,"turns":2.0},{"damage":8.0,"enemies":"Lagavulin","floor":14.0,"turns":3.0},{"damage":1.0,"enemies":"Hexaghost","floor":16.0,"turns":4.0},{"damage":4.0,"enemies":"Spheric Guardian","floor":18.0,"turns":2.0},{"damage":6.0,"enemies":"Chosen","floor":19.0,"turns":3.0},{"damage":10.0,"enemies":"Sentry and Sphere","floor":21.0,"turns":3.0},{"damage":0.0,"enemies":"Snecko","floor":22.0,"turns":1.0},{"damage":22.0,"enemies":"Slavers","floor":23.0,"turns":3.0},{"damage":11.0,"enemies":"Chosen and Byrds","floor":24.0,"turns":3.0},{"damage":14.0,"enemies":"Book of Stabbing","floor":25.0,"turns":3.0},{"damage":5.0,"enemies":"Snake Plant","floor":28.0,"turns":3.0},{"damage":0.0,"enemies":"3 Cultists","floor":30.0,"turns":2.0},{"damage":0.0,"enemies":"Automaton","floor":33.0,"turns":3.0},{"damage":10.0,"enemies":"3 Shapes","floor":35.0,"turns":3.0},{"damage":0.0,"enemies":"Orb Walker","floor":36.0,"turns":1.0},{"damage":19.0,"enemies":"3 Darklings","floor":37.0,"turns":4.0},{"damage":0.0,"enemies":"Transient","floor":38.0,"turns":1.0},{"damage":0.0,"enemies":"Nemesis","floor":40.0,"turns":4.0},{"damage":0.0,"enemies":"4 Shapes","floor":41.0,"turns":2.0},{"damage":0.0,"enemies":"Reptomancer","floor":42.0,"turns":3.0},{"damage":0.0,"enemies":"Spire Growth","floor":47.0,"turns":2.0},{"damage":5.0,"enemies":"Sphere and 2 Shapes","floor":48.0,"turns":3.0},{"damage":46,"enemies":"Awakened One","floor":50,"turns":6},{"damage":10,"enemies":"Shield and Spear","floor":54,"turns":2},{"damage":9,"enemies":"The Heart","floor":55,"turns":7}],"seed_played":"5705260069688998970","potions_obtained":[{"floor":2.0,"key":"Strength Potion"},{"floor":4.0,"key":"AttackPotion"},{"floor":6.0,"key":"EssenceOfSteel"},{"floor":16.0,"key":"BlessingOfTheForge"},{"floor":18.0,"key":"SteroidPotion"},{"floor":25.0,"key":"Explosive Potion"},{"floor":30.0,"key":"Explosive Potion"},{"floor":33.0,"key":"LiquidMemories"}],"is_trial":false,"path_per_floor":["M","M","?","M","M","E","M","R","T","R","M","M","?","E","R","B",null,"M","M","$","M","M","E","M","E","T","$","M","R","M","?","R","B",null,"M","M","M","M","$","E","M","E","T","$","?","R","M","M","R","B",null,"R","$","E","B",null],"character_chosen":"IRONCLAD","items_purchased":["Membership Card","Fire Breathing","Lantern","Bag of Marbles","Vajra","DollysMirror","Akabeko","Burning Pact","Feel No Pain","Thinking Ahead","TheAbacus","Bronze Scales","Centennial Puzzle"],"campfire_rested":0,"item_purchase_floors":[20,20,20,20,27,27,39,44,44,44,53,53,53],"current_hp_per_floor":[80,80,80,80,80,75,80,80,80,80,77,80,74,72,72,74,74,74,74,74,70,74,58,53,45,45,45,46,61,67,67,74,74,74,70,74,61,67,67,73,74,74,74,74,74,74,74,74,74,34,74,74,74,70,67],"gold":60,"neow_bonus":"ONE_RANDOM_RARE_CARD","is_daily":false,"chose_seed":false,"campfire_upgraded":7,"win_rate":0.0,"timestamp":1613608665,"path_taken":["M","M","?","M","M","E","M","R","T","R","M","M","?","E","R","BOSS","M","M","$","M","M","E","M","E","T","$","M","R","M","?","R","BOSS","M","M","M","?","$","E","M","E","T","$","?","R","M","M","R","BOSS","R","$","E","BOSS"],"items_purchased_type":["Relic","Card","Relic","Relic","Relic","Relic","Relic","Card","Card","Card","Relic","Relic","Relic"],"build_version":"2020-12-22","purchased_purges":1,"victory":true,"max_hp_per_floor":[80,80,80,80,80,80,80,80,80,80,80,80,74,74,74,74,74,74,74,74,74,74,74,74,74,74,74,74,74,74,74,74,74,74,74,74,74,74,74,74,74,74,74,74,74,74,74,74,74,74,74,74,74,74,74],"card_choices":[{"not_picked":["Havoc","Clash"],"picked":"Dark Embrace","floor":1.0},{"not_picked":["Clothesline","Shrug It Off"],"picked":"Cleave","floor":2.0},{"not_picked":["Entrench","Whirlwind"],"picked":"Twin Strike","floor":4.0},{"not_picked":["Flame Barrier","Intimidate"],"picked":"Whirlwind","floor":5.0},{"not_picked":["Armaments","Thunderclap"],"picked":"Double Tap","floor":6.0},{"not_picked":["Anger","Pummel"],"picked":"Shrug It Off","floor":7.0},{"not_picked":["Thunderclap","Evolve","Twin Strike"],"picked":"SKIP","floor":11.0},{"not_picked":["Twin Strike","Hemokinesis"],"picked":"Warcry","floor":12.0},{"not_picked":["Clash","Inflame"],"picked":"Sentinel","floor":14.0},{"not_picked":["Double Tap","Brutality"],"picked":"Exhume","floor":16.0},{"not_picked":["Sword Boomerang+1","Blood for Blood+1"],"picked":"Wild Strike","floor":18.0},{"not_picked":["Blood for Blood","Searing Blow","Body Slam"],"picked":"SKIP","floor":19.0},{"not_picked":["Wild Strike","Armaments"],"picked":"Burning Pact","floor":21.0},{"not_picked":["Headbutt+1","Warcry","Metallicize"],"picked":"SKIP","floor":22.0},{"not_picked":["Dark Embrace","Reaper"],"picked":"Havoc","floor":23.0},{"not_picked":["Heavy Blade","Body Slam"],"picked":"Feel No Pain","floor":24.0},{"not_picked":["Heavy Blade+1","Sword Boomerang+1"],"picked":"True Grit","floor":25.0},{"not_picked":["Armaments","Uppercut+1"],"picked":"Pommel Strike","floor":28.0},{"not_picked":["Cleave","Fire Breathing"],"picked":"Shockwave","floor":30.0},{"not_picked":["Juggernaut","Impervious"],"picked":"Fiend Fire","floor":33.0},{"not_picked":["Inflame+1","Bloodletting+1"],"picked":"Pommel Strike+1","floor":35.0},{"not_picked":["Warcry+1","Heavy Blade"],"picked":"Shrug It Off+1","floor":36.0},{"not_picked":["Perfected Strike","Clash"],"picked":"Reckless Charge","floor":37.0},{"not_picked":["Bloodletting","Heavy Blade+1"],"picked":"Feel No Pain+1","floor":38.0},{"not_picked":["Uppercut","Carnage"],"picked":"True Grit","floor":40.0},{"not_picked":["Fire Breathing","Clothesline+1"],"picked":"Thunderclap+1","floor":41.0},{"not_picked":["Rampage+1","Dropkick+1","Whirlwind+1"],"picked":"SKIP","floor":42.0},{"not_picked":["Jack Of All Trades","Madness"],"picked":"Secret Technique","floor":45.0},{"not_picked":["Heavy Blade","Rampage"],"picked":"Havoc","floor":47.0},{"not_picked":["Clothesline+1","Sword Boomerang"],"picked":"Ghostly Armor+1","floor":48.0},{"not_picked":["Perfected Strike","Thunderclap"],"picked":"Dark Embrace","floor":54}],"player_experience":586741,"relics_obtained":[{"floor":6.0,"key":"Boot"},{"floor":9.0,"key":"Nunchaku"},{"floor":14.0,"key":"Bag of Preparation"},{"floor":23.0,"key":"Potion Belt"},{"floor":23.0,"key":"Blue Candle"},{"floor":25.0,"key":"Pen Nib"},{"floor":25.0,"key":"Eternal Feather"},{"floor":26.0,"key":"Charon\u0027s Ashes"},{"floor":40.0,"key":"Happy Flower"},{"floor":40.0,"key":"Incense Burner"},{"floor":42.0,"key":"Kunai"},{"floor":42.0,"key":"Oddly Smooth Stone"},{"floor":54,"key":"StoneCalendar"},{"floor":54,"key":"Anchor"}],"event_choices":[{"damage_healed":0.0,"max_hp_gain":0.0,"max_hp_loss":0.0,"gold_gain":0.0,"event_name":"Big Fish","player_choice":"Box","floor":3.0,"gold_loss":0.0,"damage_taken":0.0,"relics_obtained":["Regal Pillow"],"cards_obtained":["Regret"]},{"damage_healed":0.0,"max_hp_gain":0.0,"max_hp_loss":6.0,"gold_gain":0.0,"event_name":"Golden Idol","player_choice":"Lose Max HP","floor":13.0,"gold_loss":0.0,"damage_taken":0.0,"relics_obtained":["Golden Idol"]},{"damage_healed":0.0,"max_hp_gain":0.0,"max_hp_loss":0.0,"gold_gain":0.0,"event_name":"Accursed Blacksmith","player_choice":"Forge","floor":31.0,"gold_loss":0.0,"damage_taken":0.0,"cards_upgraded":["Havoc"]},{"damage_healed":0.0,"max_hp_gain":0.0,"max_hp_loss":0.0,"gold_gain":0.0,"event_name":"SensoryStone","player_choice":"Memory 1","floor":45.0,"gold_loss":0.0,"damage_taken":0.0}],"is_beta":false,"boss_relics":[{"not_picked":["Coffee Dripper","SacredBark"],"picked":"Black Star"},{"not_picked":["Philosopher\u0027s Stone","Cursed Key"],"picked":"Runic Pyramid"}],"items_purged_floors":[20],"is_endless":false,"potions_floor_spawned":[2,4,6,11,14,16,18,19,23,25,30,33,35,38,47,48],"ascension_level":0}}