{"host":"dmtlrev5pkc1867p","time":1613671114,"event":{"mods":["AchievementEnabler","BaseMod","Colored Map","Colored Powertips","Downfall","Hermit","Highlight Path","Hubris","Infinite Spire","Marisa¡]Ãú«B¡@Å]²z¨F¡^","Minty Spire (QoL Compilation)","Permanent Neow","Quick Restart","Rare Cards Sparkle","Relic Sorter","Relic Stats","Replay The Spire","Shop Mod","StSLib","SuperFastMode","The Construct","The Cursed","The Mystic","The Necromancer","The Poker Player","The Runesmith","The Servant 0.9.4"],"gold_per_floor":[115,125,51,69,69,95,95,105,130,130,146,160,173,173,173,276,276,296,307,40,40,0,30,30,30,30,30,30,30,44,63,63,161,161,180,192,192,208,208,240,240,59,106,106,106,106,120,145,145,145,145,145,364,396,346],"floor_reached":56,"language":"ZHS","playtime":2181,"items_purged":[],"score":1708,"play_id":"a8bcbe31-4e64-41de-b8f0-0a5e28914e13","local_time":"20210219015834","is_ascension_mode":true,"campfire_choices":[{"floor":7.0,"key":"RECALL"},{"data":"Apotheosis","floor":10.0,"key":"SMITH"},{"data":"After Image","floor":15.0,"key":"SMITH"},{"floor":24.0,"key":"REST"},{"data":"Infinite Blades","floor":27.0,"key":"SMITH"},{"data":"Backstab","floor":32,"key":"SMITH"},{"data":"Envenom","floor":41,"key":"SMITH"},{"data":"Footwork","floor":46,"key":"SMITH"},{"data":"Well Laid Plans","floor":49,"key":"SMITH"},{"floor":52,"key":"REST"}],"circlet_count":0,"master_deck":["Strike_G","Strike_G","Strike_G","Strike_G","Strike_G","Defend_G","Defend_G","Defend_G","Defend_G","Defend_G","Survivor","Neutralize","Runesmith:Strike_RS","sneckomod:Defend","Apotheosis+1","Blade Dance","Dodge and Roll","After Image+1","Leg Sweep","Catalyst","ReplayTheSpireMod:Tripwire","Poisoned Stab","Poison Darts","Infinite Blades+1","All Out Attack","infinitespire:Neurotoxin","Prepared","Neutralize","Adrenaline","Dodge and Roll+1","Cloak And Dagger+1","Well Laid Plans+1","Dodge and Roll","Dodge and Roll","PiercingWail","Trip","Flying Knee","Neutralize","Unload","Backstab+1","Prepared","Blade Dance+1","Wraith Form v2+1","Bane+1","Hidden Blade+1","Cloak And Dagger+1","Envenom+1","Footwork+1","PiercingWail+1","Noxious Fumes","Flying Knee","Poisoned Stab","Deadly Poison","Backflip","Swift Strike","Poisoned Strike","Die Die Die"],"relics":["Ring of the Snake","hubris:Icosahedron","Snack Pack","Replay:Grab Bag","SlaversCollar","Philosopher\u0027s Stone","construct:ClawGrip","TwistedFunnel","Boot","Runesmith:Locket","HoveringKite","Nunchaku","Juzu Bracelet","hubris:Stopwatch","hubris:CrystalStatue","hubris:SlimyHat","hubris:NiceRug","Akabeko","hubris:PeanutButter","Toolbox","Letter Opener"],"acts_visited":["Exordium","TheCity","TheBeyond","TheEnding"],"potions_floor_usage":[36,44,50,50,54,55,55],"damage_taken":[{"damage":2.0,"enemies":"Small Slimes","floor":1.0,"turns":4.0},{"damage":0.0,"enemies":"Cultist","floor":2.0,"turns":4.0},{"damage":3.0,"enemies":"2 Louse","floor":4.0,"turns":4.0},{"damage":0.0,"enemies":"3 Sentries","floor":6.0,"turns":7.0},{"damage":13.0,"enemies":"Exordium Thugs","floor":8.0,"turns":7.0},{"damage":0.0,"enemies":"2 Fungi Beasts","floor":11.0,"turns":3.0},{"damage":4.0,"enemies":"Exordium Wildlife","floor":12.0,"turns":4.0},{"damage":1.0,"enemies":"Large Slime","floor":13.0,"turns":5.0},{"damage":3.0,"enemies":"Hexaghost","floor":16.0,"turns":10.0},{"damage":1.0,"enemies":"Chosen","floor":18.0,"turns":5.0},{"damage":4.0,"enemies":"Spheric Guardian","floor":19.0,"turns":4.0},{"damage":27.0,"enemies":"Gremlin Leader","floor":23.0,"turns":5.0},{"damage":0,"enemies":"hubris:Merchant","floor":29,"turns":1},{"damage":0,"enemies":"Snecko","floor":30,"turns":4},{"damage":0,"enemies":"Snake Plant","floor":31,"turns":3},{"damage":18,"enemies":"hubris:MusketHawk","floor":33,"turns":7},{"damage":7,"enemies":"Orb Walker","floor":35,"turns":3},{"damage":0,"enemies":"3 Darklings","floor":36,"turns":5},{"damage":15,"enemies":"Transient","floor":38,"turns":5},{"damage":0,"enemies":"Giant Head","floor":40,"turns":8},{"damage":0,"enemies":"Nemesis","floor":44,"turns":1},{"damage":8,"enemies":"Spire Growth","floor":47,"turns":3},{"damage":44,"enemies":"Donu and Deca","floor":50,"turns":10},{"damage":41,"enemies":"hubris:Merchant","floor":53,"turns":9},{"damage":25,"enemies":"Shield and Spear","floor":54,"turns":7},{"damage":45,"enemies":"The Heart","floor":55,"turns":10}],"seed_played":"-4802197097389044628","potions_obtained":[{"floor":1.0,"key":"ColorlessPotion"},{"floor":2.0,"key":"AttackPotion"},{"floor":5.0,"key":"Cursed Concoction"},{"floor":5.0,"key":"Guardian:BlockOnCardUsePotion"},{"floor":12.0,"key":"SteroidPotion"},{"floor":13.0,"key":"SmokeBomb"},{"floor":16.0,"key":"Fire Potion"},{"floor":18.0,"key":"SkillPotion"},{"floor":30,"key":"Adrenaline Potion"},{"floor":33,"key":"Cursed Concoction"},{"floor":35,"key":"Toxic Potion"},{"floor":40,"key":"Weak Potion"},{"floor":47,"key":"Swift Potion"},{"floor":53,"key":"bronze:BurnAndBuffPotion"},{"floor":53,"key":"Poison Potion"},{"floor":54,"key":"Block Potion"}],"is_trial":false,"path_per_floor":["M","M","$","M","?","E","R","M","T","R","M","M","M","?","R","B",null,"M","M","$","?","?","E","R","$","T","R","?","$","M","M","R","B",null,"M","M","?","M","?","E","R","$","T","E","AVR","R","M","T","R","B",null,"R","$","E","B",null],"character_chosen":"THE_SILENT","items_purchased":["After Image","TwistedFunnel","Well Laid Plans","Dodge and Roll","Footwork","FairyPotion","Noxious Fumes"],"campfire_rested":2,"item_purchase_floors":[3,20,20,20,42,42,53],"current_hp_per_floor":[61,61,61,58,58,58,58,51,51,51,57,55,58,58,58,67,69,70,70,70,70,70,47,68,68,68,68,68,68,70,70,70,62,68,67,70,70,67,67,70,70,70,70,70,70,70,64,64,64,42,63,70,45,36,29],"gold":346,"neow_bonus":"RANDOM_COLORLESS_2","is_daily":false,"chose_seed":false,"campfire_upgraded":7,"win_rate":0.0,"timestamp":1613671114,"path_taken":["M","M","$","M","?","E","R","M","T","R","?","M","M","?","R","BOSS","M","M","$","?","?","E","R","?","T","R","?","$","?","M","R","BOSS","M","M","?","?","?","E","R","$","T","E","AVR","R","M","?","R","BOSS","R","$","E","BOSS"],"items_purchased_type":["Card","Relic","Card","Card","Card","Potion","Card"],"build_version":"2020-12-22","purchased_purges":0,"victory":true,"max_hp_per_floor":[70,70,70,70,70,70,70,70,70,70,70,70,70,70,70,70,70,70,70,70,70,70,70,70,70,70,70,70,70,70,70,70,70,70,70,70,70,70,70,70,70,70,70,70,70,70,70,70,70,70,70,70,70,70,70],"relic_stats":{"Nunchaku":[14],"counters":[26,138],"HoveringKite":[21],"Juzu Bracelet":0,"Letter Opener":[25],"Boot":[131],"obtain_stats":[{"TwistedFunnel":20,"construct:ClawGrip":17,"hubris:CrystalStatue":45,"Replay:Grab Bag":17,"Runesmith:Locket":26,"HoveringKite":34,"Juzu Bracelet":43,"hubris:SlimyHat":48,"Letter Opener":54,"Boot":23,"Akabeko":53,"SlaversCollar":17,"Nunchaku":40,"hubris:Icosahedron":21,"hubris:Stopwatch":45,"Toolbox":53,"Philosopher\u0027s Stone":17,"hubris:PeanutButter":53,"Snack Pack":6,"Ring of the Snake":0,"hubris:NiceRug":53},{"TwistedFunnel":11,"construct:ClawGrip":9,"hubris:CrystalStatue":21,"Replay:Grab Bag":9,"Runesmith:Locket":12,"HoveringKite":16,"Juzu Bracelet":20,"hubris:SlimyHat":22,"Letter Opener":25,"Boot":12,"Akabeko":24,"SlaversCollar":9,"Nunchaku":20,"hubris:Icosahedron":11,"hubris:Stopwatch":21,"Toolbox":24,"Philosopher\u0027s Stone":9,"hubris:PeanutButter":24,"Snack Pack":4,"Ring of the Snake":0,"hubris:NiceRug":24},{"TwistedFunnel":57,"construct:ClawGrip":48,"hubris:CrystalStatue":99,"Replay:Grab Bag":48,"Runesmith:Locket":62,"HoveringKite":77,"Juzu Bracelet":98,"hubris:SlimyHat":102,"Letter Opener":128,"Boot":62,"Akabeko":121,"SlaversCollar":48,"Nunchaku":98,"hubris:Icosahedron":57,"hubris:Stopwatch":99,"Toolbox":121,"Philosopher\u0027s Stone":48,"hubris:PeanutButter":121,"Snack Pack":19,"Ring of the Snake":0,"hubris:NiceRug":121}],"Ring of the Snake":[52]},"card_choices":[{"not_picked":["Replay:Dark Deal","ReplayUltimateDefense"],"picked":"Apotheosis","floor":0.0},{"not_picked":["Dagger Spray","PiercingWail"],"picked":"Blade Dance","floor":1.0},{"not_picked":["ReplayTheSpireMod:Scrap Shanks","hubris:Sniper"],"picked":"Dodge and Roll","floor":2.0},{"not_picked":["Cloak And Dagger","Poisoned Stab"],"picked":"Leg Sweep","floor":4.0},{"not_picked":["PiercingWail","Blade Dance"],"picked":"Catalyst","floor":6.0},{"not_picked":["Toxin Wave","Backflip"],"picked":"ReplayTheSpireMod:Tripwire","floor":8.0},{"not_picked":["Deflect","ReplayTheSpireMod:The Works"],"picked":"Poisoned Stab","floor":11.0},{"not_picked":["Hidden Blade","Poisoned Stab"],"picked":"Poison Darts","floor":12.0},{"not_picked":["Outmaneuver","Riddle With Holes"],"picked":"Infinite Blades","floor":13.0},{"not_picked":["infinitespire:Neurotoxin","Night Terror"],"picked":"Adrenaline","floor":16.0},{"not_picked":["Prepared","Cloak And Dagger"],"picked":"Dodge and Roll+1","floor":18.0},{"not_picked":["Bane","ReplayTheSpireMod:Necrosis"],"picked":"Cloak And Dagger+1","floor":19.0},{"not_picked":["Poisoned Stab","Eviscerate"],"picked":"PiercingWail","floor":23.0},{"not_picked":["Dagger Spray","Endless Agony"],"picked":"Prepared","floor":30},{"not_picked":["Deflect","ReplayTheSpireMod:Exploit Weakness"],"picked":"Blade Dance+1","floor":31},{"not_picked":["Burst","Replay:Bag of Tricks"],"picked":"Wraith Form v2","floor":33},{"not_picked":["Deflect","Dash"],"picked":"Bane+1","floor":35},{"not_picked":["ReplayTheSpireMod:The Works","PiercingWail"],"picked":"Hidden Blade+1","floor":36},{"not_picked":["Prepared","Quick Slash"],"picked":"Cloak And Dagger+1","floor":38},{"not_picked":["Flechettes+1","Dagger Throw"],"picked":"Envenom","floor":40},{"not_picked":["Predator+1","Slice+1"],"picked":"PiercingWail+1","floor":47},{"not_picked":[],"picked":"Flying Knee","floor":53},{"not_picked":[],"picked":"Poisoned Stab","floor":53},{"not_picked":[],"picked":"Deadly Poison","floor":53},{"not_picked":[],"picked":"Backflip","floor":53},{"not_picked":[],"picked":"Swift Strike","floor":53},{"not_picked":[],"picked":"Poisoned Strike","floor":53},{"not_picked":["ReplayTheSpireMod:Exploit Weakness","Flying Knee+1"],"picked":"Die Die Die","floor":54}],"player_experience":719025,"relics_obtained":[{"floor":6.0,"key":"Snack Pack"},{"floor":23.0,"key":"Boot"},{"floor":26.0,"key":"Runesmith:Locket"},{"floor":40,"key":"Nunchaku"},{"floor":43,"key":"Juzu Bracelet"},{"floor":48,"key":"hubris:SlimyHat"},{"floor":53,"key":"Akabeko"},{"floor":53,"key":"hubris:PeanutButter"},{"floor":53,"key":"Toolbox"},{"floor":54,"key":"Letter Opener"}],"event_choices":[{"damage_healed":0.0,"max_hp_gain":0.0,"max_hp_loss":0.0,"gold_gain":0.0,"event_name":"Lab","player_choice":"Got Potions","floor":5.0,"gold_loss":0.0,"damage_taken":0.0},{"damage_healed":0.0,"max_hp_gain":0.0,"max_hp_loss":0.0,"gold_gain":0.0,"event_name":"Match and Keep!","player_choice":"4 cards matched","floor":14.0,"gold_loss":0.0,"damage_taken":0.0,"cards_obtained":["All Out Attack","infinitespire:Neurotoxin","Prepared","Neutralize"]},{"damage_healed":0.0,"max_hp_gain":0.0,"max_hp_loss":0.0,"gold_gain":0.0,"event_name":"Masked Bandits","player_choice":"Paid Fearfully","floor":22.0,"gold_loss":40.0,"damage_taken":0.0},{"damage_healed":0.0,"max_hp_gain":0.0,"max_hp_loss":0.0,"gold_gain":0.0,"event_name":"Match and Keep!","player_choice":"5 cards matched","floor":28.0,"gold_loss":0.0,"damage_taken":0.0,"cards_obtained":["Trip","Flying Knee","Neutralize","Unload","Backstab"]},{"damage_healed":0,"gold_gain":0,"player_choice":"Forge","damage_taken":0,"max_hp_gain":0,"max_hp_loss":0,"event_name":"Accursed Blacksmith","floor":37,"gold_loss":0,"cards_upgraded":["Wraith Form v2"]}],"is_beta":false,"boss_relics":[{"not_picked":["infinitespire:Cupcake","hubris:HollowSoul"],"picked":"Replay:Grab Bag"},{"not_picked":["hubris:CrackedHourglass","Velvet Choker"],"picked":"SlaversCollar"},{"not_picked":["Sozu","Runic Dome"],"picked":"Philosopher\u0027s Stone"},{"not_picked":["Black Star","Tiny House"],"picked":"construct:ClawGrip"},{"not_picked":["Replay:Drink Me","Runic Pyramid"],"picked":"HoveringKite"}],"items_purged_floors":[],"is_endless":false,"potions_floor_spawned":[1,2,12,13,16,18,30,33,35,40,47,54],"ascension_level":6}}