{"host":"rzxtdhi6dlaar4wu","time":1613683596,"event":{"mods":["2.2 Compatiblity","AchievementEnabler","BaseMod","Block Reminder","Colored Map","Colored Powertips","Minty Spire (QoL Compilation)","Quick Restart","Random Character Button","Rare Cards Sparkle","Relic Stats","StSLib","The IronCluck"],"gold_per_floor":[112,125,141,42,42,42,42,42,42,55,89,89,119,134,134,230,230,244,14,14,14,29,29,29,29,54,80,94,120,120,154,154,259,259,275,275,275,295,315,326,13,30,30,30,30,0,0,25,25,25,25,25,25,54,54],"floor_reached":56,"language":"ENG","playtime":2862,"items_purged":["Regret"],"score":1313,"play_id":"fe3e8640-1abe-4c9b-ade1-b0347a08c953","local_time":"20210218222636","is_ascension_mode":true,"campfire_choices":[{"data":"Dualcast","floor":6,"key":"SMITH"},{"data":"Rainbow","floor":8,"key":"SMITH"},{"data":"Defragment","floor":12,"key":"SMITH"},{"data":"White Noise","floor":15,"key":"SMITH"},{"data":"White Noise","floor":23,"key":"SMITH"},{"data":"Redo","floor":25,"key":"SMITH"},{"floor":30,"key":"REST"},{"floor":32,"key":"REST"},{"floor":47,"key":"RECALL"},{"data":"Creative AI","floor":49,"key":"SMITH"},{"data":"Panacea","floor":52,"key":"SMITH"}],"circlet_count":0,"master_deck":["Strike_B","Strike_B","Strike_B","Defend_B","Defend_B","Defend_B","Zap+1","Dualcast+1","Rainbow+1","BootSequence","Doom and Gloom","Chaos","Defragment+1","Turbo","Redo+1","Leap","White Noise+1","Biased Cognition","Leap","Defragment+1","Chill","White Noise+1","Storm","Cold Snap","Rainbow","Streamline","Conserve Battery","Creative AI+1","CurseOfTheBell","Cold Snap+1","Dark Shackles","Panacea+1","Dark Shackles","Writhe","Stack+1","Leap+1","Coolheaded+1","Sweeping Beam+1","Cold Snap","Capacitor"],"relics":["Cracked Core","Bag of Preparation","Pantograph","Lizard Tail","Ginger","Inserter","DollysMirror","Anchor","Bronze Scales","Vajra","Dream Catcher","Calling Bell","Juzu Bracelet","Eternal Feather","StoneCalendar","FossilizedHelix","Red Mask","Mercury Hourglass","Happy Flower"],"acts_visited":["Exordium","TheCity","TheBeyond","TheEnding"],"potions_floor_usage":[18,28,29,31,31,50,55],"damage_taken":[{"damage":0,"enemies":"Cultist","floor":1,"turns":3},{"damage":0,"enemies":"Jaw Worm","floor":2,"turns":3},{"damage":0,"enemies":"Small Slimes","floor":3,"turns":3},{"damage":0,"enemies":"Looter","floor":10,"turns":3},{"damage":14,"enemies":"3 Sentries","floor":11,"turns":5},{"damage":14,"enemies":"Lagavulin","floor":13,"turns":6},{"damage":0,"enemies":"Exordium Wildlife","floor":14,"turns":4},{"damage":24,"enemies":"Slime Boss","floor":16,"turns":8},{"damage":27,"enemies":"2 Thieves","floor":18,"turns":5},{"damage":7,"enemies":"Spheric Guardian","floor":22,"turns":4},{"damage":21,"enemies":"Snecko","floor":28,"turns":4},{"damage":7,"enemies":"Slavers","floor":29,"turns":4},{"damage":41,"enemies":"Gremlin Leader","floor":31,"turns":5},{"damage":11,"enemies":"Champ","floor":33,"turns":11},{"damage":10,"enemies":"Orb Walker","floor":35,"turns":3},{"damage":5,"enemies":"3 Darklings","floor":38,"turns":6},{"damage":22,"enemies":"Sphere and 2 Shapes","floor":39,"turns":7},{"damage":16,"enemies":"Jaw Worm Horde","floor":40,"turns":5},{"damage":0,"enemies":"3 Darklings","floor":42,"turns":7},{"damage":0,"enemies":"Nemesis","floor":48,"turns":7},{"damage":61,"enemies":"Donu and Deca","floor":50,"turns":8},{"damage":23,"enemies":"Shield and Spear","floor":54,"turns":7},{"damage":111,"enemies":"The Heart","floor":55,"turns":10}],"seed_played":"7897896485521679029","potions_obtained":[{"floor":1,"key":"Ancient Potion"},{"floor":3,"key":"SpeedPotion"},{"floor":14,"key":"AttackPotion"},{"floor":18,"key":"SpeedPotion"},{"floor":29,"key":"Fruit Juice"},{"floor":42,"key":"SpeedPotion"},{"floor":54,"key":"Weak Potion"}],"is_trial":false,"path_per_floor":["M","M","M","$","?","R","?","R","T","M","E","R","E","M","R","B",null,"M","$","?","?","M","R","?","R","T","T","M","E","R","E","R","B",null,"M","?","?","M","M","M","$","M","T","?","$","?","R","E","R","B",null,"R","$","E","B",null],"character_chosen":"DEFECT","items_purchased":["Defragment","Turbo","DollysMirror","FossilizedHelix"],"campfire_rested":2,"item_purchase_floors":[4,4,19,41],"current_hp_per_floor":[75,75,75,75,75,75,75,75,75,75,61,61,47,47,47,48,75,48,48,48,48,41,41,41,41,41,41,20,18,42,1,25,39,80,70,60,80,75,53,37,37,37,37,70,70,70,70,70,70,9,70,70,70,47,6],"gold":54,"neow_bonus":"ONE_RANDOM_RARE_CARD","is_daily":false,"chose_seed":false,"campfire_upgraded":8,"win_rate":0.0,"timestamp":1613683596,"path_taken":["M","?","M","$","?","R","?","R","T","M","E","R","E","M","R","BOSS","M","$","?","?","?","R","?","R","T","?","M","E","R","E","R","BOSS","M","?","?","M","M","M","$","M","T","?","$","?","R","E","R","BOSS","R","$","E","BOSS"],"items_purchased_type":["Card","Card","Relic","Relic"],"build_version":"2020-12-22","purchased_purges":1,"victory":true,"max_hp_per_floor":[75,75,75,75,75,75,75,75,75,75,75,75,75,75,75,75,75,75,75,75,75,75,75,75,75,75,75,75,80,80,80,80,80,80,80,80,80,80,80,80,80,80,80,70,70,70,70,70,70,70,70,70,70,70,70],"relic_stats":{"Inserter":[46],"Happy Flower":[3],"counters":[23,128],"Eternal Feather":0,"StoneCalendar":[296],"Bag of Preparation":[40],"Juzu Bracelet":0,"Ginger":[11],"Mercury Hourglass":[84],"Lizard Tail":35,"Dream Catcher":1,"Pantograph":73,"Bronze Scales":[356],"obtain_stats":[{"Inserter":17,"Happy Flower":54,"Vajra":29,"Eternal Feather":34,"StoneCalendar":34,"Bag of Preparation":7,"Juzu Bracelet":34,"Ginger":13,"Mercury Hourglass":48,"Calling Bell":34,"Lizard Tail":11,"Anchor":26,"Dream Catcher":31,"DollysMirror":19,"Pantograph":9,"Bronze Scales":27,"Red Mask":46,"Cracked Core":0,"FossilizedHelix":41},{"Inserter":8,"Happy Flower":22,"Vajra":12,"Eternal Feather":14,"StoneCalendar":14,"Bag of Preparation":3,"Juzu Bracelet":14,"Ginger":6,"Mercury Hourglass":20,"Calling Bell":14,"Lizard Tail":5,"Anchor":10,"Dream Catcher":13,"DollysMirror":9,"Pantograph":3,"Bronze Scales":10,"Red Mask":19,"Cracked Core":0,"FossilizedHelix":18},{"Inserter":35,"Happy Flower":118,"Vajra":52,"Eternal Feather":68,"StoneCalendar":68,"Bag of Preparation":9,"Juzu Bracelet":68,"Ginger":23,"Mercury Hourglass":103,"Calling Bell":68,"Lizard Tail":17,"Anchor":44,"Dream Catcher":57,"DollysMirror":40,"Pantograph":9,"Bronze Scales":44,"Red Mask":96,"Cracked Core":0,"FossilizedHelix":89}]},"card_choices":[{"not_picked":["Reprogram","Stack"],"picked":"BootSequence","floor":1},{"not_picked":["BootSequence","Gash"],"picked":"Doom and Gloom","floor":2},{"not_picked":["Leap","Compile Driver"],"picked":"Chaos","floor":3},{"not_picked":["Doom and Gloom","Hologram"],"picked":"Redo","floor":10},{"not_picked":["Steam","Go for the Eyes"],"picked":"Leap","floor":11},{"not_picked":["Multi-Cast","Stack"],"picked":"White Noise","floor":13},{"not_picked":["Reprogram","Recycle","Sunder"],"picked":"SKIP","floor":14},{"not_picked":["Fission","Core Surge"],"picked":"Biased Cognition","floor":16},{"not_picked":["Chaos","Barrage+1"],"picked":"Leap","floor":18},{"not_picked":["FTL","Ball Lightning"],"picked":"Storm","floor":22},{"not_picked":["Scrape","Genetic Algorithm"],"picked":"Cold Snap","floor":28},{"not_picked":["Hologram","Compile Driver"],"picked":"Rainbow","floor":29},{"not_picked":["Force Field","Rebound"],"picked":"Streamline","floor":31},{"not_picked":["Streamline","Go for the Eyes"],"picked":"Conserve Battery","floor":32},{"not_picked":["Hyperbeam","Reboot"],"picked":"Creative AI","floor":33},{"not_picked":["Aggregate","Redo"],"picked":"Cold Snap+1","floor":35},{"not_picked":["Thinking Ahead","Purity"],"picked":"Dark Shackles","floor":36},{"not_picked":["Enlightenment","Bandage Up"],"picked":"Panacea","floor":36},{"not_picked":["Finesse","Impatience"],"picked":"Dark Shackles","floor":36},{"not_picked":["Streamline+1","Steam"],"picked":"Stack+1","floor":38},{"not_picked":["Gash+1","Static Discharge+1"],"picked":"Leap+1","floor":39},{"not_picked":["Beam Cell+1","Streamline+1"],"picked":"Coolheaded+1","floor":40},{"not_picked":["Streamline","Fission"],"picked":"Sweeping Beam+1","floor":42},{"not_picked":["Barrage","Chill"],"picked":"Cold Snap","floor":48},{"not_picked":["Loop","Coolheaded+1"],"picked":"Capacitor","floor":54}],"player_experience":167641,"relics_obtained":[{"floor":9,"key":"Pantograph"},{"floor":11,"key":"Lizard Tail"},{"floor":13,"key":"Ginger"},{"floor":26,"key":"Anchor"},{"floor":27,"key":"Bronze Scales"},{"floor":29,"key":"Vajra"},{"floor":31,"key":"Dream Catcher"},{"floor":34,"key":"Juzu Bracelet"},{"floor":34,"key":"Eternal Feather"},{"floor":34,"key":"StoneCalendar"},{"floor":48,"key":"Mercury Hourglass"},{"floor":54,"key":"Happy Flower"}],"event_choices":[{"damage_healed":0,"gold_gain":0,"player_choice":"Grow","damage_taken":0,"max_hp_gain":0,"max_hp_loss":0,"event_name":"Living Wall","floor":5,"gold_loss":0,"cards_upgraded":["Zap"]},{"damage_healed":0,"gold_gain":0,"player_choice":"Box","damage_taken":0,"relics_obtained":["Bag of Preparation"],"max_hp_gain":0,"max_hp_loss":0,"event_name":"Big Fish","floor":7,"gold_loss":0,"cards_obtained":["Regret"]},{"damage_healed":0,"gold_gain":0,"cards_transformed":["Strike_B","Defend_B"],"player_choice":"Became Test Subject","damage_taken":0,"max_hp_gain":0,"max_hp_loss":0,"event_name":"Drug Dealer","floor":20,"gold_loss":0,"cards_obtained":["Chill","White Noise"]},{"damage_healed":0,"gold_gain":0,"player_choice":"0 cards matched","damage_taken":0,"max_hp_gain":0,"max_hp_loss":0,"event_name":"Match and Keep!","floor":21,"gold_loss":0,"cards_obtained":[]},{"damage_healed":0,"gold_gain":0,"player_choice":"Ignored","damage_taken":0,"max_hp_gain":0,"max_hp_loss":0,"event_name":"Vampires","floor":24,"gold_loss":0},{"damage_healed":0,"gold_gain":0,"player_choice":"Memory 3","damage_taken":10,"max_hp_gain":0,"max_hp_loss":0,"event_name":"SensoryStone","floor":36,"gold_loss":0},{"damage_healed":20,"gold_gain":0,"player_choice":"Writhe","damage_taken":0,"max_hp_gain":0,"max_hp_loss":0,"event_name":"Winding Halls","floor":37,"gold_loss":0,"cards_obtained":["Writhe"]},{"damage_healed":70,"gold_gain":0,"player_choice":"Heal","damage_taken":0,"max_hp_gain":0,"max_hp_loss":10,"event_name":"The Moai Head","floor":44,"gold_loss":0},{"damage_healed":0,"gold_gain":0,"player_choice":"Paid","damage_taken":0,"relics_obtained":["Red Mask"],"max_hp_gain":0,"max_hp_loss":0,"event_name":"Tomb of Lord Red Mask","floor":46,"gold_loss":30}],"is_beta":false,"boss_relics":[{"not_picked":["Coffee Dripper","Busted Crown"],"picked":"Inserter"},{"not_picked":["Philosopher\u0027s Stone","SacredBark"],"picked":"Calling Bell"}],"items_purged_floors":[19],"is_endless":false,"potions_floor_spawned":[1,3,14,18,29,39,42,54],"ascension_level":2}}