{"host":"31q8uht4v38sth7r","time":1613643445,"event":{"mods":["BaseMod","Colored Map","Highlight Path","Minty Spire (QoL Compilation)","Permanent Neow","StSLib"],"gold_per_floor":[119,137,137,151,5,5,36,36,36,67,67,80,80,90,90,188,188,204,9,9,9],"floor_reached":20,"language":"ENG","playtime":2093,"items_purged":[],"score":273,"play_id":"8221f1d7-0942-432f-8b00-bcaa040673e4","local_time":"20210218181725","is_ascension_mode":true,"campfire_choices":[{"data":"Streamline","floor":6,"key":"SMITH"},{"data":"Reprogram","floor":8,"key":"SMITH"},{"data":"Sweeping Beam","floor":11,"key":"SMITH"},{"data":"Hologram","floor":13,"key":"SMITH"},{"floor":15,"key":"REST"}],"circlet_count":0,"master_deck":["AscendersBane","Strike_B","Strike_B","Strike_B","Strike_B","Defend_B","Defend_B","Defend_B","Zap","Dualcast","Cold Snap","Reprogram+1","Sweeping Beam+1","Streamline+1","Chill","Cold Snap","Turbo","Hologram+1","Ball Lightning","Machine Learning","Fusion+1","Self Repair"],"relics":["Cracked Core","NeowsBlessing","Pantograph","Ancient Tea Set","The Courier","Nuclear Battery","Membership Card","Tiny Chest"],"acts_visited":["Exordium","TheCity"],"potions_floor_usage":[14,15,16,20,20],"damage_taken":[{"damage":0,"enemies":"Cultist","floor":1,"turns":1},{"damage":0,"enemies":"2 Louse","floor":2,"turns":1},{"damage":0,"enemies":"Small Slimes","floor":4,"turns":1},{"damage":16,"enemies":"3 Sentries","floor":7,"turns":7},{"damage":33,"enemies":"Gremlin Nob","floor":10,"turns":4},{"damage":0,"enemies":"Looter","floor":12,"turns":2},{"damage":13,"enemies":"Gremlin Gang","floor":14,"turns":3},{"damage":37,"enemies":"The Guardian","floor":16,"turns":11},{"damage":8,"enemies":"Chosen","floor":18,"turns":4},{"damage":69,"enemies":"Masked Bandits","floor":20,"turns":5}],"seed_played":"5084097594978936872","potions_obtained":[{"floor":2,"key":"Fruit Juice"},{"floor":4,"key":"GamblersBrew"},{"floor":12,"key":"PotionOfCapacity"},{"floor":14,"key":"SmokeBomb"},{"floor":16,"key":"BlessingOfTheForge"},{"floor":18,"key":"ColorlessPotion"}],"is_trial":false,"path_per_floor":["M","M","?","M","$","R","E","R","T","E","R","M","R","M","R","B",null,"M","$","?"],"character_chosen":"DEFECT","items_purchased":["Streamline","Chill","Cold Snap","Membership Card","Tiny Chest","Self Repair"],"campfire_rested":1,"item_purchase_floors":[5,5,5,19,19,19],"current_hp_per_floor":[68,68,68,68,68,68,52,52,52,19,19,19,19,6,35,23,66,58,58,0,0],"gold":9,"neow_bonus":"THREE_ENEMY_KILL","is_daily":false,"chose_seed":false,"campfire_upgraded":4,"win_rate":0.0,"timestamp":1613643445,"path_taken":["M","M","?","?","$","R","E","R","T","E","R","M","R","M","R","BOSS","M","$","?"],"items_purchased_type":["Card","Card","Card","Relic","Relic","Card"],"build_version":"2020-12-22","purchased_purges":0,"victory":false,"max_hp_per_floor":[75,75,75,75,75,75,75,75,75,75,75,75,75,75,80,80,80,80,80,80,80],"card_choices":[{"not_picked":["Redo","Aggregate"],"picked":"Cold Snap","floor":1},{"not_picked":["Leap","Stack"],"picked":"Reprogram","floor":2},{"not_picked":["Heatsinks","Aggregate"],"picked":"Sweeping Beam","floor":4},{"not_picked":["Multi-Cast","Compile Driver"],"picked":"Turbo","floor":7},{"not_picked":["Aggregate","Gash","Sunder"],"picked":"SKIP","floor":10},{"not_picked":["Stack","Turbo"],"picked":"Hologram","floor":12},{"not_picked":["Cold Snap","Aggregate"],"picked":"Ball Lightning","floor":14},{"not_picked":["All For One","Multi-Cast"],"picked":"Machine Learning","floor":16},{"not_picked":["Undo+1","Steam Power"],"picked":"Fusion+1","floor":18}],"player_experience":995063,"relics_obtained":[{"floor":7,"key":"Pantograph"},{"floor":9,"key":"Ancient Tea Set"},{"floor":10,"key":"The Courier"}],"event_choices":[{"cards_removed":["Defend_B"],"damage_healed":0,"gold_gain":0,"player_choice":"Card Removal","damage_taken":0,"max_hp_gain":0,"max_hp_loss":0,"event_name":"Wheel of Change","floor":3,"gold_loss":0},{"damage_healed":0,"gold_gain":0,"player_choice":"Fought Bandits","damage_taken":0,"max_hp_gain":0,"max_hp_loss":0,"event_name":"Masked Bandits","floor":20,"gold_loss":0}],"is_beta":false,"boss_relics":[{"not_picked":["Busted Crown","SlaversCollar"],"picked":"Nuclear Battery"}],"items_purged_floors":[],"is_endless":false,"potions_floor_spawned":[2,4,12,14,16,18],"killed_by":"Masked Bandits","ascension_level":10}}