{"host":"pm6tps78s2qrawcb","time":1613607302,"event":{"mods":["BaseMod","BetterRewards","Colored Map","Downfall","Hubris","Infinite Spire","Mimic Mod","Minty Spire (QoL Compilation)","Reliquary","Replay The Spire","Shop Mod","StSLib"],"gold_per_floor":[118,118,118,138,138,163,163,163,163,179,179,179,193,158,158,158,158],"floor_reached":16,"language":"ENG","playtime":569,"items_purged":["Strike_R"],"score":155,"play_id":"ce78da66-c430-4d25-9674-1ba283aefbc0","local_time":"20210218001502","is_ascension_mode":true,"campfire_choices":[{"data":"infinitespire:OneForAll","floor":7,"key":"SMITH"},{"floor":11,"key":"REST"},{"data":"infinitespire:OneForAll","floor":15,"key":"SMITH"}],"circlet_count":0,"master_deck":["Strike_R","Strike_R","Strike_R","Defend_R","Defend_R","Defend_R","Defend_R","Bash","Inflame","Offering+1","infinitespire:OneForAll+1","infinitespire:OneForAll+1","Exhume"],"relics":["Burning Blood","Prayer Wheel","reliquary:NewFriend","MerchantsRug","hubris:64BitClover","hubris:Towel","reliquary:PartyBalloon","hubris:Icosahedron","The Courier","Juzu Bracelet"],"acts_visited":["Exordium"],"potions_floor_usage":[6,13],"damage_taken":[{"damage":4,"enemies":"Small Slimes","floor":1,"turns":3},{"damage":7,"enemies":"Jaw Worm","floor":4,"turns":3},{"damage":44,"enemies":"3 Sentries","floor":6,"turns":7},{"damage":0,"enemies":"2 Louse","floor":10,"turns":3},{"damage":26,"enemies":"Gremlin Gang","floor":13,"turns":7},{"damage":51,"enemies":"The Guardian","floor":16,"turns":9}],"seed_played":"-720608924481881542","potions_obtained":[{"floor":4,"key":"Slimebound:ThreeZeroPotion"},{"floor":10,"key":"Energy Potion"}],"is_trial":false,"path_per_floor":["M","?","?","M","?","E","R","?","T","M","R","T","M","?","R","B"],"character_chosen":"IRONCLAD","items_purchased":["reliquary:NewFriend","MerchantsRug"],"campfire_rested":1,"item_purchase_floors":[0,0],"current_hp_per_floor":[49,54,54,53,53,15,15,15,15,21,46,46,26,47,47,0,0],"gold":158,"neow_bonus":"","is_daily":false,"chose_seed":false,"campfire_upgraded":2,"win_rate":0.0,"timestamp":1613607302,"path_taken":["M","?","?","M","?","E","R","?","T","M","R","?","M","?","R","BOSS"],"items_purchased_type":["Relic","Relic"],"build_version":"2020-12-22","purchased_purges":1,"victory":false,"max_hp_per_floor":[80,85,85,85,85,85,85,85,85,85,85,85,85,85,85,85,85],"card_choices":[{"not_picked":["infinitespire:OneForAll","Dark Embrace","Wild Strike"],"picked":"SKIP","floor":1},{"not_picked":["Thunderclap","Sever Soul","Heavy Blade"],"picked":"SKIP","floor":1},{"not_picked":["Iron Wave","Dark Embrace","Armaments"],"picked":"SKIP","floor":4},{"not_picked":["Anger","Power Through","Infernal Blade"],"picked":"SKIP","floor":4},{"not_picked":["ReplayTheSpireMod:Corrosion Curse","ReplayTheSpireMod:LeadingStrike"],"picked":"infinitespire:OneForAll","floor":6},{"not_picked":["Havoc","Twin Strike"],"picked":"infinitespire:OneForAll","floor":10},{"not_picked":["Sword Boomerang","Uppercut","Perfected Strike"],"picked":"SKIP","floor":10},{"not_picked":["hubris:ReadiedAction","Abandon"],"picked":"Exhume","floor":13},{"not_picked":["Perfected Strike","Disarm","Sever Soul"],"picked":"SKIP","floor":13}],"player_experience":313838,"relics_obtained":[{"floor":6,"key":"reliquary:PartyBalloon"},{"floor":9,"key":"The Courier"},{"floor":12,"key":"Juzu Bracelet"}],"event_choices":[{"damage_healed":0,"gold_gain":0,"player_choice":"Donut","damage_taken":0,"max_hp_gain":5,"max_hp_loss":0,"event_name":"Big Fish","floor":2,"gold_loss":0},{"damage_healed":21,"gold_gain":0,"player_choice":"Healed","damage_taken":0,"max_hp_gain":0,"max_hp_loss":0,"event_name":"The Cleric","floor":14,"gold_loss":35}],"is_beta":false,"boss_relics":[],"items_purged_floors":[0],"is_endless":false,"potions_floor_spawned":[4,10],"killed_by":"The Guardian","ascension_level":1}}