{"host":"21daswlctsv3qaxk","time":1613669184,"event":{"mods":["BaseMod","Downfall","Minty Spire (QoL Compilation)","Replay The Spire","StSLib","The Cursed","The Servant 0.9.4"],"gold_per_floor":[116,116,391,408,423,423,457,457,506,537,537,30,47,60,60,159,159,177,231,411,430,444,475,494,528,528,542,542,542],"floor_reached":28,"language":"ENG","playtime":1993,"items_purged":["Regret"],"score":320,"play_id":"9694d178-b255-4596-8009-fe669a2fcf02","local_time":"20210218182624","is_ascension_mode":false,"campfire_choices":[{"floor":6.0,"key":"RECALL"},{"data":"Solidify","floor":8.0,"key":"SMITH"},{"floor":15.0,"key":"REST"}],"circlet_count":0,"master_deck":["Strike_S+1","Strike_S","Strike_S+1","Defend_S","Defend_S","Defend_S+1","KidneyShot","Exchange","SurpressingFire+1","Defy","GearUp","Solidify+1","Snipe","Solidify","Ricochet","SilverBlades+1","KillingDoll","CurseOfTheBell","Rearm+1","Impatience","Sunlight","Rearm","FanOfKnives"],"relics":["Uniform","NeowsBlessing","Centennial Puzzle","ReplayTheSpireMod:TigerMarble","Membership Card","White Beast Statue","Bottled Tornado","Calling Bell","Bronze Scales","Replay:Bottled Eggs","ReplayTheSpireMod:Shallot","War Paint","Whetstone","InkBottle"],"acts_visited":["Exordium","TheCity"],"potions_floor_usage":[21,22,22,23,24,25,25,27,28],"damage_taken":[{"damage":0.0,"enemies":"2 Louse","floor":1.0,"turns":1.0},{"damage":0.0,"enemies":"Small Slimes","floor":4.0,"turns":1.0},{"damage":0.0,"enemies":"Cultist","floor":5.0,"turns":1.0},{"damage":24.0,"enemies":"Lagavulin","floor":7.0,"turns":12.0},{"damage":11.0,"enemies":"3 Sentries","floor":10.0,"turns":9.0},{"damage":2.0,"enemies":"2 Fungi Beasts","floor":13.0,"turns":2.0},{"damage":11.0,"enemies":"Exordium Thugs","floor":14.0,"turns":3.0},{"damage":0.0,"enemies":"The Guardian","floor":16.0,"turns":17.0},{"damage":0,"enemies":"Spheric Guardian","floor":18,"turns":4},{"damage":3,"enemies":"3 Byrds","floor":21,"turns":3},{"damage":6,"enemies":"Snake Plant","floor":22,"turns":3},{"damage":9,"enemies":"Gremlin Leader","floor":23,"turns":3},{"damage":0,"enemies":"Centurion and Healer","floor":24,"turns":3},{"damage":9,"enemies":"Slavers","floor":25,"turns":3},{"damage":0,"enemies":"Cultist and Chosen","floor":27,"turns":5},{"damage":15,"enemies":"Sentry and Sphere","floor":28,"turns":4}],"seed_played":"4163835546549419093","potions_obtained":[{"floor":4.0,"key":"Fire Potion"},{"floor":5.0,"key":"Elixir"},{"floor":10.0,"key":"Languid Potion"},{"floor":13.0,"key":"Strength Potion"},{"floor":14.0,"key":"Ancient Potion"},{"floor":16.0,"key":"Milkshake"},{"floor":18,"key":"SpeedPotion"},{"floor":21,"key":"Swift Potion"},{"floor":22,"key":"Dexterity Potion"},{"floor":23,"key":"DistilledChaos"},{"floor":24,"key":"SpeedPotion"},{"floor":25,"key":"PowerPotion"},{"floor":27,"key":"Explosive Potion"}],"is_trial":false,"path_per_floor":["M","?","?","M","M","R","E","R","T","E","?","$","M","M","R","B",null,"M","?","?","M","M","E","M","E","T","M","M"],"character_chosen":"THE_SERVANT","items_purchased":["Membership Card","White Beast Statue","Bottled Tornado","Ricochet"],"campfire_rested":1,"item_purchase_floors":[12,12,12,12],"current_hp_per_floor":[65,65,65,65,65,65,41,41,41,30,30,30,28,17,36,36,65,65,65,40,37,31,22,22,13,13,13,0,0],"gold":542,"neow_bonus":"THREE_ENEMY_KILL","is_daily":false,"chose_seed":false,"campfire_upgraded":1,"win_rate":0.0,"timestamp":1613669184,"path_taken":["M","?","?","M","?","R","E","R","T","E","?","$","M","M","R","BOSS","M","?","?","M","?","E","M","E","T","M","M"],"items_purchased_type":["Relic","Relic","Relic","Card"],"build_version":"2020-12-22","purchased_purges":1,"victory":false,"max_hp_per_floor":[65,65,65,65,65,65,65,65,65,65,65,65,65,65,65,65,65,65,65,65,65,65,65,65,65,65,65,65,65],"card_choices":[{"not_picked":["Defy","Alleviate","Rewind"],"picked":"SKIP","floor":1.0},{"not_picked":["ShatteredReality","Rewind"],"picked":"Defy","floor":4.0},{"not_picked":["Desolation","FastForward"],"picked":"GearUp","floor":5.0},{"not_picked":["Unruled","Defy"],"picked":"Solidify","floor":7.0},{"not_picked":["ShatteredReality","StarChef"],"picked":"Snipe","floor":10.0},{"not_picked":["Unruled","Reset"],"picked":"SilverBlades","floor":13.0},{"not_picked":["FastForward","Comet","TimeWarp"],"picked":"SKIP","floor":14.0},{"not_picked":["Solidify","Duplication"],"picked":"KillingDoll","floor":16.0},{"not_picked":["Contraction","Starlight"],"picked":"Rearm","floor":18},{"not_picked":["Barrier+1","Contraction"],"picked":"Sunlight","floor":21},{"not_picked":["DoubleEdge","TimeWarp"],"picked":"Rearm","floor":22},{"not_picked":["ShatteredReality+1","Potential"],"picked":"FanOfKnives","floor":23},{"not_picked":["DoubleEdge","Rewind","Duplication"],"picked":"SKIP","floor":24},{"not_picked":["FanOfKnives","Read","Alleviate"],"picked":"SKIP","floor":25},{"not_picked":["FastForward","Rewind+1","Defy"],"picked":"SKIP","floor":27}],"player_experience":205876,"relics_obtained":[{"floor":7.0,"key":"Centennial Puzzle"},{"floor":10.0,"key":"ReplayTheSpireMod:TigerMarble"},{"floor":17.0,"key":"Bronze Scales"},{"floor":17.0,"key":"Replay:Bottled Eggs"},{"floor":19,"key":"ReplayTheSpireMod:Shallot"},{"floor":23,"key":"War Paint"},{"floor":25,"key":"Whetstone"},{"floor":26,"key":"InkBottle"}],"event_choices":[{"damage_healed":0.0,"max_hp_gain":0.0,"max_hp_loss":0.0,"gold_gain":275.0,"event_name":"Golden Shrine","player_choice":"Desecrate","floor":3.0,"gold_loss":0.0,"damage_taken":0.0,"cards_obtained":["Regret"]},{"damage_healed":0.0,"max_hp_gain":0.0,"max_hp_loss":0.0,"gold_gain":0.0,"cards_transformed":["Strike_S"],"event_name":"Transmorgrifier","player_choice":"Transformed","floor":11.0,"gold_loss":0.0,"damage_taken":0.0,"cards_obtained":["Solidify"]},{"damage_healed":0,"gold_gain":180,"player_choice":"CARD GOLD GOLD ","damage_taken":25,"max_hp_gain":0,"max_hp_loss":0,"event_name":"Knowing Skull","floor":20,"potions_obtained":[],"gold_loss":0,"cards_obtained":["Impatience"]}],"is_beta":false,"boss_relics":[{"not_picked":["Empty Cage","Replay:Wanted Poster"],"picked":"Calling Bell"}],"items_purged_floors":[12],"is_endless":false,"potions_floor_spawned":[4,5,10,13,14,16,18,21,22,23,24,25,27],"killed_by":"Sentry and Sphere","ascension_level":0}}