{"host":"g3js2eermvvpeiqn","time":1613654451,"event":{"mods":["BaseMod","DeckTracker","Downfall","Minty Spire (QoL Compilation)","Quick Restart","StSLib"],"gold_per_floor":[111,121,132,132,26,53,53,67,117,132,158,158,308,44,44,44,44],"floor_reached":16,"language":"ENG","playtime":1160,"items_purged":["Doubt"],"score":220,"play_id":"4feef1b8-849b-4d67-8bae-f45c3eb73de7","local_time":"20210218072051","is_ascension_mode":true,"campfire_choices":[{"data":"Inflame","floor":7,"key":"SMITH"},{"data":"1","floor":12,"key":"LIFT"},{"floor":15,"key":"REST"}],"circlet_count":0,"master_deck":["AscendersBane","Strike_R","Strike_R","Strike_R","Strike_R","Defend_R","Defend_R","Defend_R","Defend_R","Bash","Double Tap","Anger","Twin Strike","Inflame+1","Power Through","Pummel","Uppercut"],"relics":["Burning Blood","Singing Bowl","Guardian:PocketSentry","Smiling Mask","Girya","Bronze Scales"],"acts_visited":["Exordium"],"potions_floor_usage":[16],"damage_taken":[{"damage":4,"enemies":"Small Slimes","floor":1,"turns":4},{"damage":1,"enemies":"Cultist","floor":2,"turns":3},{"damage":9,"enemies":"Jaw Worm","floor":3,"turns":3},{"damage":57,"enemies":"3 Sentries","floor":6,"turns":10},{"damage":6,"enemies":"Blue Slaver","floor":8,"turns":2},{"damage":4,"enemies":"Looter","floor":10,"turns":3},{"damage":15,"enemies":"Lagavulin","floor":11,"turns":5},{"damage":44,"enemies":"The Guardian","floor":16,"turns":8}],"seed_played":"6498745225384441524","potions_obtained":[{"floor":6,"key":"SpeedPotion"},{"floor":8,"key":"Ancient Potion"}],"is_trial":false,"path_per_floor":["M","M","M","?","?","E","R","M","T","M","E","R","?","$","R","B"],"character_chosen":"IRONCLAD","items_purchased":["Uppercut","Bronze Scales"],"campfire_rested":1,"item_purchase_floors":[14,14],"current_hp_per_floor":[70,75,72,72,72,21,21,23,23,25,16,16,16,16,39,0,0],"gold":44,"neow_bonus":"ONE_RANDOM_RARE_CARD","is_daily":false,"chose_seed":false,"campfire_upgraded":1,"win_rate":0.0,"timestamp":1613654451,"path_taken":["M","M","M","?","?","E","R","M","T","?","E","R","?","$","R","BOSS"],"items_purchased_type":["Card","Relic"],"build_version":"2020-12-22","purchased_purges":1,"victory":false,"max_hp_per_floor":[75,75,75,75,75,75,75,77,77,77,77,77,77,77,77,77,77],"card_choices":[{"not_picked":["Iron Wave","Sentinel"],"picked":"Anger","floor":1},{"not_picked":["Thunderclap","Flex"],"picked":"Twin Strike","floor":2},{"not_picked":["Clash","Dropkick","Armaments"],"picked":"SKIP","floor":3},{"not_picked":["Warcry","Flame Barrier"],"picked":"Inflame","floor":6},{"not_picked":["Heavy Blade","Wild Strike","Thunderclap"],"picked":"Singing Bowl","floor":8},{"not_picked":["Armaments","Wild Strike"],"picked":"Power Through","floor":10},{"not_picked":["Twin Strike","Rage"],"picked":"Pummel","floor":11}],"player_experience":1474170,"relics_obtained":[{"floor":6,"key":"Guardian:PocketSentry"},{"floor":9,"key":"Smiling Mask"},{"floor":11,"key":"Girya"}],"event_choices":[{"cards_removed":["Strike_R"],"damage_healed":0,"gold_gain":0,"player_choice":"Forget","damage_taken":0,"max_hp_gain":0,"max_hp_loss":0,"event_name":"Living Wall","floor":4,"gold_loss":0},{"damage_healed":0,"gold_gain":0,"player_choice":"Paid Gold","damage_taken":0,"relics_obtained":["Singing Bowl"],"max_hp_gain":0,"max_hp_loss":0,"event_name":"WeMeetAgain","floor":5,"gold_loss":106},{"damage_healed":0,"gold_gain":150,"player_choice":"AGREE","damage_taken":0,"max_hp_gain":0,"max_hp_loss":0,"event_name":"Liars Game","floor":13,"gold_loss":0,"cards_obtained":["Doubt"]}],"is_beta":false,"boss_relics":[],"items_purged_floors":[14],"is_endless":false,"potions_floor_spawned":[6,8],"killed_by":"The Guardian","ascension_level":20}}