{"host":"o5tjqk3pv43rrbqu","time":1613611247,"event":{"mods":["Aspiration","BaseMod","Hubris","Infinite Spire","Minty Spire (QoL Compilation)","Quick Restart","Relic Stats","Replay The Spire","Shop Mod","StSLib"],"gold_per_floor":[110,126,126,145,145,145,165,165,165,195,195,43,59,71,71,176,176,189,48,58,58,70,70,345,345,370,370,405,417,417],"floor_reached":29,"language":"ENG","playtime":27296,"items_purged":["Bash"],"score":255,"play_id":"fc8c159d-2b21-42a1-8b27-29ce95ee85f1","local_time":"20210217192047","is_ascension_mode":true,"campfire_choices":[{"data":"Demon Form","floor":6,"key":"SMITH"},{"floor":8,"key":"REST"},{"data":"ReplayTheSpireMod:Muscle Training","floor":15,"key":"SMITH"},{"floor":23,"key":"REST"},{"floor":25,"key":"REST"},{"data":"Iron Wave","floor":27,"key":"SMITH"}],"circlet_count":0,"master_deck":["Strike_R","Strike_R","Strike_R","Strike_R","Strike_R","Defend_R+1","Defend_R","Defend_R","Defend_R+1","Replay:Undeath\u0027s Touch","ReplayTheSpireMod:Limb From Limb+1","Demon Form+1","ReplayTheSpireMod:Muscle Training+1","Iron Wave","Iron Wave+1","Regret"],"relics":["Burning Blood","Orichalcum","Black Star","MerchantsRug","Replay:Bottled Flurry","Replay:Mystery Machine","hubris:FunFungus","MawBank"],"acts_visited":["Exordium","TheCity"],"potions_floor_usage":[10,18,20,22,29,29],"damage_taken":[{"damage":1,"enemies":"Cultist","floor":1,"turns":3},{"damage":5,"enemies":"2 Louse","floor":2,"turns":2},{"damage":14,"enemies":"Small Slimes","floor":4,"turns":5},{"damage":6,"enemies":"Exordium Thugs","floor":7,"turns":4},{"damage":15,"enemies":"3 Sentries","floor":10,"turns":5},{"damage":1,"enemies":"Blue Slaver","floor":13,"turns":4},{"damage":6,"enemies":"Red Slaver","floor":14,"turns":4},{"damage":30,"enemies":"Fading Forest","floor":16,"turns":11},{"damage":18,"enemies":"Spheric Guardian","floor":18,"turns":5},{"damage":25,"enemies":"3 Byrds","floor":20,"turns":7},{"damage":30,"enemies":"3 Cultists","floor":22,"turns":6},{"damage":52,"enemies":"Nightmare","floor":28,"turns":9},{"damage":28,"enemies":"Shelled Parasite and Fungi","floor":29,"turns":6}],"seed_played":"7577351734857557898","potions_obtained":[{"floor":2,"key":"DuplicationPotion"},{"floor":13,"key":"Fire Potion"},{"floor":14,"key":"Dexterity Potion"},{"floor":16,"key":"AttackPotion"},{"floor":18,"key":"Swift Potion"},{"floor":28,"key":"Dexterity Potion"}],"is_trial":true,"path_per_floor":["M","M","?","M","?","R","M","R","T","E","?","$","M","M","R","B",null,"M","$","M","T","M","R","?","R","T","R","NM","M"],"character_chosen":"IRONCLAD","items_purchased":["ReplayTheSpireMod:Muscle Training","MerchantsRug"],"campfire_rested":3,"item_purchase_floors":[12,19],"current_hp_per_floor":[80,80,80,72,72,72,72,80,80,71,71,71,76,76,76,52,80,68,68,49,49,25,49,49,73,73,73,27,0,0],"gold":417,"neow_bonus":"","is_daily":false,"chose_seed":false,"campfire_upgraded":3,"win_rate":0.0,"timestamp":1613611247,"path_taken":["M","?","?","M","?","R","?","R","T","E","?","$","M","M","R","BOSS","M","$","M","?","M","R","?","R","T","R","NM","M"],"items_purchased_type":["Card","Relic"],"build_version":"2020-12-22","purchased_purges":1,"victory":false,"max_hp_per_floor":[80,80,80,80,80,80,80,80,80,80,80,80,80,80,80,80,80,80,80,80,80,80,80,80,80,80,80,80,80,80],"relic_stats":{"counters":[13,71],"Black Star":1,"Orichalcum":[156],"MawBank":12,"obtain_stats":[{"MerchantsRug":19,"hubris:FunFungus":28,"Black Star":17,"Replay:Bottled Flurry":21,"Orichalcum":9,"War Paint":10,"Replay:Mystery Machine":26,"MawBank":28,"Burning Blood":0},{"MerchantsRug":9,"hubris:FunFungus":12,"Black Star":8,"Replay:Bottled Flurry":10,"Orichalcum":4,"War Paint":5,"Replay:Mystery Machine":11,"MawBank":12,"Burning Blood":0},{"MerchantsRug":43,"hubris:FunFungus":65,"Black Star":38,"Replay:Bottled Flurry":50,"Orichalcum":14,"War Paint":19,"Replay:Mystery Machine":56,"MawBank":65,"Burning Blood":0}],"Burning Blood":66},"card_choices":[{"not_picked":["Flame Barrier","Body Slam"],"picked":"Replay:Undeath\u0027s Touch","floor":1},{"not_picked":["Twin Strike","Clash"],"picked":"ReplayTheSpireMod:Limb From Limb","floor":2},{"not_picked":["Intimidate","Clothesline","Thunderclap"],"picked":"SKIP","floor":4},{"not_picked":["Brutality","Feel No Pain","Clothesline"],"picked":"SKIP","floor":7},{"not_picked":["Perfected Strike","Run Through","Headbutt"],"picked":"SKIP","floor":10},{"not_picked":["Headbutt","Uppercut","Twin Strike"],"picked":"SKIP","floor":13},{"not_picked":["Anger","Armaments","Rampage"],"picked":"SKIP","floor":14},{"not_picked":["Iron Wave","Run Through","Bloodletting"],"picked":"SKIP","floor":18},{"not_picked":["Replay:Undeath\u0027s Touch","Cleave"],"picked":"Iron Wave","floor":20},{"not_picked":["Havoc+1","Wild Strike"],"picked":"Iron Wave","floor":22},{"not_picked":["Life Link","Second Wind","ReplayTheSpireMod:Strike From Hell"],"picked":"SKIP","floor":28}],"player_experience":386747,"relics_obtained":[{"floor":9,"key":"Orichalcum"},{"floor":10,"key":"War Paint"},{"floor":21,"key":"Replay:Bottled Flurry"},{"floor":26,"key":"Replay:Mystery Machine"},{"floor":28,"key":"hubris:FunFungus"},{"floor":28,"key":"MawBank"}],"event_choices":[{"damage_healed":0,"gold_gain":0,"player_choice":"Upgraded","damage_taken":0,"max_hp_gain":0,"max_hp_loss":0,"event_name":"Upgrade Shrine","floor":5,"gold_loss":0,"cards_upgraded":["ReplayTheSpireMod:Limb From Limb"]},{"damage_healed":0,"gold_gain":0,"player_choice":"0 cards matched","damage_taken":0,"max_hp_gain":0,"max_hp_loss":0,"event_name":"Match and Keep!","floor":11,"gold_loss":0,"cards_obtained":[]},{"damage_healed":0,"gold_gain":275,"player_choice":"Desecrate","damage_taken":0,"max_hp_gain":0,"max_hp_loss":0,"event_name":"Golden Shrine","floor":24,"gold_loss":0,"cards_obtained":["Regret"]}],"is_beta":false,"boss_relics":[{"not_picked":["Painkiller Herb","Replay:Wanted Poster"],"picked":"Black Star"}],"items_purged_floors":[12],"is_endless":false,"potions_floor_spawned":[2,13,14,16,18,28],"killed_by":"Shelled Parasite and Fungi","ascension_level":1}}