{"host":"jqkewjmybebgw3gd","time":1613658127,"event":{"mods":["AchievementEnabler","BaseMod","Colored Map","DeckTracker","Keyboard Shortcuts","Minty Spire (QoL Compilation)","StSLib","SuperFastMode"],"gold_per_floor":[115,133,133,152,152,177,22,22,22,22,50,50,84,111,111,212,212,225,225,225,225,236,269,269,298,323,323,272,272,307,318,318,413,413,432,432,432,481,481,481,481,509,534,559,559,577,612,627,627,627,627,627,249,291,291],"floor_reached":56,"language":"KOR","playtime":1880,"items_purged":[],"score":1959,"play_id":"9b7f94e6-40b2-49b6-a697-c02bd6401904","local_time":"20210218232207","is_ascension_mode":true,"campfire_choices":[{"floor":8.0,"key":"RECALL"},{"floor":10.0,"key":"REST"},{"floor":15.0,"key":"REST"},{"floor":24.0,"key":"REST"},{"floor":27.0,"key":"REST"},{"floor":29.0,"key":"REST"},{"floor":32.0,"key":"REST"},{"data":"1","floor":40.0,"key":"LIFT"},{"data":"2","floor":49.0,"key":"LIFT"},{"data":"3","floor":52.0,"key":"LIFT"}],"circlet_count":0,"master_deck":["Adaptation+1","MentalFortress+1","FearNoEvil+1","Tantrum+1","Halt+1","Dark Shackles","MentalFortress+1"],"relics":["PureWater","CaptainsWheel","Juzu Bracelet","WingedGreaves","Blood Vial","Ice Cream","Bag of Preparation","VioletLotus","MutagenicStrength","StrikeDummy","Strawberry","Vajra","Philosopher\u0027s Stone","Girya","Damaru","CeramicFish","MealTicket","Dream Catcher","Anchor","Pen Nib","Centennial Puzzle"],"acts_visited":["TheCity","TheBeyond","TheEnding"],"potions_floor_usage":[55,55,55],"damage_taken":[{"damage":0.0,"enemies":"Small Slimes","floor":1.0,"turns":1.0},{"damage":0.0,"enemies":"Jaw Worm","floor":2.0,"turns":1.0},{"damage":0.0,"enemies":"2 Louse","floor":4.0,"turns":1.0},{"damage":0.0,"enemies":"Gremlin Nob","floor":6.0,"turns":2.0},{"damage":0.0,"enemies":"Lagavulin","floor":11.0,"turns":2.0},{"damage":0.0,"enemies":"3 Sentries","floor":13.0,"turns":2.0},{"damage":0.0,"enemies":"Lagavulin","floor":14.0,"turns":2.0},{"damage":0.0,"enemies":"Slime Boss","floor":16.0,"turns":4.0},{"damage":0.0,"enemies":"Shell Parasite","floor":18.0,"turns":1.0},{"damage":0.0,"enemies":"Spheric Guardian","floor":22.0,"turns":1.0},{"damage":0.0,"enemies":"Slavers","floor":23.0,"turns":1.0},{"damage":0.0,"enemies":"Book of Stabbing","floor":25.0,"turns":1.0},{"damage":0.0,"enemies":"Slavers","floor":30.0,"turns":1.0},{"damage":0.0,"enemies":"3 Cultists","floor":31.0,"turns":2.0},{"damage":0.0,"enemies":"Collector","floor":33.0,"turns":2.0},{"damage":0.0,"enemies":"Orb Walker","floor":35.0,"turns":1.0},{"damage":0.0,"enemies":"2 Orb Walkers","floor":38.0,"turns":1.0},{"damage":0.0,"enemies":"Nemesis","floor":42.0,"turns":1.0},{"damage":0.0,"enemies":"Giant Head","floor":44.0,"turns":1.0},{"damage":0.0,"enemies":"3 Darklings","floor":46.0,"turns":1.0},{"damage":0.0,"enemies":"Reptomancer","floor":47.0,"turns":1.0},{"damage":0.0,"enemies":"Maw","floor":48.0,"turns":2.0},{"damage":0.0,"enemies":"Awakened One","floor":50.0,"turns":2.0},{"damage":0.0,"enemies":"Shield and Spear","floor":54.0,"turns":1.0},{"damage":42,"enemies":"The Heart","floor":55,"turns":6}],"seed_played":"-3257923037355030199","potions_obtained":[{"floor":0.0,"key":"Explosive Potion"},{"floor":0.0,"key":"Regen Potion"},{"floor":0.0,"key":"Swift Potion"},{"floor":35.0,"key":"StancePotion"},{"floor":44.0,"key":"AttackPotion"}],"is_trial":false,"path_per_floor":["M","M","$","M","?","E","$","R","T","R","E","?","E","E","R","B",null,"M","?","?","?","M","E","R","E","T","R","$","R","E","M","R","B",null,"M","$","?","?","?","R","?","E","T","E","?","M","E","M","R","B",null,"R","$","E","B",null],"character_chosen":"WATCHER","items_purchased":["Juzu Bracelet","Block Potion","Anchor","Pen Nib","Dark Shackles"],"campfire_rested":6,"item_purchase_floors":[7,28,53,53,53],"current_hp_per_floor":[72,72,72,72,77,77,77,77,77,77,77,77,77,77,77,77,77,77,77,77,77,77,77,77,84,84,84,84,84,84,84,84,84,84,84,84,80,80,80,80,80,80,80,80,80,80,80,80,80,80,80,80,80,80,38],"gold":291,"neow_bonus":"THREE_SMALL_POTIONS","is_daily":false,"chose_seed":false,"campfire_upgraded":0,"win_rate":0.0,"timestamp":1613658127,"path_taken":["M","M","$","M","?","E","$","R","T","R","E","?","E","E","R","BOSS","M","?","?","?","M","E","R","E","T","R","$","R","E","M","R","BOSS","M","$","?","?","?","R","?","E","T","E","?","M","E","M","R","BOSS","R","$","E","BOSS"],"items_purchased_type":["Relic","Potion","Relic","Relic","Card"],"build_version":"2020-12-22","purchased_purges":0,"victory":true,"max_hp_per_floor":[72,72,72,72,77,77,77,77,77,77,77,77,77,77,77,77,77,77,77,77,77,77,77,77,84,84,84,84,84,84,84,84,84,84,84,84,80,80,80,80,80,80,80,80,80,80,80,80,80,80,80,80,80,80,80],"card_choices":[{"not_picked":["EmptyBody","Sanctity","ReachHeaven"],"picked":"SKIP","floor":1.0},{"not_picked":["SignatureMove","Pray","Collect"],"picked":"SKIP","floor":2.0},{"not_picked":["ReachHeaven","PathToVictory","ThirdEye"],"picked":"SKIP","floor":4.0},{"not_picked":["WheelKick","CarveReality","FearNoEvil"],"picked":"SKIP","floor":6.0},{"not_picked":["ThirdEye","BowlingBash","Prostrate"],"picked":"SKIP","floor":11.0},{"not_picked":["Crescendo","Scrawl","MentalFortress"],"picked":"SKIP","floor":13.0},{"not_picked":["ThirdEye","JustLucky","SandsOfTime"],"picked":"SKIP","floor":14.0},{"not_picked":["SashWhip","EmptyBody"],"picked":"Halt+1","floor":18.0},{"not_picked":["ThirdEye","Prostrate","CutThroughFate"],"picked":"SKIP","floor":22.0},{"not_picked":["Protect","WindmillStrike","Fasting2+1"],"picked":"SKIP","floor":23.0},{"not_picked":["ClearTheMind","PathToVictory","Worship"],"picked":"SKIP","floor":25.0},{"not_picked":["ThirdEye","Adaptation","Perseverance"],"picked":"SKIP","floor":30.0},{"not_picked":["ForeignInfluence","Evaluate","FearNoEvil"],"picked":"SKIP","floor":31.0},{"not_picked":["FlyingSleeves+1","WaveOfTheHand","SashWhip"],"picked":"SKIP","floor":35.0},{"not_picked":["Brilliance","FollowUp","BowlingBash"],"picked":"SKIP","floor":42.0},{"not_picked":["CrushJoints","Consecrate","Weave"],"picked":"SKIP","floor":44.0},{"not_picked":["Wallop","ClearTheMind","Weave+1"],"picked":"SKIP","floor":46.0},{"not_picked":["BowlingBash+1","FlurryOfBlows","EmptyBody"],"picked":"SKIP","floor":47.0},{"not_picked":["Wireheading","JustLucky","Evaluate+1"],"picked":"SKIP","floor":48.0},{"not_picked":["EmptyBody","InnerPeace"],"picked":"MentalFortress+1","floor":54.0}],"player_experience":561768,"relics_obtained":[{"floor":6.0,"key":"CaptainsWheel"},{"floor":9.0,"key":"WingedGreaves"},{"floor":11.0,"key":"Blood Vial"},{"floor":13.0,"key":"Ice Cream"},{"floor":14.0,"key":"Bag of Preparation"},{"floor":23.0,"key":"StrikeDummy"},{"floor":25.0,"key":"Strawberry"},{"floor":30.0,"key":"Vajra"},{"floor":38.0,"key":"Girya"},{"floor":42.0,"key":"Damaru"},{"floor":43.0,"key":"CeramicFish"},{"floor":44.0,"key":"MealTicket"},{"floor":47.0,"key":"Dream Catcher"},{"floor":54.0,"key":"Centennial Puzzle"}],"event_choices":[{"damage_healed":0.0,"max_hp_gain":5.0,"max_hp_loss":0.0,"gold_gain":0.0,"event_name":"Big Fish","player_choice":"Donut","floor":5.0,"gold_loss":0.0,"damage_taken":0.0},{"damage_healed":0.0,"max_hp_gain":0.0,"max_hp_loss":0.0,"gold_gain":0.0,"event_name":"Shining Light","player_choice":"Ignored","floor":12.0,"gold_loss":0.0,"damage_taken":0.0},{"damage_healed":0.0,"max_hp_gain":0.0,"max_hp_loss":0.0,"gold_gain":0.0,"event_name":"Ghosts","player_choice":"Ignored","floor":19.0,"gold_loss":0.0,"damage_taken":0.0},{"damage_healed":0.0,"max_hp_gain":0.0,"max_hp_loss":0.0,"gold_gain":0.0,"event_name":"The Mausoleum","player_choice":"Ignored","floor":20.0,"gold_loss":0.0,"damage_taken":0.0},{"damage_healed":0.0,"max_hp_gain":0.0,"max_hp_loss":0.0,"gold_gain":0.0,"event_name":"Drug Dealer","player_choice":"Inject Mutagens","floor":21.0,"gold_loss":0.0,"damage_taken":0.0,"relics_obtained":["MutagenicStrength"]},{"damage_healed":0.0,"max_hp_gain":0.0,"max_hp_loss":4.0,"gold_gain":0.0,"event_name":"Winding Halls","player_choice":"Max HP","floor":37.0,"gold_loss":0.0,"damage_taken":0.0},{"damage_healed":0.0,"max_hp_gain":0.0,"max_hp_loss":0.0,"gold_gain":0.0,"event_name":"Mysterious Sphere","player_choice":"Fight","floor":38.0,"gold_loss":0.0,"damage_taken":0.0},{"damage_healed":0.0,"max_hp_gain":0.0,"max_hp_loss":0.0,"gold_gain":0.0,"event_name":"Transmorgrifier","player_choice":"Ignored","floor":39.0,"gold_loss":0.0,"damage_taken":0.0},{"damage_healed":0.0,"max_hp_gain":0.0,"max_hp_loss":0.0,"gold_gain":0.0,"event_name":"SensoryStone","player_choice":"Memory 1","floor":41.0,"gold_loss":0.0,"damage_taken":0.0},{"damage_healed":0.0,"max_hp_gain":0.0,"max_hp_loss":0.0,"gold_gain":0.0,"event_name":"Lab","player_choice":"Got Potions","floor":45.0,"gold_loss":0.0,"damage_taken":0.0}],"is_beta":false,"boss_relics":[{"not_picked":["Snecko Eye","Astrolabe"],"picked":"VioletLotus"},{"not_picked":["Calling Bell","Pandora\u0027s Box"],"picked":"Philosopher\u0027s Stone"}],"items_purged_floors":[],"is_endless":false,"potions_floor_spawned":[1,2,6,13,18,25,33,35,44,48],"ascension_level":2}}