{"host":"md5cvv9kqfkr27d4","time":1613633262,"event":{"mods":["Act Like it!","BaseMod","Colored Map","Colored Powertips","Hallownest","Minty Spire (QoL Compilation)","StSLib","The Bug Knight"],"gold_per_floor":[109,109,109,109,120,151,151,176,176,101,42,42,69,34,34,34,34],"floor_reached":16,"language":"ZHS","playtime":1285,"items_purged":["HollowMod:NailStrikeStart"],"score":139,"play_id":"c26ca825-6de6-4e66-a118-8f1ac886b889","local_time":"20210218152742","is_ascension_mode":false,"campfire_choices":[{"floor":7,"key":"RECALL"},{"floor":15,"key":"REST"}],"circlet_count":1,"master_deck":["HollowMod:NailStrikeStart","HollowMod:NailStrikeStart","HollowMod:QuickDashStart","HollowMod:QuickDashStart","HollowMod:QuickDashStart","HollowMod:FocusHealStart","HollowMod:PogoStrike","HollowMod:ShadowDash","HollowMod:ShadowDash","HollowMod:SharpenedShadows+1","HollowMod:ShadowDash","HollowMod:WraithStrike","HollowMod:MonarchWings"],"relics":["HollowMod:VesselMask","NeowsBlessing","Hallownest:DreamNailRelic","Hallownest:TeacherSealRelic","Frozen Egg 2","Dream Catcher","Hallownest:BankAccountRelic","Circlet","Matryoshka"],"acts_visited":["Exordium"],"potions_floor_usage":[8,13,16,16],"damage_taken":[{"damage":0,"enemies":"Hallownest:2_Baldur","floor":1,"turns":1},{"damage":0,"enemies":"Hallownest:monsterMarmu","floor":3,"turns":1},{"damage":0,"enemies":"Hallownest:monsterHuskWarrior","floor":5,"turns":1},{"damage":66,"enemies":"Hallownest:eliteMossKnight","floor":6,"turns":10},{"damage":16,"enemies":"Hallownest:eliteCrystalGuardian","floor":8,"turns":5},{"damage":0,"enemies":"Hallownest:eliteVengeflyKing","floor":13,"turns":7},{"damage":42,"enemies":"Hallownest:BossHornet","floor":16,"turns":14}],"seed_played":"-1471614858031890674","potions_obtained":[{"floor":6,"key":"SteroidPotion"},{"floor":8,"key":"Energy Potion"}],"is_trial":false,"path_per_floor":["M","?","?","?","M","E","R","E","T","?","$","?","E","$","R","B"],"character_chosen":"THE_BUGKNIGHT","items_purchased":["Block Potion","AttackPotion"],"campfire_rested":1,"item_purchase_floors":[11,11],"current_hp_per_floor":[75,75,75,75,75,21,21,11,11,11,11,11,21,21,43,1,1],"gold":34,"neow_bonus":"THREE_ENEMY_KILL","is_daily":false,"chose_seed":false,"campfire_upgraded":0,"win_rate":0.0,"timestamp":1613633262,"path_taken":["M","?","?","?","?","E","R","E","T","?","$","?","E","$","R","BOSS"],"items_purchased_type":["Potion","Potion"],"build_version":"2020-12-22","purchased_purges":1,"victory":false,"max_hp_per_floor":[75,75,75,75,75,75,75,75,75,75,75,75,75,75,75,75,75],"card_choices":[{"not_picked":["HollowMod:TaintedHusks","HollowMod:SiblingsSouls"],"picked":"HollowMod:ShadowDash","floor":1},{"not_picked":["HollowMod:InfectedAttack","HollowMod:DoubleDash"],"picked":"HollowMod:ShadowDash","floor":5},{"not_picked":["HollowMod:PureNailStrike","HollowMod:ElderbugsWisdom+1"],"picked":"HollowMod:SharpenedShadows+1","floor":6},{"not_picked":["HollowMod:GreatSlash","HollowMod:DreamGate"],"picked":"HollowMod:ShadowDash","floor":8},{"not_picked":["HollowMod:NewJinnsSoul","HollowMod:SoulSplash"],"picked":"HollowMod:WraithStrike","floor":13},{"not_picked":["HollowMod:CycloneSlash","HollowMod:VengefulSpirit"],"picked":"HollowMod:MonarchWings","floor":15}],"player_experience":227229,"relics_obtained":[{"floor":6,"key":"Frozen Egg 2"},{"floor":8,"key":"Dream Catcher"},{"floor":13,"key":"Matryoshka"}],"event_choices":[],"is_beta":false,"boss_relics":[],"items_purged_floors":[14],"is_endless":false,"potions_floor_spawned":[3,6,8],"killed_by":"Hallownest:BossHornet","ascension_level":0}}