{"host":"bq4pt811tk9yrmjl","time":1613673440,"event":{"mods":["AchievementEnabler","BaseMod","Colored Map","Colored Powertips","Defuse TimeMaze Blight","Minty Spire (QoL Compilation)","Smile Girya","StSLib","SuperFastMode"],"gold_per_floor":[117,131,131,141,141,173,173,201,201,215,215,226,226,271,271,377,377,395,395,412,422,431,431,231,231,254,266,300,315,327,354,354,459,459,475,78,89,0,0,0,21,71,71,80,80,80,102,140,140,140,140,140,23,57,57,57],"floor_reached":55,"language":"ENG","playtime":1771,"items_purged":[],"score":734,"play_id":"ecfceeb7-7557-493d-823a-04f82fd8637a","local_time":"20210218163720","is_ascension_mode":true,"campfire_choices":[{"floor":7.0,"key":"REST"},{"data":"Footwork","floor":11.0,"key":"SMITH"},{"data":"Dodge and Roll","floor":13.0,"key":"SMITH"},{"data":"Neutralize","floor":15.0,"key":"SMITH"},{"floor":23.0,"key":"REST"},{"floor":25.0,"key":"RECALL"},{"floor":32.0,"key":"REST"},{"floor":40,"key":"REST"},{"floor":46,"key":"REST"},{"floor":49,"key":"REST"},{"floor":52,"key":"REST"}],"circlet_count":0,"master_deck":["Strike_G","Strike_G","Strike_G","Strike_G","Defend_G","Defend_G","Defend_G+1","Defend_G+1","Defend_G","Survivor","Neutralize+1","Noxious Fumes+1","Dash","Blade Dance","Dodge and Roll+1","Escape Plan","Footwork+1","A Thousand Cuts","Dodge and Roll+1","Bullet Time","Dash+1","Sadistic Nature","Parasite","Slice+1"],"relics":["Ring of the Snake","NeowsBlessing","Dead Branch","The Courier","CeramicFish","Fusion Hammer","Pantograph","War Paint","StrikeDummy","Anchor","WristBlade","ClockworkSouvenir","Gremlin Horn","Red Mask","FossilizedHelix","Happy Flower","Centennial Puzzle","Snake Skull","Ninja Scroll"],"acts_visited":["Exordium","TheCity","TheBeyond","TheEnding"],"potions_floor_usage":[42,48,50,55],"damage_taken":[{"damage":0.0,"enemies":"Jaw Worm","floor":1.0,"turns":1.0},{"damage":0.0,"enemies":"Cultist","floor":2.0,"turns":1.0},{"damage":0.0,"enemies":"Small Slimes","floor":4.0,"turns":1.0},{"damage":34.0,"enemies":"Gremlin Nob","floor":6.0,"turns":5.0},{"damage":6.0,"enemies":"3 Sentries","floor":8.0,"turns":9.0},{"damage":0.0,"enemies":"Exordium Wildlife","floor":10.0,"turns":4.0},{"damage":7.0,"enemies":"Gremlin Gang","floor":12.0,"turns":6.0},{"damage":15.0,"enemies":"Slime Boss","floor":16.0,"turns":10.0},{"damage":7.0,"enemies":"2 Thieves","floor":18.0,"turns":4.0},{"damage":7.0,"enemies":"Chosen","floor":20.0,"turns":5.0},{"damage":0.0,"enemies":"Snecko","floor":21.0,"turns":6.0},{"damage":1.0,"enemies":"Snake Plant","floor":27.0,"turns":6.0},{"damage":7.0,"enemies":"Gremlin Leader","floor":28.0,"turns":7.0},{"damage":16.0,"enemies":"Shelled Parasite and Fungi","floor":29.0,"turns":6.0},{"damage":3.0,"enemies":"Chosen and Byrds","floor":30.0,"turns":5.0},{"damage":39.0,"enemies":"Champ","floor":33.0,"turns":19.0},{"damage":19.0,"enemies":"Orb Walker","floor":35.0,"turns":5.0},{"damage":0.0,"enemies":"3 Shapes","floor":37.0,"turns":6.0},{"damage":0,"enemies":"Jaw Worm Horde","floor":41,"turns":5},{"damage":0,"enemies":"Mind Bloom Boss Battle","floor":42,"turns":9},{"damage":0,"enemies":"Writhing Mass","floor":47,"turns":8},{"damage":21,"enemies":"Giant Head","floor":48,"turns":12},{"damage":82,"enemies":"Awakened One","floor":50,"turns":15},{"damage":32,"enemies":"Shield and Spear","floor":54,"turns":5},{"damage":63,"enemies":"The Heart","floor":55,"turns":5}],"seed_played":"6191732489826207143","potions_obtained":[{"floor":4.0,"key":"Ancient Potion"},{"floor":10.0,"key":"Regen Potion"},{"floor":12.0,"key":"SteroidPotion"},{"floor":16.0,"key":"DuplicationPotion"},{"floor":20.0,"key":"DistilledChaos"},{"floor":21.0,"key":"SpeedPotion"},{"floor":29.0,"key":"Ancient Potion"},{"floor":42,"key":"Block Potion"},{"floor":48,"key":"ColorlessPotion"},{"floor":54,"key":"SpeedPotion"}],"is_trial":false,"path_per_floor":["M","M","?","M","?","E","R","E","T","M","R","M","R","T","R","B",null,"M","$","M","M","?","R","$","R","T","M","E","M","M","T","R","B",null,"M","$","M","?","?","R","M","?","T","?","?","R","M","E","R","B",null,"R","$","E","B"],"character_chosen":"THE_SILENT","items_purchased":["Pantograph","FairyPotion","ClockworkSouvenir","Gremlin Horn","Snake Skull"],"campfire_rested":7,"item_purchase_floors":[24,36,36,36,53],"current_hp_per_floor":[70,70,70,70,70,36,57,51,51,51,51,59,59,59,59,44,70,63,63,56,56,56,70,70,70,70,69,62,46,43,43,64,31,70,51,51,51,51,51,70,70,70,70,60,60,70,70,49,70,21,70,70,70,38,0,0],"gold":57,"neow_bonus":"THREE_ENEMY_KILL","is_daily":false,"chose_seed":false,"campfire_upgraded":3,"win_rate":0.0,"timestamp":1613673440,"path_taken":["M","M","?","?","?","E","R","E","T","?","R","M","R","?","R","BOSS","M","$","M","?","?","R","$","R","T","M","E","?","M","?","R","BOSS","M","$","M","?","?","R","?","?","T","?","?","R","M","E","R","BOSS","R","$","E","BOSS"],"items_purchased_type":["Relic","Potion","Relic","Relic","Relic"],"build_version":"2020-12-22","purchased_purges":0,"victory":false,"max_hp_per_floor":[70,70,70,70,70,70,70,70,70,70,70,70,70,70,70,70,70,70,70,70,70,70,70,70,70,70,70,70,70,70,70,70,70,70,70,70,70,70,70,70,70,70,70,70,70,70,70,70,70,70,70,70,70,70,70,70],"card_choices":[{"not_picked":["Outmaneuver","PiercingWail"],"picked":"Noxious Fumes","floor":1.0},{"not_picked":["Outmaneuver","Infinite Blades"],"picked":"Dash","floor":2.0},{"not_picked":["Poisoned Stab","Blur"],"picked":"Blade Dance","floor":4.0},{"not_picked":["Caltrops","Infinite Blades"],"picked":"Dodge and Roll","floor":6.0},{"not_picked":["Distraction","Die Die Die"],"picked":"Escape Plan","floor":8.0},{"not_picked":["Deflect","Acrobatics"],"picked":"Footwork","floor":10.0},{"not_picked":["Poisoned Stab","Sucker Punch","Dagger Throw"],"picked":"SKIP","floor":12.0},{"not_picked":["Night Terror","Adrenaline"],"picked":"A Thousand Cuts","floor":16.0},{"not_picked":["Backflip","Poisoned Stab","Acrobatics"],"picked":"SKIP","floor":18.0},{"not_picked":["Burst","PiercingWail","Poisoned Stab"],"picked":"SKIP","floor":20.0},{"not_picked":["Poisoned Stab","Concentrate","Acrobatics"],"picked":"SKIP","floor":21.0},{"not_picked":["Escape Plan+1","Crippling Poison","Footwork"],"picked":"SKIP","floor":27.0},{"not_picked":["Riddle With Holes","Prepared","Flying Knee"],"picked":"SKIP","floor":28.0},{"not_picked":["PiercingWail","Blade Dance","Predator+1"],"picked":"SKIP","floor":29.0},{"not_picked":["Terror","Sucker Punch","Unload"],"picked":"SKIP","floor":30.0},{"not_picked":["A Thousand Cuts","Malaise"],"picked":"Bullet Time","floor":33.0},{"not_picked":["Acrobatics","Outmaneuver+1","PiercingWail"],"picked":"SKIP","floor":35.0},{"not_picked":["Well Laid Plans+1","Distraction","Bane"],"picked":"SKIP","floor":37.0},{"not_picked":["Quick Slash","Deadly Poison"],"picked":"Dash+1","floor":41},{"not_picked":["Deep Breath","Secret Weapon"],"picked":"Sadistic Nature","floor":44},{"not_picked":["Prepared+1","Flechettes+1","Infinite Blades"],"picked":"SKIP","floor":47},{"not_picked":["Catalyst+1","Heel Hook+1"],"picked":"Slice+1","floor":48},{"not_picked":["Deadly Poison","Flying Knee","Poisoned Stab+1"],"picked":"SKIP","floor":54}],"player_experience":271107,"relics_obtained":[{"floor":6.0,"key":"Dead Branch"},{"floor":8.0,"key":"The Courier"},{"floor":14.0,"key":"CeramicFish"},{"floor":26.0,"key":"War Paint"},{"floor":28.0,"key":"StrikeDummy"},{"floor":31.0,"key":"Anchor"},{"floor":42,"key":"FossilizedHelix"},{"floor":43,"key":"Happy Flower"},{"floor":48,"key":"Centennial Puzzle"},{"floor":54,"key":"Ninja Scroll"}],"event_choices":[{"damage_healed":0.0,"max_hp_gain":0.0,"max_hp_loss":0.0,"gold_gain":0.0,"event_name":"Upgrade Shrine","player_choice":"Upgraded","floor":3.0,"gold_loss":0.0,"damage_taken":0.0,"cards_upgraded":["Noxious Fumes"]},{"damage_healed":0.0,"max_hp_gain":0.0,"max_hp_loss":0.0,"gold_gain":0.0,"event_name":"The Woman in Blue","player_choice":"Bought 0 Potions","floor":5.0,"gold_loss":0.0,"damage_taken":0.0},{"damage_healed":0.0,"max_hp_gain":0.0,"max_hp_loss":0.0,"gold_gain":0.0,"event_name":"Duplicator","player_choice":"Copied","floor":22.0,"gold_loss":0.0,"damage_taken":0.0,"cards_obtained":["Dodge and Roll"]},{"damage_healed":0,"gold_gain":0,"player_choice":"Paid","damage_taken":0,"relics_obtained":["Red Mask"],"max_hp_gain":0,"max_hp_loss":0,"event_name":"Tomb of Lord Red Mask","floor":38,"gold_loss":89},{"cards_removed":["Strike_G"],"damage_healed":0,"gold_gain":0,"player_choice":"Purged","damage_taken":0,"max_hp_gain":0,"max_hp_loss":0,"event_name":"Purifier","floor":39,"gold_loss":0},{"damage_healed":0,"gold_gain":0,"player_choice":"Fight","damage_taken":0,"max_hp_gain":0,"max_hp_loss":0,"event_name":"MindBloom","floor":42,"gold_loss":0},{"damage_healed":0,"gold_gain":0,"player_choice":"Memory 3","damage_taken":10,"max_hp_gain":0,"max_hp_loss":0,"event_name":"SensoryStone","floor":44,"gold_loss":0},{"damage_healed":0,"gold_gain":0,"player_choice":"Ignored","damage_taken":0,"max_hp_gain":0,"max_hp_loss":0,"event_name":"Mysterious Sphere","floor":45,"gold_loss":0}],"is_beta":false,"boss_relics":[{"not_picked":["Cursed Key","Coffee Dripper"],"picked":"Fusion Hammer"},{"not_picked":["Velvet Choker","Snecko Eye"],"picked":"WristBlade"}],"items_purged_floors":[],"is_endless":false,"potions_floor_spawned":[4,10,12,16,20,21,29,42,48,54],"killed_by":"The Heart","ascension_level":1}}