{"host":"ypzb5vvnu9f3ii1t","time":1613630575,"event":{"mods":["AchievementEnabler","BaseMod","Colored Map","DeckTracker","Keyboard Shortcuts","Minty Spire (QoL Compilation)","Permanent Neow","Quick Restart","SuperFastMode"],"gold_per_floor":[117,117,130,148,148,176,176,102,102,112,124,124,199,212,212,212,212],"floor_reached":16,"language":"KOR","playtime":527,"items_purged":[],"score":168,"play_id":"727049cd-e53d-4a13-b9b0-3825b9f79d0c","local_time":"20210218154255","is_ascension_mode":true,"campfire_choices":[{"floor":7.0,"key":"REST"},{"data":"Vault","floor":12.0,"key":"SMITH"},{"floor":15,"key":"REST"}],"circlet_count":0,"master_deck":["Strike_P","Strike_P","Strike_P","Strike_P","Defend_P","Defend_P","Defend_P","Defend_P","Eruption+1","Vigilance","Vault+1","Adaptation"],"relics":["PureWater","Mango","Thread and Needle","Singing Bowl"],"acts_visited":["Exordium"],"potions_floor_usage":[16,16],"damage_taken":[{"damage":0.0,"enemies":"2 Louse","floor":1.0,"turns":1.0},{"damage":2.0,"enemies":"Cultist","floor":3.0,"turns":3.0},{"damage":4.0,"enemies":"Jaw Worm","floor":4.0,"turns":2.0},{"damage":31.0,"enemies":"Lagavulin","floor":6.0,"turns":6.0},{"damage":7.0,"enemies":"Exordium Wildlife","floor":10.0,"turns":6.0},{"damage":4.0,"enemies":"Red Slaver","floor":11.0,"turns":3.0},{"damage":7.0,"enemies":"Lots of Slimes","floor":14.0,"turns":5.0},{"damage":77,"enemies":"Hexaghost","floor":16,"turns":14}],"seed_played":"5369697623352131788","potions_obtained":[{"floor":1.0,"key":"Block Potion"},{"floor":3.0,"key":"Regen Potion"},{"floor":6.0,"key":"Weak Potion"}],"is_trial":false,"path_per_floor":["M","?","M","M","?","E","R","$","T","M","M","R","?","M","R","B"],"character_chosen":"WATCHER","items_purchased":["Vault"],"campfire_rested":2,"item_purchase_floors":[8],"current_hp_per_floor":[61,66,64,60,60,29,56,56,56,51,47,47,36,31,59,0,0],"gold":212,"neow_bonus":"ONE_RARE_RELIC","is_daily":false,"chose_seed":false,"campfire_upgraded":1,"win_rate":0.0,"timestamp":1613630575,"path_taken":["M","?","M","M","?","E","R","$","T","?","M","R","?","M","R","BOSS"],"items_purchased_type":["Card"],"build_version":"2020-12-22","purchased_purges":0,"victory":false,"max_hp_per_floor":[86,91,91,91,91,91,91,91,91,93,93,93,93,95,95,95,95],"card_choices":[{"not_picked":["Fasting2","EmptyBody","LikeWater"],"picked":"SKIP","floor":1.0},{"not_picked":["BowlingBash","JustLucky","FlyingSleeves"],"picked":"SKIP","floor":3.0},{"not_picked":["Wireheading","Prostrate","Protect"],"picked":"SKIP","floor":4.0},{"not_picked":["BowlingBash","WindmillStrike","Worship"],"picked":"SKIP","floor":6.0},{"not_picked":["ThirdEye","CrushJoints","EmptyBody"],"picked":"Singing Bowl","floor":10.0},{"not_picked":["Prostrate","Protect"],"picked":"Adaptation","floor":11.0},{"not_picked":["CrushJoints","Wallop","FollowUp"],"picked":"Singing Bowl","floor":14}],"player_experience":245425,"relics_obtained":[{"floor":6.0,"key":"Thread and Needle"},{"floor":9.0,"key":"Singing Bowl"}],"event_choices":[{"damage_healed":0.0,"max_hp_gain":5.0,"max_hp_loss":0.0,"gold_gain":0.0,"event_name":"Big Fish","player_choice":"Donut","floor":2.0,"gold_loss":0.0,"damage_taken":0.0},{"damage_healed":0.0,"max_hp_gain":0.0,"max_hp_loss":0.0,"gold_gain":0.0,"event_name":"Accursed Blacksmith","player_choice":"Forge","floor":5.0,"gold_loss":0.0,"damage_taken":0.0,"cards_upgraded":["Eruption"]},{"damage_healed":0.0,"max_hp_gain":0.0,"max_hp_loss":0.0,"gold_gain":75.0,"event_name":"World of Goop","player_choice":"Gather Gold","floor":13.0,"gold_loss":0.0,"damage_taken":11.0}],"is_beta":false,"boss_relics":[],"items_purged_floors":[],"is_endless":false,"potions_floor_spawned":[1,3,6,10],"killed_by":"Hexaghost","ascension_level":8}}