{"host":"xsfbp1yx1f2ea5z7","time":1613649601,"event":{"mods":["100% Spire Juice","AchievementEnabler","Act Like it!","Bard","BaseMod","Beaked The Cultist","Better Altar","Better Match","Better Note","Better Sensory Stone","Better Skull","Better Third Choice","BetterRewards","Block Reminder","ChefMod","Colored Map","Colored Powertips","Conspire","DeckTracker","Downfall","GifTheSpireLib","Halation","Hermit","Hubris","Infinite Spire","Jedi Mod","Jorbs\u0027s Wanderer Trilogy","Marked Mod","Mimic Mod","Minty Spire (QoL Compilation)","Replay The Spire","Robot Space Explorer","Shade Mod","Spicy Shops","StSLib","The Blackbeard","The Cursed","The Hierophant","The Judge","The Jungle","The Marked","The Mystic","The Runesmith","TheBandit","Unceasing Turn Reminder","Wandering Minibosses","everything is the same but u backflip on backflip"],"gold_per_floor":[116,116,133,133,144,177,177,194,221,239,251,285,285,317,317,317,317],"floor_reached":16,"language":"ENG","playtime":613,"items_purged":[],"score":122,"play_id":"a800a0b5-6696-44a4-80dd-6e11fe63c9ec","local_time":"20210218200001","is_ascension_mode":false,"campfire_choices":[{"data":"Crystallizer","floor":7,"key":"SMITH"},{"data":"Dualcast","floor":13,"key":"SMITH"},{"data":"jedi:reiji","floor":15,"key":"SMITH"}],"circlet_count":0,"master_deck":["Strike_B","Strike_B","Strike_B","Defend_B","Defend_B","Defend_B","Defend_B","Zap","Dualcast+1","Crystallizer+1","Hologram","Ball Lightning","Cold Snap","Lockon","Steam","Redo","jedi:reiji+1"],"relics":["Cracked Core","NeowsBlessing","Blood Vial","hubris:OldNail","WingedGreaves","hubris:CrystalStatue"],"acts_visited":["Exordium"],"potions_floor_usage":[6,12,16,16],"damage_taken":[{"damage":0,"enemies":"Cultist","floor":1,"turns":1},{"damage":0,"enemies":"2 Louse","floor":3,"turns":1},{"damage":0,"enemies":"Small Slimes","floor":5,"turns":1},{"damage":20,"enemies":"Lagavulin","floor":6,"turns":7},{"damage":3,"enemies":"2 Fungi Beasts","floor":8,"turns":3},{"damage":7,"enemies":"Blue Slaver","floor":10,"turns":2},{"damage":0,"enemies":"Looter","floor":11,"turns":2},{"damage":8,"enemies":"Gremlin Nob","floor":12,"turns":3},{"damage":31,"enemies":"3 Sentries","floor":14,"turns":6},{"damage":43,"enemies":"Fading Forest","floor":16,"turns":10}],"seed_played":"-5086191964401304040","potions_obtained":[{"floor":1,"key":"jedi:mysterypotion"},{"floor":4,"key":"champ:CounterPotion"},{"floor":4,"key":"SpeedPotion"},{"floor":4,"key":"ColorlessPotion"},{"floor":5,"key":"Fire Potion"},{"floor":10,"key":"Guardian:BlockOnCardUsePotion"},{"floor":12,"key":"hexamod:SoulburnPotion"}],"is_trial":false,"path_per_floor":["M","?","M","?","M","E","R","M","T","M","M","E","R","E","R","B"],"character_chosen":"DEFECT","items_purchased":[],"campfire_rested":0,"item_purchase_floors":[],"current_hp_per_floor":[75,75,75,75,75,55,55,54,54,49,51,45,45,16,16,0,0],"gold":317,"neow_bonus":"THREE_ENEMY_KILL","is_daily":false,"chose_seed":false,"campfire_upgraded":3,"win_rate":0.0,"timestamp":1613649601,"path_taken":["M","?","?","?","M","E","R","M","T","M","M","E","R","E","R","BOSS"],"items_purchased_type":[],"build_version":"2020-12-22","purchased_purges":0,"victory":false,"max_hp_per_floor":[75,75,75,75,75,75,75,75,75,75,75,75,75,75,75,75,75],"card_choices":[{"not_picked":["jedi:BurstFrost","Tempest"],"picked":"Crystallizer","floor":1},{"not_picked":["Self Repair","Barrage"],"picked":"Hologram","floor":3},{"not_picked":["Conserve Battery","Hologram"],"picked":"Ball Lightning","floor":5},{"not_picked":["jedi:BurstFrost","jedi:readyaimfire"],"picked":"Cold Snap","floor":6},{"not_picked":["Chaos","ReplaySort"],"picked":"Lockon","floor":8},{"not_picked":["Redo","Leap"],"picked":"Steam","floor":10},{"not_picked":["Storm","Hologram"],"picked":"Redo","floor":11},{"not_picked":["Fusion","jedi:blockon","jedi:BurstLightning"],"picked":"SKIP","floor":12},{"not_picked":["Sweeping Beam","Melter"],"picked":"jedi:reiji","floor":14}],"player_experience":106213,"relics_obtained":[{"floor":6,"key":"Blood Vial"},{"floor":9,"key":"hubris:OldNail"},{"floor":12,"key":"WingedGreaves"},{"floor":14,"key":"hubris:CrystalStatue"}],"event_choices":[{"cards_removed":["Strike_B"],"damage_healed":0,"gold_gain":0,"player_choice":"Offered Basic","damage_taken":0,"max_hp_gain":0,"max_hp_loss":0,"event_name":"Bonfire Elementals","floor":2,"gold_loss":0},{"damage_healed":0,"gold_gain":0,"player_choice":"Got Potions","damage_taken":0,"max_hp_gain":0,"max_hp_loss":0,"event_name":"Lab","floor":4,"gold_loss":0}],"is_beta":false,"boss_relics":[],"items_purged_floors":[],"is_endless":false,"potions_floor_spawned":[1,5,10,12],"killed_by":"Fading Forest","ascension_level":0}}