{"host":"sav7uxregyirlf69","time":1613614720,"event":{"mods":["AchievementEnabler","BaseMod","Colored Map","DeckTracker","Keyboard Shortcuts","Minty Spire (QoL Compilation)","READ ME - Guardian Mod","StSLib","SuperFastMode"],"gold_per_floor":[115,115,115,135,150,150,169,197,197,197,213,213,227,42,42,137,137,158,158,60,83,108,108,108,108],"floor_reached":24,"language":"KOR","playtime":463,"items_purged":[],"score":376,"play_id":"7f4e831d-11ea-4f67-a79c-b481865fb229","local_time":"20210218111840","is_ascension_mode":true,"campfire_choices":[{"data":"Neutralize","floor":6,"key":"SMITH"},{"floor":10,"key":"REST"},{"data":"Terror","floor":12,"key":"SMITH"},{"data":"Noxious Fumes","floor":15,"key":"SMITH"},{"data":"Tactician","floor":23,"key":"SMITH"}],"circlet_count":0,"master_deck":["AscendersBane","Strike_G","Strike_G","Strike_G","Strike_G","Defend_G","Defend_G","Defend_G","Defend_G","Survivor","Neutralize+1","Dagger Throw","Caltrops","Dagger Throw","Blade Dance","Terror+1","Tactician+1","Noxious Fumes+1","After Image","Backflip","CurseOfTheBell","Finesse"],"relics":["Ring of the Snake","Golden Idol","Odd Mushroom","Shovel","Calling Bell","CeramicFish","Paper Crane","StoneCalendar"],"acts_visited":["Exordium","TheCity"],"potions_floor_usage":[8,16,24],"damage_taken":[{"damage":4,"enemies":"Small Slimes","floor":1,"turns":3},{"damage":2,"enemies":"2 Louse","floor":4,"turns":3},{"damage":1,"enemies":"Cultist","floor":5,"turns":3},{"damage":9,"enemies":"Lots of Slimes","floor":7,"turns":4},{"damage":13,"enemies":"The Mushroom Lair","floor":8,"turns":6},{"damage":0,"enemies":"2 Fungi Beasts","floor":11,"turns":3},{"damage":5,"enemies":"3 Louse","floor":13,"turns":3},{"damage":4,"enemies":"The Guardian","floor":16,"turns":9},{"damage":11,"enemies":"Chosen","floor":18,"turns":5},{"damage":18,"enemies":"Spheric Guardian","floor":21,"turns":6},{"damage":30,"enemies":"Centurion and Healer","floor":22,"turns":7},{"damage":67,"enemies":"Gremlin Leader","floor":24,"turns":6}],"seed_played":"-6674247857697753994","potions_obtained":[{"floor":1,"key":"GhostInAJar"},{"floor":11,"key":"SteroidPotion"},{"floor":13,"key":"Energy Potion"},{"floor":16,"key":"CultistPotion"},{"floor":18,"key":"FairyPotion"}],"is_trial":false,"path_per_floor":["M","?","?","M","M","R","M","?","T","R","M","R","M","$","R","B",null,"M","?","$","M","M","R","E"],"character_chosen":"THE_SILENT","items_purchased":["After Image","Backflip","Finesse"],"campfire_rested":1,"item_purchase_floors":[14,14,20],"current_hp_per_floor":[55,32,32,30,29,29,20,7,7,26,26,26,21,21,21,17,54,43,76,76,58,28,28,0,0],"gold":108,"neow_bonus":"REMOVE_CARD","is_daily":false,"chose_seed":false,"campfire_upgraded":4,"win_rate":0.0,"timestamp":1613614720,"path_taken":["M","?","?","M","M","R","M","?","T","R","M","R","M","$","R","BOSS","M","?","?","M","M","R","E"],"items_purchased_type":["Card","Card","Card"],"build_version":"2020-12-22","purchased_purges":0,"victory":false,"max_hp_per_floor":[66,66,66,66,66,66,66,66,66,66,66,66,66,66,66,66,66,66,76,76,76,76,76,76,76],"card_choices":[{"not_picked":["Accuracy","Sucker Punch"],"picked":"Dagger Throw","floor":1},{"not_picked":["Backflip","Cloak And Dagger"],"picked":"Dagger Throw","floor":4},{"not_picked":["Catalyst","Backflip"],"picked":"Blade Dance","floor":5},{"not_picked":["Slice","Blade Dance"],"picked":"Terror","floor":7},{"not_picked":["Leg Sweep","PiercingWail"],"picked":"Tactician","floor":11},{"not_picked":["Deadly Poison","Blade Dance"],"picked":"Noxious Fumes","floor":13},{"not_picked":["Tools of the Trade","Grand Finale"],"picked":"Corpse Explosion","floor":16},{"not_picked":["Infinite Blades+1","Riddle With Holes","Bane+1"],"picked":"SKIP","floor":18},{"not_picked":["Dagger Throw","Slice","Blade Dance"],"picked":"SKIP","floor":21},{"not_picked":["Caltrops","Flying Knee","Underhanded Strike"],"picked":"SKIP","floor":22}],"player_experience":1601977,"relics_obtained":[{"floor":8,"key":"Odd Mushroom"},{"floor":9,"key":"Shovel"},{"floor":17,"key":"CeramicFish"},{"floor":17,"key":"Paper Crane"},{"floor":17,"key":"StoneCalendar"}],"event_choices":[{"damage_healed":0,"gold_gain":0,"player_choice":"Take Damage","damage_taken":23,"relics_obtained":["Golden Idol"],"max_hp_gain":0,"max_hp_loss":0,"event_name":"Golden Idol","floor":2,"gold_loss":0},{"damage_healed":0,"gold_gain":0,"cards_transformed":["Strike_G"],"player_choice":"Change","damage_taken":0,"max_hp_gain":0,"max_hp_loss":0,"event_name":"Living Wall","floor":3,"gold_loss":0,"cards_obtained":["Caltrops"]},{"damage_healed":0,"gold_gain":0,"player_choice":"Fought Mushrooms","damage_taken":0,"max_hp_gain":0,"max_hp_loss":0,"event_name":"Mushrooms","floor":8,"gold_loss":0},{"cards_removed":["Corpse Explosion"],"damage_healed":23,"gold_gain":0,"player_choice":"Offered Rare","damage_taken":0,"max_hp_gain":10,"max_hp_loss":0,"event_name":"Bonfire Elementals","floor":19,"gold_loss":0}],"is_beta":false,"boss_relics":[{"not_picked":["WristBlade","Velvet Choker"],"picked":"Calling Bell"}],"items_purged_floors":[],"is_endless":false,"potions_floor_spawned":[1,11,13,16,18,21],"killed_by":"Gremlin Leader","ascension_level":20}}