{"host":"ty9fb48q9oru32qm","time":1613660154,"event":{"mods":["2.2 Compatiblity","AchievementEnabler","Act Like it!","Astrologer","BaseMod","Beaked The Cultist","Better Synergies","Block Reminder","Colored Powertips","Conspire","DeckTracker","Downfall","Ekko","Friendly Minions","GifTheSpireLib","Hermit","Hubris","Infinite Spire","Jorbs\u0027s Wanderer Trilogy","Marisa????????","Minty Spire (QoL Compilation)","Permanent Neow","Quick Restart","Random Character Button","Reliquary","Replay The Spire","Somnambulant","StSLib","Stuff the Spire","The Cursed","The Marked","The Runesmith","TheVacant"],"gold_per_floor":[111,111,36,61,61,61,88,88,88,105,121,150,115,115,220,220,234,248,248,259,44,44,54,89,89,107,107,107,107],"floor_reached":28,"language":"ENG","playtime":2203,"items_purged":["Pain"],"score":271,"play_id":"44eca537-06e1-4084-b3e3-a23b593e5e8c","local_time":"20210218155554","is_ascension_mode":false,"campfire_choices":[{"data":"StuffTheSpire:Innocence","floor":6.0,"key":"SMITH"},{"data":"sneckomod:UnknownBoss","floor":8.0,"key":"SMITH"},{"data":"sneckomod:CheapStock","floor":15.0,"key":"SMITH"},{"data":"sneckomod:CheapStock","floor":23.0,"key":"SMITH"}],"circlet_count":0,"master_deck":["sneckomod:Strike","sneckomod:Strike","sneckomod:Defend","sneckomod:Defend","sneckomod:Defend","sneckomod:TailWhip","sneckomod:SnekBite","sneckomod:Unknown","sneckomod:Unknown","sneckomod:UnknownBoss+1","sneckomod:IronFang","StuffTheSpire:Innocence+1","sneckomod:UnknownUncommonPower","sneckomod:RainOfDice","sneckomod:UnknownRarePower","sneckomod:UnendingSupply","sneckomod:CheapStock+1","sneckomod:DangerNoodle","sneckomod:Unknown0Cost","sneckomod:PureSnecko+1","sneckomod:CheapStock","sneckomod:CheapStock+1","sneckomod:WideSting","bronze:FunctionCard","sneckomod:MasterEye+1"],"relics":["sneckomod:SneckoSoul","WarpedTongs","reliquary:ExpiredCoupon","reliquary:Spinner","ReplayFunnel","conspire:SpecialSausage","Oddly Smooth Stone","reliquary:TuningFork","StuffTheSpire:OldFever"],"acts_visited":["Exordium","TheCity"],"potions_floor_usage":[28],"damage_taken":[{"damage":0.0,"enemies":"Small Slimes","floor":1.0,"turns":5.0},{"damage":25.0,"enemies":"3 Sentries","floor":7.0,"turns":11.0},{"damage":4.0,"enemies":"Cultist","floor":10.0,"turns":4.0},{"damage":0.0,"enemies":"2 Louse","floor":11.0,"turns":3.0},{"damage":10.0,"enemies":"Lagavulin","floor":13.0,"turns":8.0},{"damage":51.0,"enemies":"The Guardian","floor":16.0,"turns":11.0},{"damage":18.0,"enemies":"Chosen","floor":18.0,"turns":4.0},{"damage":4.0,"enemies":"Shell Parasite","floor":19.0,"turns":5.0},{"damage":13.0,"enemies":"3 Cultists","floor":21.0,"turns":5.0},{"damage":21.0,"enemies":"Snecko","floor":24.0,"turns":6.0},{"damage":14,"enemies":"Book of Stabbing","floor":25,"turns":7},{"damage":15,"enemies":"Cultist and Chosen","floor":27,"turns":5},{"damage":20,"enemies":"Gremlin Leader","floor":28,"turns":1}],"seed_played":"-6228941532556079901","potions_obtained":[{"floor":1.0,"key":"sneckomod:MuddlingPotion"},{"floor":7.0,"key":"Strength Potion"},{"floor":18.0,"key":"LifebloodPotion"},{"floor":27,"key":"CultistPotion"}],"is_trial":false,"path_per_floor":["M","?","$","T","?","R","E","R","T","M","M","E","$","R","B",null,"M","M","?","M","$","R","M","E","T","M","E"],"character_chosen":"THE_SNECKO","items_purchased":["sneckomod:CheapStock","sneckomod:CheapStock","Oddly Smooth Stone"],"campfire_rested":0,"item_purchase_floors":[14,22,22],"current_hp_per_floor":[90,90,90,90,83,83,58,58,58,54,54,44,44,44,3,90,72,68,68,55,55,55,34,20,20,15,0,0,0],"gold":107,"neow_bonus":"TRANSFORM_CARD","is_daily":false,"chose_seed":false,"campfire_upgraded":4,"win_rate":0.0,"timestamp":1613660154,"path_taken":["M","?","$","?","?","R","E","R","T","M","M","E","$","R","BOSS","M","M","?","M","?","R","M","E","T","M","E"],"items_purchased_type":["Card","Card","Relic"],"build_version":"2020-12-22","purchased_purges":1,"victory":false,"max_hp_per_floor":[90,90,90,90,90,90,90,90,90,90,90,90,90,90,90,90,90,90,90,90,90,90,90,90,90,90,90,90,90],"card_choices":[{"not_picked":["sneckomod:DiceBlock","sneckomod:Unknown1Cost"],"picked":"sneckomod:IronFang","floor":1.0},{"not_picked":["sneckomod:RainOfDice","sneckomod:UnknownExhaust"],"picked":"sneckomod:UnknownUncommonPower","floor":7.0},{"not_picked":["sneckomod:QuickBite","sneckomod:SoulRoll"],"picked":"sneckomod:RainOfDice","floor":10.0},{"not_picked":["sneckomod:UnknownBlock","sneckomod:UnknownUncommonPower"],"picked":"sneckomod:UnknownRarePower","floor":11.0},{"not_picked":["sneckomod:UnknownUncommonPower","sneckomod:Unknown1Cost"],"picked":"sneckomod:UnendingSupply","floor":13.0},{"not_picked":["sneckomod:MorePower","sneckomod:Cheat"],"picked":"sneckomod:DangerNoodle","floor":16.0},{"not_picked":["sneckomod:Unknown1Cost","sneckomod:UnknownClassCULL_RED_COLOR"],"picked":"sneckomod:Unknown0Cost","floor":18.0},{"not_picked":["sneckomod:SoulRoll","sneckomod:UnknownWeak"],"picked":"sneckomod:PureSnecko+1","floor":19.0},{"not_picked":["sneckomod:UnknownVulnerable","sneckomod:QuickMove","sneckomod:Unknown1Cost"],"picked":"SKIP","floor":21.0},{"not_picked":["sneckomod:Nope","sneckomod:RainOfDice+1"],"picked":"sneckomod:WideSting","floor":24.0},{"not_picked":["sneckomod:SnakeSap","sneckomod:DiceCrush","sneckomod:UnendingSupply+1"],"picked":"SKIP","floor":25},{"not_picked":["sneckomod:SerpentIdol","sneckomod:DiceCrush"],"picked":"sneckomod:MasterEye+1","floor":27}],"player_experience":313967,"relics_obtained":[{"floor":4.0,"key":"reliquary:ExpiredCoupon"},{"floor":7.0,"key":"reliquary:Spinner"},{"floor":13.0,"key":"ReplayFunnel"},{"floor":25,"key":"reliquary:TuningFork"},{"floor":26,"key":"StuffTheSpire:OldFever"}],"event_choices":[{"damage_healed":0.0,"max_hp_gain":0.0,"max_hp_loss":0.0,"gold_gain":0.0,"event_name":"Accursed Blacksmith","player_choice":"Rummage","floor":2.0,"gold_loss":0.0,"damage_taken":0.0,"relics_obtained":["WarpedTongs"],"cards_obtained":["Pain"]},{"damage_healed":0.0,"max_hp_gain":0.0,"max_hp_loss":0.0,"gold_gain":0.0,"event_name":"Match and Keep!","player_choice":"0 cards matched","floor":20.0,"gold_loss":0.0,"damage_taken":0.0,"cards_obtained":[]}],"is_beta":false,"boss_relics":[{"not_picked":["StuffTheSpire:Kangaroo","reliquary:Craggleroot"],"picked":"conspire:SpecialSausage"}],"items_purged_floors":[3],"is_endless":false,"potions_floor_spawned":[1,7,18,19,27],"killed_by":"Gremlin Leader","ascension_level":0}}