{"host":"21daswlctsv3qaxk","time":1613660340,"event":{"mods":["BaseMod","Downfall","Minty Spire (QoL Compilation)","Replay The Spire","StSLib","The Cursed","The Servant 0.9.4"],"gold_per_floor":[116,116,116,135,135,468,468,468,520,539,25,25,25,45,70,101,101,225,225,238,238,164,164,183,218,218,14,14,14,34,65,65,65,65,193,193,211,486,506,506,526,526,551,591,591,591,591,237,237,237,237],"floor_reached":50,"language":"ENG","playtime":3452,"items_purged":["Regret"],"score":591,"play_id":"c40b0f83-86ef-4006-9b5b-dc60ad055f04","local_time":"20210218155900","is_ascension_mode":true,"campfire_choices":[{"floor":7.0,"key":"RECALL"},{"floor":17.0,"key":"REST"},{"floor":26.0,"key":"REST"},{"floor":29.0,"key":"REST"},{"data":"Tempest","floor":32.0,"key":"SMITH"},{"data":"Loop","floor":42,"key":"SMITH"}],"circlet_count":0,"master_deck":["Zap","Dualcast+1","Undo","Storm","Redo","Hello World","Crystallizer+1","Defragment","Defragment","Tempest+1","Buffer","Static Discharge","FIFO Queue","Skim","ReplayGash+1","Sunder","Coolheaded","Undo","White Noise","Mirror Shield","Loop+1","Writhe","Turbo+1","Pain"],"relics":["Cracked Core","NeowsBlessing","Golden Idol","Old Coin","Boot","Nunchaku","Raider\u0027s Mask","Smiling Mask","Replay:Grab Bag","Philosopher\u0027s Stone","bronze:MakeshiftBattery","Pandora\u0027s Box","Bag of Marbles","ReplayTheSpireMod:Lightbulb","Snack Pack","Replay:Bottled Flurry","Ring of Chaos","MealTicket","Incense Burner","Oddly Smooth Stone","Geode","WarpedTongs"],"acts_visited":["Exordium","TheCity","TheBeyond"],"potions_floor_usage":[35,35,41,50],"damage_taken":[{"damage":0.0,"enemies":"2 Louse","floor":1.0,"turns":1.0},{"damage":0.0,"enemies":"Small Slimes","floor":4.0,"turns":1.0},{"damage":0.0,"enemies":"Lagavulin","floor":6.0,"turns":1.0},{"damage":0.0,"enemies":"Cultist","floor":10.0,"turns":3.0},{"damage":15.0,"enemies":"Exordium Thugs","floor":14.0,"turns":3.0},{"damage":5.0,"enemies":"Looter","floor":15.0,"turns":3.0},{"damage":31.0,"enemies":"3 Sentries","floor":16.0,"turns":9.0},{"damage":20.0,"enemies":"Hexaghost","floor":18.0,"turns":13.0},{"damage":26.0,"enemies":"2 Thieves","floor":20.0,"turns":4.0},{"damage":0.0,"enemies":"Chosen","floor":24.0,"turns":4.0},{"damage":26.0,"enemies":"Slavers","floor":25.0,"turns":3.0},{"damage":16.0,"enemies":"Snake Plant","floor":30.0,"turns":3.0},{"damage":5.0,"enemies":"Gremlin Leader","floor":31.0,"turns":5.0},{"damage":46,"enemies":"Champ","floor":35,"turns":7},{"damage":3,"enemies":"Orb Walker","floor":37,"turns":5},{"damage":19,"enemies":"3 Darklings","floor":39,"turns":2},{"damage":1,"enemies":"4 Shapes","floor":41,"turns":3},{"damage":29,"enemies":"Spire Growth","floor":43,"turns":5},{"damage":30,"enemies":"R_Hoarder","floor":44,"turns":8},{"damage":26,"enemies":"Writhing Mass","floor":50,"turns":4}],"seed_played":"-5853679680504242068","potions_obtained":[{"floor":1.0,"key":"SkillPotion"},{"floor":4.0,"key":"Reflective Coating"},{"floor":16.0,"key":"Elixir"},{"floor":18.0,"key":"SkillPotion"},{"floor":23.0,"key":"Explosive Potion"},{"floor":23.0,"key":"ColorlessPotion"},{"floor":30.0,"key":"Weak Potion"},{"floor":31.0,"key":"FocusPotion"},{"floor":39,"key":"DistilledChaos"},{"floor":44,"key":"EssenceOfSteel"}],"is_trial":false,"path_per_floor":["M","?","?","M","?","E","R","?","T","M","$","PTL","PTL","M","M","E","R","B",null,"M","?","$","?","M","E","R","$","T","R","M","E","R","$","R","B",null,"M","?","M","?","M","R","M","E","T","?","?","$","?","M"],"character_chosen":"DEFECT","items_purchased":["Crystallizer+1","Boot","Nunchaku","Raider\u0027s Mask","White Noise","ReplayTheSpireMod:Lightbulb","Oddly Smooth Stone","Geode"],"campfire_rested":3,"item_purchase_floors":[11,11,11,11,22,27,48,48],"current_hp_per_floor":[75,69,69,69,69,69,69,69,69,69,69,69,69,54,49,18,38,18,69,43,43,43,43,43,17,37,37,37,57,41,38,38,38,58,12,69,66,66,47,64,63,63,34,4,4,4,4,19,19,0,0],"gold":237,"neow_bonus":"THREE_ENEMY_KILL","is_daily":false,"chose_seed":false,"campfire_upgraded":2,"win_rate":0.0,"timestamp":1613660340,"path_taken":["M","?","?","M","?","E","R","?","T","M","$","PTL","PTL","M","M","E","R","BOSS","M","?","$","?","?","E","R","?","T","R","M","E","R","$","R","BOSS","M","?","?","?","M","R","M","E","T","?","?","$","?","M"],"items_purchased_type":["Card","Relic","Relic","Relic","Card","Relic","Relic","Relic"],"build_version":"2020-12-22","purchased_purges":1,"victory":false,"max_hp_per_floor":[75,69,69,69,69,69,69,69,69,69,69,69,69,69,69,69,69,69,69,69,69,69,69,69,69,69,69,69,69,69,69,69,69,69,69,69,69,69,69,69,69,69,69,69,69,69,69,69,69,69,69],"card_choices":[{"not_picked":["ReplayTheSpireMod:GoodbyeWorld","Compile Driver","Melter"],"picked":"SKIP","floor":1.0},{"not_picked":["Auto Shields","Turbo"],"picked":"Undo","floor":4.0},{"not_picked":["Auto Shields","Leap"],"picked":"Storm","floor":6.0},{"not_picked":["Cold Snap","Compile Driver"],"picked":"Hello World","floor":10.0},{"not_picked":["Conserve Battery","Hologram"],"picked":"Defragment","floor":14.0},{"not_picked":["Blizzard","Stack"],"picked":"Defragment","floor":15.0},{"not_picked":["Fission","Beam Cell"],"picked":"Tempest","floor":16.0},{"not_picked":["Core Surge","Machine Learning"],"picked":"Buffer","floor":18.0},{"not_picked":["ReplayTheSpireMod:GoodbyeWorld+1","Cold Snap+1","Skim"],"picked":"SKIP","floor":20.0},{"not_picked":["Barrage","Steam","Redo"],"picked":"SKIP","floor":24.0},{"not_picked":["Glacier","Barrage","Ball Lightning"],"picked":"SKIP","floor":25.0},{"not_picked":["Streamline","Time Bomb+1","Panic Button"],"picked":"SKIP","floor":30.0},{"not_picked":["Recycle","Stack","Ball Lightning"],"picked":"SKIP","floor":31.0},{"not_picked":["Meteor Strike","ReplayTheSpireMod:Omega Cannon"],"picked":"Mirror Shield","floor":35},{"not_picked":["Auto Shields","BasicCrystalCard","Force Field+1"],"picked":"SKIP","floor":37},{"not_picked":["BasicCrystalCard+1","Gash"],"picked":"Loop","floor":39},{"not_picked":["Panic Button+1","Sweeping Beam","Steam Power"],"picked":"SKIP","floor":41},{"not_picked":["ReplayTheSpireMod:Reroute Power","ReplayTheSpireMod:Calculation Training+1"],"picked":"Turbo+1","floor":43},{"not_picked":["All For One","Gash","Go for the Eyes+1"],"picked":"SKIP","floor":44}],"player_experience":202424,"relics_obtained":[{"floor":6.0,"key":"Old Coin"},{"floor":16.0,"key":"Smiling Mask"},{"floor":25.0,"key":"Bag of Marbles"},{"floor":28.0,"key":"Snack Pack"},{"floor":31.0,"key":"Replay:Bottled Flurry"},{"floor":44,"key":"MealTicket"},{"floor":45,"key":"Incense Burner"}],"event_choices":[{"damage_healed":0.0,"max_hp_gain":0.0,"max_hp_loss":6.0,"gold_gain":0.0,"event_name":"Golden Idol","player_choice":"Lose Max HP","floor":2.0,"gold_loss":0.0,"damage_taken":0.0,"relics_obtained":["Golden Idol"]},{"damage_healed":0.0,"max_hp_gain":0.0,"max_hp_loss":0.0,"gold_gain":0.0,"event_name":"Golden Wing","player_choice":"Ignored","floor":5.0,"gold_loss":0.0,"damage_taken":0.0},{"damage_healed":0.0,"max_hp_gain":0.0,"max_hp_loss":0.0,"gold_gain":0.0,"cards_transformed":["Strike_B"],"event_name":"Living Wall","player_choice":"Change","floor":8.0,"gold_loss":0.0,"damage_taken":0.0,"cards_obtained":["Redo"]},{"damage_healed":0.0,"max_hp_gain":0.0,"max_hp_loss":0.0,"gold_gain":0.0,"event_name":"Lab","player_choice":"Got Potions","floor":23.0,"gold_loss":0.0,"damage_taken":0.0},{"damage_healed":0,"gold_gain":275,"player_choice":"Desecrate","damage_taken":0,"max_hp_gain":0,"max_hp_loss":0,"event_name":"Golden Shrine","floor":38,"gold_loss":0,"cards_obtained":["Regret"]},{"damage_healed":17,"gold_gain":0,"player_choice":"Writhe","damage_taken":0,"max_hp_gain":0,"max_hp_loss":0,"event_name":"Winding Halls","floor":40,"gold_loss":0,"cards_obtained":["Writhe"]},{"damage_healed":0,"gold_gain":0,"player_choice":"Ignored","damage_taken":0,"max_hp_gain":0,"max_hp_loss":0,"event_name":"Tomb of Lord Red Mask","floor":46,"gold_loss":0},{"damage_healed":0,"gold_gain":0,"player_choice":"Memory 1","damage_taken":0,"max_hp_gain":0,"max_hp_loss":0,"event_name":"SensoryStone","floor":47,"gold_loss":0},{"damage_healed":0,"gold_gain":0,"player_choice":"Rummage","damage_taken":0,"relics_obtained":["WarpedTongs"],"max_hp_gain":0,"max_hp_loss":0,"event_name":"Accursed Blacksmith","floor":49,"gold_loss":0,"cards_obtained":["Pain"]}],"is_beta":false,"boss_relics":[{"not_picked":["FrozenCore","Runic Dome"],"picked":"Replay:Grab Bag"},{"not_picked":["Ectoplasm","Fusion Hammer"],"picked":"Philosopher\u0027s Stone"},{"not_picked":["Cursed Key","Sozu"],"picked":"bronze:MakeshiftBattery"},{"not_picked":["Kintsugi","Nuclear Battery"],"picked":"Pandora\u0027s Box"},{"not_picked":["SacredBark","Replay:Wanted Poster"],"picked":"Ring of Chaos"}],"items_purged_floors":[48],"is_endless":false,"potions_floor_spawned":[1,4,16,18,30,31,39,44],"killed_by":"Writhing Mass","ascension_level":1}}