{"host":"3z9xbwjeimmg738z","time":1613610719,"event":{"mods":["100% Spire Juice","2.2 Compatiblity","Act Like it!","AlwaysNeverKeys","Bard","BaseMod","Beaked The Cultist","Better Altar","Better Match","Better Note","Better Sensory Stone","Better Skull","Better Synergies","Better Third Choice","Bossed Relics","CapriCore","Colored Powertips","Defuse TimeMaze Blight","Dio Mod","Displayed Cursed Tome","Faster Ascension Climbing","GifTheSpireLib","Minty Spire (QoL Compilation)","Pale of the Ancients","Permanent Neow","Replay The Spire","Ruina","Shapeshifter Mod","Smile Girya","StSLib","The Dragonkin","The Showman","TheBandit","TheSurvivalist","Uncapped"],"gold_per_floor":[119,119,119,137,154,183,183,228,228,228,328,328,348,383,383,383,383],"floor_reached":16,"language":"ENG","playtime":837,"items_purged":[],"score":140,"play_id":"3714ffdf-3d44-4fa8-bf4f-c8ab4c5d8aa6","local_time":"20210217171159","daily_mods":["ControlledChaos"],"is_ascension_mode":true,"campfire_choices":[{"data":"survmod:OverwhelmingAssault","floor":7,"key":"SMITH"},{"data":"survmod:Adaptability","floor":10,"key":"SMITH"},{"floor":12,"key":"REST"},{"data":"survmod:VersatileOffense","floor":15,"key":"SMITH"}],"circlet_count":0,"master_deck":["survmod:Strike","survmod:Strike","survmod:Strike","survmod:Strike","survmod:Defend","survmod:Defend","survmod:Defend","survmod:Defend","survmod:VersatileOffense+1","survmod:Sprint","survmod:OverwhelmingAssault+1","Injury","Amnesia","survmod:Adaptability+1"],"relics":["survmod:InnateMutation","Frozen Eye","Ring of Misfortune","Golden Egg","Bag of Preparation","survmod:RunningShoes","Toxic Egg 2"],"acts_visited":["Exordium"],"potions_floor_usage":[],"damage_taken":[{"damage":0,"enemies":"Cultist","floor":1,"turns":3},{"damage":0,"enemies":"Small Slimes","floor":4,"turns":4},{"damage":0,"enemies":"2 Louse","floor":5,"turns":3},{"damage":15,"enemies":"Gremlin Nob","floor":6,"turns":6},{"damage":0,"enemies":"Looter","floor":13,"turns":3},{"damage":0,"enemies":"Lagavulin","floor":14,"turns":5},{"damage":0,"enemies":"Fading Forest","floor":16,"turns":8}],"seed_played":"-1663681564372375417","potions_obtained":[{"floor":1,"key":"DistilledChaos"},{"floor":4,"key":"Fire Potion"},{"floor":8,"key":"LiquidBronze"}],"is_trial":true,"path_per_floor":["M","?","?","M","M","E","R","?","T","R","?","R","M","E","R","B"],"character_chosen":"THE_SURVIVOR","items_purchased":[],"campfire_rested":1,"item_purchase_floors":[],"current_hp_per_floor":[50,50,50,50,50,35,35,23,23,23,18,33,33,33,33,43,43],"gold":383,"neow_bonus":"","is_daily":false,"chose_seed":false,"campfire_upgraded":3,"win_rate":0.0,"timestamp":1613610719,"path_taken":["M","?","?","M","M","E","R","?","T","R","?","R","M","E","R","BOSS"],"items_purchased_type":[],"build_version":"2020-12-22","purchased_purges":0,"victory":false,"max_hp_per_floor":[50,50,50,50,50,50,50,50,50,50,50,50,50,50,50,50,50],"card_choices":[{"not_picked":["survmod:BearTrap","survmod:FindCover"],"picked":"survmod:OverwhelmingAssault","floor":1},{"not_picked":["survmod:FocusedFire","survmod:BearTrap"],"picked":"survmod:Adaptability","floor":4},{"not_picked":["survmod:MarkedShot","survmod:AcidArrow","survmod:LongShot"],"picked":"SKIP","floor":5},{"not_picked":["survmod:TwinShot","survmod:AcidArrow","survmod:OverwhelmingAssault"],"picked":"SKIP","floor":6},{"not_picked":["survmod:ChokingBow","survmod:LongShot","survmod:Hawkeye"],"picked":"SKIP","floor":13},{"not_picked":["survmod:PenetratingShot","survmod:SimpleMutation","survmod:Hawkeye+1"],"picked":"SKIP","floor":14}],"player_experience":199728,"relics_obtained":[{"floor":3,"key":"Ring of Misfortune"},{"floor":6,"key":"Golden Egg"},{"floor":8,"key":"Bag of Preparation"},{"floor":9,"key":"survmod:RunningShoes"},{"floor":14,"key":"Toxic Egg 2"}],"event_choices":[],"is_beta":false,"boss_relics":[],"items_purged_floors":[],"is_endless":false,"potions_floor_spawned":[1,4],"killed_by":"Fading Forest","ascension_level":1}}