{"host":"xp5rvh2jwe2ejyfm","time":1613661078,"event":{"mods":["2.2 Compatiblity","Aspiration","BaseMod","Better Altar","Better Match","Better Note","Better Sensory Stone","Better Skull","BetterRewards","Colored Powertips","Conspire","Downfall","GifTheSpireLib","Gremlin Mod","GungeonMod","Hermit","Hubris","Jorbs\u0027s Wanderer Trilogy","Minty Spire (QoL Compilation)","Potionbrewer","Quick Restart","Replay The Spire","Robot Space Explorer","Shade Mod","Somnambulant","StSLib","The Bug Knight","The Clintock","The Construct","The Cursed","The Disciple","The Forsaken","The Hierophant","The Marked","The Necromancer","The Runesmith","The Servant 0.9.4","The Valiant","The Witch","TheFirefly","thorton"],"gold_per_floor":[117,128,47,64,10,10,21,21,44,78,94,114,114,127,127,226,226,240,255,271,271,271],"floor_reached":21,"language":"ENG","playtime":2716,"items_purged":[],"score":210,"play_id":"184018ed-572d-4464-a06f-d7019ff41686","local_time":"20210218101118","is_ascension_mode":false,"campfire_choices":[{"floor":6,"key":"RECALL"},{"data":"Specialist","floor":8,"key":"SMITH"},{"floor":13,"key":"REST"},{"floor":15,"key":"REST"}],"circlet_count":0,"master_deck":["RobotSpaceExplorer:Strike","RobotSpaceExplorer:Strike","RobotSpaceExplorer:Strike","RobotSpaceExplorer:Strike","RobotSpaceExplorer:Defend","RobotSpaceExplorer:Defend","RobotSpaceExplorer:Defend","RobotSpaceExplorer:Defend","RobotSpaceExplorer:Scan","RobotSpaceExplorer:MiniLasers","Finesse","RobotSpaceExplorer:MiniBoosters","RobotSpaceExplorer:SurgingShield","Specialist+1","RobotSpaceExplorer:StunGrenade","RobotSpaceExplorer:ImprovisedAttack","RobotSpaceExplorer:StunGrenade","RobotSpaceExplorer:Reload","RobotSpaceExplorer:Pulsar","RobotSpaceExplorer:MiniDrones","RobotSpaceExplorer:MiniDrones","RobotSpaceExplorer:Autoloader","RobotSpaceExplorer:MetalStrike","RobotSpaceExplorer:ScrapMissile+1","RobotSpaceExplorer:DoubleBlock"],"relics":["RobotSpaceExplorer:RoboCore","Boot","Replay:Ringing Soul","conspire:SpecialSausage"],"acts_visited":["Exordium","TheCity"],"potions_floor_usage":[10,16,16,20,20],"damage_taken":[{"damage":3,"enemies":"Small Slimes","floor":1,"turns":3},{"damage":2,"enemies":"Jaw Worm","floor":2,"turns":4},{"damage":4,"enemies":"2 Louse","floor":4,"turns":2},{"damage":0,"enemies":"Looter","floor":7,"turns":4},{"damage":30,"enemies":"Lagavulin","floor":10,"turns":6},{"damage":8,"enemies":"Exordium Wildlife","floor":11,"turns":4},{"damage":1,"enemies":"Gremlin Gang","floor":12,"turns":3},{"damage":0,"enemies":"Large Slime","floor":14,"turns":5},{"damage":26,"enemies":"The Guardian","floor":16,"turns":12},{"damage":12,"enemies":"Shell Parasite","floor":18,"turns":7},{"damage":24,"enemies":"Chosen","floor":19,"turns":6},{"damage":31,"enemies":"3 Cultists","floor":20,"turns":5},{"damage":35,"enemies":"Snake Plant","floor":21,"turns":4}],"seed_played":"-6789885313433624352","potions_obtained":[{"floor":4,"key":"BlessingOfTheForge"},{"floor":10,"key":"Dexterity Potion"},{"floor":11,"key":"Weak Potion"},{"floor":14,"key":"Swift Potion"},{"floor":18,"key":"PowerPotion"}],"is_trial":false,"path_per_floor":["M","M","$","M","$","R","M","R","T","E","M","M","R","M","R","B",null,"M","M","M","M"],"character_chosen":"RobotSpaceExplorer","items_purchased":["Specialist","RobotSpaceExplorer:ImprovisedAttack"],"campfire_rested":2,"item_purchase_floors":[3,5],"current_hp_per_floor":[72,70,70,66,66,66,66,66,66,39,34,36,61,64,87,64,90,81,60,32,0,0],"gold":271,"neow_bonus":"RANDOM_COLORLESS","is_daily":false,"chose_seed":false,"campfire_upgraded":1,"win_rate":0.0,"timestamp":1613661078,"path_taken":["M","M","$","M","$","R","M","R","T","E","M","M","R","M","R","BOSS","M","M","M","M"],"items_purchased_type":["Card","Card"],"build_version":"2020-12-22","purchased_purges":0,"victory":false,"max_hp_per_floor":[75,75,75,75,75,75,75,75,75,78,81,84,84,87,87,90,90,93,96,99,99,99],"card_choices":[{"not_picked":["Jack Of All Trades","Deep Breath"],"picked":"Finesse","floor":0},{"not_picked":["RobotSpaceExplorer:ScrapMissile","RobotSpaceExplorer:StarDust"],"picked":"RobotSpaceExplorer:MiniBoosters","floor":1},{"not_picked":["RobotSpaceExplorer:JunkDive","RobotSpaceExplorer:SwiftStep"],"picked":"RobotSpaceExplorer:SurgingShield","floor":2},{"not_picked":["RobotSpaceExplorer:GlueShot","RobotSpaceExplorer:ToxicBomb"],"picked":"RobotSpaceExplorer:StunGrenade","floor":4},{"not_picked":["RobotSpaceExplorer:IronShell","RobotSpaceExplorer:Ammunition"],"picked":"RobotSpaceExplorer:StunGrenade","floor":7},{"not_picked":["RobotSpaceExplorer:HighVoltage","RobotSpaceExplorer:ScrapMissile"],"picked":"RobotSpaceExplorer:Reload","floor":10},{"not_picked":["RobotSpaceExplorer:SurgingShield","RobotSpaceExplorer:ShockKick"],"picked":"RobotSpaceExplorer:Pulsar","floor":11},{"not_picked":["RobotSpaceExplorer:Jetpack","RobotSpaceExplorer:SelfCleaning"],"picked":"RobotSpaceExplorer:MiniDrones","floor":12},{"not_picked":["RobotSpaceExplorer:SlimeMissile","RobotSpaceExplorer:StunGrenade"],"picked":"RobotSpaceExplorer:MiniDrones","floor":14},{"not_picked":["RobotSpaceExplorer:Arsenal","RobotSpaceExplorer:ShockMissile"],"picked":"RobotSpaceExplorer:Autoloader","floor":16},{"not_picked":["RobotSpaceExplorer:Counterblock+1","RobotSpaceExplorer:ImprovisedAttack"],"picked":"RobotSpaceExplorer:MetalStrike","floor":18},{"not_picked":["RobotSpaceExplorer:Counterblock","RobotSpaceExplorer:Ammunition"],"picked":"RobotSpaceExplorer:ScrapMissile+1","floor":19},{"not_picked":["RobotSpaceExplorer:Probe","RobotSpaceExplorer:MakeshiftVolley"],"picked":"RobotSpaceExplorer:DoubleBlock","floor":20}],"player_experience":523652,"relics_obtained":[{"floor":9,"key":"Boot"},{"floor":10,"key":"Replay:Ringing Soul"}],"event_choices":[],"is_beta":false,"boss_relics":[{"not_picked":["SlaversCollar","hubris:CrackedHourglass"],"picked":"conspire:SpecialSausage"}],"items_purged_floors":[],"is_endless":false,"potions_floor_spawned":[4,10,11,14,18],"killed_by":"Snake Plant","ascension_level":0}}