{"host":"5pruifpvrxoc6ior","time":1613610127,"event":{"mods":["AchievementEnabler","Aspiration","BaseMod","Colored Map","Colored Powertips","Downfall","Googly Eyes","Hermit","Hubris","Jorbs\u0027s Wanderer Trilogy","Marisa????????","Minty Spire (QoL Compilation)","Quick Restart","Remilia??????","Replay The Spire","StSLib","SuperFastMode","The Bug Knight","The Cursed","The Disciple","The Hierophant","The Jungle","The Necromancer","The Servant 0.9.4"],"gold_per_floor":[113,62,62,62,62,94,107,118,118,37,37,71,71,81,81,181,181,191,191,202,218,218,244,244,276,300,300,8,42,42,54,54,150,150,161,161,161,179,189,216,216,247,247,259,278,278,308,326,326,326,326],"floor_reached":50,"language":"ENG","playtime":3432,"items_purged":[],"score":848,"play_id":"f6bb6e2b-2b80-4a0c-844a-4406f266b710","local_time":"20210217200207","is_ascension_mode":true,"campfire_choices":[{"data":"Summon_Death_Knight","floor":24,"key":"SMITH"},{"data":"Pot Of Greed","floor":27,"key":"SMITH"},{"data":"Pot Of Greed","floor":32,"key":"SMITH"},{"floor":41,"key":"REST"},{"data":"Pot Of Greed","floor":46,"key":"SMITH"},{"floor":49,"key":"REST"}],"circlet_count":0,"master_deck":["Strike_W","Strike_W+1","Strike_W","Strike_W","Defend_W","Defend_W+1","Defend_W+1","Defend_W","Negative_Energy_Arrows+1","Bone_Wall","Life_Drain+1","Blood_Curse","Slay_Living","Spectral_Walk","Vampiric_Strike+1","Negative_Energy_Burst","Spectral_Armor","Bone_Armor+1","Toxic_Smoke_Screen","Pot Of Greed+1","Pot Of Greed+1","Acid_Javelin","Spectral_Armor","hubris:DuctTapeCard","Pot Of Greed+1","Toxic_Smoke_Screen","Bone_Prison","Exploit","Shade_Step+1","Shade_Step","Bone_Armor","Summon_Undead","Blood_Whip","Uncharnel+1","Pot Of Greed+1","Toxic_Smoke_Screen+1","Necrotic_Claws","Stop_Heart+1","Bone_Armor"],"relics":["Vampire_Amulet","NeowsBlessing","Toy Ornithopter","Replay:Baseball","hubris:Metronome","Question Card","ChewingGum","Spirit Poop","Grinning Jar","Replay:PocketPolymizer","Dream Catcher","hubris:DuctTape","MealTicket","theJungle:BirthdayCake","Replay:Ancient Bell","Oddly Smooth Stone","hubris:CrystalStatue","Calipers","Gremlin Food","ReplayFunnel","Sundial","aspiration:StickyExplosives_weak"],"acts_visited":["Exordium","Exordium","TheBeyond"],"potions_floor_usage":[23,23,25,29,50,50],"damage_taken":[{"damage":0,"enemies":"Cultist","floor":1,"turns":1},{"damage":0,"enemies":"Gremlin Nob","floor":6,"turns":1},{"damage":0,"enemies":"2 Louse","floor":7,"turns":1},{"damage":4,"enemies":"Jaw Worm","floor":8,"turns":3},{"damage":35,"enemies":"Lagavulin","floor":12,"turns":6},{"damage":11,"enemies":"Red Slaver","floor":14,"turns":3},{"damage":28,"enemies":"Slime Boss","floor":16,"turns":7},{"damage":9,"enemies":"theJungle:5_Spyders","floor":18,"turns":6},{"damage":9,"enemies":"Shell Parasite","floor":20,"turns":4},{"damage":22,"enemies":"theJungle:2_Snecko_Cultists","floor":21,"turns":4},{"damage":21,"enemies":"theJungle:Cassacara","floor":23,"turns":7},{"damage":23,"enemies":"theJungle:2_Phrogs","floor":25,"turns":10},{"damage":0,"enemies":"theJungle:MamaSnecko","floor":29,"turns":4},{"damage":0,"enemies":"Snake Plant","floor":31,"turns":5},{"damage":101,"enemies":"theJungle:TotemBoss","floor":33,"turns":13},{"damage":0,"enemies":"Orb Walker","floor":35,"turns":3},{"damage":0,"enemies":"3 Shapes","floor":38,"turns":5},{"damage":7,"enemies":"3 Darklings","floor":39,"turns":4},{"damage":104,"enemies":"R_Hoarder","floor":40,"turns":19},{"damage":30,"enemies":"Nemesis","floor":42,"turns":8},{"damage":0,"enemies":"Sphere and 2 Shapes","floor":44,"turns":4},{"damage":16,"enemies":"Transient","floor":45,"turns":5},{"damage":41,"enemies":"Reptomancer","floor":47,"turns":9},{"damage":16,"enemies":"3 Darklings","floor":48,"turns":5},{"damage":51,"enemies":"hubris:GrandSnecko","floor":50,"turns":5}],"seed_played":"721286531971609089","potions_obtained":[{"floor":7,"key":"Swift Potion"},{"floor":8,"key":"Slimebound:ThreeZeroPotion"},{"floor":12,"key":"sneckomod:MuddlingPotion"},{"floor":16,"key":"DistilledChaos"},{"floor":23,"key":"hexamod:SoulburnPotion"},{"floor":35,"key":"SteroidPotion"},{"floor":42,"key":"Toxic Potion"},{"floor":44,"key":"sneckomod:MuddlingPotion"}],"is_trial":false,"path_per_floor":["M","$","?","?","?","E","M","M","T","$","$","E","?","M","R_BF","B",null,"M","?","M","M","?","E","R","E","T","R","$","E","?","M","R","B",null,"M","?","?","M","M","E","R","E","T","M","M","R","E","M","R","B"],"character_chosen":"NECROMANCER","items_purchased":["Summon_Lich+1","Spectral_Walk","hubris:DuctTape","Toxic_Smoke_Screen"],"campfire_rested":2,"item_purchase_floors":[2,10,28,28],"current_hp_per_floor":[75,75,75,60,60,62,66,70,70,70,70,46,46,45,67,57,75,75,75,68,56,56,64,64,59,59,59,59,75,95,95,95,19,95,95,95,95,95,90,6,34,33,33,48,38,38,18,10,38,0,0],"gold":326,"neow_bonus":"THREE_ENEMY_KILL","is_daily":false,"chose_seed":false,"campfire_upgraded":4,"win_rate":0.0,"timestamp":1613610127,"path_taken":["M","$","?","?","?","E","M","M","T","?","$","E","?","M","R_BF","BOSS","M","?","?","M","?","E","R","E","T","R","$","E","?","M","R","BOSS","M","?","?","M","?","E","R","E","T","M","M","R","E","M","R","BOSS"],"items_purchased_type":["Card","Card","Relic","Card"],"build_version":"2020-12-22","purchased_purges":0,"victory":false,"max_hp_per_floor":[75,75,75,75,75,75,75,75,75,75,75,75,75,75,75,75,75,75,75,75,75,75,75,75,75,75,75,75,75,95,95,95,95,95,95,95,95,95,95,95,95,95,95,95,95,95,95,95,95,95,95],"card_choices":[{"not_picked":["Blood_Curse","Negative_Energy_Javelin"],"picked":"Life_Drain","floor":1},{"not_picked":["Negative_Energy_Bomb","Bone_Spikes"],"picked":"Blood_Curse","floor":6},{"not_picked":["Blood_Whip","Blood_Curse"],"picked":"Slay_Living","floor":7},{"not_picked":["Blood_Is_Power","Death_Coil"],"picked":"Exploit","floor":8},{"not_picked":["Vampiric_Strike","Death_Knell","Negative_Energy_Bomb"],"picked":"SKIP","floor":12},{"not_picked":["Finger_Of_Death","Siphon_Strength","Negative_Energy_Javelin"],"picked":"Negative_Energy_Burst","floor":14},{"not_picked":["Hellfire","Reap_The_Weak","Skeleton_Dragon"],"picked":"Summon_Death_Knight","floor":16},{"not_picked":["Bone_Bullets+1","Death_March_Dance","Blood_Whip"],"picked":"Spectral_Armor","floor":18},{"not_picked":["Consume_Illness","Chill_Blood","Blood_for_Blood"],"picked":"Bone_Armor+1","floor":20},{"not_picked":["Plague_Bolt","Death_Knell","Thousand_Bone_Knives"],"picked":"Toxic_Smoke_Screen","floor":21},{"not_picked":["Death_Knell","Blood_Whip+1","Negative_Energy_Sphere"],"picked":"Acid_Javelin","floor":23},{"not_picked":["Life_Tap","Chill_Blood","Negative_Energy_Mist"],"picked":"Spectral_Armor","floor":25},{"not_picked":["Chill_Blood","Plague_Bolt+1","Hellfire"],"picked":"Bone_Prison","floor":29},{"not_picked":["Death_Coil","Negative_Energy_Mist","Bone_Bullets"],"picked":"Exploit","floor":31},{"not_picked":["Shame","hubris:Envy","Doubt"],"picked":"Replay:Sluggish","floor":34},{"not_picked":["CurseOfTheBell","downfall:Aged","Overencumbered"],"picked":"Decay","floor":34},{"not_picked":["SwitchThreat","Injury","Languid"],"picked":"Clumsy","floor":34},{"not_picked":["Death_Coil","Shackles_Of_Pain","Blood_Whip+1"],"picked":"Shade_Step+1","floor":35},{"not_picked":["Strike_from_Beyond+1","Blood_Whip+1","Grasp_Heart"],"picked":"Shade_Step","floor":38},{"not_picked":["Plague_Bolt+1","Consume_Illness+1","Shackles_Of_Pain+1"],"picked":"Bone_Armor","floor":39},{"not_picked":["Strike_from_Beyond+1","Grasp_Heart","Death_Coil"],"picked":"Summon_Undead","floor":40},{"not_picked":["Bone_Spikes","Negative_Energy_Shield+1","Negative_Energy_Javelin"],"picked":"Blood_Whip","floor":41},{"not_picked":["Strike_from_Beyond+1","Violent_Necrosis","Necromantic_Selection"],"picked":"Uncharnel+1","floor":42},{"not_picked":["Bone_Bullets+1","Negative_Energy_Mist","Exploit+1","Bone_Spikes"],"picked":"SKIP","floor":44},{"not_picked":["Epidemic","Blood_Magic","Consume_Illness"],"picked":"Toxic_Smoke_Screen+1","floor":45},{"not_picked":["Life_Drain","Scare","Negative_Energy_Mist+1"],"picked":"Necrotic_Claws","floor":47},{"not_picked":["Bone_Spikes","Negative_Energy_Mist","Necromantic_Selection"],"picked":"Stop_Heart+1","floor":48},{"not_picked":["Negative_Energy_Javelin+1","Slay_Living","Scare"],"picked":"Bone_Armor","floor":49}],"player_experience":33816,"relics_obtained":[{"floor":6,"key":"Replay:Baseball"},{"floor":9,"key":"hubris:Metronome"},{"floor":12,"key":"Question Card"},{"floor":23,"key":"Grinning Jar"},{"floor":25,"key":"Replay:PocketPolymizer"},{"floor":26,"key":"Dream Catcher"},{"floor":29,"key":"MealTicket"},{"floor":40,"key":"Gremlin Food"},{"floor":42,"key":"ReplayFunnel"},{"floor":43,"key":"Sundial"},{"floor":47,"key":"aspiration:StickyExplosives_weak"}],"event_choices":[{"damage_healed":0,"gold_gain":0,"player_choice":"Grow","damage_taken":0,"max_hp_gain":0,"max_hp_loss":0,"event_name":"Living Wall","floor":3,"gold_loss":0,"cards_upgraded":["Negative_Energy_Arrows"]},{"damage_healed":0,"gold_gain":0,"player_choice":"Entered Light","damage_taken":15,"max_hp_gain":0,"max_hp_loss":0,"event_name":"Shining Light","floor":4,"gold_loss":0,"cards_upgraded":["Life_Drain","Strike_W"]},{"damage_healed":0,"gold_gain":0,"player_choice":"Box","damage_taken":0,"relics_obtained":["Toy Ornithopter"],"max_hp_gain":0,"max_hp_loss":0,"event_name":"Big Fish","floor":5,"gold_loss":0,"cards_obtained":["Regret"]},{"damage_healed":0,"gold_gain":0,"cards_transformed":["Exploit"],"player_choice":"Transformed","damage_taken":0,"max_hp_gain":0,"max_hp_loss":0,"event_name":"Transmorgrifier","floor":13,"gold_loss":0,"cards_obtained":["Vampiric_Strike"]},{"cards_removed":["Regret"],"damage_healed":0,"gold_gain":0,"player_choice":"Offered Curse","damage_taken":0,"relics_obtained":["Spirit Poop"],"max_hp_gain":0,"max_hp_loss":0,"event_name":"Bonfire Elementals","floor":19,"gold_loss":0},{"cards_removed":["Clumsy","Decay","Replay:Sluggish"],"damage_healed":0,"gold_gain":0,"player_choice":"Removed Curses","damage_taken":0,"max_hp_gain":0,"max_hp_loss":0,"event_name":"Fountain of Cleansing","floor":37,"gold_loss":0}],"is_beta":false,"boss_relics":[{"not_picked":["hubris:BlackHole","Cursed Key"],"picked":"ChewingGum"},{"not_picked":["Velvet Choker","Replay:Wanted Poster"],"picked":"Replay:Ancient Bell"},{"not_picked":["Orichalcum","hubris:ToyBattleship"],"picked":"Oddly Smooth Stone"},{"not_picked":["Letter Opener","Darkstone Periapt"],"picked":"hubris:CrystalStatue"},{"not_picked":["hubris:FunFungus","TungstenRod"],"picked":"Calipers"}],"items_purged_floors":[],"is_endless":false,"potions_floor_spawned":[7,8,12,16,21,23,25,35,42,44,47],"killed_by":"hubris:GrandSnecko","ascension_level":3}}