{"host":"72n3jwtrlpjobydj","time":1613666682,"event":{"mods":["AchievementEnabler","BaseMod","CapriCore","DeckTracker","Hermit","Koishi","KomeijiMod","Lobotomy","Marisa£¨Ùöéë¡¡Øª×âÞÞ£©","Minty Spire (QoL Compilation)","Permanent Neow","StSLib","SuperFastMode","The Cursed","The Hierophant","The Immortal"],"gold_per_floor":[115,40,40,50,66,94,94,122,147,147,147,178,178,67,67,168,168,180,0,13,33,33,33],"floor_reached":22,"language":"KOR","playtime":854,"items_purged":["Defend_P"],"score":202,"play_id":"72df76e6-81a5-420d-a9d0-fdfbae01e3c2","local_time":"20210219014442","is_ascension_mode":false,"campfire_choices":[{"floor":7,"key":"REST"},{"data":"TalkToTheHand","floor":11,"key":"SMITH"},{"floor":13,"key":"REST"},{"floor":15,"key":"REST"}],"circlet_count":0,"master_deck":["Strike_P","Strike_P","Defend_P","Defend_P","Eruption","Vigilance","Crescendo","ClearTheMind","TalkToTheHand+1","Adaptation","Tantrum"],"relics":["PureWater","Vajra","Bronze Scales","Happy Flower","Tiny Chest","Empty Cage"],"acts_visited":["Exordium","TheCity"],"potions_floor_usage":[6,8,8],"damage_taken":[{"damage":0,"enemies":"Cultist","floor":1,"turns":3},{"damage":0,"enemies":"Jaw Worm","floor":4,"turns":2},{"damage":0,"enemies":"2 Louse","floor":5,"turns":2},{"damage":26,"enemies":"3 Sentries","floor":6,"turns":9},{"damage":13,"enemies":"Lagavulin","floor":8,"turns":5},{"damage":41,"enemies":"3 Sentries","floor":12,"turns":8},{"damage":44,"enemies":"The Guardian","floor":16,"turns":7},{"damage":17,"enemies":"3 Byrds","floor":18,"turns":3},{"damage":20,"enemies":"Chosen","floor":20,"turns":3},{"damage":10,"enemies":"Sentry and Sphere","floor":21,"turns":3},{"damage":28,"enemies":"Centurion and Healer","floor":22,"turns":1}],"seed_played":"-8716132197223826528","potions_obtained":[{"floor":1,"key":"Weak Potion"},{"floor":5,"key":"Fire Potion"},{"floor":6,"key":"BlessingOfTheForge"},{"floor":16,"key":"CultistPotion"},{"floor":20,"key":"PowerPotion"}],"is_trial":false,"path_per_floor":["M","$","?","M","M","E","R","E","T","?","R","E","R","$","R","B",null,"M","?","M","M","M"],"character_chosen":"WATCHER","items_purchased":["Adaptation","Tantrum"],"campfire_rested":3,"item_purchase_floors":[14,14],"current_hp_per_floor":[72,72,72,72,72,46,67,54,54,72,72,31,52,52,72,28,72,55,55,35,25,0,0],"gold":33,"neow_bonus":"REMOVE_CARD","is_daily":false,"chose_seed":false,"campfire_upgraded":1,"win_rate":0.0,"timestamp":1613666682,"path_taken":["M","$","?","M","?","E","R","E","T","?","R","E","R","$","R","BOSS","M","?","M","M","M"],"items_purchased_type":["Card","Card"],"build_version":"2020-12-22","purchased_purges":1,"victory":false,"max_hp_per_floor":[72,72,72,72,72,72,72,72,72,72,72,72,72,72,72,72,72,72,72,72,72,72,72],"card_choices":[{"not_picked":["CutThroughFate","WindmillStrike"],"picked":"Crescendo","floor":1},{"not_picked":["SashWhip","WheelKick"],"picked":"ClearTheMind","floor":4},{"not_picked":["Protect","CrushJoints","Swivel"],"picked":"SKIP","floor":5},{"not_picked":["Consecrate","Crescendo","Judgement"],"picked":"SKIP","floor":6},{"not_picked":["Worship","Fasting2"],"picked":"TalkToTheHand","floor":8},{"not_picked":["Collect","EmptyFist","Conclude"],"picked":"SKIP","floor":12},{"not_picked":["CrushJoints","FlyingSleeves","ClearTheMind"],"picked":"SKIP","floor":18},{"not_picked":["FollowUp","SignatureMove+1","FlurryOfBlows"],"picked":"SKIP","floor":20},{"not_picked":["EmptyFist","InnerPeace","CutThroughFate+1"],"picked":"SKIP","floor":21}],"player_experience":78598,"relics_obtained":[{"floor":6,"key":"Vajra"},{"floor":8,"key":"Bronze Scales"},{"floor":9,"key":"Happy Flower"},{"floor":12,"key":"Tiny Chest"}],"event_choices":[{"damage_healed":0,"gold_gain":0,"player_choice":"0 cards matched","damage_taken":0,"max_hp_gain":0,"max_hp_loss":0,"event_name":"Match and Keep!","floor":3,"gold_loss":0,"cards_obtained":[]},{"damage_healed":24,"gold_gain":0,"player_choice":"Banana","damage_taken":0,"max_hp_gain":0,"max_hp_loss":0,"event_name":"Big Fish","floor":10,"gold_loss":0},{"damage_healed":0,"gold_gain":0,"player_choice":"Paid Fearfully","damage_taken":0,"max_hp_gain":0,"max_hp_loss":0,"event_name":"Masked Bandits","floor":19,"gold_loss":180}],"is_beta":false,"boss_relics":[{"not_picked":["Ectoplasm","Runic Pyramid"],"picked":"Empty Cage"}],"items_purged_floors":[2],"is_endless":false,"potions_floor_spawned":[1,5,6,16,20],"killed_by":"Centurion and Healer","ascension_level":0}}