{"host":"19r1ww88x2tc73i0","time":1613669503,"event":{"mods":["BaseMod","BetterRewards","Colored Map","Minty Spire (QoL Compilation)","Relic Stats","StSLib","SuperFastMode","slay the spire mod where everything is the same but ironclad has a cowboy hat"],"gold_per_floor":[111,131,145,61,73,98,111,141,141,141,141,153,185,33,33,107,107,123,138,413,413,413],"floor_reached":21,"language":"ENG","playtime":831,"items_purged":["Strike_R","Defend_R"],"score":602,"play_id":"8e86b1b4-d400-4f3d-8c5b-6dcd37b23a6e","local_time":"25640219003143","is_ascension_mode":true,"campfire_choices":[{"data":"Apotheosis","floor":10,"key":"SMITH"},{"data":"Limit Break","floor":15,"key":"SMITH"}],"circlet_count":0,"master_deck":["AscendersBane","Strike_R","Strike_R","Strike_R","Strike_R","Defend_R","Defend_R","Bash","Apotheosis+1","Battle Trance","Whirlwind+1","Limit Break+1","Feed+1","Pommel Strike","Reaper","Thunderclap","Brutality","Twin Strike","Rage","Sword Boomerang","Corruption+1","Inflame+1","Regret"],"relics":["Burning Blood","Sling","Potion Belt","Dead Branch","Chemical X","Incense Burner","Question Card","Whetstone","Tiny Chest","Frozen Egg 2","Eternal Feather","SlaversCollar"],"acts_visited":["Exordium","TheCity"],"potions_floor_usage":[6,8,18],"damage_taken":[{"damage":4,"enemies":"Jaw Worm","floor":1,"turns":3},{"damage":0,"enemies":"Cultist","floor":2,"turns":3},{"damage":0,"enemies":"Small Slimes","floor":3,"turns":3},{"damage":5,"enemies":"Blue Slaver","floor":5,"turns":3},{"damage":5,"enemies":"3 Sentries","floor":6,"turns":4},{"damage":0,"enemies":"3 Louse","floor":7,"turns":1},{"damage":30,"enemies":"Lagavulin","floor":8,"turns":6},{"damage":10,"enemies":"Large Slime","floor":12,"turns":3},{"damage":8,"enemies":"Gremlin Nob","floor":13,"turns":3},{"damage":30,"enemies":"Hexaghost","floor":16,"turns":6},{"damage":45,"enemies":"Chosen","floor":18,"turns":4},{"damage":17,"enemies":"2 Thieves","floor":19,"turns":2},{"damage":31,"enemies":"Snake Plant","floor":21,"turns":3}],"seed_played":"-6907834263577547196","potions_obtained":[{"floor":1,"key":"Weak Potion"},{"floor":3,"key":"AttackPotion"},{"floor":5,"key":"Dexterity Potion"},{"floor":12,"key":"GamblersBrew"}],"is_trial":false,"path_per_floor":["M","M","M","$","M","E","M","E","T","R","?","M","E","$","R","B",null,"M","M","?","M"],"character_chosen":"IRONCLAD","items_purchased":["Sling","Potion Belt","Dead Branch","Chemical X","Incense Burner","Apotheosis","Question Card","Feed","Sword Boomerang"],"campfire_rested":0,"item_purchase_floors":[0,0,0,0,0,0,0,4,14],"current_hp_per_floor":[70,75,75,75,79,79,79,59,59,59,52,48,56,56,68,44,73,41,30,30,0,0],"gold":413,"neow_bonus":"","is_daily":false,"chose_seed":false,"campfire_upgraded":2,"win_rate":0.0,"timestamp":1613669503,"path_taken":["M","M","M","$","M","E","M","E","T","R","?","M","E","$","R","BOSS","M","M","?","?"],"items_purchased_type":["Relic","Relic","Relic","Relic","Relic","Card","Relic","Card","Card"],"build_version":"2020-12-22","purchased_purges":2,"victory":false,"max_hp_per_floor":[75,75,75,75,79,79,79,83,83,83,83,83,83,83,83,83,83,83,83,83,83,83],"relic_stats":{"counters":[100,452],"Dead Branch":[29],"Tiny Chest":0,"Eternal Feather":12,"Chemical X":[15],"Whetstone":["Whirlwind","Feed"],"Question Card":12,"obtain_stats":[{"Vajra":25,"Whetstone":14,"Bottled Tornado":8,"Boot":27,"Sling":0,"Old Coin":7,"Sozu":17,"Blood Vial":8,"Lizard Tail":41,"DollysMirror":44,"MealTicket":6,"Philosopher\u0027s Stone":17,"Necronomicon":21,"Toxic Egg 2":0,"Runic Cube":17,"Pear":9,"Dead Branch":30,"Astrolabe":34,"Oddly Smooth Stone":0,"Eternal Feather":13,"Pen Nib":0,"War Paint":2,"Question Card":0,"OrangePellets":22,"SlaversCollar":17,"Bird Faced Urn":6,"Bronze Scales":26,"StrikeDummy":28,"Pocketwatch":46,"Darkstone Periapt":24,"Regal Pillow":44,"Lantern":27,"Singing Bowl":6,"Enchiridion":25,"Mango":9,"Bag of Preparation":0,"Juzu Bracelet":0,"Incense Burner":0,"Burning Blood":0,"ClockworkSouvenir":46,"Nunchaku":10,"Dream Catcher":24,"Shovel":0,"Matryoshka":15,"Pantograph":25,"Tiny Chest":8,"Chemical X":0,"Red Skull":42,"Paper Frog":10,"Runic Pyramid":34,"Potion Belt":0,"Self Forming Clay":26,"Frozen Egg 2":0,"MawBank":9,"Cauldron":54,"CaptainsWheel":23,"Anchor":38,"Ornamental Fan":10,"Turnip":9,"Bag of Marbles":26,"Art of War":0,"Champion Belt":0,"Toy Ornithopter":29},{"Vajra":20,"Whetstone":29,"Bottled Tornado":11,"Boot":20,"Sling":87,"Old Coin":11,"Sozu":30,"Blood Vial":54,"Lizard Tail":44,"DollysMirror":81,"MealTicket":4,"Philosopher\u0027s Stone":68,"Necronomicon":18,"Toxic Egg 2":57,"Runic Cube":16,"Pear":26,"Dead Branch":36,"Astrolabe":38,"Oddly Smooth Stone":50,"Eternal Feather":96,"Pen Nib":0,"War Paint":51,"Question Card":87,"OrangePellets":33,"SlaversCollar":97,"Bird Faced Urn":10,"Bronze Scales":20,"StrikeDummy":35,"Pocketwatch":82,"Darkstone Periapt":20,"Regal Pillow":46,"Lantern":73,"Singing Bowl":53,"Enchiridion":34,"Mango":11,"Bag of Preparation":7,"Juzu Bracelet":50,"Incense Burner":87,"Burning Blood":0,"ClockworkSouvenir":47,"Nunchaku":27,"Dream Catcher":34,"Shovel":7,"Matryoshka":15,"Pantograph":73,"Tiny Chest":94,"Chemical X":87,"Red Skull":45,"Paper Frog":11,"Runic Pyramid":77,"Potion Belt":87,"Self Forming Clay":20,"Frozen Egg 2":57,"MawBank":5,"Cauldron":86,"CaptainsWheel":19,"Anchor":79,"Ornamental Fan":63,"Turnip":62,"Bag of Marbles":34,"Art of War":50,"Champion Belt":21,"Toy Ornithopter":20},{"Vajra":78,"Whetstone":116,"Bottled Tornado":43,"Boot":78,"Sling":408,"Old Coin":43,"Sozu":127,"Blood Vial":252,"Lizard Tail":199,"DollysMirror":380,"MealTicket":18,"Philosopher\u0027s Stone":322,"Necronomicon":73,"Toxic Egg 2":262,"Runic Cube":65,"Pear":102,"Dead Branch":156,"Astrolabe":169,"Oddly Smooth Stone":230,"Eternal Feather":437,"Pen Nib":0,"War Paint":235,"Question Card":408,"OrangePellets":141,"SlaversCollar":443,"Bird Faced Urn":38,"Bronze Scales":78,"StrikeDummy":152,"Pocketwatch":385,"Darkstone Periapt":78,"Regal Pillow":206,"Lantern":344,"Singing Bowl":245,"Enchiridion":146,"Mango":43,"Bag of Preparation":29,"Juzu Bracelet":230,"Incense Burner":408,"Burning Blood":0,"ClockworkSouvenir":213,"Nunchaku":105,"Dream Catcher":146,"Shovel":29,"Matryoshka":56,"Pantograph":344,"Tiny Chest":431,"Chemical X":408,"Red Skull":203,"Paper Frog":43,"Runic Pyramid":363,"Potion Belt":408,"Self Forming Clay":78,"Frozen Egg 2":262,"MawBank":21,"Cauldron":407,"CaptainsWheel":74,"Anchor":370,"Ornamental Fan":295,"Turnip":288,"Bag of Marbles":146,"Art of War":230,"Champion Belt":79,"Toy Ornithopter":78}],"Burning Blood":544},"card_choices":[{"not_picked":["Sever Soul","Flex","Warcry"],"picked":"Battle Trance","floor":1},{"not_picked":["Perfected Strike","Spot Weakness","Body Slam"],"picked":"Whirlwind","floor":2},{"not_picked":["Armaments","Body Slam","Pommel Strike"],"picked":"Limit Break","floor":3},{"not_picked":["Body Slam","Wild Strike","Shrug It Off"],"picked":"Pommel Strike","floor":5},{"not_picked":["Cleave","Uppercut","Infernal Blade"],"picked":"Reaper","floor":6},{"not_picked":["Twin Strike","Havoc","Flame Barrier"],"picked":"Thunderclap","floor":7},{"not_picked":["Body Slam","Hemokinesis","Heavy Blade"],"picked":"Brutality","floor":8},{"not_picked":["Spot Weakness","Rage","Iron Wave"],"picked":"Twin Strike","floor":12},{"not_picked":["Dropkick","Brutality+1","Havoc"],"picked":"Rage","floor":13},{"not_picked":["Juggernaut+1","Demon Form+1","Immolate"],"picked":"Corruption+1","floor":16},{"not_picked":["Armaments","True Grit","Clash","Iron Wave"],"picked":"SKIP","floor":18},{"not_picked":["Infernal Blade+1","Anger+1","Havoc+1"],"picked":"Inflame+1","floor":19}],"player_experience":1125547,"relics_obtained":[{"floor":6,"key":"Whetstone"},{"floor":8,"key":"Tiny Chest"},{"floor":9,"key":"Frozen Egg 2"},{"floor":13,"key":"Eternal Feather"}],"event_choices":[{"cards_removed":["Defend_R"],"damage_healed":0,"gold_gain":0,"player_choice":"Card Removal","damage_taken":7,"max_hp_gain":0,"max_hp_loss":0,"event_name":"Golden Wing","floor":11,"gold_loss":0},{"damage_healed":0,"gold_gain":275,"player_choice":"Desecrate","damage_taken":0,"max_hp_gain":0,"max_hp_loss":0,"event_name":"Golden Shrine","floor":20,"gold_loss":0,"cards_obtained":["Regret"]}],"is_beta":false,"boss_relics":[{"not_picked":["Ectoplasm","Snecko Eye"],"picked":"SlaversCollar"}],"items_purged_floors":[0,14],"is_endless":false,"potions_floor_spawned":[1,3,5,12],"killed_by":"Snake Plant","ascension_level":20}}