{"host":"wxz7488rqrwl2v46","time":1613647064,"event":{"mods":["BaseMod","Minty Spire (QoL Compilation)","Quick Restart","Replay The Spire","StSLib"],"gold_per_floor":[113,45,60,71,85,119,135,148,175,208,208,220,236,254,254,358,358,376,392,392,409,420,420,420,420,420],"floor_reached":25,"language":"ZHS","playtime":1399,"items_purged":[],"score":221,"play_id":"ab1a244d-034f-48e6-8c89-344c7310b04a","local_time":"20210218191744","is_ascension_mode":false,"campfire_choices":[{"data":"Crystallizer","floor":11,"key":"SMITH"},{"floor":15,"key":"REST"},{"floor":24,"key":"REST"}],"circlet_count":0,"master_deck":["Defend_B","Defend_B","Defend_B","Defend_B","Zap","Dualcast","Double Energy","Crystallizer","Redo","ReplayTheSpireMod:Omega Cannon","Auto Shields","Crystallizer+1","Conserve Battery","Loop","Pot Of Greed","Pot Of Greed","Loop","Hello World","Force Field","ReplayTheSpireMod:Omega Cannon","Time Bomb+1","Hello World+1","Lockon+1","Pot Of Greed","Lockon","Scrape+1","ReplayTheSpireMod:GoodbyeWorld","Consume"],"relics":["Cracked Core","Vajra","Grinning Jar","Orichalcum","Astrolabe","Calipers"],"acts_visited":["Exordium","TheCity"],"potions_floor_usage":[],"damage_taken":[{"damage":0,"enemies":"Cultist","floor":1,"turns":5},{"damage":2,"enemies":"Jaw Worm","floor":3,"turns":4},{"damage":0,"enemies":"2 Louse","floor":4,"turns":3},{"damage":2,"enemies":"Blue Slaver","floor":5,"turns":3},{"damage":22,"enemies":"Gremlin Nob","floor":6,"turns":4},{"damage":0,"enemies":"3 Louse","floor":7,"turns":1},{"damage":3,"enemies":"Red Slaver","floor":8,"turns":2},{"damage":30,"enemies":"Lagavulin","floor":10,"turns":5},{"damage":0,"enemies":"Blue Slaver","floor":12,"turns":2},{"damage":9,"enemies":"Exordium Thugs","floor":13,"turns":3},{"damage":0,"enemies":"Lots of Slimes","floor":14,"turns":1},{"damage":35,"enemies":"Fading Forest","floor":16,"turns":11},{"damage":5,"enemies":"Spheric Guardian","floor":18,"turns":3},{"damage":13,"enemies":"Shell Parasite","floor":19,"turns":4},{"damage":33,"enemies":"Snake Plant","floor":21,"turns":5},{"damage":2,"enemies":"3 Cultists","floor":22,"turns":4},{"damage":33,"enemies":"Centurion and Healer","floor":25,"turns":4}],"seed_played":"2580797320934976990","potions_obtained":[{"floor":3,"key":"Regen Potion"},{"floor":6,"key":"GamblersBrew"},{"floor":7,"key":"FearPotion"},{"floor":10,"key":"FocusPotion"}],"is_trial":false,"path_per_floor":["M","$","M","M","M","E","M","M","T","E","R","M","M","M","R","B",null,"M","M","T","M","M","?","R","M"],"character_chosen":"DEFECT","items_purchased":["Crystallizer"],"campfire_rested":2,"item_purchase_floors":[2],"current_hp_per_floor":[75,75,73,73,71,49,49,46,46,16,16,16,7,7,29,14,75,70,57,57,24,22,8,32,0,0],"gold":420,"neow_bonus":"RANDOM_EVENT","is_daily":false,"chose_seed":false,"campfire_upgraded":1,"win_rate":0.0,"timestamp":1613647064,"path_taken":["M","$","M","M","M","E","M","M","T","E","R","?","?","M","R","BOSS","M","?","?","M","?","?","R","M"],"items_purchased_type":["Card"],"build_version":"2020-12-22","purchased_purges":0,"victory":false,"max_hp_per_floor":[75,75,75,75,75,75,75,75,75,75,75,75,75,75,75,75,75,75,75,75,75,75,80,80,80,80],"card_choices":[{"not_picked":["Sweeping Beam","Barrage"],"picked":"Double Energy","floor":1},{"not_picked":["Time Bomb","BasicCrystalCard"],"picked":"Redo","floor":3},{"not_picked":["ReplayTheSpireMod:GoodbyeWorld","ReplayTheSpireMod:Reroute Power"],"picked":"ReplayTheSpireMod:Omega Cannon","floor":4},{"not_picked":["Go for the Eyes","Storm"],"picked":"Auto Shields","floor":5},{"not_picked":["ReplayTheSpireMod:GoodbyeWorld","Barrage"],"picked":"Crystallizer","floor":6},{"not_picked":["Gash","Hologram"],"picked":"Conserve Battery","floor":7},{"not_picked":["Consume","Sweeping Beam"],"picked":"Loop","floor":8},{"not_picked":["Amplify","Compile Driver"],"picked":"Loop","floor":10},{"not_picked":["Ball Lightning","Reprogram","Static Discharge"],"picked":"SKIP","floor":12},{"not_picked":["ReplayTheSpireMod:Repulse","Barrage"],"picked":"Hello World","floor":13},{"not_picked":["Reinforced Body","ReplayTheSpireMod:Calculation Training"],"picked":"Force Field","floor":14},{"not_picked":["Seek","Fission"],"picked":"ReplayTheSpireMod:Omega Cannon","floor":16},{"not_picked":["Cold Snap+1","Hologram"],"picked":"Lockon","floor":18},{"not_picked":["BasicCrystalCard","Consume"],"picked":"Scrape+1","floor":19},{"not_picked":["Sweeping Beam","Stack"],"picked":"ReplayTheSpireMod:GoodbyeWorld","floor":21},{"not_picked":["Go for the Eyes","Barrage"],"picked":"Consume","floor":22}],"player_experience":61589,"relics_obtained":[{"floor":6,"key":"Vajra"},{"floor":9,"key":"Grinning Jar"},{"floor":10,"key":"Orichalcum"},{"floor":20,"key":"Calipers"}],"event_choices":[{"cards_removed":["Strike_B"],"damage_healed":0,"gold_gain":0,"player_choice":"Forget","damage_taken":0,"max_hp_gain":0,"max_hp_loss":0,"event_name":"Living Wall","floor":0,"gold_loss":0},{"damage_healed":0,"gold_gain":0,"player_choice":"Shed Blood","damage_taken":19,"max_hp_gain":5,"max_hp_loss":0,"event_name":"Forgotten Altar","floor":23,"gold_loss":0}],"is_beta":false,"boss_relics":[{"not_picked":["Velvet Choker","Tiny House"],"picked":"Astrolabe"}],"items_purged_floors":[],"is_endless":false,"potions_floor_spawned":[3,6,7,10,13,16,19,21,22],"killed_by":"Centurion and Healer","ascension_level":0}}