{"host":"Slaske","time":1613656309,"event":{"mods":["AchievementEnabler","BaseMod","Colored Map","Colored Powertips","Minty Spire (QoL Compilation)","Random Character Button","Relic Stats","slay the spire mod where everything is the same but ironclad has a cowboy hat"],"gold_per_floor":[117,117,42,60,60,88,103,0,77,89,89,123,137,164,164,267,267,281,281,206,206,222,222,222],"floor_reached":23,"language":"ENG","playtime":4792,"items_purged":["Pain"],"score":281,"play_id":"efa53d4f-cdb0-438f-8c4a-387658849a41","local_time":"20210218145149","is_ascension_mode":true,"campfire_choices":[{"floor":11,"key":"REST"},{"floor":15,"key":"REST"}],"circlet_count":0,"master_deck":["Strike_B","Strike_B","Strike_B","Defend_B","Defend_B","Defend_B+1","Defend_B+1","Zap","Dualcast","Beam Cell","Doom and Gloom","Capacitor","Genetic Algorithm","Self Repair","Chaos","Melter","Creative AI","Capacitor","Blizzard","Enlightenment","Storm"],"relics":["FrozenCore","NeowsBlessing","WarpedTongs","DataDisk","Bottled Tornado","InkBottle","Nunchaku"],"acts_visited":["Exordium","TheCity"],"potions_floor_usage":[7,7,12,12,16,22,23],"damage_taken":[{"damage":0,"enemies":"Small Slimes","floor":1,"turns":1},{"damage":0,"enemies":"Cultist","floor":4,"turns":1},{"damage":0,"enemies":"Gremlin Nob","floor":6,"turns":1},{"damage":0,"enemies":"Jaw Worm","floor":7,"turns":1},{"damage":27,"enemies":"Exordium Thugs","floor":10,"turns":4},{"damage":20,"enemies":"3 Sentries","floor":12,"turns":5},{"damage":5,"enemies":"3 Louse","floor":13,"turns":2},{"damage":12,"enemies":"Lagavulin","floor":14,"turns":5},{"damage":46,"enemies":"Hexaghost","floor":16,"turns":9},{"damage":16,"enemies":"Spheric Guardian","floor":18,"turns":4},{"damage":22,"enemies":"2 Thieves","floor":22,"turns":3},{"damage":55,"enemies":"Gremlin Leader","floor":23,"turns":3}],"seed_played":"-3522774701552124374","potions_obtained":[{"floor":4,"key":"Fruit Juice"},{"floor":6,"key":"Fire Potion"},{"floor":7,"key":"BlessingOfTheForge"},{"floor":10,"key":"ColorlessPotion"},{"floor":16,"key":"BlessingOfTheForge"},{"floor":22,"key":"LiquidMemories"}],"is_trial":false,"path_per_floor":["M","?","$","M","?","E","M","$","T","M","R","E","M","E","R","B",null,"M","?","?","?","M","E"],"character_chosen":"DEFECT","items_purchased":["Block Potion","Fire Potion"],"campfire_rested":2,"item_purchase_floors":[8,8],"current_hp_per_floor":[75,75,75,75,60,60,65,65,65,38,62,52,47,42,66,27,80,74,74,74,74,52,0,0],"gold":222,"neow_bonus":"THREE_ENEMY_KILL","is_daily":false,"chose_seed":false,"campfire_upgraded":0,"win_rate":0.0,"timestamp":1613656309,"path_taken":["M","?","$","?","?","E","M","?","T","M","R","E","M","E","R","BOSS","M","?","?","?","?","E"],"items_purchased_type":["Potion","Potion"],"build_version":"2020-12-18","purchased_purges":1,"victory":false,"max_hp_per_floor":[75,75,75,75,75,75,80,80,80,80,80,80,80,80,80,80,80,80,80,80,80,80,80,80],"relic_stats":{"Nunchaku":[2],"counters":[12,39],"obtain_stats":[{"DataDisk":6,"Nunchaku":14,"NeowsBlessing":0,"Bottled Tornado":9,"Cracked Core":0,"InkBottle":12,"WarpedTongs":2,"FrozenCore":17},{"DataDisk":3,"Nunchaku":8,"NeowsBlessing":0,"Bottled Tornado":4,"Cracked Core":0,"InkBottle":6,"WarpedTongs":1,"FrozenCore":9},{"DataDisk":3,"Nunchaku":20,"NeowsBlessing":0,"Bottled Tornado":4,"Cracked Core":0,"InkBottle":13,"WarpedTongs":1,"FrozenCore":29}],"InkBottle":[8],"FrozenCore":[4],"WarpedTongs":[38]},"card_choices":[{"not_picked":["Coolheaded","Redo"],"picked":"Beam Cell","floor":1},{"not_picked":["Hologram","Doom and Gloom","Stack"],"picked":"SKIP","floor":4},{"not_picked":["Hologram","Stack"],"picked":"Doom and Gloom","floor":4},{"not_picked":["Multi-Cast","Force Field"],"picked":"Capacitor","floor":6},{"not_picked":["Stack","Conserve Battery"],"picked":"Genetic Algorithm","floor":7},{"not_picked":["Turbo","Static Discharge"],"picked":"Self Repair","floor":10},{"not_picked":["Beam Cell","Heatsinks"],"picked":"Chaos","floor":12},{"not_picked":["Steam","Rebound"],"picked":"Melter","floor":13},{"not_picked":["Stack","Reprogram","Blizzard"],"picked":"SKIP","floor":14},{"not_picked":["Electrodynamics","Meteor Strike"],"picked":"Creative AI","floor":16},{"not_picked":["BootSequence","Chaos+1"],"picked":"Capacitor","floor":18},{"not_picked":["Hologram","Streamline"],"picked":"Storm","floor":22}],"player_experience":516612,"relics_obtained":[{"floor":6,"key":"DataDisk"},{"floor":9,"key":"Bottled Tornado"},{"floor":12,"key":"InkBottle"},{"floor":14,"key":"Nunchaku"}],"event_choices":[{"damage_healed":0,"gold_gain":0,"player_choice":"Rummage","damage_taken":0,"relics_obtained":["WarpedTongs"],"max_hp_gain":0,"max_hp_loss":0,"event_name":"Accursed Blacksmith","floor":2,"gold_loss":0,"cards_obtained":["Pain"]},{"damage_healed":0,"gold_gain":0,"player_choice":"Entered Light","damage_taken":15,"max_hp_gain":0,"max_hp_loss":0,"event_name":"Shining Light","floor":5,"gold_loss":0,"cards_upgraded":["Defend_B","Defend_B"]},{"damage_healed":0,"gold_gain":0,"player_choice":"Read","damage_taken":0,"max_hp_gain":0,"max_hp_loss":0,"event_name":"The Library","floor":19,"gold_loss":0,"cards_obtained":["Blizzard"]},{"cards_removed":["Strike_B"],"damage_healed":0,"gold_gain":0,"player_choice":"Gave Gold","damage_taken":0,"max_hp_gain":0,"max_hp_loss":0,"event_name":"Beggar","floor":20,"gold_loss":75},{"damage_healed":0,"gold_gain":0,"player_choice":"1 cards matched","damage_taken":0,"max_hp_gain":0,"max_hp_loss":0,"event_name":"Match and Keep!","floor":21,"gold_loss":0,"cards_obtained":["Enlightenment"]}],"is_beta":true,"boss_relics":[{"not_picked":["Coffee Dripper","Empty Cage"],"picked":"FrozenCore"}],"items_purged_floors":[3],"is_endless":false,"potions_floor_spawned":[4,6,7,10,16,22],"killed_by":"Gremlin Leader","ascension_level":4}}