{"host":"zxd2l8an9de7z7b9","time":1613639881,"event":{"mods":["2.2 Compatiblity","AchievementEnabler","BaseMod","CapriCore","Colored Map","Colored Powertips","Minty Spire (QoL Compilation)","Rare Cards Sparkle","StSLib","SuperFastMode","Td1madao Mod","everything is the same but u backflip on backflip"],"gold_per_floor":[111,36,36,36,12,12,51,67,67,88,88,88,88,104,104,229,229,253,101,132,132,153,197,210,251,263,275,87,110,153,166,166,296,296,312,335,355,96,96,120,342,342,642,661,676,169,169,185,185,185,185],"floor_reached":50,"language":"KOR","playtime":2376,"items_purged":["Strike_C","Strike_C","Defend_C","Defend_C","White Contract+1"],"score":552,"play_id":"ad571a37-d97e-4986-b592-0762db6abdeb","local_time":"20210218181801","is_ascension_mode":false,"campfire_choices":[{"floor":6.0,"key":"REST"},{"data":"Bursts","floor":11.0,"key":"SMITH"},{"floor":13.0,"key":"REST"},{"data":"Provocative","floor":15.0,"key":"SMITH"},{"data":"Lunge","floor":32.0,"key":"SMITH"},{"data":"Preparedness","floor":47,"key":"SMITH"},{"data":"Overclocking","floor":49,"key":"SMITH"}],"circlet_count":0,"master_deck":["Knight Kick","Chip","Cursed Blade","Lunge+1","Bursts+1","Twin Teeth+1","Provocative+1","Pod Laser+1","Good Instincts","Black Spear+1","Overclocking+1","Perfect Defend","Revenge+1","Resistance+1","Black Hand+1","Lore+1","Judgment+1","Oblique Hack+1","Cursed Blade+1","White Contract+1","Floating Swing Kick+1","Optimization","Ruin Defend","Lore+1","Madness","Madness","Preparedness+1","Defend System+1","Here Defend Chip+1","Moon Tear"],"relics":["Apod","Golden Idol","Molten Egg 2","Mercury Hourglass","Foreshadowing","Red Mask","Matryoshka","MawBank","Vajra","Pear","Bag of Preparation","SacredBark","Membership Card","Frozen Egg 2","Old Coin","Cut Hand","Gremlin Horn","Frozen Eye"],"acts_visited":["TheCity","TheBeyond"],"potions_floor_usage":[33,33,50,50,50],"damage_taken":[{"damage":3.0,"enemies":"Cultist","floor":1.0,"turns":4.0},{"damage":32.0,"enemies":"3 Sentries","floor":7.0,"turns":8.0},{"damage":0.0,"enemies":"2 Louse","floor":8.0,"turns":3.0},{"damage":4.0,"enemies":"Jaw Worm","floor":10.0,"turns":2.0},{"damage":0.0,"enemies":"Looter","floor":14.0,"turns":2.0},{"damage":17.0,"enemies":"Slime Boss","floor":16.0,"turns":6.0},{"damage":0.0,"enemies":"3 Byrds","floor":18.0,"turns":3.0},{"damage":2.0,"enemies":"Masked Bandits","floor":20.0,"turns":3.0},{"damage":6.0,"enemies":"2 Thieves","floor":22.0,"turns":2.0},{"damage":2.0,"enemies":"Slavers","floor":23.0,"turns":3.0},{"damage":0.0,"enemies":"3 Cultists","floor":24.0,"turns":4.0},{"damage":31.0,"enemies":"Book of Stabbing","floor":25.0,"turns":4.0},{"damage":1.0,"enemies":"Centurion and Healer","floor":29.0,"turns":2.0},{"damage":0.0,"enemies":"Gremlin Leader","floor":30.0,"turns":3.0},{"damage":0.0,"enemies":"Shelled Parasite and Fungi","floor":31.0,"turns":2.0},{"damage":29,"enemies":"Collector","floor":33,"turns":5},{"damage":5,"enemies":"3 Darklings","floor":35,"turns":2},{"damage":11,"enemies":"3 Shapes","floor":36,"turns":7},{"damage":1,"enemies":"3 Darklings","floor":37,"turns":3},{"damage":16,"enemies":"Maw","floor":40,"turns":5},{"damage":0,"enemies":"Sphere and 2 Shapes","floor":44,"turns":2},{"damage":6,"enemies":"3 Darklings","floor":45,"turns":4},{"damage":23,"enemies":"Spire Growth","floor":48,"turns":4},{"damage":60,"enemies":"Awakened One","floor":50,"turns":8}],"seed_played":"7653505548150458905","potions_obtained":[{"floor":1.0,"key":"Fire Potion"},{"floor":7.0,"key":"SneckoOil"},{"floor":22.0,"key":"SpeedPotion"},{"floor":23.0,"key":"BlessingOfTheForge"},{"floor":24.0,"key":"SpeedPotion"},{"floor":25.0,"key":"BlessingOfTheForge"},{"floor":31.0,"key":"AttackPotion"},{"floor":40,"key":"Fire Potion"},{"floor":44,"key":"Weak Potion"},{"floor":48,"key":"Dexterity Potion"}],"is_trial":false,"path_per_floor":["M","$","?","?","$","R","E","M","T","M","R","?","R","M","R","B",null,"M","$","?","?","M","E","M","E","T","?","$","M","E","M","R","B",null,"M","M","M","$","?","M","?","?","T","M","M","$","R","M","R","B"],"character_chosen":"TD1MADAO_CLASS","items_purchased":["Lunge","Block Potion","Oblique Hack+1","Cursed Blade+1","Membership Card","Lore+1","Here Defend Chip+1","Moon Tear","Cut Hand","Gremlin Horn","Frozen Eye"],"campfire_rested":2,"item_purchase_floors":[5,19,28,28,38,38,46,46,46,46,46],"current_hp_per_floor":[60,60,60,45,45,63,31,31,31,27,27,27,45,45,45,28,63,63,63,61,61,55,53,53,22,32,32,32,31,31,31,31,2,73,68,57,56,56,47,31,31,83,83,83,77,77,77,54,54,0,0],"gold":185,"neow_bonus":"REMOVE_TWO","is_daily":false,"chose_seed":false,"campfire_upgraded":5,"win_rate":0.0,"timestamp":1613639881,"path_taken":["M","$","?","?","?","R","E","M","T","M","R","?","R","?","R","BOSS","M","$","?","?","?","E","M","E","T","?","$","?","E","M","R","BOSS","M","M","M","$","?","M","?","?","T","?","M","$","R","M","R","BOSS"],"items_purchased_type":["Card","Potion","Card","Card","Relic","Card","Card","Card","Relic","Relic","Relic"],"build_version":"2020-12-22","purchased_purges":5,"victory":false,"max_hp_per_floor":[63,63,63,63,63,63,63,63,63,63,63,63,63,63,63,63,63,63,63,63,63,63,63,63,63,73,73,73,73,73,73,73,73,73,73,73,73,73,73,73,73,83,83,83,83,83,83,83,83,83,83],"card_choices":[{"not_picked":["Lore","Floating Swing Kick"],"picked":"Cursed Blade","floor":1.0},{"not_picked":["Cursed Blade+1","Fire Up"],"picked":"Bursts","floor":7.0},{"not_picked":["Oblique Hack+1","Fixing"],"picked":"Twin Teeth+1","floor":8.0},{"not_picked":["Cooling Song","Fire Blade+1"],"picked":"Provocative","floor":10.0},{"not_picked":["Trader","White Contract+1"],"picked":"Black Spear+1","floor":14.0},{"not_picked":["Data Freezing","Furious"],"picked":"Overclocking","floor":16.0},{"not_picked":["Floating Swing Kick+1","Cursed Blade+1"],"picked":"Perfect Defend","floor":18.0},{"not_picked":["Black Shadow+1","Machining"],"picked":"Revenge+1","floor":20.0},{"not_picked":["Fixing","Here Defend Chip"],"picked":"Resistance+1","floor":22.0},{"not_picked":["Twin Teeth+1","Resistance+1"],"picked":"Black Hand+1","floor":23.0},{"not_picked":["Load Balancing","Machining"],"picked":"Lore+1","floor":24.0},{"not_picked":["Here Defend Chip+1","Provocative+1"],"picked":"Judgment+1","floor":25.0},{"not_picked":["De Ware Chip+1","Reinforcement Parts"],"picked":"White Contract+1","floor":29.0},{"not_picked":["New Defend Magic","Break Into"],"picked":"White Contract+1","floor":30.0},{"not_picked":["Light Attack+1","Black Hand+1"],"picked":"Floating Swing Kick+1","floor":31.0},{"not_picked":["Bursts","Format All Data"],"picked":"Optimization","floor":33},{"not_picked":["Pod Fire+1","Trader","Provocative+1"],"picked":"SKIP","floor":35},{"not_picked":["Light Attack+1","Twin Teeth+1","Resistance+1"],"picked":"SKIP","floor":36},{"not_picked":["Floating Swing Kick+1","Light Attack+1"],"picked":"Ruin Defend","floor":37},{"not_picked":["Machining+1","Fixing"],"picked":"Preparedness","floor":40},{"not_picked":["Trader+1","Winding Magic+1"],"picked":"Defend System+1","floor":44},{"not_picked":["Sudden Beat+1","White Contract+1","Twin Teeth+1"],"picked":"SKIP","floor":45},{"not_picked":["Fire Up+1","Format All Data","Machining"],"picked":"SKIP","floor":48}],"player_experience":386284,"relics_obtained":[{"floor":7.0,"key":"Molten Egg 2"},{"floor":9.0,"key":"Mercury Hourglass"},{"floor":20.0,"key":"Red Mask"},{"floor":23.0,"key":"Matryoshka"},{"floor":25.0,"key":"MawBank"},{"floor":26.0,"key":"Vajra"},{"floor":26.0,"key":"Pear"},{"floor":30.0,"key":"Bag of Preparation"},{"floor":43,"key":"Frozen Egg 2"},{"floor":43,"key":"Old Coin"}],"event_choices":[{"damage_healed":0.0,"max_hp_gain":0.0,"max_hp_loss":0.0,"gold_gain":0.0,"event_name":"The Cleric","player_choice":"Leave","floor":3.0,"gold_loss":0.0,"damage_taken":0.0},{"damage_healed":0.0,"max_hp_gain":0.0,"max_hp_loss":0.0,"gold_gain":0.0,"event_name":"Golden Idol","player_choice":"Take Damage","floor":4.0,"gold_loss":0.0,"damage_taken":15.0,"relics_obtained":["Golden Idol"]},{"damage_healed":0.0,"max_hp_gain":0.0,"max_hp_loss":0.0,"gold_gain":0.0,"event_name":"Match and Keep!","player_choice":"2 cards matched","floor":12.0,"gold_loss":0.0,"damage_taken":0.0,"cards_obtained":["Pod Laser","Good Instincts"]},{"damage_healed":0.0,"max_hp_gain":0.0,"max_hp_loss":0.0,"gold_gain":0.0,"event_name":"Masked Bandits","player_choice":"Fought Bandits","floor":20.0,"gold_loss":0.0,"damage_taken":0.0},{"cards_removed":["Strike_C"],"damage_healed":0.0,"max_hp_gain":0.0,"max_hp_loss":0.0,"gold_gain":0.0,"event_name":"Purifier","player_choice":"Purged","floor":21.0,"gold_loss":0.0,"damage_taken":0.0},{"damage_healed":0.0,"max_hp_gain":0.0,"max_hp_loss":0.0,"gold_gain":0.0,"cards_transformed":["Defend_C"],"event_name":"Transmorgrifier","player_choice":"Transformed","floor":27.0,"gold_loss":0.0,"damage_taken":0.0,"cards_obtained":["Bursts"]},{"damage_healed":0,"gold_gain":0,"player_choice":"Embrace Madness","damage_taken":9,"max_hp_gain":0,"max_hp_loss":0,"event_name":"Winding Halls","floor":39,"gold_loss":0,"cards_obtained":["Madness","Madness"]},{"damage_healed":0,"gold_gain":222,"player_choice":"Wore Mask","damage_taken":0,"max_hp_gain":0,"max_hp_loss":0,"event_name":"Tomb of Lord Red Mask","floor":41,"gold_loss":0},{"cards_removed":["Bursts"],"damage_healed":42,"gold_gain":0,"player_choice":"Offered Rare","damage_taken":0,"max_hp_gain":10,"max_hp_loss":0,"event_name":"Bonfire Elementals","floor":42,"gold_loss":0}],"is_beta":false,"boss_relics":[{"not_picked":["SlaversCollar","Tiny House"],"picked":"Foreshadowing"},{"not_picked":["Runic Dome","Pandora\u0027s Box"],"picked":"SacredBark"}],"items_purged_floors":[2,19,28,38,46],"is_endless":false,"potions_floor_spawned":[1,7,22,23,24,25,31,40,44,48],"killed_by":"Awakened One","ascension_level":0}}