{"host":"Vegetablebread","time":1613666866,"event":{"mods":["BaseMod","Bestiary","Minty Spire (QoL Compilation)","Relic Stats","Slay the Relics Exporter"],"gold_per_floor":[118,31,31,48,48,74,74,86,138,138,149,160,58,92,92,92,92],"floor_reached":16,"language":"ENG","playtime":214,"items_purged":[],"score":270,"play_id":"264d070f-df47-4522-88a6-06fb87d51ac8","local_time":"20210218084746","is_ascension_mode":true,"campfire_choices":[{"data":"Feed","floor":7,"key":"SMITH"},{"data":"Feed","floor":10,"key":"SMITH"},{"data":"Barricade","floor":15,"key":"SMITH"}],"circlet_count":0,"master_deck":["AscendersBane","Strike_R","Strike_R","Strike_R","Strike_R","Strike_R","Defend_R","Defend_R","Defend_R","Bash","Feed+1","Feed+1","Wild Strike","Twin Strike","Pommel Strike","Pummel","Panacea","Barricade+1"],"relics":["Burning Blood","NeowsBlessing","Nunchaku","Art of War","Tiny Chest"],"acts_visited":["Exordium"],"potions_floor_usage":[11],"damage_taken":[{"damage":0,"enemies":"Small Slimes","floor":1,"turns":1},{"damage":0,"enemies":"Jaw Worm","floor":4,"turns":1},{"damage":0,"enemies":"Lagavulin","floor":6,"turns":1},{"damage":6,"enemies":"Cultist","floor":8,"turns":3},{"damage":12,"enemies":"Large Slime","floor":11,"turns":3},{"damage":11,"enemies":"Looter","floor":12,"turns":2},{"damage":30,"enemies":"3 Sentries","floor":14,"turns":8},{"damage":0,"enemies":"The Guardian","floor":16,"turns":1}],"seed_played":"-7786077035442501469","potions_obtained":[{"floor":4,"key":"PowerPotion"},{"floor":6,"key":"BlessingOfTheForge"},{"floor":14,"key":"FearPotion"}],"is_trial":false,"path_per_floor":["M","$","?","M","?","E","R","M","T","R","M","M","$","E","R","B"],"character_chosen":"IRONCLAD","items_purchased":["Feed","Panacea"],"campfire_rested":0,"item_purchase_floors":[2,13],"current_hp_per_floor":[74,74,74,75,75,78,78,81,81,81,79,74,74,50,50,50,50],"gold":92,"neow_bonus":"THREE_ENEMY_KILL","is_daily":false,"chose_seed":false,"campfire_upgraded":3,"win_rate":0.0,"timestamp":1613666866,"path_taken":["M","$","?","M","?","E","R","M","T","R","M","M","?","E","R","BOSS"],"items_purchased_type":["Card","Card"],"build_version":"2020-12-18","purchased_purges":0,"victory":false,"max_hp_per_floor":[75,75,75,75,75,78,78,81,81,81,85,85,85,85,85,85,85],"relic_stats":{"Nunchaku":[3],"counters":[8,19],"Tiny Chest":0,"Art of War":[0],"obtain_stats":[{"Nunchaku":6,"NeowsBlessing":0,"Tiny Chest":14,"Art of War":9,"Burning Blood":0},{"Nunchaku":3,"NeowsBlessing":0,"Tiny Chest":7,"Art of War":4,"Burning Blood":0},{"Nunchaku":3,"NeowsBlessing":0,"Tiny Chest":19,"Art of War":6,"Burning Blood":0}],"Burning Blood":31},"card_choices":[{"not_picked":["Shrug It Off","Sentinel","Warcry"],"picked":"SKIP","floor":1},{"not_picked":["Cleave","True Grit"],"picked":"Wild Strike","floor":4},{"not_picked":["Clothesline","Sentinel"],"picked":"Twin Strike","floor":6},{"not_picked":["Anger","Twin Strike"],"picked":"Pommel Strike","floor":8},{"not_picked":["True Grit","Intimidate","Bloodletting"],"picked":"SKIP","floor":11},{"not_picked":["Flame Barrier","Rage"],"picked":"Pummel","floor":12},{"not_picked":["Pommel Strike","Armaments"],"picked":"Barricade","floor":14}],"player_experience":10554652,"relics_obtained":[{"floor":6,"key":"Nunchaku"},{"floor":9,"key":"Art of War"},{"floor":14,"key":"Tiny Chest"}],"event_choices":[{"damage_healed":0,"gold_gain":0,"cards_transformed":["Defend_R"],"player_choice":"Change","damage_taken":0,"max_hp_gain":0,"max_hp_loss":0,"event_name":"Living Wall","floor":3,"gold_loss":0,"cards_obtained":["Feed"]},{"damage_healed":25,"gold_gain":0,"player_choice":"Banana","damage_taken":0,"max_hp_gain":0,"max_hp_loss":0,"event_name":"Big Fish","floor":5,"gold_loss":0}],"is_beta":true,"boss_relics":[],"items_purged_floors":[],"is_endless":false,"potions_floor_spawned":[4,6,14],"killed_by":"The Guardian","ascension_level":20}}