{"host":"9rqxlbwknj581inl","time":1613620392,"event":{"mods":["BaseMod","Colored Map","Colored Powertips","Minty Spire (QoL Compilation)","Quick Restart","Random Character Mod"],"gold_per_floor":[116,126,144,144,34,34,44,73,98,98,112,112,187,204,204,302,302,242,242,4,24,24,24,39,56,125,151,5,104,104,54,54,159,159,170,182,182,199,210,210,242,242,268,143,161,161,187,33,33,33],"floor_reached":51,"language":"ENG","playtime":5638,"items_purged":["Strike_B","Decay","Parasite"],"score":673,"play_id":"185c61c5-0408-4d12-9f89-c9df9cb40119","local_time":"20210217205312","is_ascension_mode":false,"campfire_choices":[{"data":"Zap","floor":6,"key":"SMITH"},{"data":"Dualcast","floor":12,"key":"SMITH"},{"data":"Defragment","floor":15,"key":"SMITH"},{"data":"Blizzard","floor":23,"key":"SMITH"},{"data":"Hologram","floor":30,"key":"SMITH"},{"floor":32,"key":"REST"},{"data":"Echo Form","floor":40,"key":"SMITH"},{"data":"Capacitor","floor":42,"key":"SMITH"},{"floor":49,"key":"REST"}],"circlet_count":0,"master_deck":["Strike_B","Strike_B","Defend_B","Defend_B","Defend_B","Defend_B","Zap+1","Dualcast+1","Genetic Algorithm","Blizzard+1","Hologram+1","Coolheaded+1","Defragment+1","Capacitor+1","Cold Snap","Coolheaded","Core Surge","Chill+1","Trip+1","Rip and Tear","Coolheaded","Blizzard","Go for the Eyes","Sweeping Beam","Echo Form+1","Skim","Barrage+1","Melter+1","Steam+1","Hologram+1","Streamline+1"],"relics":["FrozenCore","Art of War","Boot","Inserter","Meat on the Bone","War Paint","Happy Flower","Oddly Smooth Stone","Regal Pillow","Juzu Bracelet","Bronze Scales"],"acts_visited":["Exordium","TheCity","TheBeyond"],"potions_floor_usage":[7,16,25,33,36,39],"damage_taken":[{"damage":5,"enemies":"Jaw Worm","floor":1,"turns":3},{"damage":3,"enemies":"2 Louse","floor":2,"turns":2},{"damage":0,"enemies":"Small Slimes","floor":3,"turns":3},{"damage":20,"enemies":"Exordium Wildlife","floor":7,"turns":7},{"damage":9,"enemies":"Lagavulin","floor":8,"turns":8},{"damage":7,"enemies":"Exordium Thugs","floor":11,"turns":4},{"damage":13,"enemies":"Large Slime","floor":14,"turns":5},{"damage":6,"enemies":"Slime Boss","floor":16,"turns":12},{"damage":13,"enemies":"2 Thieves","floor":18,"turns":4},{"damage":9,"enemies":"Chosen","floor":21,"turns":8},{"damage":0,"enemies":"Centurion and Healer","floor":24,"turns":7},{"damage":1,"enemies":"Snake Plant","floor":25,"turns":4},{"damage":20,"enemies":"Book of Stabbing","floor":27,"turns":8},{"damage":16,"enemies":"Automaton","floor":33,"turns":8},{"damage":7,"enemies":"3 Darklings","floor":35,"turns":5},{"damage":2,"enemies":"Orb Walker","floor":36,"turns":5},{"damage":0,"enemies":"Writhing Mass","floor":38,"turns":6},{"damage":0,"enemies":"Maw","floor":39,"turns":7},{"damage":14,"enemies":"Reptomancer","floor":41,"turns":8},{"damage":37,"enemies":"Transient","floor":45,"turns":5},{"damage":15,"enemies":"Nemesis","floor":47,"turns":8},{"damage":30,"enemies":"Donu and Deca","floor":50,"turns":10}],"seed_played":"-8276177389571264224","potions_obtained":[{"floor":3,"key":"ColorlessPotion"},{"floor":7,"key":"Fruit Juice"},{"floor":16,"key":"Weak Potion"},{"floor":21,"key":"Swift Potion"},{"floor":25,"key":"FairyPotion"},{"floor":33,"key":"BlessingOfTheForge"},{"floor":35,"key":"Block Potion"},{"floor":41,"key":"LiquidMemories"}],"is_trial":false,"path_per_floor":["M","M","M","?","$","R","M","E","T","?","M","R","?","M","R","B",null,"M","?","$","M","?","R","M","M","T","E","$","?","R","$","R","B",null,"M","M","?","M","M","R","E","R","T","$","M","?","E","$","R","B",null],"character_chosen":"DEFECT","items_purchased":["Defragment","Trip","PowerPotion","Happy Flower","Sweeping Beam","Bronze Scales"],"campfire_rested":2,"item_purchase_floors":[5,20,20,28,31,48],"current_hp_per_floor":[70,67,67,60,60,60,45,36,36,62,55,55,44,31,31,25,80,67,67,67,58,43,43,43,42,42,34,34,34,34,34,59,43,85,78,76,76,76,76,76,62,62,62,62,37,37,34,34,73,43],"gold":33,"neow_bonus":"THREE_CARDS","is_daily":false,"chose_seed":false,"campfire_upgraded":7,"win_rate":0.0,"timestamp":1613620392,"path_taken":["M","M","M","?","$","R","M","E","T","?","M","R","?","?","R","BOSS","M","?","?","M","?","R","M","M","T","E","$","?","R","?","R","BOSS","M","M","?","M","M","R","E","R","T","$","M","?","E","?","R","BOSS"],"items_purchased_type":["Card","Card","Potion","Relic","Card","Relic"],"build_version":"2020-12-22","purchased_purges":3,"victory":true,"max_hp_per_floor":[75,75,75,75,75,75,80,80,80,80,80,80,80,80,80,80,80,80,80,80,80,85,85,85,85,85,85,85,85,85,85,85,85,85,85,85,85,85,85,85,85,85,85,82,82,82,82,82,82,82],"card_choices":[{"not_picked":["Barrage","Hologram"],"picked":"Genetic Algorithm","floor":0},{"not_picked":["Cold Snap","Sunder"],"picked":"Blizzard","floor":1},{"not_picked":["Self Repair","Compile Driver"],"picked":"Hologram","floor":2},{"not_picked":["Fusion","Reinforced Body"],"picked":"Coolheaded","floor":3},{"not_picked":["Beam Cell","Double Energy"],"picked":"Capacitor","floor":7},{"not_picked":["Buffer","Conserve Battery"],"picked":"Cold Snap","floor":8},{"not_picked":["Steam","Chaos"],"picked":"Coolheaded","floor":11},{"not_picked":["Beam Cell","Go for the Eyes"],"picked":"Glacier","floor":14},{"not_picked":["Fission","Machine Learning"],"picked":"Core Surge","floor":16},{"not_picked":["Leap","Double Energy"],"picked":"Chill+1","floor":18},{"not_picked":["Compile Driver+1","Heatsinks+1"],"picked":"Rip and Tear","floor":21},{"not_picked":["Recycle","Scrape"],"picked":"Coolheaded","floor":24},{"not_picked":["Turbo","Aggregate"],"picked":"Blizzard","floor":25},{"not_picked":["Conserve Battery","Chill"],"picked":"Go for the Eyes","floor":27},{"not_picked":["Rainbow","Core Surge"],"picked":"Echo Form","floor":33},{"not_picked":["Barrage","Recycle"],"picked":"Skim","floor":35},{"not_picked":["Turbo+1","Compile Driver+1"],"picked":"Barrage+1","floor":36},{"not_picked":["Conserve Battery+1","Self Repair"],"picked":"Melter+1","floor":38},{"not_picked":["Turbo","Ball Lightning","Creative AI"],"picked":"SKIP","floor":39},{"not_picked":["Barrage","Sweeping Beam"],"picked":"Steam+1","floor":41},{"not_picked":["Redo+1","Gash"],"picked":"Hologram+1","floor":45},{"not_picked":["Doom and Gloom+1","Gash+1"],"picked":"Streamline+1","floor":47}],"player_experience":133627,"relics_obtained":[{"floor":8,"key":"Art of War"},{"floor":9,"key":"Boot"},{"floor":26,"key":"Meat on the Bone"},{"floor":27,"key":"War Paint"},{"floor":41,"key":"Oddly Smooth Stone"},{"floor":43,"key":"Regal Pillow"},{"floor":47,"key":"Juzu Bracelet"}],"event_choices":[{"cards_removed":["Strike_B"],"damage_healed":0,"gold_gain":0,"player_choice":"Card Removal","damage_taken":7,"max_hp_gain":0,"max_hp_loss":0,"event_name":"Golden Wing","floor":4,"gold_loss":0},{"damage_healed":26,"gold_gain":0,"player_choice":"Banana","damage_taken":0,"max_hp_gain":0,"max_hp_loss":0,"event_name":"Big Fish","floor":10,"gold_loss":0},{"damage_healed":0,"gold_gain":75,"player_choice":"Gather Gold","damage_taken":11,"max_hp_gain":0,"max_hp_loss":0,"event_name":"World of Goop","floor":13,"gold_loss":0},{"damage_healed":0,"gold_gain":0,"player_choice":"Cursed","damage_taken":0,"max_hp_gain":0,"max_hp_loss":0,"event_name":"Wheel of Change","floor":19,"gold_loss":0,"cards_obtained":["Decay"]},{"damage_healed":0,"gold_gain":0,"player_choice":"Shed Blood","damage_taken":20,"max_hp_gain":5,"max_hp_loss":0,"event_name":"Forgotten Altar","floor":22,"gold_loss":0},{"damage_healed":0,"gold_gain":99,"player_choice":"Stole From Cult","damage_taken":0,"max_hp_gain":0,"max_hp_loss":0,"event_name":"Nest","floor":29,"gold_loss":0},{"damage_healed":0,"gold_gain":0,"player_choice":"Ignored","damage_taken":0,"max_hp_gain":0,"max_hp_loss":0,"event_name":"Tomb of Lord Red Mask","floor":37,"gold_loss":0},{"cards_removed":["Glacier"],"damage_healed":0,"gold_gain":0,"player_choice":"Removed Skill","damage_taken":0,"max_hp_gain":0,"max_hp_loss":0,"event_name":"Falling","floor":46,"gold_loss":0}],"is_beta":false,"boss_relics":[{"not_picked":["SacredBark","Ectoplasm"],"picked":"Inserter"},{"not_picked":["SlaversCollar","Black Star"],"picked":"FrozenCore"}],"items_purged_floors":[5,20,44],"is_endless":false,"potions_floor_spawned":[3,7,16,21,25,33,35,41],"ascension_level":0}}