{"host":"c3mohl8225ccym5l","time":1613614682,"event":{"mods":["Act Like it!","BaseMod","Beaked The Cultist","BetterRewards","Card Forge","Downfall","Duelist Mod","Glutton Mod","GungeonMod","Hallownest","Hermit","Ironclad Rager","Jorbs\u0027s Wanderer Trilogy","Koishi","Marisa????????","Marked Mod","Minty Spire (QoL Compilation)","Pikachu Mod","Shade Mod","Shop Mod","StSLib","Td1madao Mod","The Administrix","The Blackbeard","The Bladedancer","The Bug Knight","The Clintock","The Construct","The Cursed","The Disciple","The Hierophant","The Jungle","The Kombatant","The Marked","The Necromancer","The Poker Player","The Senshi","The Servant 0.9.4","The Wild Card","TheBandit","TheFirefly","TheVacant","Yuri Mod"],"gold_per_floor":[111,125,125,5,22,57,57,68,68,82,117,117,149,149,149,149,149],"floor_reached":16,"language":"ENG","playtime":990,"items_purged":["wariomod:Step"],"score":145,"play_id":"821a25d0-7e90-4fa7-96bf-b752f3723d04","local_time":"20210217201802","is_ascension_mode":false,"campfire_choices":[{"floor":12,"key":"REST"},{"floor":15,"key":"REST"}],"circlet_count":0,"master_deck":["wariomod:Strike","wariomod:Strike","wariomod:Strike","wariomod:Strike","wariomod:Defend","wariomod:Defend","wariomod:Defend","wariomod:Defend","wariomod:Leap","wariomod:BodyBlock","wariomod:AbandonGame","wariomod:Leapslam","wariomod:DoubleDash","wariomod:EmptyMind","wariomod:DamnedStrength","wariomod:Bombtime","wariomod:BlastDash"],"relics":["wariomod:TheHat","Hammer of Thor","Seething Fire","Anvil of the Gods","theSenshi:SailorFukuRelic","Pear","Boot","Unceasing Top"],"acts_visited":["Exordium"],"potions_floor_usage":[11,16,16],"damage_taken":[{"damage":2,"enemies":"2 Louse","floor":1,"turns":2},{"damage":0,"enemies":"Cultist","floor":2,"turns":4},{"damage":9,"enemies":"Small Slimes","floor":5,"turns":3},{"damage":28,"enemies":"3 Sentries","floor":6,"turns":7},{"damage":9,"enemies":"Looter","floor":8,"turns":3},{"damage":16,"enemies":"Exordium Wildlife","floor":10,"turns":4},{"damage":25,"enemies":"Gremlin Nob","floor":11,"turns":4},{"damage":13,"enemies":"3 Sentries","floor":13,"turns":6},{"damage":53,"enemies":"The Guardian","floor":16,"turns":8}],"seed_played":"6704579067585161555","potions_obtained":[{"floor":1,"key":"champ:CounterPotion"},{"floor":2,"key":"construct:ShiftPotion"},{"floor":10,"key":"Weak Potion"},{"floor":13,"key":"Weak Potion"}],"is_trial":false,"path_per_floor":["M","M","?","$","M","E","?","M","T","M","E","R","E","?","R","B"],"character_chosen":"THE_BANDIT","items_purchased":["wariomod:Leapslam"],"campfire_rested":2,"item_purchase_floors":[4],"current_hp_per_floor":[86,86,78,78,69,41,41,32,42,26,1,30,17,22,52,0,0],"gold":149,"neow_bonus":"TEN_PERCENT_HP_BONUS","is_daily":false,"chose_seed":false,"campfire_upgraded":0,"win_rate":0.0,"timestamp":1613614682,"path_taken":["M","M","?","$","?","E","?","?","T","M","E","R","E","?","R","BOSS"],"items_purchased_type":["Card"],"build_version":"2020-12-22","purchased_purges":1,"victory":false,"max_hp_per_floor":[88,88,88,88,88,88,88,88,98,98,98,98,98,103,103,103,103],"card_choices":[{"not_picked":["wariomod:Hopshield","wariomod:BlastDash"],"picked":"wariomod:BodyBlock","floor":1},{"not_picked":["wariomod:SimpleShield","wariomod:DanceDash"],"picked":"wariomod:AbandonGame","floor":2},{"not_picked":["wariomod:SpikeSlash","wariomod:SelfImprison"],"picked":"wariomod:DoubleDash","floor":5},{"not_picked":["wariomod:SpikeSlash","wariomod:DisarmingMoves","wariomod:BlastDash"],"picked":"SKIP","floor":6},{"not_picked":["wariomod:SpaceSwap","wariomod:DanceDash"],"picked":"wariomod:EmptyMind","floor":8},{"not_picked":["wariomod:RacingSpeed","wariomod:TheGrandJourney"],"picked":"wariomod:DamnedStrength","floor":10},{"not_picked":["wariomod:HastyRush","wariomod:TempestBlasts"],"picked":"wariomod:Bombtime","floor":11},{"not_picked":["wariomod:SimpleShield","wariomod:Goblast"],"picked":"wariomod:BlastDash","floor":13}],"player_experience":206184,"relics_obtained":[{"floor":6,"key":"theSenshi:SailorFukuRelic"},{"floor":9,"key":"Pear"},{"floor":11,"key":"Boot"},{"floor":13,"key":"Unceasing Top"}],"event_choices":[{"damage_healed":0,"gold_gain":0,"player_choice":"Damaged","damage_taken":8,"max_hp_gain":0,"max_hp_loss":0,"event_name":"Wheel of Change","floor":3,"gold_loss":0},{"damage_healed":0,"gold_gain":0,"player_choice":"Ignored","damage_taken":0,"max_hp_gain":0,"max_hp_loss":0,"event_name":"NoteForYourself","floor":7,"gold_loss":0},{"damage_healed":0,"gold_gain":0,"player_choice":"Donut","damage_taken":0,"max_hp_gain":5,"max_hp_loss":0,"event_name":"Big Fish","floor":14,"gold_loss":0}],"is_beta":false,"boss_relics":[],"items_purged_floors":[4],"is_endless":false,"potions_floor_spawned":[1,2,10,13],"killed_by":"The Guardian","ascension_level":0}}