{"host":"niv6bi8ufjzyofbf","time":1613639575,"event":{"mods":["ATMod(∞¢Ë™Mod)","Act Like it!","BaseMod","Colored Powertips","Conspire","Gensokyo","Hermit","Mad Scientist","Marisa£®ÏF”Í°°ƒß¿Ì…≥£©","Minty Spire (QoL Compilation)","Quick Restart","Rare Cards Sparkle","Reimu£®≤©¿ˆ¡È√Œ£©","Relic Filter Mod","Reliquary","Replay The Spire","Shop Mod","Spicy Shops","StSLib","SuperFastMode","The Cursed","The Servant 0.9.4","Youmu£®ªÍ∆«—˝√Œ£©","°æ“≈ŒÔø®≈∆°øREMEMod","≤–¡Ù÷ÆŒÔ"],"gold_per_floor":[23333,21820,21820,21839,21865,21640,21640,21581,21633,21633,21633,21668,19560,19570,19570,19071,19071,19083,19083,18012,18026,16470,16470,16483,16459,16459,16459,16479,16479,16326,16349,16349,16402,16402,16342,15932,14425,14425,14425,14397,14307,13025,13025,12516,12547,12547,12572,12589,12589,12589,12589],"floor_reached":52,"language":"ZHS","playtime":2783,"items_purged":["Defend_B","Panic Button","Defend_B","Defend_B","Decay","Decay","Mirror Shield"],"score":2379,"play_id":"845d5ed4-9886-473a-b04a-4524f9572ff0","local_time":"20210218171255","is_ascension_mode":true,"campfire_choices":[{"data":"Gensokyo:ManorOfTheDishes","floor":7,"key":"SMITH"},{"data":"AT_ThreeBodyProblem","floor":11,"key":"SMITH"},{"data":"Apotheosis","floor":15,"key":"SMITH"},{"data":"Double Energy","floor":23,"key":"SMITH"},{"data":"Echo Form","floor":32,"key":"SMITH"},{"data":"Creative AI","floor":46,"key":"SMITH"},{"data":"White Noise","floor":49,"key":"SMITH"}],"circlet_count":0,"master_deck":["AscendersBane","Strike_B+1","Strike_B+1","Strike_B+1","Strike_B+1","Zap","Dualcast","Mind Blast","Gensokyo:ManorOfTheDishes+1","Gensokyo:Apocalypse","Machine Learning","AT_ThreeBodyProblem+1","White Noise+1","Static Discharge+1","Static Discharge","Apotheosis+1","Thunder Strike+1","Bandage Up+1","Echo Form+1","Panic Button+1","conspire:Banana+1","Double Energy+1","Meteor Strike","Meteor Strike","Midas Touch+1","AT_ThunderBolt+1","Creative AI+1","Storm+1","Gensokyo:Dawn+1","Gensokyo:CustomPotion","Turbo+1","Gensokyo:RPG"],"relics":["Cracked Core","REME_ComplimentaryCards","AT_ATBox","TheAbacus","reliquary:FingerTrap","Runic Capacitor","ClockworkSouvenir","REME_OnlineShoppingPlatform","REME_HandOfSuture","Nunchaku","Blue Doll","Lantern","Bag of Preparation","Gensokyo:CelestialsFlawlessClothing","Thread and Needle","Cables","Medical Kit","Replay:Bottled Eggs","Bronze Scales","TentaclePot:ReiMu","AT_TimeSand","MerchantsRug","AT_TrinityForce","Tiny Chest","reliquary:TatteredRug","reliquary:Bookmark","reliquary:Knoch","Replay:Ringing Soul","Omamori","HandDrill","AT_BellowingDragoncrestRing","Frozen Eye","reliquary:SilkGlove","Centennial Puzzle","Du-Vu Doll","Gensokyo:ChorusOfJoy","AT_BladeRuinedKing","ReplayTheSpireMod:Lightbulb","Replay:Ancient Bell","Replay:Baseball","AT_SilvercatRing","AT_Manta","Strange Spoon","Unceasing Top","Mercury Hourglass","PlaceholderMod:FlatBlood","Meat on the Bone","CrazyTorch:ReiMu","Lee\u0027s Waffle","Ginger","AT_ChloranthyRing","conspire:TreasureMap","conspire:Dentures","Darkstone Periapt","Sling","OrangePellets","REME_CardOfGreed","conspire:Boomerang","reliquary:BallBearing","Oddly Smooth Stone"],"acts_visited":["Gensokyo:Gensokyo","Gensokyo:Gensokyoer","Gensokyo:Gensokyoest"],"potions_floor_usage":[6,6,6,6,6,6,6,6,6,6,6,6,6,8,8,8,8,8,8,16,16,16,16,16,16,16,16,16,16,16,16,16,16,16,16,16,16,16,16,16,16,16,16,16,16,16,16,16,16,25,25,30,30,30,30,30,30,30,30,30,33,35,35,35,35,35,36,36,36,36,36,36,36,36,36,36,36,36,36,36,36,36,36,36,36,36,36,36,38,38,40,40,40],"damage_taken":[{"damage":13,"enemies":"Gensokyo:Python","floor":1,"turns":3},{"damage":3,"enemies":"Gensokyo:Gryphon","floor":4,"turns":3},{"damage":0,"enemies":"Gensokyo:Cirno","floor":6,"turns":4},{"damage":0,"enemies":"Gensokyo:Mamizou","floor":8,"turns":4},{"damage":5,"enemies":"Gensokyo:Cirno","floor":12,"turns":4},{"damage":3,"enemies":"Gensokyo:2_Kodama","floor":14,"turns":2},{"damage":0,"enemies":"Gensokyo:Yukari","floor":16,"turns":3},{"damage":0,"enemies":"Gensokyo:Chomper","floor":18,"turns":1},{"damage":5,"enemies":"Gensokyo:2_Gloops","floor":21,"turns":4},{"damage":7,"enemies":"Gensokyo:Monolith_and_Dog","floor":24,"turns":2},{"damage":6,"enemies":"Gensokyo:Slime_Group","floor":25,"turns":2},{"damage":0,"enemies":"Gensokyo:Swordslinger","floor":28,"turns":1},{"damage":0,"enemies":"Gensokyo:Reisen","floor":30,"turns":1},{"damage":0,"enemies":"Gensokyo:Eternal_Rivals","floor":33,"turns":5},{"damage":0,"enemies":"Gensokyo:3_Bats","floor":35,"turns":1},{"damage":0,"enemies":"Gensokyo:3_Bats","floor":36,"turns":2},{"damage":0,"enemies":"Gensokyo:3_Boulders","floor":38,"turns":2},{"damage":0,"enemies":"Gensokyo:Kasen","floor":40,"turns":1},{"damage":0,"enemies":"Gensokyo:Doremy","floor":45,"turns":2},{"damage":0,"enemies":"Gensokyo:Marisa","floor":47,"turns":1},{"damage":0,"enemies":"Gensokyo:AtlasGolem","floor":48,"turns":1},{"damage":11,"enemies":"Gensokyo:Yuyuko","floor":50,"turns":2},{"damage":4,"enemies":"Gensokyo:Shinki","floor":51,"turns":4}],"seed_played":"-1511527417074190606","potions_obtained":[],"is_trial":false,"path_per_floor":["M","COS","?","M","T","E","R","E","T","?","R","E","$","M","R","B",null,"M","?","$","M","$","R","M","M","T","?","M","?","E","T","R","B",null,"M","?","$","M","?","E","?","$","T","COS","E","R","E","M","R","B","B",null],"character_chosen":"DEFECT","items_purchased":["Static Discharge","Apotheosis","Thunder Strike","Medical Kit","Bandage Up+1","Panic Button","Replay:Bottled Eggs","Bronze Scales","TentaclePot:ReiMu","AT_TimeSand","MerchantsRug","Tiny Chest","reliquary:TatteredRug","reliquary:Bookmark","reliquary:Knoch","Replay:Ringing Soul","conspire:Banana+1","Omamori","HandDrill","AT_BellowingDragoncrestRing","Frozen Eye","reliquary:SilkGlove","Centennial Puzzle","Double Energy+1","Meteor Strike","Midas Touch","Strange Spoon","Unceasing Top","Mercury Hourglass","PlaceholderMod:FlatBlood","Meat on the Bone","Lee\u0027s Waffle","Ginger","AT_ChloranthyRing","conspire:TreasureMap","conspire:Dentures","Turbo"],"campfire_rested":0,"item_purchase_floors":[13,13,13,13,13,13,13,13,13,13,13,20,20,20,20,20,20,22,22,22,22,22,22,22,22,22,37,37,37,37,37,42,42,42,42,42,42],"current_hp_per_floor":[51,51,51,48,48,62,62,62,62,41,41,36,36,33,33,38,63,69,69,72,76,79,79,82,92,92,92,92,92,99,99,99,114,117,120,123,123,123,126,130,133,143,143,146,146,146,146,146,146,146,155],"gold":12589,"neow_bonus":"RANDOM_COLORLESS","is_daily":false,"chose_seed":false,"campfire_upgraded":7,"win_rate":0.0,"timestamp":1613639575,"path_taken":["M","COS","?","?","?","E","R","E","T","?","R","E","$","M","R","BOSS","M","?","$","M","$","R","M","?","T","?","M","?","E","?","R","BOSS","M","?","$","M","?","E","?","$","T","COS","E","R","E","M","R","BOSS","BOSS"],"items_purchased_type":["Card","Card","Card","Relic","Card","Card","Relic","Relic","Relic","Relic","Relic","Relic","Relic","Relic","Relic","Relic","Card","Relic","Relic","Relic","Relic","Relic","Relic","Card","Card","Card","Relic","Relic","Relic","Relic","Relic","Relic","Relic","Relic","Relic","Relic","Card"],"build_version":"2020-12-22","purchased_purges":7,"victory":true,"max_hp_per_floor":[71,71,71,71,71,71,71,71,71,71,71,71,71,71,71,71,71,71,71,74,81,84,84,88,92,92,92,92,92,99,99,99,114,117,120,123,123,123,126,130,133,143,143,146,146,146,146,146,146,151,155],"card_choices":[{"not_picked":["Madness","Replay:Sssssssssstrike"],"picked":"Mind Blast","floor":0},{"not_picked":["Hologram","FTL","Redo"],"picked":"SKIP","floor":1},{"not_picked":["Coolheaded","Ball Lightning"],"picked":"AT_ThreeBodyProblem","floor":4},{"not_picked":["Recycle","Stack","Hologram"],"picked":"SKIP","floor":6},{"not_picked":["Coolheaded","Hologram","Go for the Eyes"],"picked":"SKIP","floor":8},{"not_picked":["BootSequence","Gash"],"picked":"White Noise","floor":12},{"not_picked":["Coolheaded","conspire:Rain","ReplayTheSpireMod:Repulse"],"picked":"SKIP","floor":14},{"not_picked":["ReplayTheSpireMod:Omega Cannon","Mirror Shield"],"picked":"Echo Form","floor":16},{"not_picked":["Streamline","Stack"],"picked":"Panic Button+1","floor":18},{"not_picked":["Panic Button","Steam"],"picked":"Double Energy","floor":21},{"not_picked":["Panic Button","AT_HeatAcrobatics","Force Field"],"picked":"SKIP","floor":24},{"not_picked":["Gash","Stack+1","Ball Lightning"],"picked":"SKIP","floor":25},{"not_picked":["Hologram","Time Bomb","Conserve Battery"],"picked":"SKIP","floor":28},{"not_picked":["REME_SelfUpgrade","Go for the Eyes"],"picked":"AT_ThunderBolt","floor":30},{"not_picked":["Core Surge","Machine Learning"],"picked":"Creative AI","floor":33},{"not_picked":["conspire:NecroticWound","Replay:Hysterical Blindness"],"picked":"ReplayTheSpireMod:Doomed","floor":34},{"not_picked":["Sickly","ReplayTheSpireMod:Faulty Equipment"],"picked":"Decay","floor":34},{"not_picked":["conspire:Blindness","Gensokyo:ImpossibleRequest"],"picked":"Decay","floor":34},{"not_picked":["AT_HeatAcrobatics","Gash"],"picked":"Storm","floor":35},{"not_picked":["Gensokyo:LifeSpringInfinity+1","Gensokyo:DreamlikeParadise+1"],"picked":"Gensokyo:Dawn+1","floor":36},{"not_picked":["Barrage","ReplayGash","ReplayTheSpireMod:Calculation Training"],"picked":"SKIP","floor":38},{"not_picked":["ReplayTheSpireMod:GoodbyeWorld","Streamline","Hologram"],"picked":"SKIP","floor":40},{"not_picked":["ReplayTheSpireMod:Reroute Power+1","ReplayTheSpireMod:GoodbyeWorld","Streamline"],"picked":"SKIP","floor":45},{"not_picked":["Beam Cell","Conserve Battery+1","Force Field"],"picked":"SKIP","floor":47},{"not_picked":["Hologram","REME_Whirling","Darkness+1"],"picked":"SKIP","floor":48}],"player_experience":638102,"relics_obtained":[{"floor":5,"key":"REME_HandOfSuture"},{"floor":6,"key":"Blue Doll"},{"floor":8,"key":"Lantern"},{"floor":9,"key":"Bag of Preparation"},{"floor":12,"key":"Cables"},{"floor":26,"key":"Du-Vu Doll"},{"floor":30,"key":"AT_BladeRuinedKing"},{"floor":31,"key":"ReplayTheSpireMod:Lightbulb"},{"floor":40,"key":"CrazyTorch:ReiMu"},{"floor":43,"key":"Darkstone Periapt"},{"floor":45,"key":"conspire:Boomerang"},{"floor":47,"key":"reliquary:BallBearing"}],"event_choices":[],"is_beta":false,"boss_relics":[{"not_picked":["Ring of Chaos","reliquary:KinkedSpring"],"picked":"AT_TrinityForce"},{"not_picked":["Nuclear Battery","Coffee Dripper"],"picked":"Replay:Ancient Bell"},{"not_picked":["conspire:TopHat","Mastiff:ReiMu"],"picked":"Replay:Baseball"},{"not_picked":["AT_SilverBalance","REME_LimitBreaker"],"picked":"AT_SilvercatRing"},{"not_picked":["TungstenRod","AT_RabadonDeathcap"],"picked":"AT_Manta"}],"items_purged_floors":[13,20,22,22,37,37,42],"is_endless":false,"potions_floor_spawned":[4,8,12,14,21,28,33,35,38,40],"ascension_level":20}}