{"host":"g3js2eermvvpeiqn","time":1613677417,"event":{"mods":["BaseMod","DeckTracker","Downfall","Minty Spire (QoL Compilation)","Quick Restart","StSLib"],"gold_per_floor":[117,137,137,58,75,75,88,123,123,123,123,142,168,168,168,242,242,257,257,272,272,304,316,356,368,459,22,42,42,68,68,68,145,145,161,161,161,181,32,32,61,80,104,104,16,30,30,48,48,48,48],"floor_reached":50,"language":"ENG","playtime":1980,"items_purged":["Strike_G"],"score":1066,"play_id":"a2f7567c-5bab-4dbb-9752-728a75959aa6","local_time":"20210218134337","is_ascension_mode":true,"campfire_choices":[{"data":"Blade Dance","floor":6.0,"key":"SMITH"},{"data":"1","floor":10.0,"key":"LIFT"},{"data":"2","floor":15.0,"key":"LIFT"},{"floor":23.0,"key":"REST"},{"floor":25.0,"key":"REST"},{"data":"3","floor":29.0,"key":"LIFT"},{"data":"Burst","floor":32.0,"key":"SMITH"},{"floor":40.0,"key":"RECALL"},{"data":"Well Laid Plans","floor":44.0,"key":"SMITH"},{"floor":47.0,"key":"REST"},{"data":"Catalyst","floor":49.0,"key":"SMITH"}],"circlet_count":0,"master_deck":["AscendersBane","Strike_G+1","Defend_G","Defend_G","Defend_G","Defend_G","Defend_G","Survivor","Neutralize+1","Dagger Throw+1","Blade Dance+1","Catalyst+1","Glass Knife","PiercingWail","Burst+1","Crippling Poison","Bouncing Flask","Well Laid Plans+1","Storm of Steel+1","Backflip","Catalyst+1","Glass Knife+1","Underhanded Strike+1","PiercingWail+1","Endless Agony+1","Blur","Catalyst","Cloak And Dagger","Finisher+1","Infinite Blades","Footwork","Infinite Blades","PiercingWail"],"relics":["Ring of the Snake","Du-Vu Doll","Girya","The Courier","Molten Egg 2","WristBlade","MutagenicStrength","MawBank","Lantern","Bottled Flame","Pen Nib","Shuriken","Happy Flower","Astrolabe","Oddly Smooth Stone","War Paint"],"acts_visited":["Exordium","TheCity","TheBeyond"],"potions_floor_usage":[50,50],"damage_taken":[{"damage":2.0,"enemies":"Jaw Worm","floor":1.0,"turns":4.0},{"damage":1.0,"enemies":"Cultist","floor":2.0,"turns":3.0},{"damage":0.0,"enemies":"Small Slimes","floor":5.0,"turns":3.0},{"damage":2.0,"enemies":"3 Louse","floor":7.0,"turns":3.0},{"damage":12.0,"enemies":"3 Sentries","floor":8.0,"turns":6.0},{"damage":0.0,"enemies":"Large Slime","floor":12.0,"turns":3.0},{"damage":8.0,"enemies":"Slime Boss","floor":16.0,"turns":8.0},{"damage":15.0,"enemies":"2 Thieves","floor":18.0,"turns":4.0},{"damage":0.0,"enemies":"Spheric Guardian","floor":20.0,"turns":1.0},{"damage":12.0,"enemies":"Cultist and Chosen","floor":22.0,"turns":4.0},{"damage":19.0,"enemies":"Gremlin Leader","floor":24.0,"turns":5.0},{"damage":1.0,"enemies":"3 Cultists","floor":28.0,"turns":3.0},{"damage":2.0,"enemies":"Slavers","floor":30.0,"turns":3.0},{"damage":25.0,"enemies":"Champ","floor":33.0,"turns":7.0},{"damage":0.0,"enemies":"Orb Walker","floor":35.0,"turns":1.0},{"damage":4.0,"enemies":"3 Darklings","floor":38.0,"turns":4.0},{"damage":11.0,"enemies":"Giant Head","floor":41.0,"turns":5.0},{"damage":6.0,"enemies":"4 Shapes","floor":42.0,"turns":6.0},{"damage":18.0,"enemies":"Spire Growth","floor":46.0,"turns":4.0},{"damage":0.0,"enemies":"Jaw Worm Horde","floor":48.0,"turns":2.0},{"damage":29,"enemies":"Time Eater","floor":50,"turns":4}],"seed_played":"-5147320885642543578","potions_obtained":[{"floor":1.0,"key":"GhostInAJar"},{"floor":2.0,"key":"SneckoOil"},{"floor":5.0,"key":"CultistPotion"},{"floor":20.0,"key":"Poison Potion"},{"floor":22.0,"key":"sneckomod:MuddlingPotion"},{"floor":24.0,"key":"ColorlessPotion"},{"floor":30.0,"key":"SpeedPotion"},{"floor":42.0,"key":"EntropicBrew"},{"floor":46.0,"key":"Block Potion"},{"floor":48.0,"key":"Swift Potion"}],"is_trial":false,"path_per_floor":["M","M","?","$","M","R","M","E","T","R","?","M","T","?","R","B",null,"M","?","M","?","M","R","E","R","T","$","M","R","E","?","R","B",null,"M","?","?","M","$","R","E","M","T","R","$","M","R","M","R","B"],"character_chosen":"THE_SILENT","items_purchased":["Catalyst","Pen Nib","Shuriken","Storm of Steel","Catalyst","Cloak And Dagger","Infinite Blades","Footwork"],"campfire_rested":3,"item_purchase_floors":[4,27,27,27,39,39,45,45],"current_hp_per_floor":[57,56,56,56,56,56,54,42,42,42,24,24,24,19,19,11,48,33,33,33,33,21,39,20,38,38,38,37,37,35,35,35,10,48,48,48,45,41,41,41,30,24,24,24,24,6,24,24,24,0,0],"gold":48,"neow_bonus":"ONE_RARE_RELIC","is_daily":false,"chose_seed":false,"campfire_upgraded":4,"win_rate":0.0,"timestamp":1613677417,"path_taken":["M","M","?","$","M","R","?","E","T","R","?","M","?","?","R","BOSS","M","?","M","?","?","R","E","R","T","$","M","R","E","?","R","BOSS","M","?","?","M","$","R","E","M","T","R","$","M","R","?","R","BOSS"],"items_purchased_type":["Card","Relic","Relic","Card","Card","Card","Card","Card"],"build_version":"2020-12-22","purchased_purges":1,"victory":false,"max_hp_per_floor":[60,60,60,60,60,60,60,60,60,60,60,60,60,60,60,60,60,60,60,60,60,60,60,60,60,60,60,60,60,60,60,60,60,60,60,60,60,60,60,60,60,60,60,60,60,60,60,60,60,60,60],"card_choices":[{"not_picked":["Underhanded Strike","Sucker Punch"],"picked":"Dagger Throw","floor":1.0},{"not_picked":["Terror","Flying Knee"],"picked":"Blade Dance","floor":2.0},{"not_picked":["Concentrate","Underhanded Strike","Dagger Throw"],"picked":"SKIP","floor":5.0},{"not_picked":["Slice","Poisoned Stab","Prepared"],"picked":"SKIP","floor":7.0},{"not_picked":["Leg Sweep","Cloak And Dagger"],"picked":"Glass Knife","floor":8.0},{"not_picked":["Dagger Throw","Envenom"],"picked":"PiercingWail","floor":12.0},{"not_picked":["Storm of Steel","Bullet Time"],"picked":"Burst","floor":16.0},{"not_picked":["Underhanded Strike+1","Bane+1"],"picked":"Crippling Poison","floor":18.0},{"not_picked":["Predator+1","Bane+1","Tactician"],"picked":"SKIP","floor":20.0},{"not_picked":["Heel Hook+1","Dodge and Roll"],"picked":"Bouncing Flask","floor":22.0},{"not_picked":["Skewer+1","Setup+1"],"picked":"Well Laid Plans","floor":24.0},{"not_picked":["Heel Hook+1","Outmaneuver"],"picked":"Backflip","floor":28.0},{"not_picked":["Slice+1","Concentrate","Quick Slash+1"],"picked":"SKIP","floor":30.0},{"not_picked":["A Thousand Cuts","Venomology"],"picked":"Glass Knife+1","floor":33.0},{"not_picked":["Prepared","Underhanded Strike+1"],"picked":"Blur","floor":35.0},{"not_picked":["Backflip","Dagger Throw+1","Sucker Punch+1"],"picked":"SKIP","floor":38.0},{"not_picked":["Poisoned Stab+1","Calculated Gamble","Escape Plan"],"picked":"SKIP","floor":41.0},{"not_picked":["Eviscerate+1","Footwork+1"],"picked":"Finisher+1","floor":42.0},{"not_picked":["Sucker Punch+1","Dagger Throw+1"],"picked":"Infinite Blades","floor":46.0},{"not_picked":["Bane+1","Slice+1"],"picked":"PiercingWail","floor":48.0}],"player_experience":1488778,"relics_obtained":[{"floor":8.0,"key":"Girya"},{"floor":9.0,"key":"The Courier"},{"floor":21.0,"key":"MawBank"},{"floor":24.0,"key":"Lantern"},{"floor":26.0,"key":"Bottled Flame"},{"floor":30.0,"key":"Happy Flower"},{"floor":41.0,"key":"Oddly Smooth Stone"},{"floor":43.0,"key":"War Paint"}],"event_choices":[{"damage_healed":0.0,"max_hp_gain":0.0,"max_hp_loss":0.0,"gold_gain":0.0,"event_name":"Upgrade Shrine","player_choice":"Upgraded","floor":3.0,"gold_loss":0.0,"damage_taken":0.0,"cards_upgraded":["Dagger Throw"]},{"damage_healed":0.0,"max_hp_gain":0.0,"max_hp_loss":0.0,"gold_gain":0.0,"event_name":"Shining Light","player_choice":"Entered Light","floor":11.0,"gold_loss":0.0,"damage_taken":18.0,"cards_upgraded":["Neutralize","Strike_G"]},{"damage_healed":0.0,"max_hp_gain":0.0,"max_hp_loss":0.0,"gold_gain":0.0,"event_name":"Scrap Ooze","player_choice":"Success","floor":14.0,"gold_loss":0.0,"damage_taken":5.0,"relics_obtained":["Molten Egg 2"]},{"damage_healed":0.0,"max_hp_gain":0.0,"max_hp_loss":0.0,"gold_gain":0.0,"event_name":"Drug Dealer","player_choice":"Inject Mutagens","floor":19.0,"gold_loss":0.0,"damage_taken":0.0,"relics_obtained":["MutagenicStrength"]},{"damage_healed":0.0,"max_hp_gain":0.0,"max_hp_loss":0.0,"gold_gain":0.0,"event_name":"Wheel of Change","player_choice":"Relic","floor":21.0,"gold_loss":0.0,"damage_taken":0.0},{"damage_healed":0.0,"max_hp_gain":0.0,"max_hp_loss":0.0,"gold_gain":0.0,"event_name":"The Library","player_choice":"Read","floor":31.0,"gold_loss":0.0,"damage_taken":0.0,"cards_obtained":["Catalyst"]},{"damage_healed":0.0,"max_hp_gain":0.0,"max_hp_loss":0.0,"gold_gain":0.0,"event_name":"Tomb of Lord Red Mask","player_choice":"Ignored","floor":36.0,"gold_loss":0.0,"damage_taken":0.0},{"damage_healed":0.0,"max_hp_gain":0.0,"max_hp_loss":0.0,"gold_gain":0.0,"event_name":"The Woman in Blue","player_choice":"Bought 0 Potions","floor":37.0,"gold_loss":0.0,"damage_taken":0.0}],"is_beta":false,"boss_relics":[{"not_picked":["Fusion Hammer","Busted Crown"],"picked":"WristBlade"},{"not_picked":["Black Star","Coffee Dripper"],"picked":"Astrolabe"}],"items_purged_floors":[39],"is_endless":false,"potions_floor_spawned":[1,2,5,20,22,24,30,42,46,48],"killed_by":"Time Eater","ascension_level":20}}