{"host":"21o28mgl9u9ntir2","time":1613656445,"event":{"mods":["BaseMod","BetterRewards","Colored Powertips","Minty Spire (QoL Compilation)","Quick Restart","Remove Card Discount Mod","SOS（斯巴达之子）","Spicy Shops","StSLib","SuperFastMode","[IsaacMod]以撒尖塔","【遗物卡牌】REMEMod","残留之物"],"gold_per_floor":[257,22,66,130,205,205,205,278,278,306,351,15,50,92,92,214,214,256,306,108,140,140,140,179,179,179,179,179,213,98,167,167,285,285,331,39,147,147,172,442,504,589,589,589,544,544,579,595,595,595],"floor_reached":51,"language":"ZHS","playtime":1488,"items_purged":["Rebellion","Attack_a","Attack_b","Parasite","EbonyIvory","Attack_a","Gunslinger","Injury","Defend_Dante","Redorb+1"],"score":1394,"play_id":"42e5505f-2703-44b7-8d5e-e3a3d98c3f1e","local_time":"20210218215405","is_ascension_mode":true,"campfire_choices":[{"data":"Gunslinger","floor":6.0,"key":"SMITH"},{"floor":15.0,"key":"REST"},{"data":"Redorb","floor":23,"key":"SMITH"},{"floor":25,"key":"REST"},{"data":"CoyoteA","floor":27,"key":"SMITH"},{"data":"Provocation","floor":32,"key":"SMITH"},{"data":"Defend_Dante","floor":46,"key":"SMITH"},{"floor":49,"key":"DIG"}],"circlet_count":0,"master_deck":["Shoot","Shoot","Provocation+1","Defend_Dante+1","Defend_Dante","Defend_Dante","Gunslinger+1","Chargeshoot2+1","CoyoteA+1","Gunstinger+1"],"relics":["SSS","Combocheck","HushsDoor","REME_ComplimentaryCards","BookOfRevelations","Molten Egg 2","HowToJump","MawBank","Membership Card","FossilizedHelix","Peace Pipe","REME_DemonsWealth","Succubus","Oddly Smooth Stone","Shuriken","Omamori","Toy Ornithopter","Shovel","Juzu Bracelet","Centennial Puzzle","Boot","MagicMushroom","Bird Faced Urn","Habit","Ancient Tea Set","D4","Dream Catcher","PlaceholderMod:DaolothFragment","BookofShadows","Strawberry","PillsDrop","Bag of Preparation"],"acts_visited":["Exordium","TheCity","TheBeyond"],"potions_floor_usage":[33],"damage_taken":[{"damage":9.0,"enemies":"Jaw Worm","floor":1.0,"turns":4.0},{"damage":3.0,"enemies":"2 Louse","floor":3.0,"turns":4.0},{"damage":0.0,"enemies":"Small Slimes","floor":4.0,"turns":4.0},{"damage":0.0,"enemies":"Lagavulin","floor":8.0,"turns":3.0},{"damage":4.0,"enemies":"Blue Slaver","floor":10.0,"turns":6.0},{"damage":14.0,"enemies":"3 Sentries","floor":11.0,"turns":4.0},{"damage":22.0,"enemies":"Gremlin Nob","floor":13.0,"turns":4.0},{"damage":0.0,"enemies":"2 Fungi Beasts","floor":14.0,"turns":3.0},{"damage":0.0,"enemies":"The Guardian","floor":16.0,"turns":7.0},{"damage":0.0,"enemies":"Chosen","floor":18.0,"turns":2.0},{"damage":0.0,"enemies":"Shell Parasite","floor":19.0,"turns":2.0},{"damage":5.0,"enemies":"Chosen and Byrds","floor":21.0,"turns":6.0},{"damage":28,"enemies":"REME_1_Revenger","floor":24,"turns":5},{"damage":6,"enemies":"Shelled Parasite and Fungi","floor":29,"turns":2},{"damage":0,"enemies":"Book of Stabbing","floor":31,"turns":2},{"damage":0,"enemies":"Champ","floor":33,"turns":5},{"damage":0,"enemies":"3 Shapes","floor":35,"turns":2},{"damage":0,"enemies":"2 Orb Walkers","floor":37,"turns":2},{"damage":0,"enemies":"Orb Walker","floor":39,"turns":1},{"damage":0,"enemies":"Giant Head","floor":40,"turns":6},{"damage":0,"enemies":"Writhing Mass","floor":41,"turns":3},{"damage":0,"enemies":"Reptomancer","floor":42,"turns":3},{"damage":0,"enemies":"Nemesis","floor":47,"turns":3},{"damage":0,"enemies":"3 Darklings","floor":48,"turns":2},{"damage":0,"enemies":"Donu and Deca","floor":50,"turns":1}],"seed_played":"-4405650225932278591","potions_obtained":[{"floor":4.0,"key":"DistilledChaos"},{"floor":8.0,"key":"Energy Potion"},{"floor":11.0,"key":"Ancient Potion"},{"floor":14.0,"key":"PlaceholderMod:PlaceholderPotion"},{"floor":33,"key":"LiquidBronze"}],"is_trial":false,"path_per_floor":["M","$","M","M","?","R","?","E","T","M","E","$","E","M","R","B",null,"M","M","$","M","?","R","E","R","T","R","?","M","$","E","R","B",null,"M","$","?","?","M","E","M","E","T","?","$","R","E","M","R","B",null],"character_chosen":"DANTE","items_purchased":["Gunslinger","EbonyIvory","Membership Card","FossilizedHelix","CoyoteA","Succubus","Oddly Smooth Stone","Shuriken","Juzu Bracelet","Centennial Puzzle","Bird Faced Urn","Habit","Ancient Tea Set","Strawberry"],"campfire_rested":2,"item_purchase_floors":[2,2,12,12,12,17,20,20,30,30,36,36,36,45],"current_hp_per_floor":[71,71,68,68,57,57,77,77,77,73,59,59,37,37,60,60,62,62,62,62,57,57,57,29,47,47,47,47,41,41,41,41,46,69,69,69,69,69,69,69,69,69,69,69,76,76,76,76,76,76],"gold":595,"neow_bonus":"HUNDRED_GOLD","is_daily":false,"chose_seed":false,"campfire_upgraded":5,"win_rate":0.0,"timestamp":1613656445,"path_taken":["M","$","M","M","?","R","?","E","T","M","E","?","E","M","R","BOSS","M","M","$","M","?","R","E","R","T","R","?","?","$","E","R","BOSS","M","$","?","?","M","E","M","E","T","?","$","R","E","M","R","BOSS"],"items_purchased_type":["Card","Card","Relic","Relic","Card","Relic","Relic","Relic","Relic","Relic","Relic","Relic","Relic","Relic"],"build_version":"2020-12-22","purchased_purges":10,"victory":true,"max_hp_per_floor":[80,80,80,80,80,80,80,80,80,80,80,77,77,77,77,77,62,62,62,62,62,62,62,62,62,62,62,62,62,62,62,62,62,69,69,69,69,69,69,69,69,69,69,69,76,76,76,76,76,76],"card_choices":[{"not_picked":["DT","Pandora"],"picked":"Rebellion","floor":1.0},{"not_picked":["Kick13","LucifercomboB","Airhike"],"picked":"SKIP","floor":3.0},{"not_picked":["Millionstab","Doubleshoot"],"picked":"Gunslinger","floor":4.0},{"not_picked":["VitalstarM","Chargeshoot+1"],"picked":"Chargeshoot2+1","floor":8.0},{"not_picked":["DT","Millionkick+1","Gunslinger"],"picked":"SKIP","floor":10.0},{"not_picked":["Gunslinger","Weaponreturn","Rebellion"],"picked":"SKIP","floor":11.0},{"not_picked":["Gunslinger","VitalstarS","LucifercomboA+1"],"picked":"SKIP","floor":13.0},{"not_picked":["Royaldefend","SSScard","GilgameshcomboA+1"],"picked":"SKIP","floor":14.0},{"not_picked":["Lucifer","CoyoteA","Royaldefend","Normality"],"picked":"SKIP","floor":18.0},{"not_picked":["Millionkick+1","Whiteorb","Weaponupgrade","Parasite"],"picked":"SKIP","floor":19.0},{"not_picked":["Millionkick+1","Ecstasy","Clumsy"],"picked":"Gunstinger+1","floor":21.0},{"not_picked":["Straight+1","Fullhouse+1","VitalstarM+1","Decay"],"picked":"SKIP","floor":24},{"not_picked":["Doubleshoot+1","Airhike+1","Holywater+1"],"picked":"Regret","floor":29},{"not_picked":["Weaponchange","Chargeshoot+1","Splesh+1","Normality"],"picked":"SKIP","floor":31},{"not_picked":["LucifercomboA+1","SSScard","VitalstarS","Decay"],"picked":"SKIP","floor":35},{"not_picked":["Weaponchange+1","BeastUppercut+1","Fullhouse+1","Injury"],"picked":"SKIP","floor":39},{"not_picked":["Hightime+1","GilgameshcomboA+1","Straight+1"],"picked":"Injury","floor":40},{"not_picked":["Stinger+1","Fullhouse+1","VitalstarL","Regret"],"picked":"SKIP","floor":41},{"not_picked":["Weaponreturn","Fullhouse+1","Stinger+1","Parasite"],"picked":"SKIP","floor":42},{"not_picked":["LucifercomboD+1","Weaponchange+1","Splesh+1","Regret"],"picked":"SKIP","floor":47},{"not_picked":["BeastUppercut+1","Dash1+1","Darkslayer","Normality"],"picked":"SKIP","floor":48}],"player_experience":738016,"relics_obtained":[{"floor":8.0,"key":"Molten Egg 2"},{"floor":9.0,"key":"HowToJump"},{"floor":11.0,"key":"MawBank"},{"floor":13.0,"key":"Peace Pipe"},{"floor":24,"key":"Omamori"},{"floor":26,"key":"Toy Ornithopter"},{"floor":31,"key":"Boot"},{"floor":37,"key":"D4"},{"floor":40,"key":"Dream Catcher"},{"floor":42,"key":"PlaceholderMod:DaolothFragment"},{"floor":43,"key":"BookofShadows"},{"floor":47,"key":"PillsDrop"},{"floor":49,"key":"Bag of Preparation"}],"event_choices":[{"damage_healed":0.0,"max_hp_gain":0.0,"max_hp_loss":0.0,"gold_gain":75.0,"event_name":"World of Goop","player_choice":"Gather Gold","floor":5.0,"gold_loss":0.0,"damage_taken":11.0},{"damage_healed":20.0,"max_hp_gain":0.0,"max_hp_loss":0.0,"gold_gain":0.0,"event_name":"Mushrooms","player_choice":"Healed and dodged fight","floor":7.0,"gold_loss":0.0,"damage_taken":0.0,"cards_obtained":["Parasite"]},{"damage_healed":0,"gold_gain":0,"player_choice":"Ignored","damage_taken":0,"max_hp_gain":0,"max_hp_loss":0,"event_name":"Cursed Tome","floor":22,"gold_loss":0},{"damage_healed":0,"gold_gain":0,"player_choice":"Stole Relic","damage_taken":0,"relics_obtained":["Shovel"],"max_hp_gain":0,"max_hp_loss":0,"event_name":"Addict","floor":28,"gold_loss":0,"cards_obtained":["Shame"]},{"damage_healed":0,"gold_gain":0,"player_choice":"Fight","damage_taken":0,"max_hp_gain":0,"max_hp_loss":0,"event_name":"Mysterious Sphere","floor":37,"gold_loss":0},{"damage_healed":0,"gold_gain":0,"player_choice":"Got Potions","damage_taken":0,"max_hp_gain":0,"max_hp_loss":0,"event_name":"Lab","floor":44,"gold_loss":0}],"is_beta":false,"boss_relics":[{"not_picked":["Empty Cage","Coffee Dripper"],"picked":"REME_DemonsWealth"},{"not_picked":[]},{"not_picked":["PlaceholderMod:LiveLive","REME_ChargedStone"],"picked":"MagicMushroom"},{"not_picked":[]}],"items_purged_floors":[2,2,2,12,12,12,12,45,45,45],"is_endless":false,"potions_floor_spawned":[4,8,11,14,24,29,33,35,37,41,47],"ascension_level":1}}