{"host":"04x9isxu4s2lvye3","time":1613614245,"event":{"mods":["BaseMod","Colored Powertips","Highlight Path","Minty Spire (QoL Compilation)"],"gold_per_floor":[117,137,151,231,231,265,277,277,277,277,290,320,320,343,343,462,462,478,355,380,398,419,755,755,665,692,710,96,21,21,37,37,168,168,181,181,204,204,223,223,244,103,103,118,118,161,184,64,64,64],"floor_reached":51,"language":"ENG","playtime":2449,"items_purged":["Strike_R","Strike_R","Defend_R","Defend_R"],"score":1021,"play_id":"e6f4f08e-c516-432a-af65-ffd0594b031c","local_time":"20210217211045","is_ascension_mode":true,"campfire_choices":[{"data":"Trip","floor":8,"key":"SMITH"},{"data":"Rage","floor":13,"key":"SMITH"},{"floor":15,"key":"REST"},{"data":"Battle Trance","floor":24,"key":"SMITH"},{"data":"Rage","floor":32,"key":"SMITH"},{"floor":40,"key":"RECALL"},{"floor":45,"key":"REST"},{"floor":49,"key":"REST"}],"circlet_count":0,"master_deck":["Strike_R+1","Defend_R","Defend_R","Bash","Trip+1","Blood for Blood+1","Anger+1","Rage+1","Ghostly Armor","Impervious","Battle Trance+1","Inflame+1","Dropkick+1","Blood for Blood+1","Rage+1","Flash of Steel","Shrug It Off","Heavy Blade+1","Seeing Red+1","Shrug It Off","Shockwave+1"],"relics":["Burning Blood","Frozen Egg 2","Centennial Puzzle","Shuriken","Golden Idol","The Courier","Busted Crown","Old Coin","Oddly Smooth Stone","DollysMirror","Lantern","Singing Bowl","Fusion Hammer","Sundial","Nunchaku","Blue Candle"],"acts_visited":["Exordium","TheCity","TheBeyond"],"potions_floor_usage":[33,50,50,50,50,50],"damage_taken":[{"damage":1,"enemies":"Cultist","floor":1,"turns":3},{"damage":2,"enemies":"2 Louse","floor":2,"turns":3},{"damage":3,"enemies":"Small Slimes","floor":3,"turns":3},{"damage":29,"enemies":"Gremlin Nob","floor":6,"turns":4},{"damage":8,"enemies":"3 Louse","floor":7,"turns":3},{"damage":2,"enemies":"Exordium Thugs","floor":11,"turns":3},{"damage":4,"enemies":"Red Slaver","floor":14,"turns":2},{"damage":26,"enemies":"Hexaghost","floor":16,"turns":9},{"damage":9,"enemies":"Shell Parasite","floor":18,"turns":6},{"damage":0,"enemies":"Chosen","floor":20,"turns":5},{"damage":4,"enemies":"Sentry and Sphere","floor":21,"turns":5},{"damage":9,"enemies":"Chosen and Byrds","floor":22,"turns":6},{"damage":27,"enemies":"Slavers","floor":23,"turns":6},{"damage":7,"enemies":"Snake Plant","floor":27,"turns":2},{"damage":0,"enemies":"Centurion and Healer","floor":31,"turns":5},{"damage":25,"enemies":"Collector","floor":33,"turns":9},{"damage":5,"enemies":"3 Darklings","floor":35,"turns":4},{"damage":1,"enemies":"3 Shapes","floor":37,"turns":6},{"damage":8,"enemies":"3 Darklings","floor":39,"turns":4},{"damage":9,"enemies":"Spire Growth","floor":41,"turns":4},{"damage":22,"enemies":"Sphere and 2 Shapes","floor":44,"turns":4},{"damage":33,"enemies":"Nemesis","floor":46,"turns":5},{"damage":33,"enemies":"Maw","floor":47,"turns":6},{"damage":32,"enemies":"Awakened One","floor":50,"turns":7}],"seed_played":"8786519488956835055","potions_obtained":[{"floor":2,"key":"HeartOfIron"},{"floor":11,"key":"EntropicBrew"},{"floor":14,"key":"DuplicationPotion"},{"floor":16,"key":"CultistPotion"},{"floor":35,"key":"Weak Potion"},{"floor":39,"key":"PowerPotion"}],"is_trial":false,"path_per_floor":["M","M","M","T","?","E","M","R","T","?","M","?","R","M","R","B",null,"M","$","M","M","M","E","R","?","T","M","$","?","?","M","R","B",null,"M","?","M","?","M","R","M","$","T","M","R","E","M","$","R","B",null],"character_chosen":"IRONCLAD","items_purchased":["Battle Trance","DollysMirror","Rage","Flash of Steel","Lantern","Singing Bowl","Shrug It Off"],"campfire_rested":3,"item_purchase_floors":[19,28,28,28,28,28,42],"current_hp_per_floor":[77,80,80,80,64,41,39,39,39,39,43,43,43,45,67,47,67,64,64,70,72,69,48,48,48,48,47,47,47,47,55,55,38,68,71,71,76,76,76,76,73,73,73,59,80,55,28,28,52,26],"gold":64,"neow_bonus":"RANDOM_COLORLESS","is_daily":false,"chose_seed":false,"campfire_upgraded":4,"win_rate":0.0,"timestamp":1613614245,"path_taken":["M","M","M","?","?","E","M","R","T","?","M","?","R","?","R","BOSS","M","$","M","M","M","E","R","?","T","?","$","?","?","M","R","BOSS","M","?","M","?","?","R","M","$","T","M","R","E","M","$","R","BOSS"],"items_purchased_type":["Card","Relic","Card","Card","Relic","Relic","Card"],"build_version":"2020-12-22","purchased_purges":4,"victory":true,"max_hp_per_floor":[80,80,80,80,80,80,80,80,80,74,74,74,74,74,74,74,74,74,74,74,74,74,74,74,74,74,74,74,74,74,76,76,78,78,80,76,76,76,78,78,78,78,78,80,80,82,82,82,82,82],"card_choices":[{"not_picked":["Discovery","Madness"],"picked":"Trip","floor":0},{"not_picked":["Flex","Iron Wave"],"picked":"Blood for Blood","floor":1},{"not_picked":["Whirlwind","Havoc"],"picked":"Anger","floor":2},{"not_picked":["Reckless Charge","Perfected Strike"],"picked":"Rage","floor":3},{"not_picked":["Entrench","Anger","Evolve+1"],"picked":"SKIP","floor":6},{"not_picked":["Sword Boomerang","Uppercut","Fire Breathing+1"],"picked":"SKIP","floor":7},{"not_picked":["Iron Wave","Whirlwind","Havoc"],"picked":"SKIP","floor":11},{"not_picked":["Iron Wave","Whirlwind","Havoc"],"picked":"SKIP","floor":11},{"not_picked":["Searing Blow","Headbutt"],"picked":"Ghostly Armor","floor":14},{"not_picked":["Offering","Brutality+1"],"picked":"Impervious","floor":16},{"not_picked":["Warcry"],"picked":"SKIP","floor":18},{"not_picked":["Ghostly Armor"],"picked":"SKIP","floor":20},{"not_picked":[],"picked":"Inflame+1","floor":21},{"not_picked":[],"picked":"Dropkick+1","floor":22},{"not_picked":["Wild Strike"],"picked":"SKIP","floor":23},{"not_picked":["Twin Strike"],"picked":"SKIP","floor":27},{"not_picked":["Sword Boomerang"],"picked":"Singing Bowl","floor":31},{"not_picked":["Fiend Fire"],"picked":"Singing Bowl","floor":33},{"not_picked":["Reckless Charge"],"picked":"Singing Bowl","floor":35},{"not_picked":[],"picked":"Heavy Blade+1","floor":37},{"not_picked":["Clash"],"picked":"Singing Bowl","floor":39},{"not_picked":[],"picked":"Seeing Red+1","floor":41},{"not_picked":["Inflame+1"],"picked":"Singing Bowl","floor":44},{"not_picked":["Inflame+1"],"picked":"Singing Bowl","floor":46},{"not_picked":[],"picked":"Shockwave+1","floor":47}],"player_experience":312969,"relics_obtained":[{"floor":4,"key":"Frozen Egg 2"},{"floor":6,"key":"Centennial Puzzle"},{"floor":9,"key":"Shuriken"},{"floor":23,"key":"Old Coin"},{"floor":26,"key":"Oddly Smooth Stone"},{"floor":43,"key":"Nunchaku"},{"floor":46,"key":"Blue Candle"}],"event_choices":[{"damage_healed":0,"gold_gain":0,"player_choice":"Entered Light","damage_taken":16,"max_hp_gain":0,"max_hp_loss":0,"event_name":"Shining Light","floor":5,"gold_loss":0,"cards_upgraded":["Anger","Blood for Blood"]},{"damage_healed":0,"gold_gain":0,"player_choice":"Lose Max HP","damage_taken":0,"relics_obtained":["Golden Idol"],"max_hp_gain":0,"max_hp_loss":6,"event_name":"Golden Idol","floor":10,"gold_loss":0},{"damage_healed":0,"gold_gain":30,"player_choice":"Searched \u00273\u0027 times","damage_taken":0,"relics_obtained":["The Courier"],"max_hp_gain":0,"max_hp_loss":0,"event_name":"Dead Adventurer","floor":12,"gold_loss":0},{"cards_removed":["Strike_R"],"damage_healed":0,"gold_gain":0,"player_choice":"Upgrade and Remove","damage_taken":0,"max_hp_gain":0,"max_hp_loss":0,"event_name":"Designer","floor":25,"gold_loss":90,"cards_upgraded":["Strike_R"]},{"cards_removed":["Strike_R"],"damage_healed":0,"gold_gain":0,"player_choice":"Gave Gold","damage_taken":0,"max_hp_gain":0,"max_hp_loss":0,"event_name":"Beggar","floor":29,"gold_loss":75},{"damage_healed":0,"gold_gain":0,"player_choice":"Read","damage_taken":0,"max_hp_gain":0,"max_hp_loss":0,"event_name":"The Library","floor":30,"gold_loss":0,"cards_obtained":["Shrug It Off"]},{"damage_healed":0,"gold_gain":0,"player_choice":"Max HP","damage_taken":0,"max_hp_gain":0,"max_hp_loss":4,"event_name":"Winding Halls","floor":36,"gold_loss":0},{"damage_healed":0,"gold_gain":0,"player_choice":"Gave Potion","damage_taken":0,"relics_obtained":["Sundial"],"max_hp_gain":0,"max_hp_loss":0,"event_name":"WeMeetAgain","floor":38,"gold_loss":0}],"is_beta":false,"boss_relics":[{"not_picked":["Mark of Pain","Runic Cube"],"picked":"Busted Crown"},{"not_picked":["Calling Bell","SacredBark"],"picked":"Fusion Hammer"}],"items_purged_floors":[19,28,42,48],"is_endless":false,"potions_floor_spawned":[2,11,14,16,18,22,27,35,39,41,46,47],"ascension_level":8}}