{"host":"5y2vm16xfq9gfmb2","time":1613613041,"event":{"mods":["AchievementEnabler","BaseMod","Better Third Choice","Colored Map","Colored Powertips","DeckTracker","Friendly Minions","Marisa????????","Minty Spire (QoL Compilation)","Rare Cards Sparkle","Relic Stats","StSLib","The Alterego","The Animator","The Marked","The Servant 0.9.4","Yohane!"],"gold_per_floor":[117,117,130,144,176,176,190,219,219,250,38,48,48,67,67,167,167,185,215,315,332,348,348,366,118,118,118,118],"floor_reached":27,"language":"ENG","playtime":1600,"items_purged":[],"score":219,"play_id":"cdee052e-a2dc-47c2-af0b-2f075d25f075","local_time":"20210217205041","is_ascension_mode":false,"campfire_choices":[{"floor":6.0,"key":"RECALL"},{"floor":13.0,"key":"REST"},{"floor":15.0,"key":"REST"},{"floor":23.0,"key":"REST"}],"circlet_count":0,"master_deck":["animator:Strike_Konosuba","animator:Defend_Konosuba","animator:Strike","animator:Strike","animator:Strike","animator:Defend","animator:Defend+1","animator:Defend","animator:Kazuma","animator:Aqua","animator:Rider","animator:NarberalGamma","animator:Ara","animator:YunYun","animator:Benimaru","animator:Eve","animator:RinTohsaka","animator:DolaSchwi","animator:MamiTomoe","animator:Lu","animator:Albedo","animator:Darkness","animator:Millim+1","animator:Kaijin+1","animator:Saber","animator:MisakiNakahara"],"relics":["animator:LivingPicture","animator:ColorlessFragment","animator:PurgingStone","NeowsBlessing","Unceasing Top","Runic Dome","Red Mask","Meat on the Bone","InkBottle"],"acts_visited":["Exordium","TheCity"],"potions_floor_usage":[],"damage_taken":[{"damage":0.0,"enemies":"Cultist","floor":1.0,"turns":1.0},{"damage":0.0,"enemies":"Small Slimes","floor":3.0,"turns":1.0},{"damage":0.0,"enemies":"2 Louse","floor":4.0,"turns":1.0},{"damage":9.0,"enemies":"Red Slaver","floor":5.0,"turns":6.0},{"damage":5.0,"enemies":"Exordium Thugs","floor":7.0,"turns":5.0},{"damage":19.0,"enemies":"3 Sentries","floor":8.0,"turns":7.0},{"damage":5.0,"enemies":"3 Louse","floor":10.0,"turns":2.0},{"damage":10.0,"enemies":"Lots of Slimes","floor":12.0,"turns":3.0},{"damage":6.0,"enemies":"Exordium Wildlife","floor":14.0,"turns":4.0},{"damage":46.0,"enemies":"The Guardian","floor":16.0,"turns":8.0},{"damage":24.0,"enemies":"2 Thieves","floor":18.0,"turns":4.0},{"damage":17.0,"enemies":"Masked Bandits","floor":19.0,"turns":3.0},{"damage":10.0,"enemies":"Spheric Guardian","floor":21.0,"turns":4.0},{"damage":9.0,"enemies":"Cultist and Chosen","floor":22.0,"turns":5.0},{"damage":25.0,"enemies":"3 Cultists","floor":24.0,"turns":4.0},{"damage":13,"enemies":"Sentry and Sphere","floor":27,"turns":3}],"seed_played":"2728795357551366885","potions_obtained":[{"floor":3.0,"key":"Swift Potion"},{"floor":4.0,"key":"ColorlessPotion"},{"floor":7.0,"key":"Ancient Potion"},{"floor":10.0,"key":"Block Potion"},{"floor":14.0,"key":"PowerPotion"},{"floor":18.0,"key":"Block Potion"},{"floor":19.0,"key":"LiquidBronze"}],"is_trial":false,"path_per_floor":["M","?","M","M","M","R","M","E","T","M","$","M","R","M","R","B",null,"M","?","?","M","M","R","M","$","T","M"],"character_chosen":"THE_ANIMATOR","items_purchased":["animator:ColorlessFragment","animator:DolaSchwi","Meat on the Bone"],"campfire_rested":3,"item_purchase_floors":[11,11,25],"current_hp_per_floor":[66,66,66,66,59,59,56,39,39,36,36,28,47,43,62,18,66,43,28,28,20,14,34,11,11,11,0,0],"gold":118,"neow_bonus":"THREE_ENEMY_KILL","is_daily":false,"chose_seed":false,"campfire_upgraded":0,"win_rate":0.0,"timestamp":1613613041,"path_taken":["M","?","?","M","M","R","M","E","T","M","$","M","R","M","R","BOSS","M","?","?","M","M","R","M","$","T","?"],"items_purchased_type":["Relic","Card","Relic"],"build_version":"2020-12-22","purchased_purges":0,"victory":false,"max_hp_per_floor":[66,66,66,66,66,66,66,66,66,66,66,66,66,66,66,66,66,67,67,67,67,68,68,68,68,68,68,68],"relic_stats":{"counters":[16,61],"obtain_stats":[{"Runic Dome":17,"animator:PurgingStone":0,"NeowsBlessing":0,"animator:ColorlessFragment":11,"animator:TheMissingPiece":0,"animator:LivingPicture":0,"Red Mask":19,"Unceasing Top":8,"InkBottle":26,"Meat on the Bone":25},{"Runic Dome":10,"animator:PurgingStone":0,"NeowsBlessing":0,"animator:ColorlessFragment":7,"animator:TheMissingPiece":0,"animator:LivingPicture":0,"Red Mask":12,"Unceasing Top":6,"InkBottle":15,"Meat on the Bone":15},{"Runic Dome":38,"animator:PurgingStone":0,"NeowsBlessing":0,"animator:ColorlessFragment":23,"animator:TheMissingPiece":0,"animator:LivingPicture":0,"Red Mask":45,"Unceasing Top":21,"InkBottle":58,"Meat on the Bone":58}],"Unceasing Top":[0],"InkBottle":[1],"Meat on the Bone":0},"card_choices":[{"not_picked":["animator:GuildGirl","animator:Aqua"],"picked":"animator:Ciel","floor":1.0},{"not_picked":["animator:Genos","animator:PandorasActor"],"picked":"animator:NarberalGamma","floor":3.0},{"not_picked":["animator:Demiurge","animator:Vesta"],"picked":"animator:Ara","floor":4.0},{"not_picked":["animator:Vanir","animator:Kazuma"],"picked":"animator:YunYun","floor":5.0},{"not_picked":["animator:Sebas","animator:Jibril"],"picked":"animator:Benimaru","floor":7.0},{"not_picked":["animator:Mitsurugi","animator:DolaStephanie"],"picked":"animator:Eve","floor":8.0},{"not_picked":["animator:SuzuneAmano","animator:NarberalGamma"],"picked":"animator:RinTohsaka","floor":10.0},{"not_picked":["animator:DwarfShaman","animator:Shuna"],"picked":"animator:MamiTomoe","floor":12.0},{"not_picked":["animator:Vanir","animator:Jibril"],"picked":"animator:Lu","floor":14.0},{"not_picked":["animator:Boros","animator:Kyubey"],"picked":"animator:Albedo","floor":16.0},{"not_picked":["animator:Kazuma","animator:Hans"],"picked":"animator:Darkness","floor":18.0},{"not_picked":["animator:Shuna","animator:Ara"],"picked":"animator:Millim+1","floor":19.0},{"not_picked":["animator:IzunaHatsuse","animator:Ain"],"picked":"animator:Kaijin+1","floor":21.0},{"not_picked":["animator:Sebas","animator:Souei+1"],"picked":"animator:Saber","floor":22.0},{"not_picked":["animator:Shimakaze","animator:Kagari"],"picked":"animator:MisakiNakahara","floor":24.0}],"player_experience":138918,"relics_obtained":[{"floor":8.0,"key":"Unceasing Top"},{"floor":19.0,"key":"Red Mask"},{"floor":26,"key":"InkBottle"}],"event_choices":[{"damage_healed":0.0,"max_hp_gain":0.0,"max_hp_loss":0.0,"gold_gain":0.0,"cards_transformed":["animator:Ciel"],"event_name":"Transmorgrifier","player_choice":"Transformed","floor":2.0,"gold_loss":0.0,"damage_taken":0.0,"cards_obtained":["animator:Rider"]},{"damage_healed":0.0,"max_hp_gain":0.0,"max_hp_loss":0.0,"gold_gain":0.0,"event_name":"Masked Bandits","player_choice":"Fought Bandits","floor":19.0,"gold_loss":0.0,"damage_taken":0.0},{"damage_healed":0.0,"max_hp_gain":0.0,"max_hp_loss":0.0,"gold_gain":100.0,"event_name":"Golden Shrine","player_choice":"Pray","floor":20.0,"gold_loss":0.0,"damage_taken":0.0}],"is_beta":false,"boss_relics":[{"not_picked":["Ectoplasm","Velvet Choker"],"picked":"Runic Dome"}],"items_purged_floors":[],"is_endless":false,"potions_floor_spawned":[3,4,7,10,14,18,19],"killed_by":"Sentry and Sphere","ascension_level":0}}