{"host":"qljq6nt1bltq73k9","time":1613666188,"event":{"mods":["BaseMod","Colored Map","Colored Powertips","Downfall","Minty Spire (QoL Compilation)","Quick Restart","Replay The Spire","StSLib","[IsaacMod]ÒÔÈö¼âËþ"],"gold_per_floor":[99999,98806,98825,97204,97204,97204,97304,97320,97320,97320,97320,97348,97366,97383,97414,96494,96494,96591,96591,96606,96606,96622,95575,95598,95639,95639,95677,95677,95720,94738,94738,94764,94842,94861,94861,94884,94884,94884,94911,94911,94931,94931,94964,94068,94068,94090,94101,94124,94124,94149,94168,92974,92974,92983,92983,92983,93010,91944,91944,91986,91999,91999,92105,92105,92126,91042,91069,91139,91167,91224,91267,91267,91313,91356,89299,89338,89369,89400,89400,89430,89430,89430,88667,88713,88731],"floor_reached":56,"language":"ZHS","playtime":5886,"items_purged":["bronze:Strike","bronze:Defend","Pain","bronze:Strike","bronze:Goto","bronze:Strike","bronze:Defend","Looming Evil","bronze:Defend","bronze:Replicate"],"score":2002,"play_id":"408c75c2-338c-470a-9295-96c405242c86","local_time":"20210219003628","is_ascension_mode":false,"campfire_choices":[{"floor":6.0,"key":"RECALL"},{"data":"ReplayUltimateDefense","floor":17.0,"key":"SMITH"},{"floor":26.0,"key":"REST"},{"data":"bronze:Verify","floor":24,"key":"SMITH"},{"data":"bronze:Assembly","floor":29,"key":"SMITH"},{"data":"bronze:BronzeOrb","floor":23,"key":"SMITH"},{"data":"bronze:Shell","floor":25,"key":"SMITH"},{"data":"bronze:Assembly","floor":29,"key":"SMITH"},{"data":"bronze:Repulsor","floor":32,"key":"SMITH"},{"data":"bronze:AlphaBuild","floor":42,"key":"SMITH"},{"data":"bronze:BronzeOrb","floor":49,"key":"SMITH"},{"data":"EpicFetus","floor":52,"key":"SMITH"}],"circlet_count":0,"master_deck":["EpicFetus+1","bronze:CleanCode","Panacea+1","bronze:MaxOutput","bronze:FindAndReplace","bronze:Repulsor+1","bronze:ClassDefault","bronze:Backtrace","bronze:Constructor","bronze:ClassDefault","bronze:DigitalCarnage","bronze:Separator","ReplayUltimateDefense+1","bronze:Optimize","bronze:Assembly+1","bronze:Verify+1","bronze:WhirlingStrike","bronze:Terminator","bronze:Optimize","bronze:Flail","bronze:Assembly+1","bronze:ItsAFeature+1","bronze:ClassDefault+1","bronze:Flail+1","bronze:Boost","bronze:ItsAFeature","bronze:FindAndReplace+1","bronze:DigitalCarnage+1","bronze:DelayedSlice+1","bronze:Fortify","bronze:Branch","bronze:BronzeOrb+1","bronze:Iterate","bronze:Optimize","Dark Shackles","bronze:AlphaBuild+1","bronze:BronzeOrb+1","bronze:Shell+1","bronze:ThunderWave","Violence+1","Discovery+1","bronze:WildBeam+1","Violence+1","Poisoned Strike+1","Finesse+1","bronze:Mutator+1","bronze:ShipIt+1","bronze:OilSpill+1","Poisoned Strike+1","bronze:Assembly+1","Finesse","Crow Ritual+1","Panacea","Intimidate","bronze:HardenedForm+1","bronze:FineTuning","Master of Strategy+1","Feel No Pain","bronze:ItsAFeature+1"],"relics":["bronze:BronzeCore","HushsDoor","Chaos","Blood Vial","Regal Pillow","Incense Burner","Strawberry","Empty Cage","Sundial","WarpedTongs","White Beast Statue","StrikeDummy","PreservedInsect","DoctorsRemote","GuppysHead","BFFS","CeramicFish","Replay:Mystery Machine","Habit","expansioncontent:StudyCardRelic","CaptainsWheel","BookofShadows","Lee\u0027s Waffle","Eternal Feather","DeadEye","GnawedLeaf","Du-Vu Doll","Golden Egg","Leech","War Paint","ReplayTheSpireMod:Ring of Exchange","Ring of Misfortune","Thread and Needle","Mango","Mirror","Bag of Marbles","PrismaticShard","GuppysHairball","GuppysCollar","hexamod:CandleOfCauterizing","Replay:Bandana","HowToJump","Replay:Ringing Soul","Turnip","Mummified Hand","Coffee Dripper","Void","ClockworkSouvenir","Bottled Lightning","D4","Replay:Bottled Steam"],"acts_visited":["Exordium","TheCity","TheBeyond","TheEnding"],"potions_floor_usage":[18,55],"damage_taken":[{"damage":11.0,"enemies":"Jaw Worm","floor":1.0,"turns":4.0},{"damage":5.0,"enemies":"Cultist","floor":3.0,"turns":4.0},{"damage":4.0,"enemies":"2 Louse","floor":8.0,"turns":3.0},{"damage":33.0,"enemies":"Gremlin Nob","floor":12.0,"turns":4.0},{"damage":4.0,"enemies":"Large Slime","floor":13.0,"turns":4.0},{"damage":8.0,"enemies":"Exordium Wildlife","floor":14.0,"turns":3.0},{"damage":17.0,"enemies":"Lagavulin","floor":15.0,"turns":4.0},{"damage":17.0,"enemies":"Fading Forest","floor":18.0,"turns":11.0},{"damage":20.0,"enemies":"Spheric Guardian","floor":20.0,"turns":7.0},{"damage":1.0,"enemies":"3 Byrds","floor":22.0,"turns":4.0},{"damage":11.0,"enemies":"Snake Plant","floor":24.0,"turns":3.0},{"damage":20.0,"enemies":"Replay:Snechameleon","floor":25.0,"turns":4.0},{"damage":0.0,"enemies":"Book of Stabbing","floor":27.0,"turns":4.0},{"damage":11.0,"enemies":"Gremlin Leader","floor":29.0,"turns":6.0},{"damage":8.0,"enemies":"Snecko","floor":32.0,"turns":3.0},{"damage":5,"enemies":"3 Byrds","floor":18,"turns":3},{"damage":0,"enemies":"Shell Parasite","floor":20,"turns":1},{"damage":0,"enemies":"Slavers","floor":23,"turns":2},{"damage":1,"enemies":"Centurion and Healer","floor":25,"turns":3},{"damage":11,"enemies":"Gremlin Leader","floor":27,"turns":3},{"damage":0,"enemies":"Snake Plant","floor":30,"turns":2},{"damage":0,"enemies":"Chosen and Byrds","floor":31,"turns":4},{"damage":4,"enemies":"Chosen","floor":18,"turns":2},{"damage":0,"enemies":"3 Byrds","floor":20,"turns":2},{"damage":0,"enemies":"Centurion and Healer","floor":21,"turns":2},{"damage":0,"enemies":"3 Cultists","floor":27,"turns":4},{"damage":8,"enemies":"Gremlin Leader","floor":30,"turns":3},{"damage":0,"enemies":"Cultist and Chosen","floor":31,"turns":2},{"damage":0,"enemies":"Pondfish","floor":33,"turns":6},{"damage":0,"enemies":"3 Darklings","floor":35,"turns":2},{"damage":0,"enemies":"Mind Bloom Boss Battle","floor":38,"turns":2},{"damage":0,"enemies":"Orb Walker","floor":39,"turns":1},{"damage":0,"enemies":"Reptomancer","floor":40,"turns":2},{"damage":0,"enemies":"Maw","floor":41,"turns":3},{"damage":0,"enemies":"Writhing Mass","floor":44,"turns":1},{"damage":0,"enemies":"4 Shapes","floor":46,"turns":1},{"damage":0,"enemies":"Sphere and 2 Shapes","floor":47,"turns":1},{"damage":0,"enemies":"Writhing Mass","floor":48,"turns":1},{"damage":0,"enemies":"Time Eater","floor":50,"turns":3},{"damage":0,"enemies":"Shield and Spear","floor":54,"turns":1},{"damage":0,"enemies":"Delirium","floor":55,"turns":41}],"seed_played":"-2282871373856690986","potions_obtained":[{"floor":1.0,"key":"Adrenaline Potion"},{"floor":15.0,"key":"Strength Potion"},{"floor":22.0,"key":"Milkshake"},{"floor":25.0,"key":"Energy Potion"},{"floor":27.0,"key":"ColorlessPotion"},{"floor":33.0,"key":"DuplicationPotion"},{"floor":18,"key":"Fire Potion"},{"floor":44,"key":"DuplicationPotion"}],"is_trial":false,"path_per_floor":["M","$","M","$","?","R","?","M","PTL","PTL","T","E","M","M","E","$","R","B",null,"M","?","M","$","M","E","R","E","T","E","$","?","M","?","M","?","M","?","?","E","R","M","T","E","$","R","M","M","M","?","M","M","$","R","?","R","T","M","$","R","E","M","R","B",null,"M","$","?","?","M","E","M","R","T","M","$","M","M","M","R","B",null,"R","$","E","B",null],"character_chosen":"THE_AUTOMATON","items_purchased":["Blood Vial","Regal Pillow","Incense Burner","Fruit Juice","LifebloodPotion","ColorlessPotion","Panacea","bronze:MaxOutput","bronze:FindAndReplace","Strawberry","Empty Cage","Sundial","bronze:ClassDefault","bronze:Backtrace","PreservedInsect","ReplayUltimateDefense","DoctorsRemote","bronze:Optimize","bronze:Assembly","GuppysHead","BFFS","Fruit Juice","Ancient Potion","CeramicFish","Replay:Mystery Machine","bronze:Optimize","bronze:Flail","bronze:Assembly","CaptainsWheel","BookofShadows","bronze:ItsAFeature","bronze:FindAndReplace","bronze:DigitalCarnage+1","GnawedLeaf","Du-Vu Doll","bronze:Iterate","bronze:Optimize","Dark Shackles","Golden Egg","Leech","Violence","Discovery","War Paint","Mango","Mirror","Violence","ReplayTheSpireMod:ShopPack","GuppysHairball","GuppysCollar","hexamod:CandleOfCauterizing","Replay:Bandana","FairyPotion","Poisoned Strike","bronze:Assembly","Mummified Hand","Coffee Dripper","Void","Master of Strategy","ClockworkSouvenir","bronze:ItsAFeature","Bottled Lightning","D4"],"campfire_rested":1,"item_purchase_floors":[2,2,2,2,2,2,2,2,2,4,4,4,4,4,16,16,16,16,16,19,23,23,23,23,23,23,23,23,30,30,30,30,30,28,28,28,28,28,22,22,22,22,22,28,28,28,28,34,34,36,36,36,36,36,45,45,45,45,53,53,53,53],"current_hp_per_floor":[66,71,68,75,75,75,75,73,73,73,73,42,40,34,19,19,19,14,79,59,59,60,65,56,38,78,80,80,71,71,71,65,91,86,86,88,70,70,72,93,94,94,85,85,96,96,96,92,92,94,96,96,96,96,96,96,96,110,110,103,107,110,110,87,87,87,77,81,83,90,93,93,93,96,99,102,102,102,102,102,102,102,105,105,105],"gold":88731,"neow_bonus":"TEN_PERCENT_HP_BONUS","is_daily":false,"chose_seed":false,"campfire_upgraded":10,"win_rate":0.0,"timestamp":1613666188,"path_taken":["M","$","M","$","?","R","?","M","PTL","PTL","T","E","M","M","E","?","R","BOSS","M","?","?","$","M","E","R","E","T","E","$","?","M","?","M","?","?","?","?","E","R","M","T","E","$","R","M","M","M","?","?","M","$","R","?","R","T","M","$","R","E","M","R","BOSS","M","$","?","?","M","E","M","R","T","M","$","M","?","M","R","BOSS","R","$","E","BOSS"],"items_purchased_type":["Relic","Relic","Relic","Potion","Potion","Potion","Card","Card","Card","Relic","Relic","Relic","Card","Card","Relic","Card","Relic","Card","Card","Relic","Relic","Potion","Potion","Relic","Relic","Card","Card","Card","Relic","Relic","Card","Card","Card","Relic","Relic","Card","Card","Card","Relic","Relic","Card","Card","Relic","Relic","Relic","Card","Relic","Relic","Relic","Relic","Relic","Potion","Card","Card","Relic","Relic","Card","Card","Relic","Card","Relic","Relic"],"build_version":"2020-12-22","purchased_purges":10,"victory":true,"max_hp_per_floor":[77,82,82,89,89,89,89,89,89,89,89,89,89,89,89,89,89,89,79,79,79,79,84,84,84,84,84,84,84,84,84,84,91,91,91,91,96,96,96,96,96,96,96,96,96,96,96,96,96,96,96,96,96,96,96,96,96,110,110,110,110,110,110,87,87,87,87,87,87,90,93,93,93,96,99,102,102,102,102,102,102,102,105,105,105],"card_choices":[{"not_picked":[],"picked":"EpicFetus","floor":0.0},{"not_picked":["bronze:BronzeArmor","bronze:Separator"],"picked":"bronze:CleanCode","floor":1.0},{"not_picked":["bronze:ChildClass","bronze:Overload"],"picked":"bronze:Repulsor","floor":3.0},{"not_picked":["bronze:DelayedGuard","bronze:OilSpill"],"picked":"bronze:Constructor","floor":7.0},{"not_picked":["bronze:Invalidate","bronze:Turbo"],"picked":"bronze:ClassDefault","floor":8.0},{"not_picked":["bronze:FollowUp","bronze:Deprecate","bronze:Shield"],"picked":"SKIP","floor":12.0},{"not_picked":["bronze:Return","bronze:Iterate"],"picked":"bronze:DigitalCarnage","floor":13.0},{"not_picked":["bronze:Philosophize","bronze:BugBarrage"],"picked":"bronze:Separator","floor":14.0},{"not_picked":["bronze:Flail","bronze:Fortify"],"picked":"Bomb","floor":15.0},{"not_picked":["bronze:HyperBeam","bronze:Break"],"picked":"bronze:Verify","floor":18.0},{"not_picked":["bronze:OilSpill","bronze:Allocate+1"],"picked":"bronze:WhirlingStrike","floor":20.0},{"not_picked":["bronze:Turbo+1","bronze:Overheat+1"],"picked":"bronze:Terminator","floor":22.0},{"not_picked":["bronze:GetLatest","bronze:MaxOutput"],"picked":"bronze:ItsAFeature+1","floor":24.0},{"not_picked":["bronze:BitShift+1","bronze:Turbo"],"picked":"bronze:ClassDefault+1","floor":25.0},{"not_picked":["bronze:Turbo","bronze:DelayedGuard+1"],"picked":"bronze:Flail+1","floor":27.0},{"not_picked":["bronze:DarkDash","bronze:Iterate"],"picked":"bronze:Boost","floor":29.0},{"not_picked":["bronze:ItsAFeature","bronze:BitShift"],"picked":"bronze:DelayedSlice+1","floor":32.0},{"not_picked":["bronze:Frontload","bronze:Break"],"picked":"bronze:Fortify","floor":33.0},{"not_picked":["bronze:Frontload","bronze:Overheat"],"picked":"bronze:Branch","floor":18},{"not_picked":["bronze:OilSpill","bronze:Separator"],"picked":"bronze:BronzeOrb","floor":20},{"not_picked":["bronze:Frontload+1","bronze:CutThrough","bronze:Iterate"],"picked":"SKIP","floor":23},{"not_picked":["bronze:Terminator","bronze:Frontload+1","bronze:WildBeam"],"picked":"SKIP","floor":25},{"not_picked":["bronze:DarkDash","bronze:DelayedGuard","bronze:Shield+1"],"picked":"SKIP","floor":27},{"not_picked":["bronze:Constructor+1","bronze:Branch"],"picked":"bronze:AlphaBuild","floor":30},{"not_picked":["bronze:DelayedGuard","bronze:Backtrace"],"picked":"bronze:BronzeOrb","floor":18},{"not_picked":["bronze:MaxOutput+1","bronze:Repulsor"],"picked":"bronze:Shell","floor":20},{"not_picked":["bronze:Overheat","bronze:BronzeArmor"],"picked":"bronze:ThunderWave","floor":21},{"not_picked":["bronze:BugBarrage","bronze:Flail"],"picked":"bronze:WildBeam+1","floor":27},{"not_picked":["ReplayTheSpireMod:Necrogeddon","HandOfGreed"],"picked":"Poisoned Strike","floor":28},{"not_picked":["Blind","Replay:Sssssssssshield"],"picked":"Finesse","floor":28},{"not_picked":["bronze:GetLatest","bronze:Branch"],"picked":"bronze:Mutator","floor":30},{"not_picked":["bronze:DelayedGuard+1","bronze:Allocate","bronze:Flail"],"picked":"SKIP","floor":31},{"not_picked":["bronze:FindAndReplace","bronze:Verify"],"picked":"bronze:ShipIt","floor":33},{"not_picked":["champ:PreciseThrust","Guardian:Gem_Cyan"],"picked":"bronze:OilSpill+1","floor":35},{"not_picked":["SuicideKing","Replay:BasicMightCard"],"picked":"Finesse","floor":37},{"not_picked":["ReplayTheSpireMod:Uncanny Aura","Bandage Up"],"picked":"Crow Ritual","floor":37},{"not_picked":["Trip","Deep Breath"],"picked":"Panacea","floor":37},{"not_picked":["hexamod:ShieldOfDarkness","Loop+1","hexamod:Again+1"],"picked":"SKIP","floor":39},{"not_picked":["Skewer+1","Fasting2"],"picked":"Intimidate","floor":40},{"not_picked":["BettingIsNotGood","Slimebound:GoopSpray+1"],"picked":"bronze:HardenedForm","floor":41},{"not_picked":["hexamod:HauntingEcho+1","Sword Boomerang"],"picked":"bronze:FineTuning","floor":44},{"not_picked":["Replay:SS_hec_1+1","bronze:DelayedGuard+1"],"picked":"Feel No Pain","floor":46},{"not_picked":["champ:AdrenalArmor","champ:ShieldSigil+1","Slimebound:RollThrough"],"picked":"SKIP","floor":47},{"not_picked":["sneckomod:UnknownDexterity+1","Swivel","Slimebound:Chomp"],"picked":"SKIP","floor":48},{"not_picked":["sneckomod:UnknownClassTHE_BRONZE_AUTOMATON","bronze:RecursiveStrike","Guardian:Recover"],"picked":"SKIP","floor":54}],"player_experience":503279,"relics_obtained":[{"floor":11.0,"key":"Diplopia"},{"floor":12.0,"key":"White Beast Statue"},{"floor":15.0,"key":"StrikeDummy"},{"floor":27.0,"key":"Habit"},{"floor":29.0,"key":"expansioncontent:StudyCardRelic"},{"floor":33.0,"key":"Lee\u0027s Waffle"},{"floor":26,"key":"DeadEye"},{"floor":24,"key":"ReplayTheSpireMod:Ring of Exchange"},{"floor":24,"key":"Ring of Misfortune"},{"floor":26,"key":"Thread and Needle"},{"floor":30,"key":"Bag of Marbles"},{"floor":38,"key":"HowToJump"},{"floor":40,"key":"Replay:Ringing Soul"},{"floor":43,"key":"Turnip"},{"floor":54,"key":"Replay:Bottled Steam"}],"event_choices":[{"damage_healed":0.0,"max_hp_gain":0.0,"max_hp_loss":0.0,"gold_gain":0.0,"event_name":"Vampires","player_choice":"Ignored","floor":31.0,"gold_loss":0.0,"damage_taken":0.0},{"damage_healed":0,"gold_gain":0,"player_choice":"Opened","damage_taken":0,"relics_obtained":["Eternal Feather"],"max_hp_gain":0,"max_hp_loss":0,"event_name":"The Mausoleum","floor":19,"gold_loss":0},{"damage_healed":0,"gold_gain":0,"player_choice":"Shed Blood","damage_taken":23,"max_hp_gain":5,"max_hp_loss":0,"event_name":"Forgotten Altar","floor":21,"gold_loss":0},{"damage_healed":0,"gold_gain":0,"player_choice":"Ignored","damage_taken":0,"max_hp_gain":0,"max_hp_loss":0,"event_name":"Vampires","floor":22,"gold_loss":0},{"damage_healed":0,"gold_gain":0,"player_choice":"Ignored","damage_taken":0,"max_hp_gain":0,"max_hp_loss":0,"event_name":"Ghosts","floor":19,"gold_loss":0},{"damage_healed":0,"gold_gain":0,"player_choice":"Memory 3","damage_taken":10,"max_hp_gain":0,"max_hp_loss":0,"event_name":"SensoryStone","floor":37,"gold_loss":0},{"damage_healed":0,"gold_gain":0,"player_choice":"Fight","damage_taken":0,"max_hp_gain":0,"max_hp_loss":0,"event_name":"MindBloom","floor":38,"gold_loss":0}],"is_beta":false,"boss_relics":[{"not_picked":["Orrery","Chameleon Ring"],"picked":"ForgetMeNow"},{"not_picked":[]},{"not_picked":["Calling Bell","Guardian:GemstoneGun"],"picked":"PrismaticShard"},{"not_picked":[]}],"items_purged_floors":[2,4,16,23,30,28,22,28,36,45],"is_endless":false,"potions_floor_spawned":[1,13,14,15,18,20,22,24,25,27,29,32,18,20,23,25,27,30,31,18,20,21,27,30,31,33,35,38,39,40,41,44,46,47,48,54],"ascension_level":0}}