{"host":"70zhvo5nwrhp1mbg","time":1613626033,"event":{"mods":["BaseMod","Colored Map","Colored Powertips","Highlight Path","Minty Spire (QoL Compilation)","Rare Cards Sparkle","StSLib"],"gold_per_floor":[109,162,162,177,191,219,219,230,256,291,291,291,28,38,38,112,112,101,101,114,29,39,70,70,97,147,176,188,234,246,291,303,389,401,431,105,0,10,10,41,41,74,74,92,92,124,138,138,138,138],"floor_reached":51,"language":"ENG","playtime":4876,"items_purged":["Strike_R"],"score":1654,"play_id":"0716ea45-1461-4b04-9997-0c1a723d3a6f","local_time":"20210218002713","is_ascension_mode":true,"campfire_choices":[{"floor":7,"key":"REST"},{"data":"Barricade","floor":11,"key":"SMITH"},{"floor":15,"key":"REST"},{"floor":24,"key":"REST"},{"floor":28,"key":"REST"},{"floor":32,"key":"REST"},{"data":"Demon Form","floor":41,"key":"SMITH"},{"data":"Barricade","floor":49,"key":"SMITH"}],"circlet_count":0,"master_deck":["AscendersBane","Immolate+1","Impervious","Disarm+1","Feel No Pain+1","Dark Embrace+1","Sentinel+1","Exhume+1","Disarm","Anger","Shrug It Off","Burning Pact","Pommel Strike","Inflame","Metallicize","Bludgeon","Barricade+1","Cleave","Thunderclap","Limit Break","Body Slam","Ghostly Armor","Shockwave","Demon Form+1","Anger+1","Sentinel+1","Panacea","Seeing Red","Warcry+1","Havoc+1","Disarm+1","Havoc+1","RitualDagger","Seeing Red+1","True Grit+1","True Grit+1","Rage+1","Entrench+1","Heavy Blade"],"relics":["Black Blood","Black Star","Happy Flower","Strawberry","Vajra","InkBottle","Letter Opener","Frozen Eye","Pandora\u0027s Box","Toxic Egg 2","Art of War","Mummified Hand","Pantograph","Bag of Preparation","Darkstone Periapt","MawBank","Matryoshka","Whetstone","Orichalcum","Sundial","Thread and Needle","Red Mask","MealTicket","Blood Vial","Ancient Tea Set","Mango","Smiling Mask","Blue Candle","Pen Nib","Charon\u0027s Ashes"],"acts_visited":["Exordium","TheCity","TheBeyond"],"potions_floor_usage":[16,18,25,31,33,44,44,46],"damage_taken":[{"damage":8,"enemies":"Small Slimes","floor":1,"turns":3},{"damage":2,"enemies":"Jaw Worm","floor":4,"turns":7},{"damage":3,"enemies":"Cultist","floor":5,"turns":5},{"damage":57,"enemies":"Gremlin Nob","floor":6,"turns":6},{"damage":5,"enemies":"Blue Slaver","floor":8,"turns":5},{"damage":13,"enemies":"Lagavulin","floor":10,"turns":7},{"damage":15,"enemies":"3 Louse","floor":14,"turns":5},{"damage":19,"enemies":"Slime Boss","floor":16,"turns":12},{"damage":27,"enemies":"2 Thieves","floor":18,"turns":5},{"damage":2,"enemies":"Chosen","floor":20,"turns":7},{"damage":19,"enemies":"Centurion and Healer","floor":22,"turns":5},{"damage":25,"enemies":"Gremlin Leader","floor":23,"turns":6},{"damage":27,"enemies":"Book of Stabbing","floor":25,"turns":9},{"damage":13,"enemies":"Slavers","floor":27,"turns":5},{"damage":0,"enemies":"Gremlin Leader","floor":29,"turns":5},{"damage":11,"enemies":"Book of Stabbing","floor":31,"turns":5},{"damage":0,"enemies":"Automaton","floor":33,"turns":5},{"damage":15,"enemies":"Orb Walker","floor":35,"turns":3},{"damage":15,"enemies":"3 Darklings","floor":38,"turns":4},{"damage":28,"enemies":"Nemesis","floor":40,"turns":7},{"damage":0,"enemies":"Giant Head","floor":42,"turns":6},{"damage":12,"enemies":"4 Shapes","floor":44,"turns":4},{"damage":21,"enemies":"Reptomancer","floor":46,"turns":7},{"damage":0,"enemies":"Jaw Worm Horde","floor":47,"turns":4},{"damage":25,"enemies":"Donu and Deca","floor":50,"turns":7}],"seed_played":"773149879425299652","potions_obtained":[{"floor":14,"key":"FearPotion"},{"floor":16,"key":"PowerPotion"},{"floor":23,"key":"Block Potion"},{"floor":27,"key":"Swift Potion"},{"floor":29,"key":"BlessingOfTheForge"},{"floor":38,"key":"SpeedPotion"},{"floor":40,"key":"LiquidBronze"},{"floor":42,"key":"Strength Potion"},{"floor":44,"key":"Energy Potion"}],"is_trial":false,"path_per_floor":["M","?","?","M","M","E","R","M","T","E","R","?","$","M","R","B",null,"M","?","M","$","M","E","R","E","T","E","R","E","?","E","R","B",null,"M","$","?","M","?","E","R","E","T","M","$","E","M","?","R","B",null],"character_chosen":"IRONCLAD","items_purchased":["Inflame","Frozen Eye","Panacea","Thread and Needle","True Grit+1"],"campfire_rested":5,"item_purchase_floors":[13,13,21,36,36],"current_hp_per_floor":[66,66,71,75,78,34,60,61,61,54,54,54,54,45,71,58,80,59,59,63,63,50,31,57,36,36,29,55,61,55,50,76,87,87,84,84,84,81,81,65,65,93,93,95,101,92,101,96,96,83],"gold":138,"neow_bonus":"TRANSFORM_CARD","is_daily":false,"chose_seed":false,"campfire_upgraded":3,"win_rate":0.0,"timestamp":1613626033,"path_taken":["M","?","?","?","M","E","R","M","T","E","R","?","$","M","R","BOSS","M","?","M","$","?","E","R","E","T","E","R","E","?","E","R","BOSS","M","$","?","M","?","E","R","E","T","M","$","E","M","?","R","BOSS"],"items_purchased_type":["Card","Relic","Card","Relic","Card"],"build_version":"2020-12-22","purchased_purges":1,"victory":true,"max_hp_per_floor":[75,75,80,80,80,87,87,87,87,87,87,87,87,87,87,87,87,87,87,87,87,87,87,87,87,87,87,87,87,87,87,87,87,87,87,87,87,87,87,87,87,101,101,101,101,101,101,96,96,96],"card_choices":[{"not_picked":["Armaments","Twin Strike"],"picked":"Disarm","floor":1},{"not_picked":["Headbutt","Wild Strike"],"picked":"Anger","floor":4},{"not_picked":["Sword Boomerang","Iron Wave"],"picked":"Shrug It Off","floor":5},{"not_picked":["Entrench","Uppercut"],"picked":"Burning Pact","floor":6},{"not_picked":["Power Through","Twin Strike"],"picked":"Pommel Strike","floor":8},{"not_picked":["Fire Breathing","True Grit"],"picked":"Barricade","floor":10},{"not_picked":["Second Wind","Hemokinesis"],"picked":"Metallicize","floor":14},{"not_picked":["Feed","Barricade"],"picked":"Bludgeon","floor":16},{"not_picked":["Twin Strike","Rampage"],"picked":"Anger","floor":18},{"not_picked":["Clothesline","Power Through"],"picked":"Sentinel+1","floor":20},{"not_picked":["Iron Wave","Twin Strike"],"picked":"Seeing Red","floor":22},{"not_picked":["Inflame","Wild Strike"],"picked":"Warcry+1","floor":23},{"not_picked":["Dual Wield+1","Warcry+1"],"picked":"Havoc+1","floor":25},{"not_picked":["Sever Soul","Thunderclap"],"picked":"Disarm+1","floor":27},{"not_picked":["Dark Embrace","Sword Boomerang"],"picked":"Havoc+1","floor":29},{"not_picked":["Fiend Fire","Exhume+1"],"picked":"Seeing Red+1","floor":31},{"not_picked":["Havoc+1","Wild Strike+1"],"picked":"Flex+1","floor":35},{"not_picked":["Cleave","Armaments+1"],"picked":"True Grit+1","floor":38},{"not_picked":["Shrug It Off+1","Fire Breathing","Metallicize"],"picked":"SKIP","floor":40},{"not_picked":["Carnage+1","Metallicize+1"],"picked":"Rage+1","floor":42},{"not_picked":["Sever Soul","Rage+1","Fire Breathing"],"picked":"SKIP","floor":44},{"not_picked":["Rupture","Fire Breathing"],"picked":"Entrench+1","floor":46},{"not_picked":["Sword Boomerang","Wild Strike"],"picked":"Heavy Blade","floor":47}],"player_experience":617280,"relics_obtained":[{"floor":6,"key":"Happy Flower"},{"floor":6,"key":"Strawberry"},{"floor":9,"key":"Vajra"},{"floor":10,"key":"InkBottle"},{"floor":10,"key":"Letter Opener"},{"floor":23,"key":"Toxic Egg 2"},{"floor":23,"key":"Art of War"},{"floor":25,"key":"Mummified Hand"},{"floor":25,"key":"Pantograph"},{"floor":26,"key":"Bag of Preparation"},{"floor":27,"key":"Darkstone Periapt"},{"floor":27,"key":"MawBank"},{"floor":29,"key":"Matryoshka"},{"floor":29,"key":"Whetstone"},{"floor":31,"key":"Orichalcum"},{"floor":31,"key":"Sundial"},{"floor":40,"key":"MealTicket"},{"floor":40,"key":"Blood Vial"},{"floor":42,"key":"Ancient Tea Set"},{"floor":42,"key":"Mango"},{"floor":43,"key":"Smiling Mask"},{"floor":43,"key":"Blue Candle"},{"floor":46,"key":"Pen Nib"},{"floor":46,"key":"Charon\u0027s Ashes"}],"event_choices":[{"damage_healed":0,"gold_gain":53,"player_choice":"Gained Gold","damage_taken":0,"max_hp_gain":0,"max_hp_loss":0,"event_name":"Golden Wing","floor":2,"gold_loss":0},{"damage_healed":0,"gold_gain":0,"player_choice":"Donut","damage_taken":0,"max_hp_gain":5,"max_hp_loss":0,"event_name":"Big Fish","floor":3,"gold_loss":0},{"damage_healed":0,"gold_gain":0,"player_choice":"Ignored","damage_taken":0,"max_hp_gain":0,"max_hp_loss":0,"event_name":"Shining Light","floor":12,"gold_loss":0},{"cards_removed":["Bludgeon"],"damage_healed":0,"gold_gain":0,"player_choice":"Purged","damage_taken":0,"max_hp_gain":0,"max_hp_loss":0,"event_name":"Purifier","floor":19,"gold_loss":0},{"damage_healed":0,"gold_gain":0,"player_choice":"Joined the Cult","damage_taken":6,"max_hp_gain":0,"max_hp_loss":0,"event_name":"Nest","floor":30,"gold_loss":0,"cards_obtained":["RitualDagger"]},{"damage_healed":0,"gold_gain":0,"player_choice":"Paid","damage_taken":0,"relics_obtained":["Red Mask"],"max_hp_gain":0,"max_hp_loss":0,"event_name":"Tomb of Lord Red Mask","floor":37,"gold_loss":105},{"cards_removed":["Flex"],"damage_healed":0,"gold_gain":0,"player_choice":"Removed Skill","damage_taken":0,"max_hp_gain":0,"max_hp_loss":0,"event_name":"Falling","floor":39,"gold_loss":0},{"damage_healed":0,"gold_gain":0,"player_choice":"Max HP","damage_taken":0,"max_hp_gain":0,"max_hp_loss":5,"event_name":"Winding Halls","floor":48,"gold_loss":0}],"is_beta":false,"boss_relics":[{"not_picked":["Black Star","Velvet Choker"],"picked":"Pandora\u0027s Box"},{"not_picked":["Astrolabe","Runic Pyramid"],"picked":"Black Blood"}],"items_purged_floors":[13],"is_endless":false,"potions_floor_spawned":[5,14,16,23,27,29,38,40,42,44],"ascension_level":14}}