{"host":"dx8mnueonnkh60qu","time":1613629668,"event":{"mods":["AchievementEnabler","Act Like it!","Aspiration","BaseMod","Better Silent Start","Better Third Choice","Bossed Relics","CCEM2","Conspire","Defuse TimeMaze Blight","Dota2Spire","Downfall","Hubris","Infinite Spire","Marked Mod","Minty Spire (QoL Compilation)","Quarter Circle Forward PUNCH!","Rare Cards Sparkle","Relic Stats","Reliquary","Robot Space Explorer","Spicy Shops","Spikes Relics","StSLib","SuperFastMode","The Blue Laboratory","The Caster"],"gold_per_floor":[109,109,109,120,120,120,146,146,225,237,237,68,91,111,111,236,236,257,276,276,296,211,247,247,247,270,270,283,318,318,338,338,459,459,484,484,484,507,520,520,554,388,413,476,494,508,365,405,405,405,405,405,80,114,114],"floor_reached":56,"language":"ENG","playtime":1491,"items_purged":["Injury"],"score":1704,"play_id":"f8f0e05f-9713-4ddc-87b9-7742f82e16da","local_time":"20210218012748","is_ascension_mode":true,"campfire_choices":[{"data":"conspire:PoisonWeapons","floor":6.0,"key":"SMITH"},{"data":"Adrenaline","floor":15.0,"key":"SMITH"},{"data":"Adrenaline","floor":24.0,"key":"SMITH"},{"floor":27.0,"key":"RECALL"},{"data":"Mind Blast","floor":32.0,"key":"SMITH"},{"floor":40.0,"key":"REST"},{"data":"Finisher","floor":49.0,"key":"SMITH"},{"data":"Purity","floor":52.0,"key":"SMITH"}],"circlet_count":0,"master_deck":["Strike_G","Strike_G","Strike_G","Strike_G","Defend_G","Defend_G","Defend_G","Defend_G","Survivor","Neutralize+1","conspire:PoisonWeapons+1","hubris:InfiniteBlow+170","Heel Hook","Adrenaline+1","Malaise","Slice","Dagger Spray","Adrenaline+1","Mind Blast+1","Cloak And Dagger+1","Slice","Masterful Stab+1","Finisher+1","Purity+1","Backstab","Slice+1"],"relics":["Ring of the Snake","aspiration:BabyByrd","Turnip","hubris:BottledRain","Golden Idol","Dota2Spire:Satanic","aspiration:PoetsPen_weak","hubris:Towel","SpikesRelics:DaevaFist","reliquary:Spinner","reliquary:TridentHead","CCEMRelics:ChainBlade","Snecko Eye","infinitespire:Lucky Rock","qcfpunch:Not_Strongest_Fighting_Style_Guidebook","CherryCoatedStake","CCEMRelics:HistoryBook","CCEMRelics:LatexGloves","FossilizedHelix","aspiration:HummingbirdHeart","Dota2Spire:BattleFury"],"acts_visited":["Exordium","TheCity","TheBeyond","TheEnding"],"potions_floor_usage":[55],"damage_taken":[{"damage":1.0,"enemies":"Small Slimes","floor":1.0,"turns":4.0},{"damage":0.0,"enemies":"2 Louse","floor":4.0,"turns":3.0},{"damage":0.0,"enemies":"Lagavulin","floor":7.0,"turns":3.0},{"damage":0.0,"enemies":"conspire:RoseBush","floor":10.0,"turns":1.0},{"damage":0.0,"enemies":"conspire:2 RoseBushes","floor":13.0,"turns":4.0},{"damage":2.0,"enemies":"Large Slime","floor":14.0,"turns":3.0},{"damage":0.0,"enemies":"The Guardian","floor":16.0,"turns":2.0},{"damage":0.0,"enemies":"2 Thieves","floor":18.0,"turns":3.0},{"damage":0.0,"enemies":"3 Byrds","floor":19.0,"turns":2.0},{"damage":0.0,"enemies":"Snake Plant","floor":21.0,"turns":2.0},{"damage":44.0,"enemies":"Slavers","floor":23.0,"turns":5.0},{"damage":0.0,"enemies":"Shelled Parasite and Fungi","floor":28.0,"turns":2.0},{"damage":0.0,"enemies":"conspire:SneckoGhost","floor":29.0,"turns":1.0},{"damage":0.0,"enemies":"Centurion and Healer","floor":31.0,"turns":2.0},{"damage":0.0,"enemies":"Automaton","floor":33.0,"turns":3.0},{"damage":18.0,"enemies":"3 Shapes","floor":35.0,"turns":4.0},{"damage":0.0,"enemies":"Orb Walker","floor":38.0,"turns":1.0},{"damage":20.0,"enemies":"4 Shapes","floor":39.0,"turns":4.0},{"damage":0.0,"enemies":"Reptomancer","floor":41.0,"turns":2.0},{"damage":14.0,"enemies":"2 Orb Walkers","floor":44.0,"turns":3.0},{"damage":0.0,"enemies":"Maw","floor":45.0,"turns":1.0},{"damage":0.0,"enemies":"Sphere and 2 Shapes","floor":46.0,"turns":1.0},{"damage":0.0,"enemies":"Giant Head","floor":48.0,"turns":2.0},{"damage":44.0,"enemies":"Awakened One","floor":50.0,"turns":4.0},{"damage":0.0,"enemies":"Shield and Spear","floor":54.0,"turns":3.0},{"damage":55,"enemies":"The Heart","floor":55,"turns":5}],"seed_played":"1545419807440372652","potions_obtained":[{"floor":4.0,"key":"PowerPotion"},{"floor":7.0,"key":"DuplicationPotion"},{"floor":10.0,"key":"SpeedPotion"}],"is_trial":false,"path_per_floor":["M","?","?","M","?","R","E","$","T","M","?","$","M","M","R","B",null,"M","M","?","M","?","E","R","?","T","R","M","E","AVR","M","R","B",null,"M","?","?","M","M","R","E","$","T","?","M","M","$","E","R","B",null,"R","$","E","B",null],"character_chosen":"THE_SILENT","items_purchased":["Dota2Spire:Satanic","Finisher","Purity","CCEMRelics:HistoryBook","FossilizedHelix","aspiration:HummingbirdHeart"],"campfire_rested":1,"item_purchase_floors":[12,42,42,47,53,53],"current_hp_per_floor":[69,52,52,52,52,52,52,52,52,52,52,52,70,68,68,68,70,70,70,70,70,70,62,62,50,50,50,50,50,50,50,50,50,70,66,66,66,66,46,65,65,65,65,66,66,66,66,66,66,26,66,66,66,66,11],"gold":114,"neow_bonus":"UPGRADE_CARD","is_daily":false,"chose_seed":false,"campfire_upgraded":6,"win_rate":0.0,"timestamp":1613629668,"path_taken":["M","?","?","M","?","R","E","$","T","M","?","$","M","M","R","BOSS","M","M","?","M","?","E","R","?","T","R","M","E","AVR","?","R","BOSS","M","?","?","M","M","R","E","$","T","?","M","M","$","E","R","BOSS","R","$","E","BOSS"],"items_purchased_type":["Relic","Card","Card","Relic","Relic","Relic"],"build_version":"2020-12-22","purchased_purges":1,"victory":true,"max_hp_per_floor":[70,70,70,70,70,70,70,70,70,70,70,70,70,70,70,70,70,70,70,70,70,70,70,70,70,70,70,70,70,70,70,70,70,70,70,70,66,66,66,66,66,66,66,66,66,66,66,66,66,66,66,66,66,66,66],"relic_stats":{"counters":[26,70],"Golden Idol":197,"Snecko Eye":[41,56,62,53],"Turnip":[2],"obtain_stats":[{"CCEMRelics:HistoryBook":47,"CCEMRelics:LatexGloves":48,"CherryCoatedStake":44,"Golden Idol":11,"qcfpunch:Not_Strongest_Fighting_Style_Guidebook":43,"aspiration:PoetsPen_weak":17,"Dota2Spire:BattleFury":54,"aspiration:HummingbirdHeart":53,"reliquary:Spinner":23,"infinitespire:Lucky Rock":41,"hubris:Towel":20,"CCEMRelics:ChainBlade":30,"Dota2Spire:Satanic":12,"reliquary:TridentHead":29,"aspiration:BabyByrd":3,"Snecko Eye":34,"Turnip":7,"SpikesRelics:DaevaFist":22,"FossilizedHelix":53,"Ring of the Snake":0,"hubris:BottledRain":9},{"CCEMRelics:HistoryBook":22,"CCEMRelics:LatexGloves":23,"CherryCoatedStake":20,"Golden Idol":4,"qcfpunch:Not_Strongest_Fighting_Style_Guidebook":19,"aspiration:PoetsPen_weak":7,"Dota2Spire:BattleFury":25,"aspiration:HummingbirdHeart":24,"reliquary:Spinner":11,"infinitespire:Lucky Rock":19,"hubris:Towel":9,"CCEMRelics:ChainBlade":13,"Dota2Spire:Satanic":4,"reliquary:TridentHead":13,"aspiration:BabyByrd":1,"Snecko Eye":15,"Turnip":3,"SpikesRelics:DaevaFist":10,"FossilizedHelix":24,"Ring of the Snake":0,"hubris:BottledRain":3},{"CCEMRelics:HistoryBook":56,"CCEMRelics:LatexGloves":58,"CherryCoatedStake":54,"Golden Idol":11,"qcfpunch:Not_Strongest_Fighting_Style_Guidebook":51,"aspiration:PoetsPen_weak":20,"Dota2Spire:BattleFury":65,"aspiration:HummingbirdHeart":62,"reliquary:Spinner":32,"infinitespire:Lucky Rock":51,"hubris:Towel":25,"CCEMRelics:ChainBlade":35,"Dota2Spire:Satanic":11,"reliquary:TridentHead":35,"aspiration:BabyByrd":4,"Snecko Eye":40,"Turnip":10,"SpikesRelics:DaevaFist":27,"FossilizedHelix":62,"Ring of the Snake":0,"hubris:BottledRain":10}],"Ring of the Snake":[152]},"card_choices":[{"not_picked":["Escape Plan","hubris:Counter"],"picked":"conspire:PoisonWeapons","floor":1.0},{"not_picked":["infinitespire:Oblivion","infinitespire:SealOfDarkness+"],"picked":"hubris:InfiniteBlow+85","floor":2.0},{"not_picked":["Acrobatics","Dagger Throw"],"picked":"Heel Hook","floor":4.0},{"not_picked":["Eviscerate","Prepared","Deflect"],"picked":"SKIP","floor":7.0},{"not_picked":["Sucker Punch","Poisoned Stab","Riddle With Holes"],"picked":"SKIP","floor":10.0},{"not_picked":["Endless Agony","Deflect","Sucker Punch"],"picked":"SKIP","floor":13.0},{"not_picked":["Cloak And Dagger","Noxious Fumes"],"picked":"Adrenaline","floor":14.0},{"not_picked":["Storm of Steel","Glass Knife"],"picked":"Malaise","floor":16.0},{"not_picked":["Prepared+1","PiercingWail"],"picked":"Slice","floor":18.0},{"not_picked":["Endless Agony","Deadly Poison"],"picked":"Dagger Spray","floor":19.0},{"not_picked":["Dagger Spray","Bane","Sucker Punch+1"],"picked":"SKIP","floor":21.0},{"not_picked":["Blur","All Out Attack+1"],"picked":"Adrenaline","floor":23.0},{"not_picked":["conspire:DoublingDagger","All Out Attack","Backflip"],"picked":"SKIP","floor":28.0},{"not_picked":["Expertise","A Thousand Cuts"],"picked":"Cloak And Dagger+1","floor":29.0},{"not_picked":["Blur+1","Accuracy","Flying Knee+1"],"picked":"SKIP","floor":31.0},{"not_picked":["Catalyst+1","Bane","Escape Plan"],"picked":"SKIP","floor":35.0},{"not_picked":["Backflip","Dagger Throw+1"],"picked":"Slice","floor":38.0},{"not_picked":["Bullet Time","Cloak And Dagger+1","All Out Attack+1"],"picked":"SKIP","floor":39.0},{"not_picked":["Endless Agony","Quick Slash+1"],"picked":"Masterful Stab+1","floor":41.0},{"not_picked":["Catalyst+1","Blade Dance+1","Bane+1"],"picked":"SKIP","floor":45.0},{"not_picked":["Noxious Fumes+1","Flying Knee"],"picked":"Backstab","floor":46.0},{"not_picked":["Dagger Throw+1","Leg Sweep","Well Laid Plans"],"picked":"SKIP","floor":48.0},{"not_picked":["Blade Dance","Dagger Spray+1"],"picked":"Slice+1","floor":54.0}],"player_experience":641082,"relics_obtained":[{"floor":7.0,"key":"Turnip"},{"floor":9.0,"key":"hubris:BottledRain"},{"floor":23.0,"key":"reliquary:Spinner"},{"floor":29.0,"key":"reliquary:TridentHead"},{"floor":41.0,"key":"infinitespire:Lucky Rock"},{"floor":43.0,"key":"qcfpunch:Not_Strongest_Fighting_Style_Guidebook"},{"floor":44.0,"key":"CherryCoatedStake"},{"floor":48.0,"key":"CCEMRelics:LatexGloves"},{"floor":54.0,"key":"Dota2Spire:BattleFury"}],"event_choices":[{"damage_healed":0.0,"max_hp_gain":0.0,"max_hp_loss":0.0,"gold_gain":0.0,"event_name":"Golden Idol","player_choice":"Take Wound","floor":11.0,"gold_loss":0.0,"damage_taken":0.0,"relics_obtained":["Golden Idol"],"cards_obtained":["Injury"]},{"damage_healed":0.0,"max_hp_gain":0.0,"max_hp_loss":0.0,"gold_gain":0.0,"event_name":"Addict","player_choice":"Obtained Relic","floor":22.0,"gold_loss":85.0,"damage_taken":0.0,"relics_obtained":["SpikesRelics:DaevaFist"]},{"damage_healed":0.0,"max_hp_gain":0.0,"max_hp_loss":0.0,"gold_gain":0.0,"event_name":"Knowing Skull","player_choice":"CARD ","floor":25.0,"potions_obtained":[],"gold_loss":0.0,"damage_taken":12.0,"cards_obtained":["Mind Blast"]},{"damage_healed":0.0,"max_hp_gain":0.0,"max_hp_loss":0.0,"gold_gain":0.0,"event_name":"conspire:Investor","player_choice":"Leave","floor":36.0,"gold_loss":0.0,"damage_taken":0.0},{"damage_healed":0.0,"max_hp_gain":0.0,"max_hp_loss":4.0,"gold_gain":0.0,"event_name":"Winding Halls","player_choice":"Max HP","floor":37.0,"gold_loss":0.0,"damage_taken":0.0},{"damage_healed":0.0,"max_hp_gain":0.0,"max_hp_loss":0.0,"gold_gain":0.0,"event_name":"Mysterious Sphere","player_choice":"Fight","floor":44.0,"gold_loss":0.0,"damage_taken":0.0}],"is_beta":false,"boss_relics":[{"not_picked":["hubris:GrandSneckoEye","CCEMRelics:DefectiveTurbocharger"],"picked":"aspiration:PoetsPen_weak"},{"not_picked":["hubris:ScarierMask","WristBlade"],"picked":"Snecko Eye"}],"items_purged_floors":[12],"is_endless":false,"potions_floor_spawned":[4,7,10,14,16,18,31,33,41,44,48],"ascension_level":4}}