{"host":"9slw7l0ws16384qq","time":1613683992,"event":{"mods":["A Penny For Your Troubles","BaseMod","Colored Map","Downfall","Evolution","Hubris","Minty Spire (QoL Compilation)","Replay The Spire","StS++","StSLib"],"gold_per_floor":[99,99,99,99,99,99,99,9,9,39,39,55,55,72,90,90,90,90],"floor_reached":16,"language":"FRA","playtime":664,"items_purged":["Guardian:Defend_Guardian"],"score":168,"play_id":"b189a73d-bd5c-4b64-ad18-c2ee9728777b","local_time":"20210218223312","is_ascension_mode":true,"campfire_choices":[{"floor":1.0,"key":"DIG"},{"floor":6.0,"key":"RECALL"},{"floor":11.0,"key":"REST"}],"circlet_count":0,"master_deck":["AscendersBane","Guardian:Strike_Guardian","Guardian:Strike_Guardian","Guardian:Strike_Guardian","Guardian:Defend_Guardian","Guardian:Defend_Guardian","Guardian:Defend_Guardian","Guardian:CurlUp","Guardian:TwinSlam","Guardian:SentryBeam"],"relics":["Guardian:ModeShifter","EVO:Axolotl","downfall:HeartsMalice","CaptainsWheel","Gambling Chip"],"acts_visited":["Exordium"],"potions_floor_usage":[16],"damage_taken":[{"damage":0.0,"enemies":"Jaw Worm","floor":2.0,"turns":1.0},{"damage":0.0,"enemies":"2 Louse","floor":3.0,"turns":1.0},{"damage":0.0,"enemies":"Cultist","floor":5.0,"turns":1.0},{"damage":0.0,"enemies":"downfall:FleeingMerchant","floor":8.0,"turns":4.0},{"damage":34.0,"enemies":"Lagavulin","floor":10.0,"turns":12.0},{"damage":3.0,"enemies":"downfall:LooterAlt","floor":12.0,"turns":3.0},{"damage":6.0,"enemies":"Large Slime","floor":14.0,"turns":9.0},{"damage":3.0,"enemies":"Blue Slaver","floor":15.0,"turns":4.0},{"damage":41,"enemies":"IC_STATUS_ARCHETYPE","floor":16,"turns":17}],"seed_played":"7555926091966448781","potions_obtained":[{"floor":10.0,"key":"StSpp:InhibitionPotion"},{"floor":12.0,"key":"LiquidMemories"},{"floor":15.0,"key":"DuplicationPotion"}],"is_trial":false,"path_per_floor":["R_BF","M","M","?","M","R","T","$","?","E","R","M","?","M","M","B"],"character_chosen":"GUARDIAN","items_purchased":[],"campfire_rested":1,"item_purchase_floors":[],"current_hp_per_floor":[65,65,65,65,65,65,65,65,65,31,52,49,49,43,40,0,0,0],"gold":90,"neow_bonus":"THREE_ENEMY_KILL","is_daily":false,"chose_seed":false,"campfire_upgraded":0,"win_rate":0.0,"timestamp":1613683992,"path_taken":["R_BF","M","M","?","M","R","T","$","?","E","R","M","?","M","M","BOSS"],"items_purchased_type":[],"build_version":"2020-12-22","purchased_purges":1,"victory":false,"max_hp_per_floor":[72,72,72,72,72,72,72,72,72,72,72,72,72,72,72,72,72,72],"card_choices":[{"not_picked":["Guardian:PrimingBeam","Guardian:PiercingHide"],"picked":"Guardian:Gem_Cyan","floor":2.0},{"not_picked":["Guardian:Gem_Cyan","Guardian:ChargeUp"],"picked":"Guardian:SentryBeam","floor":3.0},{"not_picked":["Guardian:Suspension","Guardian:BaubleBeam"],"picked":"Guardian:Gem_Cyan","floor":5.0},{"not_picked":["Guardian:VentSteam","Guardian:CrystalBeam","Guardian:ShieldSpikes"],"picked":"SKIP","floor":8.0},{"not_picked":["Guardian:VentSteam","Guardian:Gem_Cyan","Guardian:Gem_Yellow"],"picked":"SKIP","floor":10.0},{"not_picked":["Guardian:Reroute","Guardian:Gem_Green","Guardian:GuardianWhirl"],"picked":"SKIP","floor":12.0},{"not_picked":["Guardian:PrismaticBarrier","Guardian:ShieldCharger","Guardian:DonusPower"],"picked":"SKIP","floor":14.0},{"not_picked":["Guardian:VentSteam","Guardian:ShieldSpikes","Guardian:Reroute"],"picked":"SKIP","floor":15.0}],"player_experience":1712414,"relics_obtained":[{"floor":1.0,"key":"CaptainsWheel"},{"floor":10.0,"key":"Gambling Chip"}],"event_choices":[],"is_beta":false,"boss_relics":[],"items_purged_floors":[8],"is_endless":false,"potions_floor_spawned":[10,12,14,15],"killed_by":"IC_STATUS_ARCHETYPE","ascension_level":15}}