{"host":"xsfbp1yx1f2ea5z7","time":1613653948,"event":{"mods":["100% Spire Juice","AchievementEnabler","Act Like it!","Bard","BaseMod","Beaked The Cultist","Better Altar","Better Match","Better Note","Better Sensory Stone","Better Skull","Better Third Choice","BetterRewards","Block Reminder","ChefMod","Colored Map","Colored Powertips","Conspire","DeckTracker","Downfall","GifTheSpireLib","Halation","Hermit","Hubris","Infinite Spire","Jedi Mod","Jorbs\u0027s Wanderer Trilogy","Marked Mod","Mimic Mod","Minty Spire (QoL Compilation)","Replay The Spire","Robot Space Explorer","Shade Mod","Spicy Shops","StSLib","The Blackbeard","The Cursed","The Hierophant","The Judge","The Jungle","The Marked","The Mystic","The Runesmith","TheBandit","Unceasing Turn Reminder","Wandering Minibosses","everything is the same but u backflip on backflip"],"gold_per_floor":[114,114,114,39,39,39,73,89,124,139,139,157,186,205,205,308,308,324,324,155,255,255,287,303,303,303,323,343,343,343],"floor_reached":29,"language":"ENG","playtime":1102,"items_purged":["Normality","hermit:Strike_Hermit"],"score":353,"play_id":"e83ac311-64ee-4eb2-91d0-571ac453e989","local_time":"20210218211228","is_ascension_mode":false,"campfire_choices":[{"data":"hermit:Misfire","floor":6,"key":"SMITH"},{"data":"hermit:CursedWeapon","floor":11,"key":"SMITH"},{"floor":15,"key":"REST"},{"floor":25,"key":"REST"}],"circlet_count":0,"master_deck":["hermit:Strike_Hermit+1","hermit:Strike_Hermit","hermit:Strike_Hermit","hermit:Defend_Hermit","hermit:Defend_Hermit","hermit:Defend_Hermit","hermit:Defend_Hermit","hermit:Snapshot+1","hermit:Covet+1","hermit:Misfire+1","Regret","hermit:Brawl","hermit:Gestalt","hermit:CursedWeapon+1","hermit:Enervate","hermit:DeadMansHand","hermit:Reprieve","hermit:RoundhouseKick","hermit:Grudge+1","hermit:Cheat","downfall:Haunted","downfall:Haunted","stsjorbsmod:Withering","hermit:RoundhouseKick","infinitespire:Pacifist","hubris:Envy","hermit:SprayPray+1","hermit:Ricochet+1","hermit:TrackingShot+1","hermit:FlashPowder","hermit:Gambit","hermit:Shortfuse+1"],"relics":["hermit:Momento","hubris:Icosahedron","ReplayTheSpireMod:Ring of Exchange","Blue Doll","Centennial Puzzle","hermit:RyeStalk","Gremlin Food","hubris:RunicObelisk","Du-Vu Doll","Mercury Hourglass"],"acts_visited":["Exordium","TheCity"],"potions_floor_usage":[9,10,13],"damage_taken":[{"damage":0,"enemies":"Cultist","floor":1,"turns":2},{"damage":27,"enemies":"Gremlin Nob","floor":7,"turns":4},{"damage":1,"enemies":"2 Louse","floor":8,"turns":2},{"damage":0,"enemies":"Small Slimes","floor":9,"turns":7},{"damage":11,"enemies":"Small Slimes","floor":10,"turns":4},{"damage":4,"enemies":"2 Fungi Beasts","floor":12,"turns":2},{"damage":17,"enemies":"3 Sentries","floor":13,"turns":7},{"damage":3,"enemies":"Red Slaver","floor":14,"turns":2},{"damage":30,"enemies":"Fading Forest","floor":16,"turns":11},{"damage":7,"enemies":"Spheric Guardian","floor":18,"turns":3},{"damage":58,"enemies":"conspire:SneckoGhost","floor":23,"turns":7},{"damage":3,"enemies":"Chosen","floor":24,"turns":2},{"damage":2,"enemies":"Centurion and Healer","floor":27,"turns":3},{"damage":0,"enemies":"3 Cultists","floor":28,"turns":2},{"damage":0,"enemies":"conspire:HollyBat","floor":29,"turns":1}],"seed_played":"8334447655975629623","potions_obtained":[{"floor":7,"key":"hexamod:SoulburnPotion"},{"floor":8,"key":"SneckoOil"},{"floor":10,"key":"Dexterity Potion"},{"floor":12,"key":"Explosive Potion"},{"floor":16,"key":"Elixir"},{"floor":24,"key":"Adrenaline Potion"}],"is_trial":false,"path_per_floor":["M","?","?","$","?","R","E","M","MIM","M","R","M","E","M","R","B",null,"M","?","$","?","?","E","M","R","T","M","M","M"],"character_chosen":"HERMIT","items_purchased":["hermit:Cheat"],"campfire_rested":2,"item_purchase_floors":[20],"current_hp_per_floor":[75,75,75,75,75,75,48,47,47,36,36,32,15,12,34,36,75,68,68,68,73,73,15,12,36,36,34,34,34,34],"gold":343,"neow_bonus":"UPGRADE_CARD","is_daily":false,"chose_seed":false,"campfire_upgraded":2,"win_rate":0.0,"timestamp":1613653948,"path_taken":["M","?","?","$","?","R","E","M","MIM","M","R","M","E","M","R","BOSS","M","?","$","?","?","E","M","R","T","M","?","M"],"items_purchased_type":["Card"],"build_version":"2020-12-22","purchased_purges":2,"victory":false,"max_hp_per_floor":[75,75,75,75,75,75,75,75,75,75,75,75,75,75,75,75,75,75,75,75,80,80,80,80,80,80,80,80,80,80],"card_choices":[{"not_picked":["hermit:WideOpen","hermit:Manifest"],"picked":"hermit:Misfire","floor":1},{"not_picked":["hermit:Roulette","hermit:CalledShot"],"picked":"hermit:Brawl","floor":7},{"not_picked":["hermit:Brawl","hermit:Scavenge"],"picked":"hermit:Gestalt","floor":8},{"not_picked":["hermit:Roulette","hermit:Vantage"],"picked":"hermit:CursedWeapon","floor":9},{"not_picked":["hermit:Scavenge","hermit:LoneWolf"],"picked":"hermit:Enervate","floor":10},{"not_picked":["hermit:WideOpen","hermit:ItchyTrigger"],"picked":"hermit:DeadMansHand","floor":12},{"not_picked":["hermit:FullyLoaded","hermit:Manifest","hermit:Scavenge"],"picked":"SKIP","floor":13},{"not_picked":["hermit:Horror","hermit:HoleUp"],"picked":"hermit:Reprieve","floor":14},{"not_picked":["hermit:Dissolve","hermit:OverwhelmingPower"],"picked":"hermit:RoundhouseKick","floor":16},{"not_picked":["hermit:Manifest","hermit:Roulette"],"picked":"hermit:Grudge+1","floor":18},{"not_picked":["hermit:LowProfile+1","hermit:Dive+1"],"picked":"hermit:SprayPray+1","floor":22},{"not_picked":["hermit:Feint+1","hermit:Coalescence+1"],"picked":"hermit:Ricochet+1","floor":22},{"not_picked":["hermit:Headshot+1","hermit:HoleUp+1"],"picked":"hermit:TrackingShot+1","floor":22},{"not_picked":["hermit:Gestalt","hermit:Virtue"],"picked":"hermit:FlashPowder","floor":23},{"not_picked":["hermit:Grudge","hermit:SprayPray","hermit:WideOpen"],"picked":"SKIP","floor":24},{"not_picked":["hermit:Glare","hermit:Desperado"],"picked":"hermit:Gambit","floor":27},{"not_picked":["hermit:Desperado+1","hermit:Manifest"],"picked":"hermit:Shortfuse+1","floor":28}],"player_experience":107728,"relics_obtained":[{"floor":3,"key":"ReplayTheSpireMod:Ring of Exchange"},{"floor":7,"key":"Centennial Puzzle"},{"floor":9,"key":"hermit:RyeStalk"},{"floor":13,"key":"Gremlin Food"},{"floor":23,"key":"Mercury Hourglass"}],"event_choices":[{"damage_healed":0,"gold_gain":0,"player_choice":"Box","damage_taken":0,"relics_obtained":["Blue Doll"],"max_hp_gain":0,"max_hp_loss":0,"event_name":"Big Fish","floor":5,"gold_loss":0,"cards_obtained":["Regret"]},{"damage_healed":0,"gold_gain":0,"player_choice":"Ignored","damage_taken":0,"max_hp_gain":0,"max_hp_loss":0,"event_name":"betterNote:BetterNote","floor":19,"gold_loss":0,"cards_obtained":["Battle Trance"]},{"damage_healed":0,"gold_gain":0,"player_choice":"3","damage_taken":0,"max_hp_gain":0,"max_hp_loss":0,"event_name":"betterMatch:BetterMatch","floor":22,"gold_loss":0,"cards_obtained":["betterMatch:CommonCard"]}],"is_beta":false,"boss_relics":[{"not_picked":["hermit:BartenderGlass","halation:Convergence"],"picked":"hubris:RunicObelisk"}],"items_purged_floors":[4,20],"is_endless":false,"potions_floor_spawned":[7,8,10,12,16,24,27,28],"killed_by":"conspire:HollyBat","ascension_level":0}}