{"host":"ydg0vn0pu4pubmdt","time":1613677688,"event":{"mods":["AchievementEnabler","BaseMod","Colored Map","Minty Spire (QoL Compilation)","Quick Restart","SuperFastMode"],"gold_per_floor":[117,130,146,161,181,181,210,210,281,281,301,301,301,317,317,393,393,408,418,343,359,359,394,394,394,394,408,408,408,419,445,445,519,519,536,547,198,209,27,55,5,37,37,37,47,67,81,31,31,31,31,31],"floor_reached":51,"language":"KOR","playtime":1992,"items_purged":["Defend_G","Strike_G","Strike_G","Strike_G","Defend_G"],"score":1402,"play_id":"218e7021-31a4-4d76-b717-5c63eebde336","local_time":"20210219044808","is_ascension_mode":true,"campfire_choices":[{"floor":6.0,"key":"REST"},{"floor":10.0,"key":"REST"},{"data":"Venomology","floor":13.0,"key":"SMITH"},{"data":"Cloak And Dagger","floor":15.0,"key":"SMITH"},{"floor":29.0,"key":"REST"},{"floor":32.0,"key":"REST"},{"floor":44.0,"key":"REST"},{"floor":49.0,"key":"RECALL"}],"circlet_count":0,"master_deck":["AscendersBane","Defend_G","Defend_G","Survivor","Neutralize","Dagger Throw","Predator","Backstab","Venomology+1","Cloak And Dagger+1","Deadly Poison+1","Blade Dance+1","Adrenaline+1","Cloak And Dagger+1","Tactician+1","Accuracy+1","Night Terror+1","Prepared+1","Blur+1","Malaise+1","Acrobatics+1","Calculated Gamble+1","Backflip+1","Choke","Storm of Steel+1","Well Laid Plans+1"],"relics":["Ring of the Serpent","Turnip","Toxic Egg 2","Gremlin Horn","Fusion Hammer","Torii","Vajra","Smiling Mask","Sundial","Membership Card","Regal Pillow","Ornamental Fan","Letter Opener","Pear"],"acts_visited":["Exordium","TheCity","TheBeyond"],"potions_floor_usage":[],"damage_taken":[{"damage":0.0,"enemies":"2 Louse","floor":1.0,"turns":3.0},{"damage":5.0,"enemies":"Jaw Worm","floor":2.0,"turns":5.0},{"damage":3.0,"enemies":"Small Slimes","floor":3.0,"turns":3.0},{"damage":0.0,"enemies":"2 Fungi Beasts","floor":4.0,"turns":3.0},{"damage":28.0,"enemies":"Exordium Thugs","floor":5.0,"turns":8.0},{"damage":7.0,"enemies":"Lagavulin","floor":7.0,"turns":5.0},{"damage":0.0,"enemies":"3 Louse","floor":11.0,"turns":2.0},{"damage":1.0,"enemies":"Lots of Slimes","floor":14.0,"turns":3.0},{"damage":8.0,"enemies":"Slime Boss","floor":16.0,"turns":9.0},{"damage":0.0,"enemies":"Spheric Guardian","floor":18.0,"turns":3.0},{"damage":0.0,"enemies":"3 Byrds","floor":19.0,"turns":4.0},{"damage":3.0,"enemies":"3 Cultists","floor":21.0,"turns":5.0},{"damage":20.0,"enemies":"Slavers","floor":23.0,"turns":5.0},{"damage":7.0,"enemies":"Snake Plant","floor":27.0,"turns":3.0},{"damage":1.0,"enemies":"Centurion and Healer","floor":30.0,"turns":2.0},{"damage":24.0,"enemies":"Book of Stabbing","floor":31.0,"turns":4.0},{"damage":30.0,"enemies":"Collector","floor":33.0,"turns":8.0},{"damage":3.0,"enemies":"Orb Walker","floor":35.0,"turns":4.0},{"damage":1.0,"enemies":"3 Darklings","floor":36.0,"turns":3.0},{"damage":1.0,"enemies":"Sphere and 2 Shapes","floor":38.0,"turns":5.0},{"damage":18.0,"enemies":"Nemesis","floor":40.0,"turns":7.0},{"damage":14.0,"enemies":"Giant Head","floor":42.0,"turns":6.0},{"damage":0.0,"enemies":"Transient","floor":45.0,"turns":6.0},{"damage":1.0,"enemies":"Maw","floor":46.0,"turns":5.0},{"damage":1.0,"enemies":"Sphere and 2 Shapes","floor":47.0,"turns":7.0},{"damage":95.0,"enemies":"Time Eater","floor":50.0,"turns":10.0},{"damage":27,"enemies":"Donu and Deca","floor":51,"turns":2}],"seed_played":"-1951672216407014685","potions_obtained":[{"floor":2.0,"key":"SteroidPotion"},{"floor":16.0,"key":"AttackPotion"},{"floor":18.0,"key":"DistilledChaos"},{"floor":27.0,"key":"Fire Potion"},{"floor":33.0,"key":"Strength Potion"},{"floor":40.0,"key":"GamblersBrew"},{"floor":45.0,"key":"FairyPotion"}],"is_trial":false,"path_per_floor":["M","M","M","M","M","R","E","?","T","R","M","?","R","M","R","B",null,"M","M","$","M","?","E","?","?","T","M","?","R","M","E","R","B",null,"M","M","$","M","$","E","$","E","T","R","M","M","M","$","R","B","B"],"character_chosen":"THE_SILENT","items_purchased":["Membership Card","Calculated Gamble+1","Regal Pillow","Ornamental Fan"],"campfire_rested":5,"item_purchase_floors":[37,37,37,39],"current_hp_per_floor":[44,39,36,36,8,27,20,20,20,39,39,39,39,38,38,30,57,57,66,66,63,63,43,43,43,43,36,36,55,54,30,49,19,54,51,50,50,49,49,31,31,27,27,64,64,63,62,62,62,22,0,0],"gold":31,"neow_bonus":"ONE_RARE_RELIC","is_daily":false,"chose_seed":false,"campfire_upgraded":2,"win_rate":0.0,"timestamp":1613677688,"path_taken":["M","M","M","M","M","R","E","?","T","R","M","?","R","M","R","BOSS","M","M","$","M","?","E","?","?","T","?","?","R","M","E","R","BOSS","M","M","?","M","$","E","$","E","T","R","M","M","M","?","R","BOSS","BOSS"],"items_purchased_type":["Relic","Card","Relic","Relic"],"build_version":"2020-12-22","purchased_purges":5,"victory":false,"max_hp_per_floor":[66,66,66,66,66,66,66,66,66,66,66,66,66,66,66,66,66,66,66,66,66,66,66,66,66,66,66,66,66,66,66,66,66,66,66,66,66,66,66,66,66,76,76,76,76,76,76,76,76,76,76,76],"card_choices":[{"not_picked":["Deflect","Quick Slash"],"picked":"Dagger Throw","floor":1.0},{"not_picked":["Underhanded Strike","PiercingWail"],"picked":"Predator","floor":2.0},{"not_picked":["Prepared","Underhanded Strike"],"picked":"Backstab","floor":3.0},{"not_picked":["Outmaneuver","Cloak And Dagger"],"picked":"Venomology","floor":4.0},{"not_picked":["Distraction","Dodge and Roll"],"picked":"Cloak And Dagger","floor":5.0},{"not_picked":["Dagger Spray","Unload"],"picked":"Deadly Poison+1","floor":7.0},{"not_picked":["Flying Knee","Predator"],"picked":"Blade Dance+1","floor":11.0},{"not_picked":["All Out Attack","Dagger Spray","Predator"],"picked":"SKIP","floor":14.0},{"not_picked":["Glass Knife","Malaise+1"],"picked":"Adrenaline+1","floor":16.0},{"not_picked":["All Out Attack","Choke"],"picked":"Cloak And Dagger+1","floor":18.0},{"not_picked":["Masterful Stab","Endless Agony","Caltrops"],"picked":"SKIP","floor":19.0},{"not_picked":["Distraction+1","Predator"],"picked":"Tactician+1","floor":21.0},{"not_picked":["Cloak And Dagger+1","Bullet Time+1"],"picked":"Accuracy","floor":23.0},{"not_picked":["Footwork","Infinite Blades","Bane"],"picked":"SKIP","floor":27.0},{"not_picked":["All Out Attack","Dagger Throw","Underhanded Strike+1"],"picked":"SKIP","floor":30.0},{"not_picked":["Caltrops","Dagger Spray"],"picked":"Blur+1","floor":31.0},{"not_picked":["Glass Knife","Unload"],"picked":"Malaise+1","floor":33.0},{"not_picked":["Concentrate+1","Underhanded Strike+1","Slice+1"],"picked":"SKIP","floor":35.0},{"not_picked":["Slice+1","Dodge and Roll+1"],"picked":"Acrobatics+1","floor":36.0},{"not_picked":["Flying Knee+1","All Out Attack+1","Predator"],"picked":"SKIP","floor":38.0},{"not_picked":["Endless Agony","Bane"],"picked":"Backflip+1","floor":40.0},{"not_picked":["Blade Dance+1","Bane","Masterful Stab"],"picked":"SKIP","floor":42.0},{"not_picked":["Choke","Tactician+1","Dodge and Roll+1"],"picked":"SKIP","floor":45.0},{"not_picked":["Tactician+1","Dodge and Roll+1"],"picked":"Choke","floor":45.0},{"not_picked":["Deflect+1","Caltrops"],"picked":"Storm of Steel+1","floor":46.0},{"not_picked":["Footwork","Eviscerate"],"picked":"Well Laid Plans+1","floor":47.0}],"player_experience":609637,"relics_obtained":[{"floor":7.0,"key":"Toxic Egg 2"},{"floor":9.0,"key":"Gremlin Horn"},{"floor":23.0,"key":"Torii"},{"floor":26.0,"key":"Vajra"},{"floor":28.0,"key":"Smiling Mask"},{"floor":31.0,"key":"Sundial"},{"floor":40.0,"key":"Letter Opener"},{"floor":42.0,"key":"Pear"}],"event_choices":[{"damage_healed":0.0,"max_hp_gain":0.0,"max_hp_loss":0.0,"gold_gain":0.0,"event_name":"Liars Game","player_choice":"Ignored","floor":8.0,"gold_loss":0.0,"damage_taken":0.0},{"cards_removed":["Strike_G"],"damage_healed":0.0,"max_hp_gain":0.0,"max_hp_loss":0.0,"gold_gain":0.0,"event_name":"Living Wall","player_choice":"Forget","floor":12.0,"gold_loss":0.0,"damage_taken":0.0},{"damage_healed":0.0,"max_hp_gain":0.0,"max_hp_loss":0.0,"gold_gain":0.0,"event_name":"Vampires","player_choice":"Ignored","floor":22.0,"gold_loss":0.0,"damage_taken":0.0},{"damage_healed":0.0,"max_hp_gain":0.0,"max_hp_loss":0.0,"gold_gain":0.0,"cards_transformed":["Strike_G","Defend_G"],"event_name":"Drug Dealer","player_choice":"Became Test Subject","floor":24.0,"gold_loss":0.0,"damage_taken":0.0,"cards_obtained":["Night Terror","Prepared"]},{"damage_healed":0.0,"max_hp_gain":0.0,"max_hp_loss":0.0,"gold_gain":0.0,"event_name":"Upgrade Shrine","player_choice":"Upgraded","floor":25.0,"gold_loss":0.0,"damage_taken":0.0,"cards_upgraded":["Accuracy"]},{"damage_healed":0.0,"max_hp_gain":0.0,"max_hp_loss":0.0,"gold_gain":0.0,"event_name":"Wheel of Change","player_choice":"Relic","floor":28.0,"gold_loss":0.0,"damage_taken":0.0}],"is_beta":false,"boss_relics":[{"not_picked":["Runic Dome","Philosopher\u0027s Stone"],"picked":"Fusion Hammer"},{"not_picked":["Sozu","Velvet Choker"],"picked":"Ring of the Serpent"}],"items_purged_floors":[20,37,39,41,48],"is_endless":false,"potions_floor_spawned":[2,5,11,16,18,19,27,33,36,40,45,47],"killed_by":"Donu and Deca","ascension_level":20}}