{"host":"mxr7fl53uuvtjusr","time":1613609698,"event":{"mods":["2.2 Compatiblity","AchievementEnabler","Act Like it!","BaseMod","BetterRewards","Block Reminder","Card Forge","Colored Map","Colored Powertips","Dark Map","Downfall","Highlight Path","Minty Spire (QoL Compilation)","Permanent Neow","Quick Restart","Rare Cards Sparkle","Shop Mod","Spicy Shops","StSLib"],"gold_per_floor":[99,99,199,258,358,372,372,272,288,138,149,149,149,167,179,278,328,328,346,346,366,366,384,384,396,396,409,423,423,457,476,492,592,592,492,592,606,626,639,30,30,77,77,96,222,237,137,187,207,207,207,241,97,97,97,97],"floor_reached":57,"language":"ENG","playtime":3584,"items_purged":[],"score":1243,"play_id":"bb77d3e2-0efa-45c0-a911-64acfb13b653","local_time":"20210217165458","is_ascension_mode":false,"campfire_choices":[{"floor":1,"key":"RECALL"},{"data":"champ:DefensiveShout","floor":8,"key":"SMITH"},{"data":"champ:Parry","floor":13,"key":"SMITH"},{"floor":18,"key":"REST"},{"data":"champ:DefensiveStyle","floor":26,"key":"SMITH"},{"data":"champ:TornadoPunch","floor":29,"key":"SMITH"},{"data":"champ:VampiricStrike","floor":35,"key":"SMITH"},{"data":"expansioncontent:StudyTheSpire","floor":47,"key":"SMITH"},{"floor":54,"key":"REST"}],"circlet_count":0,"master_deck":["champ:Strike+1","champ:Strike+1","champ:Strike+1","champ:Strike+1","champ:Taunt+1","champ:TripleStrike+1","champ:StanceDance+1","champ:RisingSlash+1","champ:PerfectedStrike+1","champ:MurderStrike+1","champ:GladiatorForm+1","champ:RageSigil+1","champ:FlashCut+1","champ:PreciseThrust+1","champ:EnGarde+1","champ:DefensiveShout+1","champ:BringItOn+1","champ:Circumvent+1","champ:Parry+1","champ:RapidStrikes+1","champ:HeavySlash+1","champ:DefensiveStyle+1","champ:TornadoPunch+1","champ:ShieldWall+1","champ:HoldFirm+1","champ:SkillfulDodge+1","champ:VampiricStrike+1","champ:CalledShot+1","champ:HeavySlash+1","expansioncontent:StudyTheSpire+1","champ:Circumvent+1","Barricade+1"],"relics":["champ:ChampionCrown","Hammer of Thor","Seething Fire","Anvil of the Gods","downfall:HeartsMalice","CloakClasp","Mercury Hourglass","Toy Ornithopter","Turnip","downfall:HeartBlessingRed","champ:LiftRelic","Tiny House","Pear","Blood Vial","Busted Crown","downfall:HeartBlessingGreen","downfall:ExtraCursedKey","Blue Candle","Bottled Flame","Unceasing Top","downfall:HeartBlessingBlue","Ginger","White Beast Statue","champ:BerserkersGuideToSlaughter"],"acts_visited":["Exordium","TheCity","TheBeyond","TheEnding"],"potions_floor_usage":[30,33,33,33,56,56],"damage_taken":[{"damage":0,"enemies":"Jaw Worm","floor":2,"turns":1},{"damage":0,"enemies":"Jaw Worm","floor":3,"turns":1},{"damage":0,"enemies":"Gremlin Nob","floor":4,"turns":1},{"damage":30,"enemies":"downfall:LadyInBlue","floor":5,"turns":8},{"damage":0,"enemies":"Small Slimes","floor":6,"turns":2},{"damage":0,"enemies":"2 Louse","floor":9,"turns":2},{"damage":0,"enemies":"Red Slaver","floor":11,"turns":3},{"damage":10,"enemies":"2 Fungi Beasts","floor":14,"turns":2},{"damage":3,"enemies":"Gremlin Gang","floor":15,"turns":3},{"damage":18,"enemies":"IC_STATUS_ARCHETYPE","floor":16,"turns":7},{"damage":4,"enemies":"downfall:LooterAlt2","floor":19,"turns":2},{"damage":0,"enemies":"Shell Parasite","floor":21,"turns":2},{"damage":0,"enemies":"Snake Plant","floor":23,"turns":2},{"damage":0,"enemies":"Snecko","floor":25,"turns":2},{"damage":0,"enemies":"Chosen and Byrds","floor":27,"turns":2},{"damage":5,"enemies":"Shelled Parasite and Fungi","floor":28,"turns":4},{"damage":0,"enemies":"Gremlin Leader","floor":30,"turns":5},{"damage":11,"enemies":"Snake Plant","floor":31,"turns":4},{"damage":0,"enemies":"Snecko","floor":32,"turns":2},{"damage":44,"enemies":"SI_MIRROR_ARCHETYPE","floor":33,"turns":10},{"damage":0,"enemies":"3 Darklings","floor":37,"turns":3},{"damage":7,"enemies":"Orb Walker","floor":38,"turns":2},{"damage":9,"enemies":"Maw","floor":39,"turns":5},{"damage":0,"enemies":"downfall:FleeingMerchant","floor":40,"turns":4},{"damage":12,"enemies":"2 Orb Walkers","floor":42,"turns":3},{"damage":0,"enemies":"Jaw Worm Horde","floor":44,"turns":3},{"damage":0,"enemies":"downfall:FleeingMerchant","floor":45,"turns":2},{"damage":14,"enemies":"Spire Growth","floor":46,"turns":3},{"damage":0,"enemies":"Spire Growth","floor":48,"turns":3},{"damage":7,"enemies":"Sphere and 2 Shapes","floor":49,"turns":3},{"damage":39,"enemies":"DF_ARCHETYPE_ORBS","floor":50,"turns":7},{"damage":30,"enemies":"downfall:CharBossMerchant","floor":52,"turns":5},{"damage":6,"enemies":"downfall:NeowBoss","floor":55,"turns":15},{"damage":156,"enemies":"downfall:NeowBossFinal","floor":56,"turns":12}],"seed_played":"-9162616499427847326","potions_obtained":[{"floor":5,"key":"LiquidBronze"},{"floor":5,"key":"EssenceOfSteel"},{"floor":5,"key":"DistilledChaos"},{"floor":11,"key":"Dexterity Potion"},{"floor":30,"key":"Fruit Juice"},{"floor":33,"key":"EssenceOfSteel"},{"floor":38,"key":"Ancient Potion"},{"floor":49,"key":"DistilledChaos"}],"is_trial":false,"path_per_floor":["R","M","?","?","?","M","T","R","M","?","M","?","R","M","M","B",null,"R","M","?","M","?","M","T","M","R","M","M","R","E","M","M","B",null,"R","?","M","M","M","$","T","?","?","M","$","M","R","?","M","B",null,"E","$","R","B","B",null],"character_chosen":"THE_CHAMP","items_purchased":["Blue Candle","Bottled Flame","FairyPotion","expansioncontent:StudyTheSpire","champ:BerserkersGuideToSlaughter"],"campfire_rested":2,"item_purchase_floors":[40,40,40,45,53],"current_hp_per_floor":[90,90,90,90,60,60,60,60,60,100,100,100,100,100,97,79,105,105,101,80,80,80,80,90,90,90,90,85,85,90,81,83,66,125,125,125,125,118,111,113,113,103,103,105,107,95,105,107,102,65,135,105,105,135,129,40],"gold":97,"neow_bonus":"THREE_ENEMY_KILL","is_daily":false,"chose_seed":false,"campfire_upgraded":6,"win_rate":0.0,"timestamp":1613609698,"path_taken":["R","M","?","?","?","M","T","R","?","?","?","?","R","M","M","BOSS","R","M","?","M","?","M","T","M","R","M","M","R","E","M","M","BOSS","R","?","M","M","M","$","T","?","?","?","$","M","R","?","M","BOSS","E","$","R","BOSS","BOSS"],"items_purchased_type":["Relic","Relic","Potion","Card","Relic"],"build_version":"2020-12-22","purchased_purges":0,"victory":true,"max_hp_per_floor":[90,90,90,90,90,90,90,90,90,100,100,100,100,100,100,100,105,105,105,110,110,110,110,120,120,120,120,120,120,120,120,120,125,125,125,125,125,125,125,125,125,125,125,125,125,125,135,135,135,135,135,135,135,135,135,135],"card_choices":[{"not_picked":["champ:Circumvent","champ:FaceSlap"],"picked":"champ:PreciseThrust","floor":2},{"not_picked":["champ:Haymaker","champ:PerfectedStrike"],"picked":"champ:EnGarde","floor":3},{"not_picked":["champ:Endure","champ:FaceSlap"],"picked":"champ:DefensiveShout","floor":5},{"not_picked":["champ:StanceDance","champ:FanOfKnives"],"picked":"champ:BringItOn","floor":6},{"not_picked":["champ:EnGarde","champ:CalledShot"],"picked":"champ:Circumvent","floor":9},{"not_picked":["champ:RecklessLeap","champ:BerserkerStyle"],"picked":"champ:Parry","floor":11},{"not_picked":["champ:BerserkersShout","champ:CrownThrow","champ:PreciseThrust"],"picked":"SKIP","floor":14},{"not_picked":["champ:Parry","champ:BerserkersShout"],"picked":"champ:RapidStrikes","floor":15},{"not_picked":["champ:Devastate","champ:HoldFirm"],"picked":"champ:StrikeOfGenius","floor":16},{"not_picked":["champ:CalledShot","champ:Duel","champ:SkillfulDodge"],"picked":"SKIP","floor":19},{"not_picked":["champ:DeathBlow+1","champ:FlashCut","champ:BerserkersShout"],"picked":"SKIP","floor":21},{"not_picked":["champ:Encircle+1","champ:RisingSlash"],"picked":"champ:DefensiveStyle","floor":23},{"not_picked":["champ:BringItOn","champ:PerfectedStrike"],"picked":"champ:TornadoPunch","floor":25},{"not_picked":["champ:Circumvent","champ:Backstep","champ:EnragedBash"],"picked":"SKIP","floor":27},{"not_picked":["champ:RecklessLeap","champ:ShieldSlam","champ:Haymaker"],"picked":"SKIP","floor":28},{"not_picked":["champ:DefensiveShout","champ:Circumvent","champ:AdrenalArmor"],"picked":"SKIP","floor":30},{"not_picked":["champ:Improvising","champ:StanceDance+1","champ:Shatter"],"picked":"SKIP","floor":31},{"not_picked":["champ:FalseCounter","champ:RecklessLeap"],"picked":"champ:SkillfulDodge","floor":32},{"not_picked":["champ:SwordThrow","champ:CheapShot"],"picked":"champ:VampiricStrike","floor":33},{"not_picked":["champ:Parry"],"picked":"SKIP","floor":37},{"not_picked":["champ:RisingSlash"],"picked":"SKIP","floor":38},{"not_picked":["champ:Duel"],"picked":"SKIP","floor":39},{"not_picked":["champ:FanOfKnives+1"],"picked":"SKIP","floor":40},{"not_picked":["champ:BerserkerStyle+1"],"picked":"SKIP","floor":44},{"not_picked":[],"picked":"champ:HeavySlash","floor":45},{"not_picked":[],"picked":"champ:Circumvent+1","floor":46},{"not_picked":["champ:EndlessRage"],"picked":"SKIP","floor":49},{"not_picked":["champ:StrikeOfGenius"],"picked":"SKIP","floor":52}],"player_experience":258573,"relics_obtained":[{"floor":3,"key":"CloakClasp"},{"floor":4,"key":"Mercury Hourglass"},{"floor":5,"key":"Toy Ornithopter"},{"floor":7,"key":"Turnip"},{"floor":24,"key":"Pear"},{"floor":30,"key":"Blood Vial"},{"floor":42,"key":"Unceasing Top"},{"floor":48,"key":"Ginger"},{"floor":52,"key":"White Beast Statue"}],"event_choices":[{"damage_healed":0,"gold_gain":0,"player_choice":"Fight","damage_taken":0,"max_hp_gain":0,"max_hp_loss":0,"event_name":"Mysterious Sphere","floor":42,"gold_loss":0},{"cards_removed":["champ:CalledShot"],"damage_healed":0,"gold_gain":0,"player_choice":"Removed Skill","damage_taken":0,"max_hp_gain":0,"max_hp_loss":0,"event_name":"Falling","floor":43,"gold_loss":0}],"is_beta":false,"boss_relics":[{"not_picked":["Astrolabe","Runic Dome"],"picked":"Tiny House"},{"not_picked":["Empty Cage","Velvet Choker"],"picked":"Busted Crown"}],"items_purged_floors":[],"is_endless":false,"potions_floor_spawned":[5,6,11,14,16,21,25,30,31,33,38,42,44,46,49],"ascension_level":0}}