{"host":"x7btokbb0w2jhl7e","time":1613642131,"event":{"mods":["Act Like it!","BaseMod","Gensokyo","Marisa£®ÏF”Í°°ƒß¿Ì…≥£©","Minty Spire (QoL Compilation)","Quick Restart","StSLib","°æ“≈ŒÔø®≈∆°øREMEMod"],"gold_per_floor":[116,116,116,116,126,151,151,186,186,186,205,205,251,280,280,354,354,370,370,370,370,387,422,438,438,438,289,301,142,142,162,162,241,241,562,290,290,290,290,290,319,622,622,622,657,675,687,687,687,687,687,687,687,111,143,143],"floor_reached":57,"language":"ZHS","playtime":2448,"items_purged":["Strike_G","Defend_G","Defend_G"],"score":3128,"play_id":"34959f36-6951-4a82-80b7-d80ea08f1921","local_time":"20210218175531","is_ascension_mode":true,"campfire_choices":[{"data":"Glass Knife","floor":7.0,"key":"SMITH"},{"data":"Neutralize","floor":10.0,"key":"SMITH"},{"data":"Terror","floor":15.0,"key":"SMITH"},{"data":"Accuracy","floor":25.0,"key":"SMITH"},{"data":"Wraith Form v2","floor":30.0,"key":"SMITH"},{"floor":32.0,"key":"RECALL"},{"data":"Survivor","floor":40,"key":"SMITH"},{"data":"Defend_G","floor":44,"key":"SMITH"},{"floor":49,"key":"DIG"},{"floor":53,"key":"DIG"}],"circlet_count":0,"master_deck":["AscendersBane","Strike_G+1","Defend_G","Defend_G","Defend_G+1","Survivor+1","Neutralize+1","Blade Dance+1","Terror+1","Glass Knife+1","REME_CopyPotion+1","Calculated Gamble+1","Gensokyo:Doppelganger+1","Prepared+1","Accuracy+1","Acrobatics+1","Blade Dance+1","Escape Plan+1","Wraith Form v2+1","Gensokyo:ShootingStar+1","Doppelganger+1","Adrenaline+1","Phantasmal Killer+1","Adrenaline+1"],"relics":["Ring of the Snake","REME_ComplimentaryCards","NeowsBlessing","Gensokyo:OccultBall","Gensokyo:CelestialsFlawlessClothing","Shuriken","Anchor","Toxic Egg 2","Regal Pillow","Coffee Dripper","Gensokyo:RedStar","Gensokyo:SongOfSouls","Lantern","Matryoshka","Orrery","Astrolabe","Medical Kit","Gensokyo:EmptyGrave","Paper Crane","Nunchaku","Prayer Wheel","Shovel","Centennial Puzzle","Blue Candle","TheAbacus","HornCleat","Bag of Marbles"],"acts_visited":["Gensokyo:Gensokyo","Gensokyo:Gensokyoer","Gensokyo:Gensokyoest","TheEnding"],"potions_floor_usage":[56],"damage_taken":[{"damage":0.0,"enemies":"Gensokyo:3_Fairies","floor":1.0,"turns":2.0},{"damage":0.0,"enemies":"Gensokyo:2_Kodama","floor":5.0,"turns":1.0},{"damage":0.0,"enemies":"Gensokyo:Cirno","floor":6.0,"turns":2.0},{"damage":6.0,"enemies":"Gensokyo:Aya","floor":8.0,"turns":4.0},{"damage":0.0,"enemies":"Gensokyo:Python","floor":11.0,"turns":2.0},{"damage":10.0,"enemies":"Gensokyo:Mamizou","floor":14.0,"turns":5.0},{"damage":21.0,"enemies":"Gensokyo:Kokoro","floor":16.0,"turns":8.0},{"damage":0.0,"enemies":"Gensokyo:3_Dogs","floor":18.0,"turns":4.0},{"damage":1.0,"enemies":"Gensokyo:CosmicMonolith","floor":22.0,"turns":3.0},{"damage":27.0,"enemies":"Gensokyo:Koishi","floor":23.0,"turns":5.0},{"damage":0.0,"enemies":"Gensokyo:Swordslinger","floor":24.0,"turns":3.0},{"damage":0.0,"enemies":"Gensokyo:Wraith","floor":28.0,"turns":3.0},{"damage":0.0,"enemies":"Gensokyo:Monolith_and_Dog","floor":31.0,"turns":2.0},{"damage":3.0,"enemies":"Gensokyo:Eiki","floor":33.0,"turns":4.0},{"damage":31.0,"enemies":"Gensokyo:3_Boulders","floor":35.0,"turns":3.0},{"damage":0,"enemies":"Gensokyo:Doremy","floor":41,"turns":2},{"damage":29,"enemies":"Gensokyo:AncientGuardian","floor":42,"turns":1},{"damage":0,"enemies":"Gensokyo:Marisa","floor":45,"turns":3},{"damage":0,"enemies":"Gensokyo:4_Bats","floor":46,"turns":3},{"damage":0,"enemies":"Gensokyo:Dusk_and_Dawn","floor":47,"turns":3},{"damage":0,"enemies":"Gensokyo:Yuyuko","floor":50,"turns":3},{"damage":0,"enemies":"Gensokyo:Shinki","floor":51,"turns":3},{"damage":0,"enemies":"Shield and Spear","floor":55,"turns":3},{"damage":50,"enemies":"The Heart","floor":56,"turns":7}],"seed_played":"-8632079104467865529","potions_obtained":[{"floor":1.0,"key":"DistilledChaos"},{"floor":11.0,"key":"Explosive Potion"},{"floor":16.0,"key":"SmokeBomb"},{"floor":28.0,"key":"Energy Potion"},{"floor":31.0,"key":"Dexterity Potion"},{"floor":35.0,"key":"Ancient Potion"},{"floor":47,"key":"FairyPotion"}],"is_trial":false,"path_per_floor":["M","?","?","?","M","E","R","E","T","R","M","?","T","E","R","B",null,"M","?","?","?","M","E","M","R","T","COS","M","$","R","M","R","B",null,"M","$","?","?","?","R","E","M","T","R","E","M","M","?","R","B","B",null,"R","$","E","B",null],"character_chosen":"THE_SILENT","items_purchased":["Venomology+1","Medical Kit","TheAbacus","HornCleat"],"campfire_rested":0,"item_purchase_floors":[29,36,54,54],"current_hp_per_floor":[59,59,59,40,40,40,40,34,34,34,34,40,40,30,30,9,56,56,56,56,56,55,28,28,28,28,28,28,28,28,28,28,57,62,31,31,31,31,31,31,58,29,29,29,29,29,29,29,29,29,29,51,51,51,51,1],"gold":143,"neow_bonus":"THREE_ENEMY_KILL","is_daily":false,"chose_seed":false,"campfire_upgraded":7,"win_rate":0.0,"timestamp":1613642131,"path_taken":["M","?","?","?","?","E","R","E","T","R","M","?","?","E","R","BOSS","M","?","?","?","M","E","M","R","T","COS","M","$","R","M","R","BOSS","M","?","?","?","?","R","E","M","T","R","E","?","M","?","R","BOSS","BOSS","R","$","E","BOSS"],"items_purchased_type":["Card","Relic","Relic","Relic"],"build_version":"2020-12-22","purchased_purges":3,"victory":true,"max_hp_per_floor":[66,66,66,66,66,66,66,66,66,66,66,72,72,72,72,72,72,72,72,64,64,64,64,64,64,64,64,64,64,64,64,64,64,64,64,64,64,58,58,58,58,58,58,58,58,58,58,58,58,58,58,58,58,58,58,58],"card_choices":[{"not_picked":["Acrobatics","Sucker Punch","Cloak And Dagger"],"picked":"SKIP","floor":1.0},{"not_picked":["Backstab","Outmaneuver"],"picked":"Terror","floor":5.0},{"not_picked":["Venomology","Dodge and Roll"],"picked":"Glass Knife","floor":6.0},{"not_picked":["Eviscerate","Catalyst","Backstab"],"picked":"SKIP","floor":8.0},{"not_picked":["Eviscerate","Catalyst","Backstab"],"picked":"SKIP","floor":8.0},{"not_picked":["PiercingWail+1","Infinite Blades","Concentrate+1"],"picked":"SKIP","floor":11.0},{"not_picked":["Outmaneuver+1","Dodge and Roll+1","Dagger Spray"],"picked":"SKIP","floor":14.0},{"not_picked":["REME_SpectralBlade","Doppelganger+1"],"picked":"REME_CopyPotion+1","floor":16.0},{"not_picked":["Dagger Throw","Outmaneuver+1"],"picked":"Calculated Gamble+1","floor":18.0},{"not_picked":["Gensokyo:LittleGreenMen+1","Gensokyo:TekeTeke"],"picked":"Gensokyo:Doppelganger+1","floor":20.0},{"not_picked":["Sucker Punch","Slice"],"picked":"Prepared+1","floor":22.0},{"not_picked":["Deadly Poison+1","Acrobatics+1"],"picked":"Accuracy","floor":23.0},{"not_picked":["PiercingWail+1","Well Laid Plans"],"picked":"Acrobatics+1","floor":24.0},{"not_picked":["Dagger Throw","Cloak And Dagger+1"],"picked":"Blade Dance+1","floor":27.0},{"not_picked":["Blade Dance+1","Dodge and Roll+1"],"picked":"Escape Plan+1","floor":27.0},{"not_picked":["Heel Hook+1","REME_GreenPollution"],"picked":"Expertise+1","floor":27.0},{"not_picked":["PiercingWail+1","Underhanded Strike"],"picked":"Wraith Form v2","floor":28.0},{"not_picked":["Deadly Poison+1","Skewer","Cloak And Dagger+1"],"picked":"SKIP","floor":31.0},{"not_picked":[],"picked":"Gensokyo:ShootingStar","floor":33.0},{"not_picked":["REME_ShadowForm","REME_GrazeFinale"],"picked":"Doppelganger+1","floor":33.0},{"not_picked":["Slice","Choke+1","Backflip+1"],"picked":"SKIP","floor":35.0},{"not_picked":["Crippling Poison+1","Blade Dance+1","Poisoned Stab"],"picked":"SKIP","floor":41},{"not_picked":["Crippling Poison+1","Flechettes+1","Catalyst+1"],"picked":"SKIP","floor":42},{"not_picked":["Flying Knee+1","Prepared+1","Infinite Blades"],"picked":"SKIP","floor":45},{"not_picked":["Deadly Poison+1","Sucker Punch","Dodge and Roll+1"],"picked":"SKIP","floor":46},{"not_picked":["Heel Hook","Prepared+1","Dodge and Roll+1"],"picked":"SKIP","floor":46},{"not_picked":["Heel Hook","Outmaneuver+1","Underhanded Strike+1"],"picked":"SKIP","floor":47},{"not_picked":["Dodge and Roll+1","REME_ShadowStrike","Predator"],"picked":"SKIP","floor":47},{"not_picked":["Expertise+1","Bane","Setup+1"],"picked":"SKIP","floor":55}],"player_experience":280910,"relics_obtained":[{"floor":6.0,"key":"Shuriken"},{"floor":8.0,"key":"Anchor"},{"floor":9.0,"key":"Toxic Egg 2"},{"floor":14.0,"key":"Regal Pillow"},{"floor":16.0,"key":"Gensokyo:OccultBall"},{"floor":23.0,"key":"Lantern"},{"floor":26.0,"key":"Matryoshka"},{"floor":33.0,"key":"Gensokyo:OccultBall"},{"floor":41,"key":"Paper Crane"},{"floor":43,"key":"Nunchaku"},{"floor":43,"key":"Prayer Wheel"},{"floor":45,"key":"Gensokyo:OccultBall"},{"floor":45,"key":"Shovel"},{"floor":49,"key":"Centennial Puzzle"},{"floor":53,"key":"Blue Candle"},{"floor":55,"key":"Bag of Marbles"}],"event_choices":[],"is_beta":false,"boss_relics":[{"not_picked":["Cursed Key","Calling Bell"],"picked":"Coffee Dripper"},{"not_picked":["Pandora\u0027s Box","Snecko Eye"],"picked":"Astrolabe"}],"items_purged_floors":[29,36,54],"is_endless":false,"potions_floor_spawned":[1,11,16,28,31,33,35,47],"ascension_level":20}}