{"host":"d73an99q9oevilk5","time":1613616886,"event":{"mods":["2.2 Compatiblity","AchievementEnabler","Act Like it!","Aspiration","BaseMod","Beaked The Cultist","Better Third Choice","BetterRewards","Colored Map","Colored Powertips","Conspire","Downfall","GifTheSpireLib","Halation","Hubris","Infinite Spire","Marisa????????","Mimic Mod","Minty Spire (QoL Compilation)","MostiFishMod","Quick Restart","Relic Sorter","Reliquary","Replay The Spire","Shop Mod","Spikes Relics","StSLib","Stuff the Spire","The Cursed","The Jungle","The Necromancer","The Saiyan","Waifu the Spire","egg","slay the spire mod where everything is the same but ironclad has a cowboy hat"],"gold_per_floor":[109,126,56,71,71,71,104,115,115,145,97,107,136,50,50,149,149,159,159,80,80,90,117,117,128,158,177,177,208,178,192,192,296,296,315,11,21,39,39,39,68,68,113,113,130,163,163,183,183,183],"floor_reached":51,"language":"ENG","playtime":2373,"items_purged":["Notoriety","Sickly"],"score":1065,"play_id":"bd308adb-a4df-4af9-bbd3-769e9959ea50","local_time":"20210217195445","is_ascension_mode":false,"campfire_choices":[{"data":"MostiFishMod:Hijack","floor":6.0,"key":"SMITH"},{"floor":24.0,"key":"REST"},{"floor":28.0,"key":"REST"},{"data":"BasicCrystalCard","floor":28.0,"key":"SMITH"},{"floor":32.0,"key":"REST"},{"data":"BasicCrystalCard","floor":32.0,"key":"SMITH"},{"floor":40,"key":"REST"},{"data":"Armaments","floor":40,"key":"SMITH"},{"floor":44,"key":"REST"},{"data":"Consume","floor":44,"key":"SMITH"},{"floor":49,"key":"REST"},{"data":"Echo Form","floor":49,"key":"SMITH"}],"circlet_count":0,"master_deck":["Strike_B","Strike_B+1","Strike_B","Defend_B","Defend_B","Defend_B","Defend_B","Zap","Dualcast","MostiFishMod:Hijack+1","Redo","MostiFishMod:GatherIntelligence","Crystallizer","Cold Snap+1","BasicCrystalCard+1","Self Repair","BasicCrystalCard+1","Conserve Battery","Loop","BasicCrystalCard","Echo Form+1","Consume+1","beaked:Evade","Flame Barrier","Armaments+1","hexamod:VolcanoVisage","Intolerance","Electrodynamics","Consume+1","Bandage Up","Self Repair+1"],"relics":["Cracked Core","aspiration:DSix","DaveBox","aspiration:MysteriousAuxiliaryCore","HyperAlloy","DaCapo","SynthV:TestCard","infinitespire:PuzzleCube","Singing Bowl","aspiration:ChemicalBlood","PrismaticShard","MutagenicStrength","Whetstone","infinitespire:Magic Flask","aspiration:TomeofQuesting","Replay:Ancient Bell","Juzu Bracelet","The Courier","halation:QuantumPhysicsTextbook","reliquary:SharkskinSheath","Bird Faced Urn","Painkiller Herb","DataDisk","aspiration:Lifesprig"],"acts_visited":["Exordium","TheCity","TheBeyond"],"potions_floor_usage":[33,35,35,35,37,38,38,41,41,45,45,45,46,46,50,50,50],"damage_taken":[{"damage":2.0,"enemies":"Cultist","floor":1.0,"turns":3.0},{"damage":5.0,"enemies":"Jaw Worm","floor":2.0,"turns":4.0},{"damage":8.0,"enemies":"2 Louse","floor":4.0,"turns":2.0},{"damage":16.0,"enemies":"Lagavulin","floor":7.0,"turns":3.0},{"damage":14.0,"enemies":"Exordium Wildlife","floor":8.0,"turns":2.0},{"damage":19.0,"enemies":"Gremlin Nob","floor":10.0,"turns":4.0},{"damage":0.0,"enemies":"3 Louse","floor":12.0,"turns":2.0},{"damage":0.0,"enemies":"Replay:BlueRogue","floor":13.0,"turns":4.0},{"damage":2.0,"enemies":"The Guardian","floor":16.0,"turns":10.0},{"damage":15.0,"enemies":"Spheric Guardian","floor":18.0,"turns":6.0},{"damage":9.0,"enemies":"Chosen","floor":22.0,"turns":4.0},{"damage":55.0,"enemies":"Gremlin Leader","floor":23.0,"turns":7.0},{"damage":20.0,"enemies":"Shelled Parasite and Fungi","floor":25.0,"turns":7.0},{"damage":4.0,"enemies":"Snake Plant","floor":26.0,"turns":13.0},{"damage":33.0,"enemies":"Snake Plant","floor":27.0,"turns":6.0},{"damage":15.0,"enemies":"Book of Stabbing","floor":29.0,"turns":5.0},{"damage":9.0,"enemies":"Snecko","floor":31.0,"turns":8.0},{"damage":21,"enemies":"conspire:MysteriousRune","floor":33,"turns":11},{"damage":35,"enemies":"3 Darklings","floor":35,"turns":5},{"damage":14,"enemies":"Orb Walker","floor":37,"turns":6},{"damage":31,"enemies":"3 Darklings","floor":38,"turns":3},{"damage":72,"enemies":"Giant Head","floor":41,"turns":12},{"damage":27,"enemies":"Spire Growth","floor":45,"turns":5},{"damage":64,"enemies":"Reptomancer","floor":46,"turns":6},{"damage":23,"enemies":"Jaw Worm Horde","floor":48,"turns":3},{"damage":44,"enemies":"infinitespire:MassOfShapes","floor":50,"turns":11}],"seed_played":"-8845319878183968151","potions_obtained":[{"floor":8.0,"key":"PowerPotion"},{"floor":10.0,"key":"Toxic Potion"},{"floor":12.0,"key":"Venom Potion"},{"floor":25.0,"key":"SkillPotion"},{"floor":27.0,"key":"hexamod:SoulburnPotion"},{"floor":30.0,"key":"ColorlessPotion"},{"floor":30.0,"key":"Toxic Potion"},{"floor":31.0,"key":"SkillPotion"},{"floor":33,"key":"SkillPotion"},{"floor":33,"key":"conspire:TimeTravelPotion"},{"floor":35,"key":"Slimebound:ThreeZeroPotion"},{"floor":37,"key":"LiquidBronze"},{"floor":45,"key":"SpeedPotion"}],"is_trial":false,"path_per_floor":["M","M","$","M","?","R","E","M","T","E","$","M","E","$","R_BF","B",null,"M","?","$","?","M","E","R","M","MIM","M","R","E","?","M","R","B",null,"M","$","M","M","?","R","E","AVR","T","T","?","E","?","?","T","B",null],"character_chosen":"DEFECT","items_purchased":["HyperAlloy","aspiration:DSix","Crystallizer","Conserve Battery","Loop","BasicCrystalCard","Consume","Electrodynamics","Consume+1","Bandage Up"],"campfire_rested":6,"item_purchase_floors":[0,0,3,11,14,14,20,36,36,36],"current_hp_per_floor":[73,69,69,61,61,61,45,31,31,19,19,21,30,30,79,77,79,73,67,67,67,60,12,37,24,36,19,45,44,44,44,71,60,98,87,87,83,66,66,97,41,41,41,72,64,46,46,29,62,46],"gold":183,"neow_bonus":"","is_daily":false,"chose_seed":false,"campfire_upgraded":6,"win_rate":0.0,"timestamp":1613616885,"path_taken":["M","M","?","M","?","R","E","M","T","E","?","?","E","$","R_BF","BOSS","M","?","$","?","M","E","R","M","MIM","M","R","E","?","M","R","BOSS","M","?","M","M","?","R","E","AVR","T","T","?","E","?","?","T","BOSS"],"items_purchased_type":["Relic","Relic","Card","Card","Card","Card","Card","Card","Card","Card"],"build_version":"2020-12-22","purchased_purges":2,"victory":true,"max_hp_per_floor":[75,75,75,75,75,75,75,75,75,75,75,77,79,79,79,79,79,81,83,83,83,85,85,85,85,87,89,89,89,89,91,91,94,98,100,100,102,104,104,104,106,106,106,106,106,108,108,110,110,110],"card_choices":[{"not_picked":["Hologram","aspiration:Polymerization"],"picked":"Redo","floor":1.0},{"not_picked":["Rebound","Turbo","Melter","StuffTheSpire:LoadUp"],"picked":"MostiFishMod:GatherIntelligence","floor":2.0},{"not_picked":["Lockon","Auto Shields","aspiration:Polymerization","Recycle"],"picked":"Cold Snap","floor":4.0},{"not_picked":["Stack","Reboot","FIFO Queue","Leap"],"picked":"BasicCrystalCard","floor":7.0},{"not_picked":["Tempest","ReplaySolidLightProjector","StuffTheSpire:Coldhearted","Beam Cell"],"picked":"Self Repair","floor":8.0},{"not_picked":["Storm","ReplayTheSpireMod:System Scan","Rebound","conspire:SharedLibrary"],"picked":"BasicCrystalCard","floor":10.0},{"not_picked":["Doom and Gloom","Turbo","Gash","MostiFishMod:PushDownKick","StuffTheSpire:CleanHardDrive"],"picked":"Singing Bowl","floor":12.0},{"not_picked":["Turbo","Go for the Eyes","ReplayTheSpireMod:Fabricate Wheel","Compile Driver","MostiFishMod:PushDownKick"],"picked":"Singing Bowl","floor":13.0},{"not_picked":["MostiFishMod:Hijack","hubris:Prefetch","Buffer","StuffTheSpire:Purify"],"picked":"Echo Form","floor":16.0},{"not_picked":["Crystallizer","Go for the Eyes","Turbo","Recycle+1","Coolheaded"],"picked":"Singing Bowl","floor":18.0},{"not_picked":["StuffTheSpire:Coldhearted+1","Redo","ReplaySolidLightProjector+1","Go for the Eyes","Streamline"],"picked":"Singing Bowl","floor":19.0},{"not_picked":["Heel Hook","Slimebound:AcidTongue","MostiFishMod:Nomercy","TalkToTheHand","Guardian:MultiBeam+1"],"picked":"Singing Bowl","floor":22.0},{"not_picked":["champ:LastStand","Aggregate","Perseverance","Crescendo+1"],"picked":"beaked:Evade","floor":23.0},{"not_picked":["ReplayTheSpireMod:Repulse","EarthLightRay","Negative_Energy_Sphere","Blood_for_Blood+1"],"picked":"Flame Barrier","floor":25.0},{"not_picked":["bronze:BuggyMess+1","beaked:Brace","Midas Touch","beaked:Struggle+1","True Grit"],"picked":"Singing Bowl","floor":26.0},{"not_picked":["champ:Duel","Saiyan:SuperSaiyanForm","SashWhip","Negative_Energy_Mist+1","beaked:Resilience"],"picked":"Singing Bowl","floor":27.0},{"not_picked":["sneckomod:WideSting","StuffTheSpire:Coldhearted","TheCursedMod:SpreadPlague+1","sneckomod:UnknownClassSLIMEBOUND"],"picked":"Armaments","floor":29.0},{"not_picked":["Draining Mist","bronze:ClassDefault+1","Saiyan:SuperSaiyanForm","IllusionStar","Run Through"],"picked":"Singing Bowl","floor":31.0},{"not_picked":["Immolate","Reap_The_Weak","MostiFishMod:HellRitual","Grasp_Heart"],"picked":"hexamod:VolcanoVisage","floor":33},{"not_picked":["ReplayTheSpireMod:IOU","Amnesia","Hatred","infinitespire:Pacifist","Sickly"],"picked":"Singing Bowl","floor":34},{"not_picked":["Notoriety","CurseOfTheBell","downfall:Aged","StuffTheSpire:GnomedCurse","ReplayTheSpireMod:Doomed"],"picked":"Singing Bowl","floor":34},{"not_picked":["downfall:Haunted","Decay","Looming Evil","ReplayTheSpireMod:Compounding Headache"],"picked":"Intolerance","floor":34},{"not_picked":["sneckomod:UnknownCommonAttack+1","Guardian:Repulse+1","champ:SkillfulDodge","hexamod:Hexaguard+1","sneckomod:DiceBoulder+1"],"picked":"Singing Bowl","floor":35},{"not_picked":["Pace","StuffTheSpire:Python+1","Run Through","expansioncontent:AwakenDeath+1","Saiyan:SaiyanHubris+1"],"picked":"Singing Bowl","floor":37},{"not_picked":["Saiyan:ExpandingShockwave+1","Slimebound:ServeAndProtect+1","TheCursedMod:CircleOfFlame+1","sneckomod:QuickBite","StuffTheSpire:BrimstoneBlast"],"picked":"Singing Bowl","floor":38},{"not_picked":["Guardian:Gem_Lightblue","Slimebound:LeechingTouch+1","Guardian:Recover","Saiyan:SuperSaiyanForm+1","Slimebound:DouseInSlime"],"picked":"Singing Bowl","floor":41},{"not_picked":["Caltrops+1","DarkSpark","Slimebound:Replication","Slimebound:RollThrough+1"],"picked":"Self Repair+1","floor":45},{"not_picked":["ThirdEye","hexamod:HauntingEcho","Guardian:Recover","beaked:Tradeoff+1","Deflect"],"picked":"Singing Bowl","floor":46},{"not_picked":["beaked:Poke","Chill_Blood","hexamod:NecessarySacrifice","conspire:DoublingDagger+1","Guardian:MultiBeam+1"],"picked":"Singing Bowl","floor":48}],"player_experience":1933654,"relics_obtained":[{"floor":1.0,"key":"SynthV:TestCard"},{"floor":7.0,"key":"infinitespire:PuzzleCube"},{"floor":9.0,"key":"Singing Bowl"},{"floor":10.0,"key":"aspiration:ChemicalBlood"},{"floor":19.0,"key":"PrismaticShard"},{"floor":23.0,"key":"Whetstone"},{"floor":26.0,"key":"infinitespire:Magic Flask"},{"floor":29.0,"key":"aspiration:TomeofQuesting"},{"floor":41,"key":"reliquary:SharkskinSheath"},{"floor":43,"key":"DataDisk"},{"floor":46,"key":"aspiration:Lifesprig"}],"event_choices":[{"damage_healed":0.0,"max_hp_gain":0.0,"max_hp_loss":0.0,"gold_gain":0.0,"event_name":"Golden Wing","player_choice":"Ignored","floor":5.0,"gold_loss":0.0,"damage_taken":0.0},{"damage_healed":49.0,"max_hp_gain":0.0,"max_hp_loss":0.0,"gold_gain":0.0,"event_name":"Wheel of Change","player_choice":"Full Heal","floor":15.0,"gold_loss":0.0,"damage_taken":0.0},{"damage_healed":0.0,"max_hp_gain":0.0,"max_hp_loss":0.0,"gold_gain":0.0,"event_name":"Drug Dealer","player_choice":"Inject Mutagens","floor":21.0,"gold_loss":0.0,"damage_taken":0.0,"relics_obtained":["MutagenicStrength"]},{"damage_healed":0.0,"max_hp_gain":0.0,"max_hp_loss":0.0,"gold_gain":0.0,"event_name":"The Woman in Blue","player_choice":"Bought 2 Potions","floor":30.0,"gold_loss":0.0,"damage_taken":0.0}],"is_beta":false,"boss_relics":[{"not_picked":["aspiration:PoetsPen","aspiration:RitualDagger","conspire:SeveredTorchhead"]},{"not_picked":["halation:MonkeysPaw","RhineCircuit"],"picked":"Replay:Ancient Bell"},{"not_picked":["hubris:SlimyHat","Oddly Smooth Stone"],"picked":"Juzu Bracelet"},{"not_picked":["beaked:ShinyBauble","Mirror"],"picked":"The Courier"},{"not_picked":["StuffTheSpire:Wildfire","conspire:GlowingRock"],"picked":"halation:QuantumPhysicsTextbook"}],"items_purged_floors":[36,42],"is_endless":false,"potions_floor_spawned":[8,10,12,25,27,31,33,35,37,45,48],"ascension_level":0}}