{"host":"g3js2eermvvpeiqn","time":1613630680,"event":{"mods":["BaseMod","DeckTracker","Downfall","Minty Spire (QoL Compilation)","Quick Restart","StSLib"],"gold_per_floor":[110,110,129,18,18,18,54,54,80,122,122,151,199,217,217,322,322,338,338,338,338,347,387,387,411,434,434,434,465,465,380,380,483,483,512,528,528,593,593,593,615,615,693,733,733,768,141,141,141,141,166,166,166,79,132,132],"floor_reached":57,"language":"ENG","playtime":6444,"items_purged":["Strike_P+1"],"score":2781,"play_id":"919f299b-006c-4ce4-b9fa-33bfb7cfbae7","local_time":"20210218004440","is_ascension_mode":true,"campfire_choices":[{"data":"Consecrate","floor":8.0,"key":"SMITH"},{"data":"PathToVictory","floor":11.0,"key":"SMITH"},{"data":"Tantrum","floor":15.0,"key":"SMITH"},{"data":"WaveOfTheHand","floor":28.0,"key":"SMITH"},{"data":"DeusExMachina","floor":30.0,"key":"SMITH"},{"data":"PathToVictory","floor":32.0,"key":"SMITH"},{"floor":40.0,"key":"RECALL"},{"data":"Ragnarok","floor":42.0,"key":"SMITH"},{"data":"Wallop","floor":45.0,"key":"SMITH"},{"data":"HandOfGreed","floor":49.0,"key":"SMITH"},{"data":"ReachHeaven","floor":53.0,"key":"SMITH"}],"circlet_count":0,"master_deck":["AscendersBane","Strike_P+1","Strike_P+1","Defend_P+1","Defend_P+1","Defend_P+1","Eruption","Vigilance+1","ReachHeaven+1","PathToVictory+1","Consecrate+1","BowlingBash","CarveReality","PathToVictory+1","Tantrum+1","WaveOfTheHand+1","DeusExMachina+1","Wallop+1","Meditate+1","Ragnarok+1","Swivel","PathToVictory+1","Sanctity+1","Collect+1","HandOfGreed+1","Indignation+1","EmptyFist","Protect+1"],"relics":["PureWater","Akabeko","Golden Idol","Juzu Bracelet","Strawberry","CeramicFish","Torii","Snecko Eye","Lantern","War Paint","MutagenicStrength","Boot","Oddly Smooth Stone","Sozu","TungstenRod","Toxic Egg 2","CloakClasp","Eternal Feather","Lee\u0027s Waffle","Anchor","Ornamental Fan"],"acts_visited":["Exordium","TheCity","TheBeyond","TheEnding"],"potions_floor_usage":[],"damage_taken":[{"damage":7.0,"enemies":"Jaw Worm","floor":1.0,"turns":4.0},{"damage":7.0,"enemies":"Small Slimes","floor":3.0,"turns":3.0},{"damage":25.0,"enemies":"Lagavulin","floor":7.0,"turns":6.0},{"damage":16.0,"enemies":"Gremlin Nob","floor":10.0,"turns":3.0},{"damage":0.0,"enemies":"Cultist","floor":12.0,"turns":2.0},{"damage":0.0,"enemies":"Lagavulin","floor":13.0,"turns":3.0},{"damage":0.0,"enemies":"Large Slime","floor":14.0,"turns":1.0},{"damage":0.0,"enemies":"Slime Boss","floor":16.0,"turns":2.0},{"damage":1.0,"enemies":"Spheric Guardian","floor":18.0,"turns":3.0},{"damage":0.0,"enemies":"Gremlin Leader","floor":23.0,"turns":2.0},{"damage":0.0,"enemies":"2 Thieves","floor":25.0,"turns":1.0},{"damage":22.0,"enemies":"Book of Stabbing","floor":29.0,"turns":5.0},{"damage":41.0,"enemies":"Automaton","floor":33.0,"turns":5.0},{"damage":0.0,"enemies":"3 Shapes","floor":35.0,"turns":2.0},{"damage":0.0,"enemies":"3 Darklings","floor":36.0,"turns":2.0},{"damage":0.0,"enemies":"2 Orb Walkers","floor":38.0,"turns":1.0},{"damage":0.0,"enemies":"Spire Growth","floor":41.0,"turns":2.0},{"damage":0.0,"enemies":"Mind Bloom Boss Battle","floor":44.0,"turns":4.0},{"damage":34.0,"enemies":"Giant Head","floor":46.0,"turns":6.0},{"damage":28.0,"enemies":"Donu and Deca","floor":50.0,"turns":5.0},{"damage":38.0,"enemies":"Awakened One","floor":51.0,"turns":12.0},{"damage":28.0,"enemies":"Shield and Spear","floor":55.0,"turns":6.0},{"damage":50,"enemies":"The Heart","floor":56,"turns":8}],"seed_played":"-5079882224042897988","potions_obtained":[{"floor":10.0,"key":"SteroidPotion"},{"floor":13.0,"key":"StancePotion"},{"floor":25.0,"key":"PowerPotion"},{"floor":33.0,"key":"DuplicationPotion"}],"is_trial":false,"path_per_floor":["M","?","M","$","?","?","E","R","T","E","R","M","E","M","R","B",null,"M","?","?","?","?","E","?","M","T","?","R","E","R","?","R","B",null,"M","M","?","?","T","R","M","R","T","?","R","E","$","?","R","B","B",null,"R","$","E","B",null],"character_chosen":"WATCHER","items_purchased":["Consecrate","BowlingBash","Lee\u0027s Waffle","Collect+1","HandOfGreed","Anchor","Indignation+1","EmptyFist"],"campfire_rested":0,"item_purchase_floors":[4,4,47,47,47,47,54,54],"current_hp_per_floor":[54,59,52,52,52,52,27,27,34,18,18,18,18,18,18,18,59,58,58,58,73,73,73,73,73,73,73,73,51,51,51,51,10,57,57,57,57,57,57,57,57,57,57,57,57,23,80,80,80,52,14,64,79,79,51,1],"gold":132,"neow_bonus":"RANDOM_COMMON_RELIC","is_daily":false,"chose_seed":false,"campfire_upgraded":10,"win_rate":0.0,"timestamp":1613630680,"path_taken":["M","?","M","$","?","?","E","R","T","E","R","M","E","M","R","BOSS","M","?","?","?","?","E","?","M","T","?","R","E","R","?","R","BOSS","M","M","?","?","?","R","M","R","T","?","R","E","$","?","R","BOSS","BOSS","R","$","E","BOSS"],"items_purchased_type":["Card","Card","Relic","Card","Card","Relic","Card","Card"],"build_version":"2020-12-22","purchased_purges":1,"victory":true,"max_hp_per_floor":[68,73,73,73,66,66,66,66,73,73,73,73,73,73,73,73,73,73,73,73,73,73,73,73,73,73,73,73,73,73,73,73,73,73,73,73,73,73,73,73,73,73,73,73,73,73,80,80,80,80,80,80,80,80,80,80],"card_choices":[{"not_picked":["CutThroughFate","EmptyMind"],"picked":"ReachHeaven","floor":1.0},{"not_picked":["SandsOfTime","Wireheading"],"picked":"PathToVictory","floor":3.0},{"not_picked":["CrushJoints","FlurryOfBlows"],"picked":"CarveReality","floor":7.0},{"not_picked":["CutThroughFate","DeceiveReality"],"picked":"PathToVictory","floor":10.0},{"not_picked":["ClearTheMind","FlurryOfBlows"],"picked":"Tantrum","floor":12.0},{"not_picked":["Prostrate","Study"],"picked":"WaveOfTheHand","floor":13.0},{"not_picked":["FearNoEvil","BowlingBash","CarveReality"],"picked":"SKIP","floor":14.0},{"not_picked":["MasterReality","Alpha"],"picked":"DeusExMachina","floor":16.0},{"not_picked":["Prostrate","JustLucky+1","Evaluate"],"picked":"SKIP","floor":18.0},{"not_picked":["FlyingSleeves","EmptyBody"],"picked":"Meditate","floor":23.0},{"not_picked":["Evaluate","CutThroughFate+1","FollowUp"],"picked":"SKIP","floor":25.0},{"not_picked":["FollowUp+1","WindmillStrike","Adaptation"],"picked":"SKIP","floor":29.0},{"not_picked":["Alpha","Establishment"],"picked":"Ragnarok","floor":33.0},{"not_picked":["FlyingSleeves","Halt"],"picked":"Swivel","floor":35.0},{"not_picked":["FlurryOfBlows","LikeWater","CarveReality+1"],"picked":"SKIP","floor":36.0},{"not_picked":["CarveReality","FlyingSleeves"],"picked":"PathToVictory","floor":41.0},{"not_picked":["ThirdEye+1","SashWhip"],"picked":"Sanctity+1","floor":44.0},{"not_picked":["FlurryOfBlows","FlyingSleeves","Devotion"],"picked":"SKIP","floor":46.0},{"not_picked":["Indignation+1","CutThroughFate+1"],"picked":"Protect+1","floor":55.0}],"player_experience":1450365,"relics_obtained":[{"floor":7.0,"key":"Juzu Bracelet"},{"floor":9.0,"key":"Strawberry"},{"floor":10.0,"key":"CeramicFish"},{"floor":13.0,"key":"Torii"},{"floor":23.0,"key":"Lantern"},{"floor":26.0,"key":"War Paint"},{"floor":29.0,"key":"Boot"},{"floor":38.0,"key":"TungstenRod"},{"floor":43.0,"key":"Toxic Egg 2"},{"floor":44.0,"key":"CloakClasp"},{"floor":46.0,"key":"Eternal Feather"},{"floor":55.0,"key":"Ornamental Fan"}],"event_choices":[{"damage_healed":0.0,"max_hp_gain":5.0,"max_hp_loss":0.0,"gold_gain":0.0,"event_name":"Big Fish","player_choice":"Donut","floor":2.0,"gold_loss":0.0,"damage_taken":0.0},{"damage_healed":0.0,"max_hp_gain":0.0,"max_hp_loss":7.0,"gold_gain":0.0,"event_name":"Golden Idol","player_choice":"Lose Max HP","floor":5.0,"gold_loss":0.0,"damage_taken":0.0,"relics_obtained":["Golden Idol"]},{"cards_removed":["Strike_P"],"damage_healed":0.0,"max_hp_gain":0.0,"max_hp_loss":0.0,"gold_gain":0.0,"event_name":"Purifier","player_choice":"Purged","floor":6.0,"gold_loss":0.0,"damage_taken":0.0},{"damage_healed":0.0,"max_hp_gain":0.0,"max_hp_loss":0.0,"gold_gain":0.0,"event_name":"Cursed Tome","player_choice":"Ignored","floor":19.0,"gold_loss":0.0,"damage_taken":0.0},{"damage_healed":0.0,"max_hp_gain":0.0,"max_hp_loss":0.0,"gold_gain":0.0,"event_name":"Back to Basics","player_choice":"Simplicity","floor":20.0,"gold_loss":0.0,"damage_taken":0.0,"cards_upgraded":["Strike_P","Strike_P","Strike_P","Defend_P","Defend_P","Defend_P","Defend_P"]},{"damage_healed":15.0,"max_hp_gain":0.0,"max_hp_loss":0.0,"gold_gain":0.0,"event_name":"Wheel of Change","player_choice":"Full Heal","floor":21.0,"gold_loss":0.0,"damage_taken":0.0},{"damage_healed":0.0,"max_hp_gain":0.0,"max_hp_loss":0.0,"gold_gain":0.0,"event_name":"The Library","player_choice":"Read","floor":22.0,"gold_loss":0.0,"damage_taken":0.0,"cards_obtained":["Wallop"]},{"damage_healed":0.0,"max_hp_gain":0.0,"max_hp_loss":0.0,"gold_gain":0.0,"event_name":"Ghosts","player_choice":"Ignored","floor":24.0,"gold_loss":0.0,"damage_taken":0.0},{"damage_healed":0.0,"max_hp_gain":0.0,"max_hp_loss":0.0,"gold_gain":0.0,"event_name":"Drug Dealer","player_choice":"Inject Mutagens","floor":27.0,"gold_loss":0.0,"damage_taken":0.0,"relics_obtained":["MutagenicStrength"]},{"damage_healed":0.0,"max_hp_gain":0.0,"max_hp_loss":0.0,"gold_gain":0.0,"event_name":"Addict","player_choice":"Obtained Relic","floor":31.0,"gold_loss":85.0,"damage_taken":0.0,"relics_obtained":["Oddly Smooth Stone"]},{"cards_removed":["Defend_P"],"damage_healed":0.0,"max_hp_gain":0.0,"max_hp_loss":0.0,"gold_gain":0.0,"event_name":"Falling","player_choice":"Removed Skill","floor":37.0,"gold_loss":0.0,"damage_taken":0.0},{"damage_healed":0.0,"max_hp_gain":0.0,"max_hp_loss":0.0,"gold_gain":0.0,"event_name":"Mysterious Sphere","player_choice":"Fight","floor":38.0,"gold_loss":0.0,"damage_taken":0.0},{"damage_healed":0.0,"max_hp_gain":0.0,"max_hp_loss":0.0,"gold_gain":0.0,"event_name":"MindBloom","player_choice":"Fight","floor":44.0,"gold_loss":0.0,"damage_taken":0.0},{"damage_healed":0.0,"max_hp_gain":0.0,"max_hp_loss":0.0,"gold_gain":0.0,"event_name":"Accursed Blacksmith","player_choice":"Forge","floor":48.0,"gold_loss":0.0,"damage_taken":0.0,"cards_upgraded":["PathToVictory"]}],"is_beta":false,"boss_relics":[{"not_picked":["Tiny House","SlaversCollar"],"picked":"Snecko Eye"},{"not_picked":["SacredBark","Runic Dome"],"picked":"Sozu"}],"items_purged_floors":[47],"is_endless":false,"potions_floor_spawned":[10,13,25,33,38,46,55],"ascension_level":20}}