{"host":"4kbqeuw4a1wt9r2z","time":1613646353,"event":{"mods":["Act Like it!","Aspiration","Astrologer","Bard","BaseMod","Chen","Conspire","Downfall","Duelist Mod","Gensokyo","GifTheSpireLib","Googly Eyes","Hallownest","Hermit","Hubris","Koishi","Lobotomy","LobotomyExtend","Marisa????????","Minty Spire (QoL Compilation)","Reimu??????","SOS???????","StSLib","The Administrix","The Bug Knight","The Construct","The Cursed","The Disciple","The Forsaken","The Gatherer","The Hierophant","The Marked","The Necromancer","The Runesmith","The Senshi","The Servant 0.9.4","The Wild Card","everything is the same but u backflip on backflip"],"gold_per_floor":[117,117,117,129,145,145,145,145,193,193,209,8,8,37,37,138,138,148,98,98,138,21,63,96,96,164,178,204,204,48,78,78,177,177,195,195,195,195,195,222,222,237,284,310,310,310,368,368,386],"floor_reached":51,"language":"ENG","playtime":3284,"items_purged":["theWildCard:BasicStrike","theWildCard:BasicStrike"],"score":787,"play_id":"3f78352d-63de-4056-a8be-6a2f9a4e394d","local_time":"20210218140553","is_ascension_mode":false,"campfire_choices":[{"floor":8,"key":"REST"},{"floor":13,"key":"REST"},{"floor":15,"key":"REST"},{"data":"theWildCard:TheArcanaUnleashed","floor":25,"key":"SMITH"},{"data":"theWildCard:ArchaicAssault","floor":32,"key":"SMITH"},{"floor":41,"key":"REST"},{"data":"theWildCard:ArcaneArts","floor":45,"key":"SMITH"},{"data":"theWildCard:SeveringSlash","floor":49,"key":"SMITH"}],"circlet_count":0,"master_deck":["theWildCard:BasicStrike+1","theWildCard:BasicStrike","theWildCard:BasicDefend","theWildCard:BasicDefend","theWildCard:BasicDefend","theWildCard:BasicDefend","theWildCard:CallToAdventure+1","theWildCard:Arsene","theWildCard:ManOfManyFaces+1","theWildCard:StalwartBlade","theWildCard:ArcaneArts+1","theWildCard:SeveringSlash+1","theWildCard:TheArcanaUnleashed+1","theWildCard:Sakuya+1","conspire:SpireCoStock","theWildCard:ArchaicAssault+1","theWildCard:IdentityTheft","theWildCard:MagicMettle+1","theWildCard:Michael+1","theWildCard:Polydeuces+1","theWildCard:TheUniverse+1","theWildCard:Michael+1","theWildCard:Amaterasu","theWildCard:MaskChange+1","theWildCard:EnergyTheft+1","Disarm+1"],"relics":["theWildCard:VelvetContract","Smiling Mask","LetterFromLob","Hallownest:DreamNailRelic","HornCleat","aspiration:Lifesprig","Bag of Marbles","CaptainsWheel","aspiration:FutureDiary","Ancient Tea Set","hubris:BottledRain","Mastiff:ReiMu","Potion Belt","Pocketwatch","aspiration:IroncladSkillbook","hubris:Teleporter","Oddly Smooth Stone","Strawberry","Letter Opener"],"acts_visited":["Hallownest:Greenpath","Hallownest:CityofTears","Hallownest:KingdomsEdge"],"potions_floor_usage":[33,33],"damage_taken":[{"damage":1,"enemies":"Hallownest:monsterHuskWarrior","floor":1,"turns":3},{"damage":0,"enemies":"Hallownest:monsterHuskGuard","floor":4,"turns":3},{"damage":3,"enemies":"Hallownest:2_Tiktiks_and_1_Crawlid","floor":5,"turns":4},{"damage":13,"enemies":"Hallownest:2_Tiktiks_1_Baldur_1_Crawlid","floor":11,"turns":5},{"damage":5,"enemies":"Hallownest:eliteMossKnight","floor":14,"turns":9},{"damage":25,"enemies":"Hallownest:BossFalseKnight","floor":16,"turns":11},{"damage":6,"enemies":"Hallownest:Guard_and_Sentry","floor":18,"turns":6},{"damage":1,"enemies":"Hallownest:3_Youths","floor":21,"turns":8},{"damage":14,"enemies":"Hallownest:eliteSoulWarrior","floor":23,"turns":10},{"damage":2,"enemies":"Hallownest:2_Flukemon","floor":24,"turns":6},{"damage":0,"enemies":"Hallownest:monsterShrumalOgre","floor":27,"turns":4},{"damage":5,"enemies":"Hallownest:eliteWatcherKnight","floor":31,"turns":9},{"damage":10,"enemies":"Hallownest:BossMantisLord","floor":33,"turns":7},{"damage":6,"enemies":"Hallownest:Shield_Heavy","floor":35,"turns":4},{"damage":27,"enemies":"Hallownest:eliteHiveKnight","floor":40,"turns":5},{"damage":1,"enemies":"Hallownest:3_Siblings","floor":42,"turns":3},{"damage":7,"enemies":"Hallownest:monsterPrimalAspid","floor":44,"turns":4},{"damage":6,"enemies":"Hallownest:eliteCollector","floor":47,"turns":5},{"damage":13,"enemies":"Hallownest:BossHollowKnight","floor":50,"turns":10}],"seed_played":"1887491030994049666","potions_obtained":[{"floor":4,"key":"BlessingOfTheForge"},{"floor":14,"key":"sneckomod:MuddlingPotion"},{"floor":16,"key":"MagicPotion:ReiMu"},{"floor":21,"key":"conspire:TimeTravelPotion"},{"floor":23,"key":"PowerPotion"},{"floor":33,"key":"bronze:BurnAndBuffPotion"},{"floor":42,"key":"ColorlessPotion"},{"floor":44,"key":"SneckoOil"}],"is_trial":false,"path_per_floor":["M","?","?","M","M","E","T","R","T","?","M","$","R","E","R","B",null,"M","?","?","M","$","E","M","R","T","M","T","?","$","E","R","B",null,"M","?","?","T","?","E","R","M","T","M","R","?","E","R","B",null],"character_chosen":"THE_WILD_CARD","items_purchased":["Bag of Marbles","theWildCard:IdentityTheft","Potion Belt"],"campfire_rested":4,"item_purchase_floors":[12,22,30],"current_hp_per_floor":[59,59,59,59,56,10,10,28,28,28,15,15,33,28,46,21,60,54,54,58,60,60,49,56,56,56,56,56,56,56,51,51,41,60,58,60,60,60,60,37,55,58,65,67,67,67,65,65,60],"gold":386,"neow_bonus":"RANDOM_COMMON_RELIC","is_daily":false,"chose_seed":false,"campfire_upgraded":4,"win_rate":0.0,"timestamp":1613646353,"path_taken":["M","?","?","M","?","E","?","R","T","?","M","$","R","E","R","BOSS","M","?","?","M","?","E","M","R","T","M","?","?","$","E","R","BOSS","M","?","?","?","?","E","R","?","T","?","R","?","E","R","BOSS"],"items_purchased_type":["Relic","Card","Relic"],"build_version":"2020-12-22","purchased_purges":2,"victory":true,"max_hp_per_floor":[60,60,60,60,60,60,60,60,60,60,60,60,60,60,60,60,60,60,60,60,60,60,60,60,60,60,60,60,60,60,60,60,60,60,60,60,60,60,60,60,60,60,67,67,67,67,67,67,67],"card_choices":[{"not_picked":["theWildCard:Patience","theWildCard:Proficiency"],"picked":"theWildCard:ManOfManyFaces","floor":1},{"not_picked":["theWildCard:Sakuya","theWildCard:Proficiency"],"picked":"theWildCard:PowerOfTheArcana","floor":4},{"not_picked":["theWildCard:Overwhelm","theWildCard:ArcaneArts"],"picked":"theWildCard:StalwartBlade","floor":5},{"not_picked":["theWildCard:Scathach","theWildCard:EnergizedStroke"],"picked":"theWildCard:ArcaneArts","floor":11},{"not_picked":["theWildCard:Loki","theWildCard:Patience"],"picked":"theWildCard:SeveringSlash","floor":14},{"not_picked":["theWildCard:FinalHour","theWildCard:Satanael"],"picked":"theWildCard:TheArcanaUnleashed","floor":16},{"not_picked":["theWildCard:Abstinence","theWildCard:Scathach"],"picked":"theWildCard:Sakuya+1","floor":18},{"not_picked":["theWildCard:StalwartBlade+1","theWildCard:Unburden"],"picked":"theWildCard:ArchaicAssault","floor":21},{"not_picked":["theWildCard:ShieldOfMany+1","theWildCard:SeveringSlash+1"],"picked":"theWildCard:MagicMettle+1","floor":23},{"not_picked":["theWildCard:ShieldOfMany","theWildCard:UnendingRitual"],"picked":"theWildCard:Michael","floor":24},{"not_picked":["theWildCard:MagicalMight+1","theWildCard:MaskChange"],"picked":"theWildCard:Polydeuces+1","floor":27},{"not_picked":["theWildCard:UnderLockAndKey","theWildCard:ManOfManyFaces","theWildCard:Sakuya+1"],"picked":"SKIP","floor":31},{"not_picked":["theWildCard:Ruination","theWildCard:TheArcanaUnleashed"],"picked":"theWildCard:TheUniverse","floor":33},{"not_picked":["Sever Soul","Iron Wave+1","Body Slam"],"picked":"theWildCard:Michael+1","floor":35},{"not_picked":["Shockwave","theWildCard:StingingStrike","hubris:CleavingFinish"],"picked":"theWildCard:Amaterasu","floor":40},{"not_picked":["hubris:SharpeningStone","Shrug It Off+1","theWildCard:LadyLuck+1"],"picked":"theWildCard:MaskChange+1","floor":42},{"not_picked":["Iron Wave+1","Headbutt","theWildCard:Proficiency"],"picked":"theWildCard:EnergyTheft+1","floor":44},{"not_picked":["theWildCard:ArchaicAssault","theWildCard:ArcaneArts+1","theWildCard:StingingStrike+1"],"picked":"Disarm+1","floor":47}],"player_experience":566237,"relics_obtained":[{"floor":1,"key":"LetterFromLob"},{"floor":7,"key":"HornCleat"},{"floor":9,"key":"aspiration:Lifesprig"},{"floor":14,"key":"CaptainsWheel"},{"floor":23,"key":"Ancient Tea Set"},{"floor":26,"key":"hubris:BottledRain"},{"floor":28,"key":"Mastiff:ReiMu"},{"floor":31,"key":"Pocketwatch"},{"floor":38,"key":"hubris:Teleporter"},{"floor":40,"key":"Oddly Smooth Stone"},{"floor":43,"key":"Strawberry"},{"floor":47,"key":"Letter Opener"}],"event_choices":[{"damage_healed":0,"gold_gain":0,"player_choice":"Invest 1","damage_taken":0,"max_hp_gain":0,"max_hp_loss":0,"event_name":"conspire:Investor","floor":19,"gold_loss":0}],"is_beta":false,"boss_relics":[{"not_picked":["Philosopher\u0027s Stone","hubris:ScarierMask"],"picked":"aspiration:FutureDiary"},{"not_picked":["hubris:GrandSneckoEye","conspire:SlowCooker"],"picked":"aspiration:IroncladSkillbook"}],"items_purged_floors":[12,22],"is_endless":false,"potions_floor_spawned":[4,14,16,21,23,27,31,33,42,44],"ascension_level":0}}