{"host":"za1qviwhp34x909e","time":1613638793,"event":{"mods":["Act Like it!","BaseMod","Colored Map","Colored Powertips","Downfall","Highlight Path","Hubris","Koishi","Marisa????????","Minty Spire (QoL Compilation)","Quick Restart","Remilia??????","Replay The Spire","StSLib","The Servant 0.9.4"],"gold_per_floor":[111,286,96,56,74,108,108,133,184,207,33,33,33,45,45,149,149,161,161,39,67,94,129,129,155,155,174,174,188,188],"floor_reached":29,"language":"ENG","playtime":1821,"items_purged":["Doubt","Strike_MRS"],"score":296,"play_id":"77d0e645-1e0f-4e2a-8582-21aeda234f26","local_time":"20210218025953","is_ascension_mode":true,"campfire_choices":[{"data":"ChargeUpSpray","floor":7,"key":"SMITH"},{"floor":13,"key":"REST"},{"data":"MillisecondPulsars","floor":15,"key":"SMITH"},{"floor":24,"key":"REST"}],"circlet_count":0,"master_deck":["Strike_MRS","Strike_MRS","Defend_MRS","Defend_MRS","Defend_MRS","Defend_MRS","MasterSpark","UpSweep","GravityBeat","MagicChant","MilkyWay","ChargeUpSpray+1","EnergyFlow","MillisecondPulsars+1","Pot Of Greed","Pot Of Greed","MagicAbsorber","ManaConvection","NonDirectionalLaser","GrandCross","MysteriousBeam","Robbery","MilkyWay","ShootTheMoon","Pot Of Greed","Acceleration","OortCloud+1","PowerUp","GalacticHalo+1"],"relics":["MiniHakkero","Durian","Snack Pack","Replay:WaspNest","PreservedInsect","Grinning Jar","Honey Jar","Smiling Mask","hubris:Reverence","Molten Egg 2"],"acts_visited":["Exordium","TheCity"],"potions_floor_usage":[6,8,16,25,27],"damage_taken":[{"damage":0,"enemies":"Cultist","floor":1,"turns":3},{"damage":1,"enemies":"Small Slimes","floor":5,"turns":3},{"damage":21,"enemies":"Lagavulin","floor":6,"turns":5},{"damage":24,"enemies":"Gremlin Nob","floor":8,"turns":4},{"damage":12,"enemies":"Jaw Worm","floor":14,"turns":4},{"damage":29,"enemies":"The Guardian","floor":16,"turns":8},{"damage":9,"enemies":"3 Byrds","floor":18,"turns":4},{"damage":0,"enemies":"Spheric Guardian","floor":21,"turns":3},{"damage":24,"enemies":"Snake Plant","floor":22,"turns":2},{"damage":41,"enemies":"Slavers","floor":23,"turns":4},{"damage":16,"enemies":"Book of Stabbing","floor":25,"turns":5},{"damage":25,"enemies":"Centurion and Healer","floor":27,"turns":4},{"damage":3,"enemies":"Sentry and Sphere","floor":29,"turns":2}],"seed_played":"7577853317941202304","potions_obtained":[{"floor":4,"key":"BlessingOfTheForge"},{"floor":4,"key":"DistilledChaos"},{"floor":4,"key":"Toxic Potion"},{"floor":5,"key":"Adrenaline Potion"},{"floor":8,"key":"FairyPotion"},{"floor":21,"key":"CultistPotion"},{"floor":23,"key":"Weak Potion"},{"floor":25,"key":"BlessingOfTheForge"},{"floor":27,"key":"Dexterity Potion"}],"is_trial":false,"path_per_floor":["M","?","$","?","M","E","R","E","T","T","$","?","R","M","R","B",null,"M","?","$","M","M","E","R","E","T","M","?","M"],"character_chosen":"MARISA","items_purchased":["MagicChant","MilkyWay","MagicAbsorber","Robbery","MilkyWay"],"campfire_rested":2,"item_purchase_floors":[3,3,11,20,20],"current_hp_per_floor":[59,59,59,59,58,37,37,15,15,15,15,15,39,27,27,26,80,73,73,73,75,55,14,38,22,22,3,3,0,0],"gold":188,"neow_bonus":"ONE_RARE_RELIC","is_daily":false,"chose_seed":false,"campfire_upgraded":2,"win_rate":0.0,"timestamp":1613638793,"path_taken":["M","?","$","?","?","E","R","E","T","?","?","?","R","M","R","BOSS","M","?","$","M","M","E","R","E","T","?","?","M"],"items_purchased_type":["Card","Card","Card","Card","Card"],"build_version":"2020-12-22","purchased_purges":2,"victory":false,"max_hp_per_floor":[80,80,80,80,80,80,80,80,80,80,80,80,80,80,80,80,80,80,80,80,80,80,80,80,80,80,80,80,80,80],"card_choices":[{"not_picked":["DC","EnergyFlow"],"picked":"GravityBeat","floor":1},{"not_picked":["Robbery","MagicAbsorber"],"picked":"ChargeUpSpray","floor":5},{"not_picked":["GravityBeat","WitchOfGreed"],"picked":"EnergyFlow","floor":6},{"not_picked":["PowerUp","NonDirectionalLaser"],"picked":"MillisecondPulsars","floor":8},{"not_picked":["GravityBeat","MeteoricShower"],"picked":"NonDirectionalLaser","floor":14},{"not_picked":["6A","DarkSpark+1","MachineGunSpark"],"picked":"GrandCross","floor":18},{"not_picked":["PowerUp+1","AsteroidBelt","IllusionStar"],"picked":"ShootTheMoon","floor":21},{"not_picked":["IllusionStar","GalacticHalo","WitchLeyline"],"picked":"Acceleration","floor":22},{"not_picked":["Acceleration+1","MaximisePower","SporeBomb"],"picked":"OortCloud+1","floor":23},{"not_picked":["EventHorizon+1","EnergyFlow+1","ShootingEcho"],"picked":"PowerUp","floor":25},{"not_picked":["GravityBeat+1","DoubleSpark+1","DragonMeteor+1"],"picked":"GalacticHalo+1","floor":27}],"player_experience":779586,"relics_obtained":[{"floor":6,"key":"Snack Pack"},{"floor":8,"key":"Replay:WaspNest"},{"floor":9,"key":"PreservedInsect"},{"floor":10,"key":"Grinning Jar"},{"floor":23,"key":"Smiling Mask"},{"floor":25,"key":"hubris:Reverence"},{"floor":26,"key":"Molten Egg 2"}],"event_choices":[{"damage_healed":0,"gold_gain":175,"player_choice":"AGREE","damage_taken":0,"max_hp_gain":0,"max_hp_loss":0,"event_name":"Liars Game","floor":2,"gold_loss":0,"cards_obtained":["Doubt"]},{"damage_healed":0,"gold_gain":0,"player_choice":"Bought 3 Potions","damage_taken":0,"max_hp_gain":0,"max_hp_loss":0,"event_name":"The Woman in Blue","floor":4,"gold_loss":0},{"damage_healed":0,"gold_gain":0,"cards_transformed":["Strike_MRS"],"player_choice":"Change","damage_taken":0,"max_hp_gain":0,"max_hp_loss":0,"event_name":"Living Wall","floor":12,"gold_loss":0,"cards_obtained":["ManaConvection"]},{"damage_healed":0,"gold_gain":0,"player_choice":"Read","damage_taken":0,"max_hp_gain":0,"max_hp_loss":0,"event_name":"The Library","floor":19,"gold_loss":0,"cards_obtained":["MysteriousBeam"]}],"is_beta":false,"boss_relics":[{"not_picked":["Kintsugi","Pandora\u0027s Box"],"picked":"Honey Jar"}],"items_purged_floors":[3,11],"is_endless":false,"potions_floor_spawned":[5,8,21,23,25,27],"killed_by":"Sentry and Sphere","ascension_level":2}}