{"host":"w14xfy17z3c5mpoi","time":1613606936,"event":{"mods":["AchievementEnabler","BaseMod","Minty Spire (QoL Compilation)","Relic Stats"],"gold_per_floor":[111,130,145,159,174,174,199,211,257,273,273,299,374,34,34,137,137,153,172,191,203,203,203,232,245,269,280,280,380,396,416,416,515,515,532,542,558,77,0,39,49,49,49,65,108,123,138,167,167,167],"floor_reached":51,"language":"ENG","playtime":5150,"items_purged":["Strike_G","Strike_G"],"score":1263,"play_id":"3aceb561-c4f9-4f6a-8795-ca4b7b0c6215","local_time":"20210217190856","is_ascension_mode":true,"campfire_choices":[{"data":"Cloak And Dagger","floor":6,"key":"SMITH"},{"floor":11,"key":"REST"},{"data":"Cloak And Dagger","floor":15,"key":"SMITH"},{"data":"Phantasmal Killer","floor":23,"key":"SMITH"},{"data":"Venomology","floor":28,"key":"SMITH"},{"data":"Terror","floor":32,"key":"SMITH"},{"data":"Wraith Form v2","floor":42,"key":"SMITH"},{"floor":49,"key":"REST"}],"circlet_count":0,"master_deck":["Strike_G","Defend_G","Defend_G","Defend_G","Defend_G","Defend_G","Survivor","Neutralize+1","Crippling Poison","Endless Agony+1","Cloak And Dagger+1","Wraith Form v2+1","Slice+1","Cloak And Dagger+1","Finisher+1","Footwork","Venomology+1","Cloak And Dagger+1","Endless Agony+1","Phantasmal Killer+1","Blur","PiercingWail+1","Blade Dance","Deflect+1","Terror+1","Blade Dance+1","Backstab+1","Dodge and Roll","Prepared+1","Footwork+1"],"relics":["WristBlade","Molten Egg 2","Centennial Puzzle","Unceasing Top","Lee\u0027s Waffle","Runic Pyramid","Mercury Hourglass","Omamori","Pocketwatch","Kunai","SlaversCollar","Bag of Preparation","CeramicFish","Bronze Scales","FossilizedHelix","Whetstone","PreservedInsect"],"acts_visited":["Exordium","TheCity","TheBeyond"],"potions_floor_usage":[7,16,18,19,20,21,24,27,29,30,33,33,36,37,40,41,44,45,48,50,50,50,50,50,50],"damage_taken":[{"damage":4,"enemies":"2 Louse","floor":1,"turns":4},{"damage":3,"enemies":"Jaw Worm","floor":2,"turns":6},{"damage":0,"enemies":"Small Slimes","floor":3,"turns":2},{"damage":1,"enemies":"Blue Slaver","floor":4,"turns":4},{"damage":11,"enemies":"Lots of Slimes","floor":5,"turns":3},{"damage":16,"enemies":"Lagavulin","floor":7,"turns":6},{"damage":10,"enemies":"Looter","floor":8,"turns":4},{"damage":4,"enemies":"Large Slime","floor":10,"turns":2},{"damage":14,"enemies":"3 Sentries","floor":12,"turns":7},{"damage":18,"enemies":"Slime Boss","floor":16,"turns":5},{"damage":0,"enemies":"3 Byrds","floor":18,"turns":4},{"damage":0,"enemies":"Spheric Guardian","floor":19,"turns":3},{"damage":1,"enemies":"Snake Plant","floor":20,"turns":2},{"damage":0,"enemies":"Snecko","floor":21,"turns":5},{"damage":19,"enemies":"Slavers","floor":24,"turns":6},{"damage":1,"enemies":"3 Cultists","floor":25,"turns":4},{"damage":10,"enemies":"Centurion and Healer","floor":27,"turns":3},{"damage":9,"enemies":"Colosseum Slavers","floor":29,"turns":4},{"damage":2,"enemies":"Colosseum Nobs","floor":29,"turns":2},{"damage":5,"enemies":"Snake Plant","floor":30,"turns":2},{"damage":3,"enemies":"Snecko","floor":31,"turns":3},{"damage":8,"enemies":"Champ","floor":33,"turns":8},{"damage":0,"enemies":"3 Darklings","floor":35,"turns":4},{"damage":3,"enemies":"Orb Walker","floor":36,"turns":4},{"damage":4,"enemies":"Maw","floor":37,"turns":5},{"damage":0,"enemies":"Reptomancer","floor":40,"turns":5},{"damage":7,"enemies":"Writhing Mass","floor":41,"turns":5},{"damage":0,"enemies":"Jaw Worm Horde","floor":44,"turns":2},{"damage":0,"enemies":"Nemesis","floor":45,"turns":4},{"damage":0,"enemies":"Transient","floor":46,"turns":5},{"damage":0,"enemies":"Sphere and 2 Shapes","floor":47,"turns":3},{"damage":0,"enemies":"Reptomancer","floor":48,"turns":6},{"damage":0,"enemies":"Awakened One","floor":50,"turns":10}],"seed_played":"-5667515575547035483","potions_obtained":[{"floor":3,"key":"SteroidPotion"},{"floor":8,"key":"SpeedPotion"},{"floor":10,"key":"Swift Potion"},{"floor":16,"key":"Ancient Potion"},{"floor":19,"key":"Energy Potion"},{"floor":20,"key":"DuplicationPotion"},{"floor":24,"key":"CunningPotion"},{"floor":41,"key":"Strength Potion"},{"floor":44,"key":"DistilledChaos"}],"is_trial":false,"path_per_floor":["M","M","M","M","M","R","E","M","T","M","R","E","?","$","R","B",null,"M","M","M","M","?","R","E","M","T","M","R","?","M","M","R","B",null,"M","M","M","$","?","E","M","R","T","M","E","M","M","E","R","B",null],"character_chosen":"THE_SILENT","items_purchased":["Footwork","Lee\u0027s Waffle","Explosive Potion","GhostInAJar","Bag of Preparation","Backstab+1","Dodge and Roll"],"campfire_rested":2,"item_purchase_floors":[14,14,14,38,38,38,38],"current_hp_per_floor":[59,56,56,55,44,44,28,18,18,14,35,21,10,77,77,59,73,73,73,72,72,72,72,53,52,52,42,42,43,38,35,35,27,65,65,62,58,58,58,58,51,51,51,51,51,51,51,51,74,74],"gold":167,"neow_bonus":"BOSS_RELIC","is_daily":false,"chose_seed":false,"campfire_upgraded":6,"win_rate":0.0,"timestamp":1613606936,"path_taken":["M","M","M","M","M","R","E","M","T","M","R","E","?","?","R","BOSS","M","M","M","M","?","R","E","M","T","M","R","?","M","M","R","BOSS","M","M","M","$","?","E","M","R","T","M","E","M","M","E","R","BOSS"],"items_purchased_type":["Card","Relic","Potion","Potion","Relic","Card","Card"],"build_version":"2020-12-22","purchased_purges":2,"victory":true,"max_hp_per_floor":[70,70,70,70,70,70,70,70,70,70,70,70,70,77,77,77,77,77,77,77,77,77,77,77,77,77,77,77,77,77,77,77,77,77,77,77,77,77,77,77,77,77,77,77,77,77,77,77,77,77],"relic_stats":{"Lee\u0027s Waffle":67,"counters":[33,141],"CeramicFish":18,"PreservedInsect":0,"Bag of Preparation":[17],"Whetstone":["Endless Agony","Neutralize"],"Mercury Hourglass":[293],"Centennial Puzzle":[48],"Bronze Scales":[102],"Kunai":[61],"obtain_stats":[{"Lee\u0027s Waffle":14,"CeramicFish":39,"PreservedInsect":48,"Omamori":26,"Bag of Preparation":38,"Whetstone":45,"Mercury Hourglass":24,"SlaversCollar":34,"Centennial Puzzle":9,"WristBlade":0,"Bronze Scales":40,"Molten Egg 2":7,"Kunai":29,"Unceasing Top":12,"FossilizedHelix":43,"Ring of the Snake":0,"Runic Pyramid":17,"Pocketwatch":29},{"Lee\u0027s Waffle":9,"CeramicFish":25,"PreservedInsect":32,"Omamori":16,"Bag of Preparation":25,"Whetstone":29,"Mercury Hourglass":15,"SlaversCollar":22,"Centennial Puzzle":7,"WristBlade":0,"Bronze Scales":26,"Molten Egg 2":6,"Kunai":19,"Unceasing Top":9,"FossilizedHelix":27,"Ring of the Snake":0,"Runic Pyramid":10,"Pocketwatch":19},{"Lee\u0027s Waffle":38,"CeramicFish":101,"PreservedInsect":131,"Omamori":67,"Bag of Preparation":101,"Whetstone":117,"Mercury Hourglass":63,"SlaversCollar":88,"Centennial Puzzle":29,"WristBlade":0,"Bronze Scales":106,"Molten Egg 2":25,"Kunai":75,"Unceasing Top":38,"FossilizedHelix":111,"Ring of the Snake":0,"Runic Pyramid":43,"Pocketwatch":75}],"Unceasing Top":[5],"Pocketwatch":[4]},"card_choices":[{"not_picked":["Dagger Throw","Outmaneuver"],"picked":"Crippling Poison","floor":1},{"not_picked":["Heel Hook","Backflip"],"picked":"Endless Agony","floor":2},{"not_picked":["Caltrops","Heel Hook","Outmaneuver"],"picked":"SKIP","floor":3},{"not_picked":["Flying Knee","Outmaneuver","Deadly Poison"],"picked":"SKIP","floor":4},{"not_picked":["Eviscerate","Endless Agony"],"picked":"Cloak And Dagger","floor":5},{"not_picked":["Expertise","Backflip"],"picked":"Wraith Form v2","floor":7},{"not_picked":["Flying Knee+1","Bane+1"],"picked":"Slice+1","floor":8},{"not_picked":["Flechettes+1","Underhanded Strike+1"],"picked":"Cloak And Dagger","floor":10},{"not_picked":["Poisoned Stab+1","Night Terror"],"picked":"Finisher+1","floor":12},{"not_picked":["Corpse Explosion","Die Die Die+1"],"picked":"Venomology","floor":16},{"not_picked":["Prepared","Slice+1"],"picked":"Cloak And Dagger+1","floor":18},{"not_picked":["Outmaneuver","Leg Sweep+1"],"picked":"Endless Agony+1","floor":19},{"not_picked":["Dodge and Roll","Choke+1","Bane+1"],"picked":"SKIP","floor":20},{"not_picked":["Acrobatics","Doppelganger","Caltrops+1"],"picked":"SKIP","floor":21},{"not_picked":["Outmaneuver","Poisoned Stab+1"],"picked":"PiercingWail+1","floor":24},{"not_picked":["Bane+1","Backflip"],"picked":"Blade Dance","floor":25},{"not_picked":["Dagger Throw+1","Quick Slash+1"],"picked":"Deflect+1","floor":27},{"not_picked":["Backflip+1","Catalyst"],"picked":"Terror","floor":29},{"not_picked":["Sucker Punch+1","Endless Agony+1"],"picked":"Blade Dance+1","floor":30},{"not_picked":["Endless Agony+1","Cloak And Dagger+1","Bane+1"],"picked":"SKIP","floor":31},{"not_picked":["Poisoned Stab+1","Blur","Caltrops"],"picked":"SKIP","floor":35},{"not_picked":["Dagger Spray+1","Calculated Gamble","Footwork+1"],"picked":"SKIP","floor":36},{"not_picked":["All Out Attack+1","Quick Slash+1","Bouncing Flask+1"],"picked":"SKIP","floor":37},{"not_picked":["Deadly Poison","Bouncing Flask"],"picked":"Prepared+1","floor":40},{"not_picked":["Distraction","PiercingWail","Prepared"],"picked":"SKIP","floor":41},{"not_picked":["Blade Dance","Dodge and Roll","Dagger Spray+1"],"picked":"SKIP","floor":44},{"not_picked":["Glass Knife+1","Poisoned Stab+1"],"picked":"Footwork+1","floor":45},{"not_picked":["PiercingWail+1","Dodge and Roll","Prepared+1"],"picked":"SKIP","floor":46},{"not_picked":["Skewer+1","Choke+1","Footwork+1"],"picked":"SKIP","floor":47},{"not_picked":["Footwork","Well Laid Plans","Acrobatics"],"picked":"SKIP","floor":48}],"player_experience":692660,"relics_obtained":[{"floor":7,"key":"Molten Egg 2"},{"floor":9,"key":"Centennial Puzzle"},{"floor":12,"key":"Unceasing Top"},{"floor":24,"key":"Mercury Hourglass"},{"floor":26,"key":"Omamori"},{"floor":29,"key":"Pocketwatch"},{"floor":29,"key":"Kunai"},{"floor":40,"key":"Bronze Scales"},{"floor":43,"key":"FossilizedHelix"},{"floor":45,"key":"Whetstone"},{"floor":48,"key":"PreservedInsect"}],"event_choices":[{"damage_healed":0,"gold_gain":75,"player_choice":"Gather Gold","damage_taken":11,"max_hp_gain":0,"max_hp_loss":0,"event_name":"World of Goop","floor":13,"gold_loss":0},{"damage_healed":0,"gold_gain":0,"cards_transformed":["Strike_G","Strike_G"],"player_choice":"Became Test Subject","damage_taken":0,"max_hp_gain":0,"max_hp_loss":0,"event_name":"Drug Dealer","floor":22,"gold_loss":0,"cards_obtained":["Phantasmal Killer","Blur"]},{"damage_healed":0,"gold_gain":0,"player_choice":"Fight","damage_taken":0,"max_hp_gain":0,"max_hp_loss":0,"event_name":"Colosseum","floor":29,"gold_loss":0},{"damage_healed":0,"gold_gain":0,"player_choice":"Fought Nobs","damage_taken":0,"max_hp_gain":0,"max_hp_loss":0,"event_name":"Colosseum","floor":29,"gold_loss":0},{"damage_healed":0,"gold_gain":0,"player_choice":"Paid Gold","damage_taken":0,"relics_obtained":["CeramicFish"],"max_hp_gain":0,"max_hp_loss":0,"event_name":"WeMeetAgain","floor":39,"gold_loss":77}],"is_beta":false,"boss_relics":[{"not_picked":["Ectoplasm","Velvet Choker"],"picked":"Runic Pyramid"},{"not_picked":["Runic Dome","Astrolabe"],"picked":"SlaversCollar"}],"items_purged_floors":[14,38],"is_endless":false,"potions_floor_spawned":[3,8,10,16,19,20,24,25,31,37,41,44,45,46,47],"ascension_level":9}}