{"host":"zsnmfqgcm92hlreo","time":1613631134,"event":{"mods":["AchievementEnabler","BaseMod","Bestiary","Block Reminder","Colored Map","Colored Powertips","Filter the Spire","Minty Spire (QoL Compilation)","Permanent Neow","Quick Restart","Relic Stats","StSLib","Weighted Paths"],"gold_per_floor":[110,110,29,39,49,82,97,97,97,97,122,142,175,175,175,249,249,269,269,340,79,49,81,81,115,115,135,155,187,187,198,198,274,274,289,289,305,305,350,350,377,6,61,61,61,87,113,113,113,113,113,113,113,1,35,35,35],"floor_reached":56,"language":"ENG","playtime":2413,"items_purged":[],"score":2104,"play_id":"bd515348-45a3-403c-afb6-7a722e862674","local_time":"20210218005214","is_ascension_mode":true,"campfire_choices":[{"data":"Whirlwind","floor":8.0,"key":"SMITH"},{"data":"Feed","floor":10.0,"key":"SMITH"},{"data":"Armaments","floor":15.0,"key":"SMITH"},{"floor":24.0,"key":"REST"},{"data":"Disarm","floor":30.0,"key":"SMITH"},{"data":"Heavy Blade","floor":32.0,"key":"SMITH"},{"data":"Limit Break","floor":40.0,"key":"SMITH"},{"data":"Inflame","floor":44.0,"key":"SMITH"},{"floor":45.0,"key":"RECALL"},{"data":"Uppercut","floor":49.0,"key":"SMITH"},{"data":"Uppercut","floor":53.0,"key":"SMITH"}],"circlet_count":0,"master_deck":["AscendersBane","Strike_R+1","Strike_R","Strike_R","Strike_R+1","Defend_R","Defend_R","Defend_R","Defend_R","Bash","Blood for Blood","Uppercut+1","Disarm+1","Whirlwind+1","Feed+1","Armaments+1","Limit Break+1","Entrench","Ghostly","Ghostly","Ghostly","Exhume","Blood for Blood+1","Uppercut","Blood for Blood","Heavy Blade+1","Reaper","Armaments+1","Inflame+1","Uppercut+1","Flame Barrier"],"relics":["Snecko Eye","Toy Ornithopter","Eternal Feather","Ornamental Fan","Kunai","Ancient Tea Set","Calling Bell","Pen Nib","Shuriken","Ice Cream","StrikeDummy","Potion Belt","FossilizedHelix","WingedGreaves","Letter Opener","CaptainsWheel","Coffee Dripper","Unceasing Top","Whetstone","Paper Frog","Happy Flower","Dream Catcher","Red Skull"],"acts_visited":["Exordium","TheCity","TheBeyond","TheEnding"],"potions_floor_usage":[55,56,56,56,56,56,56,56],"damage_taken":[{"damage":3.0,"enemies":"2 Louse","floor":1.0,"turns":3.0},{"damage":0.0,"enemies":"Jaw Worm","floor":4.0,"turns":1.0},{"damage":0.0,"enemies":"Cultist","floor":5.0,"turns":1.0},{"damage":0.0,"enemies":"Gremlin Nob","floor":6.0,"turns":3.0},{"damage":6.0,"enemies":"3 Louse","floor":7.0,"turns":3.0},{"damage":15.0,"enemies":"Lagavulin","floor":11.0,"turns":5.0},{"damage":3.0,"enemies":"Looter","floor":12.0,"turns":2.0},{"damage":6.0,"enemies":"Gremlin Nob","floor":13.0,"turns":3.0},{"damage":33.0,"enemies":"Hexaghost","floor":16.0,"turns":8.0},{"damage":17.0,"enemies":"2 Thieves","floor":18.0,"turns":4.0},{"damage":26.0,"enemies":"Book of Stabbing","floor":23.0,"turns":4.0},{"damage":0.0,"enemies":"Gremlin Leader","floor":25.0,"turns":5.0},{"damage":0.0,"enemies":"Shell Parasite","floor":27.0,"turns":3.0},{"damage":0.0,"enemies":"Centurion and Healer","floor":28.0,"turns":7.0},{"damage":5.0,"enemies":"Book of Stabbing","floor":29.0,"turns":4.0},{"damage":0.0,"enemies":"Snecko","floor":31.0,"turns":4.0},{"damage":9.0,"enemies":"Automaton","floor":33.0,"turns":7.0},{"damage":0.0,"enemies":"Orb Walker","floor":35.0,"turns":6.0},{"damage":0.0,"enemies":"3 Darklings","floor":37.0,"turns":2.0},{"damage":1.0,"enemies":"2 Orb Walkers","floor":39.0,"turns":5.0},{"damage":21.0,"enemies":"Reptomancer","floor":41.0,"turns":6.0},{"damage":0.0,"enemies":"Giant Head","floor":47.0,"turns":8.0},{"damage":24.0,"enemies":"Awakened One","floor":50.0,"turns":8.0},{"damage":29.0,"enemies":"Time Eater","floor":51.0,"turns":10.0},{"damage":73,"enemies":"Shield and Spear","floor":55,"turns":6},{"damage":83,"enemies":"The Heart","floor":56,"turns":5}],"seed_played":"-6059829892231831826","potions_obtained":[{"floor":1.0,"key":"EssenceOfSteel"},{"floor":5.0,"key":"ElixirPotion"},{"floor":6.0,"key":"DuplicationPotion"},{"floor":18.0,"key":"Ancient Potion"},{"floor":22.0,"key":"Regen Potion"},{"floor":22.0,"key":"GamblersBrew"},{"floor":27.0,"key":"EntropicBrew"},{"floor":35.0,"key":"DuplicationPotion"},{"floor":39.0,"key":"Block Potion"},{"floor":47.0,"key":"ColorlessPotion"}],"is_trial":false,"path_per_floor":["M","?","$","M","M","E","M","R","T","R","E","M","E","?","R","B",null,"M","?","T","$","?","E","R","E","T","M","M","E","R","M","R","B",null,"M","?","M","?","?","R","E","$","T","R","R","T","E","?","R","B","B",null,"R","$","E","B"],"character_chosen":"IRONCLAD","items_purchased":["Disarm","Uppercut","Potion Belt","Paper Frog","Inflame","SteroidPotion","SteroidPotion"],"campfire_rested":1,"item_purchase_floors":[3,21,21,42,42,54,54],"current_hp_per_floor":[65,65,65,65,65,65,59,59,59,68,57,58,52,47,56,32,73,60,45,45,45,45,19,44,44,44,48,52,47,53,57,57,48,55,55,55,55,54,57,58,51,51,51,58,58,58,62,62,62,62,33,55,62,62,12,0,0],"gold":35,"neow_bonus":"BOSS_RELIC","is_daily":false,"chose_seed":false,"campfire_upgraded":9,"win_rate":0.0,"timestamp":1613631134,"path_taken":["M","?","$","M","M","E","M","R","T","R","E","M","E","?","R","BOSS","M","?","?","$","?","E","R","E","T","M","?","E","R","M","R","BOSS","M","?","M","?","?","R","E","$","T","R","R","?","E","?","R","BOSS","BOSS","R","$","E","BOSS"],"items_purchased_type":["Card","Card","Relic","Relic","Card","Potion","Potion"],"build_version":"2020-12-22","purchased_purges":0,"victory":false,"max_hp_per_floor":[75,75,75,75,75,75,75,75,75,75,79,83,83,83,83,87,87,91,45,45,45,45,45,45,45,45,49,53,53,53,57,57,57,57,57,57,57,54,58,58,58,58,58,58,58,58,62,62,62,62,62,62,62,62,66,66,66],"relic_stats":{"Happy Flower":[12],"counters":[26,123],"Eternal Feather":51,"Pen Nib":[19],"Letter Opener":[45],"Whetstone":["Strike_R","Strike_R"],"Dream Catcher":0,"Ornamental Fan":[168],"Shuriken":[38],"Snecko Eye":[200,209,183,185],"Kunai":[41],"obtain_stats":[{"Ice Cream":17,"Potion Belt":21,"Happy Flower":46,"Eternal Feather":9,"Pen Nib":17,"Letter Opener":26,"Whetstone":41,"Ancient Tea Set":14,"Burning Blood":0,"Calling Bell":17,"CaptainsWheel":29,"Dream Catcher":47,"Ornamental Fan":11,"Shuriken":17,"Snecko Eye":0,"WingedGreaves":25,"Coffee Dripper":34,"Kunai":13,"StrikeDummy":20,"Toy Ornithopter":6,"FossilizedHelix":23,"Unceasing Top":39,"Red Skull":55,"Paper Frog":42},{"Ice Cream":9,"Potion Belt":10,"Happy Flower":21,"Eternal Feather":5,"Pen Nib":9,"Letter Opener":12,"Whetstone":21,"Ancient Tea Set":8,"Burning Blood":0,"Calling Bell":9,"CaptainsWheel":15,"Dream Catcher":22,"Ornamental Fan":6,"Shuriken":9,"Snecko Eye":0,"WingedGreaves":12,"Coffee Dripper":17,"Kunai":8,"StrikeDummy":10,"Toy Ornithopter":4,"FossilizedHelix":11,"Unceasing Top":20,"Red Skull":25,"Paper Frog":21},{"Ice Cream":29,"Potion Belt":33,"Happy Flower":86,"Eternal Feather":11,"Pen Nib":29,"Letter Opener":42,"Whetstone":86,"Ancient Tea Set":21,"Burning Blood":0,"Calling Bell":29,"CaptainsWheel":56,"Dream Catcher":94,"Ornamental Fan":16,"Shuriken":29,"Snecko Eye":0,"WingedGreaves":42,"Coffee Dripper":67,"Kunai":21,"StrikeDummy":33,"Toy Ornithopter":8,"FossilizedHelix":37,"Unceasing Top":80,"Red Skull":118,"Paper Frog":86}],"Toy Ornithopter":45,"Unceasing Top":[0]},"card_choices":[{"not_picked":["Sentinel","Clash"],"picked":"Blood for Blood","floor":1.0},{"not_picked":["Metallicize","Dropkick","Warcry"],"picked":"SKIP","floor":4.0},{"not_picked":["Warcry","Ghostly Armor"],"picked":"Whirlwind","floor":5.0},{"not_picked":["True Grit","Rage","Warcry"],"picked":"SKIP","floor":6.0},{"not_picked":["Shrug It Off","Wild Strike"],"picked":"Feed","floor":7.0},{"not_picked":["Battle Trance","Reckless Charge","Power Through"],"picked":"SKIP","floor":11.0},{"not_picked":["Anger","Metallicize","Flex"],"picked":"SKIP","floor":12.0},{"not_picked":["Anger","Iron Wave"],"picked":"Armaments","floor":13.0},{"not_picked":["Feed","Exhume"],"picked":"Limit Break","floor":16.0},{"not_picked":["Anger","Iron Wave"],"picked":"Entrench","floor":18.0},{"not_picked":["True Grit","Sword Boomerang"],"picked":"Exhume","floor":23.0},{"not_picked":["Havoc","Cleave","Warcry"],"picked":"SKIP","floor":25.0},{"not_picked":["Inflame","Clothesline+1"],"picked":"Blood for Blood+1","floor":27.0},{"not_picked":["Body Slam","Sword Boomerang"],"picked":"Uppercut","floor":28.0},{"not_picked":["Intimidate","Pommel Strike"],"picked":"Blood for Blood","floor":29.0},{"not_picked":["Armaments","Shrug It Off"],"picked":"Heavy Blade","floor":31.0},{"not_picked":["Double Tap","Berserk"],"picked":"Reaper","floor":33.0},{"not_picked":["Dark Embrace","Havoc","Perfected Strike"],"picked":"SKIP","floor":35.0},{"not_picked":["Havoc","Thunderclap","Whirlwind"],"picked":"SKIP","floor":37.0},{"not_picked":["Warcry+1","Iron Wave"],"picked":"Armaments+1","floor":39.0},{"not_picked":["Thunderclap","Clothesline","Second Wind"],"picked":"SKIP","floor":41.0},{"not_picked":["Power Through","Body Slam"],"picked":"Uppercut","floor":47.0},{"not_picked":["Juggernaut","Second Wind+1"],"picked":"Flame Barrier","floor":55}],"player_experience":1222534,"relics_obtained":[{"floor":6.0,"key":"Toy Ornithopter"},{"floor":9.0,"key":"Eternal Feather"},{"floor":11.0,"key":"Ornamental Fan"},{"floor":13.0,"key":"Kunai"},{"floor":17.0,"key":"Pen Nib"},{"floor":17.0,"key":"Shuriken"},{"floor":17.0,"key":"Ice Cream"},{"floor":20.0,"key":"StrikeDummy"},{"floor":23.0,"key":"FossilizedHelix"},{"floor":25.0,"key":"WingedGreaves"},{"floor":26.0,"key":"Letter Opener"},{"floor":29.0,"key":"CaptainsWheel"},{"floor":39.0,"key":"Unceasing Top"},{"floor":41.0,"key":"Whetstone"},{"floor":46.0,"key":"Happy Flower"},{"floor":47.0,"key":"Dream Catcher"},{"floor":55,"key":"Red Skull"}],"event_choices":[{"damage_healed":0.0,"max_hp_gain":0.0,"max_hp_loss":0.0,"gold_gain":0.0,"cards_transformed":["Strike_R"],"event_name":"Living Wall","player_choice":"Change","floor":2.0,"gold_loss":0.0,"damage_taken":0.0,"cards_obtained":["Uppercut"]},{"damage_healed":0.0,"max_hp_gain":0.0,"max_hp_loss":0.0,"gold_gain":0.0,"event_name":"Scrap Ooze","player_choice":"Success","floor":14.0,"gold_loss":0.0,"damage_taken":5.0,"relics_obtained":["Ancient Tea Set"]},{"damage_healed":0.0,"max_hp_gain":0.0,"max_hp_loss":46.0,"gold_gain":0.0,"event_name":"Ghosts","player_choice":"Became a Ghost","floor":19.0,"gold_loss":0.0,"damage_taken":0.0,"cards_obtained":["Ghostly","Ghostly","Ghostly"]},{"damage_healed":0.0,"max_hp_gain":0.0,"max_hp_loss":0.0,"gold_gain":0.0,"event_name":"The Woman in Blue","player_choice":"Bought 2 Potions","floor":22.0,"gold_loss":0.0,"damage_taken":0.0},{"cards_removed":["Uppercut"],"damage_healed":0.0,"max_hp_gain":0.0,"max_hp_loss":0.0,"gold_gain":0.0,"event_name":"Falling","player_choice":"Removed Attack","floor":36.0,"gold_loss":0.0,"damage_taken":0.0},{"damage_healed":0.0,"max_hp_gain":0.0,"max_hp_loss":3.0,"gold_gain":0.0,"event_name":"Winding Halls","player_choice":"Max HP","floor":38.0,"gold_loss":0.0,"damage_taken":0.0},{"damage_healed":0.0,"max_hp_gain":0.0,"max_hp_loss":0.0,"gold_gain":0.0,"event_name":"Mysterious Sphere","player_choice":"Fight","floor":39.0,"gold_loss":0.0,"damage_taken":0.0},{"damage_healed":0.0,"max_hp_gain":0.0,"max_hp_loss":0.0,"gold_gain":0.0,"event_name":"Tomb of Lord Red Mask","player_choice":"Ignored","floor":48.0,"gold_loss":0.0,"damage_taken":0.0}],"is_beta":false,"boss_relics":[{"not_picked":["SlaversCollar","Pandora\u0027s Box"],"picked":"Calling Bell"},{"not_picked":["Runic Dome","Empty Cage"],"picked":"Coffee Dripper"}],"items_purged_floors":[],"is_endless":false,"potions_floor_spawned":[1,5,6,13,18,27,28,31,35,39,47],"killed_by":"The Heart","ascension_level":20}}