{"host":"aaqofma31c3gm2hj","time":1613617170,"event":{"mods":["BaseMod","GungeonMod","Minty Spire (QoL Compilation)","Replay The Spire","Spicy Shops","StSLib"],"gold_per_floor":[118,118,118,138,153,184,184,196,196,219,234,234,159,159,159,180,180,180,253,253,264,264,276,176,176,176],"floor_reached":25,"language":"ZHS","playtime":529,"items_purged":["Strike_R","Strike_R"],"score":398,"play_id":"01ff23ea-baef-483e-ab1b-95702c4e96cb","local_time":"20210218105930","is_ascension_mode":true,"campfire_choices":[{"data":"Whirlwind","floor":12.0,"key":"SMITH"},{"data":"Rupture","floor":14.0,"key":"SMITH"},{"floor":17.0,"key":"REST"},{"floor":18.0,"key":"DIG"}],"circlet_count":0,"master_deck":["AscendersBane","Defend_R","Defend_R","Defend_R","Bash","Rupture+1","Power Through+1","Demon Form","Whirlwind+1","Shrug It Off","Offering","Combust","Burning Pact","Feed","Fire Breathing"],"relics":["Black Blood","NeowsBlessing","Replay:PocketPolymizer","Letter Opener","Ginger","Odd Mushroom","DemoMod:LamentConfigurum","DemoMod:Bottle"],"acts_visited":["Exordium","TheCity"],"potions_floor_usage":[23],"damage_taken":[{"damage":0.0,"enemies":"Jaw Worm","floor":1.0,"turns":1.0},{"damage":0.0,"enemies":"2 Louse","floor":4.0,"turns":1.0},{"damage":0.0,"enemies":"Small Slimes","floor":5.0,"turns":1.0},{"damage":31.0,"enemies":"Gremlin Nob","floor":6.0,"turns":4.0},{"damage":22.0,"enemies":"Blue Slaver","floor":8.0,"turns":8.0},{"damage":6.0,"enemies":"Looter","floor":11.0,"turns":3.0},{"damage":6.0,"enemies":"The Mushroom Lair","floor":16.0,"turns":2.0},{"damage":27.0,"enemies":"The Guardian","floor":19.0,"turns":8.0},{"damage":25,"enemies":"3 Byrds","floor":21,"turns":3},{"damage":18,"enemies":"Shell Parasite","floor":23,"turns":7},{"damage":27,"enemies":"Sentry and Sphere","floor":25,"turns":3}],"seed_played":"2488392112315553241","potions_obtained":[{"floor":5.0,"key":"ColorlessPotion"},{"floor":11.0,"key":"ColorlessPotion"},{"floor":19.0,"key":"DemoMod:LeadSkinPotion"},{"floor":23,"key":"Adrenaline Potion"}],"is_trial":false,"path_per_floor":["M","?","?","M","M","E","?","M","T","T","M","R","$","R","?","?","R","R","B",null,"M","?","M","$","M"],"character_chosen":"IRONCLAD","items_purchased":[],"campfire_rested":1,"item_purchase_floors":[],"current_hp_per_floor":[74,74,56,62,68,43,36,20,20,20,20,20,20,20,20,20,42,42,21,62,52,30,24,24,0,0],"gold":176,"neow_bonus":"THREE_ENEMY_KILL","is_daily":false,"chose_seed":false,"campfire_upgraded":2,"win_rate":0.0,"timestamp":1613617170,"path_taken":["M","?","?","?","M","E","?","M","T","T","M","R","$","R","?","?","R","R","BOSS","M","?","M","$","M"],"items_purchased_type":[],"build_version":"2020-12-22","purchased_purges":2,"victory":false,"max_hp_per_floor":[75,75,75,75,75,75,75,75,75,75,75,75,75,75,75,75,75,75,75,75,78,83,83,83,86,86],"card_choices":[{"not_picked":["Shrug It Off","Pommel Strike"],"picked":"Rupture","floor":1.0},{"not_picked":["Twin Strike","Clothesline"],"picked":"Demon Form","floor":4.0},{"not_picked":["Sword Boomerang","Headbutt"],"picked":"Whirlwind","floor":5.0},{"not_picked":["Perfected Strike","Body Slam","Replay:Undeath\u0027s Touch"],"picked":"SKIP","floor":6.0},{"not_picked":["Cleave","ReplayTheSpireMod:Strike From Hell","Havoc"],"picked":"SKIP","floor":8.0},{"not_picked":["Wild Strike","Bludgeon"],"picked":"Shrug It Off","floor":11.0},{"not_picked":["Searing Blow","Uppercut"],"picked":"Combust","floor":16.0},{"not_picked":["Demon Form","Berserk"],"picked":"Feed","floor":19.0},{"not_picked":["Headbutt","Clash"],"picked":"Fire Breathing","floor":21},{"not_picked":["Reckless Charge","Run Through","Dual Wield"],"picked":"SKIP","floor":23}],"player_experience":682071,"relics_obtained":[{"floor":6.0,"key":"Letter Opener"},{"floor":9.0,"key":"Ginger"},{"floor":16.0,"key":"Odd Mushroom"},{"floor":18.0,"key":"DemoMod:LamentConfigurum"}],"event_choices":[{"damage_healed":0.0,"max_hp_gain":0.0,"max_hp_loss":0.0,"gold_gain":0.0,"event_name":"Scrap Ooze","player_choice":"Success","floor":3.0,"gold_loss":0.0,"damage_taken":18.0,"relics_obtained":["Replay:PocketPolymizer"]},{"cards_removed":["Strike_R"],"damage_healed":0.0,"max_hp_gain":0.0,"max_hp_loss":0.0,"gold_gain":0.0,"event_name":"Golden Wing","player_choice":"Card Removal","floor":7.0,"gold_loss":0.0,"damage_taken":7.0},{"damage_healed":0.0,"max_hp_gain":0.0,"max_hp_loss":0.0,"gold_gain":0.0,"event_name":"Liars Game","player_choice":"Ignored","floor":15.0,"gold_loss":0.0,"damage_taken":0.0},{"damage_healed":0.0,"max_hp_gain":0.0,"max_hp_loss":0.0,"gold_gain":0.0,"event_name":"Mushrooms","player_choice":"Fought Mushrooms","floor":16.0,"gold_loss":0.0,"damage_taken":0.0},{"damage_healed":0,"gold_gain":0,"player_choice":"Shed Blood","damage_taken":27,"max_hp_gain":5,"max_hp_loss":0,"event_name":"Forgotten Altar","floor":22,"gold_loss":0}],"is_beta":false,"boss_relics":[{"not_picked":["Honey Jar","Velvet Choker"],"picked":"Black Blood"}],"items_purged_floors":[13,24],"is_endless":false,"potions_floor_spawned":[5,11,19,23],"killed_by":"Sentry and Sphere","ascension_level":20}}