{"host":"s1zmgfx0020qwdb2","time":1613688899,"event":{"mods":["AchievementEnabler","BaseMod","BetterRewards","Colored Map","Colored Powertips","Minty Spire (QoL Compilation)","StSLib","Together in Spire"],"gold_per_floor":[113,113,128,138,140,169,169,169,169,3,3,34,34,34,34,153,153,177,185,198,123,1,42,42,55,55,55,8,8,28,69,69,190,190,208,227,227,187,187,227,207,52,75,88,88,112,112,135,135,135],"floor_reached":51,"language":"DEU","playtime":3801,"items_purged":[],"score":750,"play_id":"fea24de8-a8cd-49d8-baa1-d6f912c74e4f","local_time":"20210218235459","is_ascension_mode":false,"campfire_choices":[{"floor":8.0,"key":"REST"},{"floor":11.0,"key":"REST"},{"data":"Gash","floor":13.0,"key":"SMITH"},{"floor":15.0,"key":"REST"},{"floor":27.0,"key":"REST"},{"floor":29.0,"key":"REST"},{"floor":32.0,"key":"REST"},{"floor":45,"key":"REST"},{"data":"Rainbow","floor":47,"key":"SMITH"},{"data":"Capacitor","floor":49,"key":"SMITH"}],"circlet_count":0,"master_deck":["Defend_B","Defend_B","Defend_B","Zap","Dualcast","Streamline","Go for the Eyes","Conserve Battery","Gash+1","Capacitor+1","Gash","Doom and Gloom","White Noise","Capacitor","Rainbow+1","Leap+1","Ball Lightning","Chaos","Ball Lightning+1","Glacier","Ball Lightning+1","Bite","Bite","Bite+1","Bite","Bite","Redo+1","Gash","Rebound+1","BootSequence","Hyperbeam","Streamline","Rebound+1","Recycle","Defragment","Beam Cell","Hologram","Auto Shields+1","Blizzard","Parasite","Loop+1"],"relics":["Cracked Core","Golden Idol","Bottled Flame","Mango","Bronze Scales","Black Star","Bird Faced Urn","Pantograph","Kunai","PreservedInsect","Gremlin Horn","SlaversCollar","Pen Nib","Regal Pillow","Anchor"],"acts_visited":[],"potions_floor_usage":[39,44,44,50,50],"damage_taken":[{"damage":0.0,"enemies":"Small Slimes","floor":1.0,"turns":2.0},{"damage":6.0,"enemies":"2 Louse","floor":3.0,"turns":2.0},{"damage":6.0,"enemies":"Jaw Worm","floor":4.0,"turns":2.0},{"damage":10.0,"enemies":"Looter","floor":5.0,"turns":2.0},{"damage":6.0,"enemies":"3 Sentries","floor":6.0,"turns":4.0},{"damage":0.0,"enemies":"Gremlin Nob","floor":12.0,"turns":2.0},{"damage":51.0,"enemies":"The Guardian","floor":16.0,"turns":6.0},{"damage":0.0,"enemies":"3 Byrds","floor":18.0,"turns":3.0},{"damage":8.0,"enemies":"2 Thieves","floor":19.0,"turns":2.0},{"damage":36.0,"enemies":"Shelled Parasite and Fungi","floor":20.0,"turns":4.0},{"damage":35.0,"enemies":"Gremlin Leader","floor":23.0,"turns":5.0},{"damage":10.0,"enemies":"Snake Plant","floor":25.0,"turns":2.0},{"damage":47.0,"enemies":"3 Cultists","floor":30.0,"turns":6.0},{"damage":10.0,"enemies":"Book of Stabbing","floor":31.0,"turns":3.0},{"damage":44.0,"enemies":"Collector","floor":33.0,"turns":7.0},{"damage":0,"enemies":"Orb Walker","floor":35,"turns":1},{"damage":0,"enemies":"3 Shapes","floor":36,"turns":2},{"damage":0,"enemies":"Maw","floor":39,"turns":1},{"damage":18,"enemies":"Nemesis","floor":40,"turns":4},{"damage":49,"enemies":"Sphere and 2 Shapes","floor":44,"turns":4},{"damage":0,"enemies":"3 Darklings","floor":46,"turns":2},{"damage":21,"enemies":"Writhing Mass","floor":48,"turns":4},{"damage":30,"enemies":"Donu and Deca","floor":50,"turns":5}],"seed_played":"-4770156867361330028","potions_obtained":[{"floor":3.0,"key":"LiquidMemories"},{"floor":4.0,"key":"GamblersBrew"},{"floor":16.0,"key":"FocusPotion"},{"floor":19.0,"key":"EssenceOfSteel"},{"floor":20.0,"key":"SmokeBomb"},{"floor":31.0,"key":"Fire Potion"},{"floor":33.0,"key":"Weak Potion"},{"floor":36,"key":"LiquidMemories"},{"floor":41,"key":"Weak Potion"},{"floor":46,"key":"FocusPotion"}],"is_trial":false,"path_per_floor":["M","?","M","M","M","E","?","R","T","$","R","E","R","?","R","B",null,"M","M","M","?","$","E","?","M","T","R","$","R","M","E","R","B",null,"M","M","?","?","M","E","?","$","T","M","R","M","R","M","R","B",null],"character_chosen":"DEFECT","items_purchased":["Gash","Doom and Gloom","White Noise","Ball Lightning","Glacier","Gash","Defragment","Beam Cell","Hologram"],"campfire_rested":7,"item_purchase_floors":[10,10,10,22,22,28,42,42,42],"current_hp_per_floor":[75,60,54,48,38,32,14,36,36,36,58,74,74,56,82,33,89,89,81,47,47,47,14,14,10,10,36,36,62,27,23,49,42,89,89,89,89,89,89,73,73,73,73,32,73,77,77,66,66,67],"gold":135,"neow_bonus":"ONE_RANDOM_RARE_CARD","is_daily":false,"chose_seed":false,"campfire_upgraded":3,"win_rate":0.0,"timestamp":1613688899,"path_taken":["M","?","M","M","M","E","?","R","T","$","R","E","R","?","R","BOSS","M","M","M","?","$","E","?","M","T","R","?","R","?","E","R","BOSS","M","M","?","?","?","E","?","$","T","?","R","M","R","M","R","BOSS"],"items_purchased_type":["Card","Card","Card","Card","Card","Card","Card","Card","Card"],"build_version":"2020-12-22","purchased_purges":0,"victory":true,"max_hp_per_floor":[75,75,75,75,75,75,75,75,75,75,75,89,89,89,89,89,89,89,89,89,89,89,89,89,89,89,89,89,89,89,89,89,89,89,89,89,89,89,89,89,89,89,89,89,89,89,89,89,89,89],"card_choices":[{"not_picked":["Stack","Self Repair"],"picked":"Streamline","floor":1.0},{"not_picked":["Rebound","Cold Snap"],"picked":"Go for the Eyes","floor":3.0},{"not_picked":["Coolheaded","Cold Snap"],"picked":"Conserve Battery","floor":4.0},{"not_picked":["Consume","Reinforced Body"],"picked":"Gash","floor":5.0},{"not_picked":["Rebound","Coolheaded"],"picked":"Capacitor","floor":6.0},{"not_picked":["Loop","Chaos"],"picked":"Capacitor","floor":12.0},{"not_picked":["Buffer","Seek"],"picked":"Rainbow","floor":16.0},{"not_picked":["Rebound","Undo+1"],"picked":"Leap+1","floor":18.0},{"not_picked":["Coolheaded","Sweeping Beam"],"picked":"Ball Lightning","floor":19.0},{"not_picked":["Force Field","Compile Driver+1"],"picked":"Chaos","floor":20.0},{"not_picked":["Stack","Barrage"],"picked":"Ball Lightning+1","floor":23.0},{"not_picked":["Hologram+1","Stack"],"picked":"Redo+1","floor":25.0},{"not_picked":["Heatsinks+1","Cold Snap"],"picked":"Rebound+1","floor":30.0},{"not_picked":["Streamline+1","Glacier"],"picked":"BootSequence","floor":31.0},{"not_picked":["Multi-Cast","Buffer"],"picked":"Hyperbeam","floor":33.0},{"not_picked":["Stack+1","Self Repair"],"picked":"Streamline","floor":35},{"not_picked":["Go for the Eyes","Cold Snap"],"picked":"Rebound+1","floor":36},{"not_picked":["Coolheaded+1","Cold Snap+1"],"picked":"Recycle","floor":40},{"not_picked":["Tempest","FTL+1"],"picked":"Auto Shields+1","floor":44},{"not_picked":["Cold Snap+1","Scrape"],"picked":"Blizzard","floor":46},{"not_picked":["Leap","Chaos"],"picked":"Loop+1","floor":48}],"player_experience":25913,"relics_obtained":[{"floor":6.0,"key":"Blood Vial"},{"floor":9.0,"key":"Bottled Flame"},{"floor":12.0,"key":"Mango"},{"floor":23.0,"key":"Bird Faced Urn"},{"floor":23.0,"key":"Pantograph"},{"floor":26.0,"key":"Kunai"},{"floor":31.0,"key":"PreservedInsect"},{"floor":31.0,"key":"Gremlin Horn"},{"floor":40,"key":"Pen Nib"},{"floor":40,"key":"Regal Pillow"},{"floor":43,"key":"Anchor"}],"event_choices":[{"damage_healed":0.0,"max_hp_gain":0.0,"max_hp_loss":0.0,"gold_gain":0.0,"event_name":"Shining Light","player_choice":"Entered Light","floor":2.0,"gold_loss":0.0,"damage_taken":15.0,"cards_upgraded":["Strike_B","Meteor Strike"]},{"damage_healed":0.0,"max_hp_gain":0.0,"max_hp_loss":0.0,"gold_gain":0.0,"event_name":"Golden Idol","player_choice":"Take Damage","floor":7.0,"gold_loss":0.0,"damage_taken":18.0,"relics_obtained":["Golden Idol"]},{"damage_healed":0.0,"max_hp_gain":0.0,"max_hp_loss":0.0,"gold_gain":0.0,"event_name":"Scrap Ooze","player_choice":"Success","floor":14.0,"gold_loss":0.0,"damage_taken":18.0,"relics_obtained":["Bronze Scales"]},{"cards_removed":["Defend_B"],"damage_healed":0.0,"max_hp_gain":0.0,"max_hp_loss":0.0,"gold_gain":0.0,"event_name":"Beggar","player_choice":"Gave Gold","floor":21.0,"gold_loss":75.0,"damage_taken":0.0},{"damage_healed":0.0,"max_hp_gain":0.0,"max_hp_loss":0.0,"gold_gain":0.0,"event_name":"Vampires","player_choice":"Became a vampire (Vial)","floor":24.0,"relics_lost":["Blood Vial"],"gold_loss":0.0,"damage_taken":0.0,"cards_obtained":["Bite","Bite","Bite","Bite","Bite"]},{"cards_removed":["Meteor Strike"],"damage_healed":0,"gold_gain":0,"player_choice":"Removed Attack","damage_taken":0,"max_hp_gain":0,"max_hp_loss":0,"event_name":"Falling","floor":37,"gold_loss":0},{"damage_healed":0,"gold_gain":0,"player_choice":"Upgraded Two","damage_taken":0,"max_hp_gain":0,"max_hp_loss":0,"event_name":"Designer","floor":38,"gold_loss":40,"cards_upgraded":["Ball Lightning","Bite"]},{"damage_healed":0,"gold_gain":0,"player_choice":"Bought 1 Potion","damage_taken":0,"max_hp_gain":0,"max_hp_loss":0,"event_name":"The Woman in Blue","floor":41,"gold_loss":0}],"is_beta":false,"boss_relics":[{"not_picked":["Ectoplasm","Runic Pyramid"],"picked":"Black Star"},{"not_picked":["Calling Bell","Cursed Key"],"picked":"SlaversCollar"}],"items_purged_floors":[],"is_endless":false,"potions_floor_spawned":[3,4,16,19,20,31,33,36,39,46],"ascension_level":0}}