{"host":"vk2xyavtylxbvrfq","time":1613659088,"event":{"mods":["Bard","BaseMod","Bestiary","Better Altar","Better Match","Better Note","Better Sensory Stone","Better Skull","Better Vampires","Block Reminder","Bossed Relics","Colored Map","Curses Come First","Displayed Cursed Tome","Downfall","Fox Events","Hermit","Ironclad Rager","Marked Mod","Minty Spire (QoL Compilation)","Quick Restart","Rare Cards Sparkle","Relic Sorter","Reliquary","Robot Space Explorer","StSLib","The Hayseed","The Runesmith","TheSurvivalist","Unceasing Turn Reminder"],"gold_per_floor":[119,119,132,151,326,360,360,390,414,433,433,463,463,34,34,34,34],"floor_reached":16,"language":"ENG","playtime":444,"items_purged":[],"score":153,"play_id":"07abe000-5b46-44d8-b09a-b26a732f5c77","local_time":"20210218093808","is_ascension_mode":true,"campfire_choices":[{"floor":7,"key":"REST"},{"floor":11,"key":"REST"},{"floor":13,"key":"REST"},{"floor":15,"key":"REST"}],"circlet_count":0,"master_deck":["hermit:Strike_Hermit","hermit:Strike_Hermit","hermit:Strike_Hermit","hermit:Strike_Hermit","hermit:Defend_Hermit","hermit:Defend_Hermit","hermit:Defend_Hermit","hermit:Defend_Hermit","hermit:Snapshot","hermit:Covet","Panache","hermit:Showdown","hermit:Headshot","hermit:ItchyTrigger","Doubt","hermit:Enervate","hermit:ItchyTrigger","hermit:LoneWolf","hermit:Vantage","hermit:CursedWeapon"],"relics":["hermit:Momento","reliquary:PorcupineQuills","reliquary:Knoch","Centennial Puzzle","Pocketwatch","PreservedInsect","reliquary:IridiumChain"],"acts_visited":["Exordium"],"potions_floor_usage":[6,6,16],"damage_taken":[{"damage":0,"enemies":"Cultist","floor":1,"turns":3},{"damage":0,"enemies":"Small Slimes","floor":3,"turns":3},{"damage":0,"enemies":"2 Louse","floor":4,"turns":2},{"damage":20,"enemies":"Gremlin Nob","floor":6,"turns":4},{"damage":40,"enemies":"3 Sentries","floor":8,"turns":8},{"damage":9,"enemies":"Looter","floor":10,"turns":3},{"damage":25,"enemies":"Lagavulin","floor":12,"turns":5},{"damage":32,"enemies":"The Guardian","floor":16,"turns":5}],"seed_played":"-7615579282042090519","potions_obtained":[{"floor":1,"key":"DistilledChaos"},{"floor":2,"key":"champ:CounterPotion"},{"floor":2,"key":"LiquidBronze"},{"floor":3,"key":"Guardian:BlockOnCardUsePotion"},{"floor":6,"key":"hexamod:SoulburnPotion"}],"is_trial":false,"path_per_floor":["M","?","M","M","?","E","R","E","T","M","R","E","R","$","R","B"],"character_chosen":"HERMIT","items_purchased":["PreservedInsect","reliquary:IridiumChain","hermit:CursedWeapon"],"campfire_rested":4,"item_purchase_floors":[14,14,14],"current_hp_per_floor":[68,68,68,68,68,48,68,28,28,19,39,14,34,34,54,22,22],"gold":34,"neow_bonus":"RANDOM_COLORLESS_2","is_daily":false,"chose_seed":false,"campfire_upgraded":0,"win_rate":0.0,"timestamp":1613659088,"path_taken":["M","?","?","M","?","E","R","E","T","M","R","E","R","$","R","BOSS"],"items_purchased_type":["Relic","Relic","Card"],"build_version":"2020-12-22","purchased_purges":0,"victory":false,"max_hp_per_floor":[68,68,68,68,68,68,68,68,68,68,68,68,68,68,68,68,68],"card_choices":[{"not_picked":["Sadistic Nature","Violence"],"picked":"Panache","floor":0.0},{"not_picked":["hermit:Brawl","hermit:Snipe"],"picked":"hermit:Showdown","floor":1},{"not_picked":["hermit:HoleUp","hermit:Desperado"],"picked":"hermit:Headshot","floor":3},{"not_picked":["hermit:HoleUp","hermit:Brawl"],"picked":"hermit:ItchyTrigger","floor":4},{"not_picked":["hermit:Roulette","hermit:Vantage"],"picked":"hermit:Enervate","floor":6},{"not_picked":["hermit:HeroicBravado","hermit:Reprieve"],"picked":"hermit:ItchyTrigger","floor":8},{"not_picked":["hermit:Snipe","hermit:BigShot"],"picked":"hermit:LoneWolf","floor":10},{"not_picked":["hermit:ItchyTrigger","hermit:HoleUp"],"picked":"hermit:Vantage","floor":12}],"player_experience":1417703,"relics_obtained":[{"floor":6,"key":"reliquary:PorcupineQuills"},{"floor":8,"key":"reliquary:Knoch"},{"floor":9,"key":"Centennial Puzzle"},{"floor":12,"key":"Pocketwatch"}],"event_choices":[{"damage_healed":0,"gold_gain":0,"player_choice":"Got Potions","damage_taken":0,"max_hp_gain":0,"max_hp_loss":0,"event_name":"Lab","floor":2,"gold_loss":0},{"damage_healed":0,"gold_gain":175,"player_choice":"AGREE","damage_taken":0,"max_hp_gain":0,"max_hp_loss":0,"event_name":"Liars Game","floor":5,"gold_loss":0,"cards_obtained":["Doubt"]}],"is_beta":false,"boss_relics":[],"items_purged_floors":[],"is_endless":false,"potions_floor_spawned":[1,3,4,6],"killed_by":"The Guardian","ascension_level":6}}