{"host":"0mhttqdumuceah7q","time":1613654070,"event":{"mods":["AchievementEnabler","BaseMod","Colored Map","DeckTracker","Minty Spire (QoL Compilation)","Permanent Neow"],"gold_per_floor":[110,126,144,155,165,192,192,30,56,68,94,109,59,59,59,59,59],"floor_reached":16,"language":"KOR","playtime":572,"items_purged":[],"score":131,"play_id":"40710fe6-cc39-4a80-8f5d-e895ba3483d1","local_time":"20210218221430","is_ascension_mode":true,"campfire_choices":[{"data":"Dark Embrace","floor":7,"key":"SMITH"},{"floor":15,"key":"REST"}],"circlet_count":0,"master_deck":["Strike_R","Strike_R","Strike_R","Strike_R","Strike_R","Defend_R","Defend_R","Defend_R","Bash","Perfected Strike","Bloodletting","Rage","Perfected Strike","Dark Embrace+1","Twin Strike","Magnetism","Flex","Perfected Strike","Wild Strike","Intimidate"],"relics":["Burning Blood","Oddly Smooth Stone","Mummified Hand","Bronze Scales","Dream Catcher"],"acts_visited":["Exordium"],"potions_floor_usage":[4,6,11],"damage_taken":[{"damage":10,"enemies":"Cultist","floor":1,"turns":4},{"damage":0,"enemies":"Small Slimes","floor":2,"turns":3},{"damage":3,"enemies":"2 Louse","floor":3,"turns":3},{"damage":5,"enemies":"Gremlin Gang","floor":4,"turns":4},{"damage":26,"enemies":"Exordium Thugs","floor":5,"turns":5},{"damage":29,"enemies":"3 Sentries","floor":6,"turns":7},{"damage":18,"enemies":"Large Slime","floor":10,"turns":5},{"damage":17,"enemies":"Lagavulin","floor":11,"turns":7},{"damage":9,"enemies":"3 Louse","floor":12,"turns":3},{"damage":35,"enemies":"Slime Boss","floor":16,"turns":5}],"seed_played":"-6531397794392102954","potions_obtained":[{"floor":2,"key":"AttackPotion"},{"floor":5,"key":"AttackPotion"},{"floor":6,"key":"SkillPotion"}],"is_trial":false,"path_per_floor":["M","M","M","M","M","E","R","$","T","M","E","M","?","?","R","B"],"character_chosen":"IRONCLAD","items_purchased":["Magnetism"],"campfire_rested":1,"item_purchase_floors":[8],"current_hp_per_floor":[76,80,80,80,60,37,37,37,37,25,14,11,11,11,35,0,0],"gold":59,"neow_bonus":"RANDOM_COMMON_RELIC","is_daily":false,"chose_seed":false,"campfire_upgraded":1,"win_rate":0.0,"timestamp":1613654070,"path_taken":["M","M","M","?","M","E","R","$","T","M","E","M","?","?","R","BOSS"],"items_purchased_type":["Card"],"build_version":"2020-12-22","purchased_purges":0,"victory":false,"max_hp_per_floor":[80,80,80,80,80,80,80,80,80,80,80,80,80,80,80,80,80],"card_choices":[{"not_picked":["True Grit","Body Slam"],"picked":"Perfected Strike","floor":1},{"not_picked":["Thunderclap","Hemokinesis"],"picked":"Bloodletting","floor":2},{"not_picked":["Anger","Clash"],"picked":"Rage","floor":3},{"not_picked":["Sever Soul","Heavy Blade"],"picked":"Perfected Strike","floor":4},{"not_picked":["Iron Wave","Fiend Fire"],"picked":"Dark Embrace","floor":5},{"not_picked":["Iron Wave","Flex"],"picked":"Twin Strike","floor":6},{"not_picked":["Armaments","Shockwave"],"picked":"Flex","floor":10},{"not_picked":["Pommel Strike","True Grit"],"picked":"Perfected Strike","floor":11},{"not_picked":["Hemokinesis","Flex"],"picked":"Wild Strike","floor":12},{"not_picked":["Body Slam","Sever Soul"],"picked":"Intimidate","floor":15}],"player_experience":120741,"relics_obtained":[{"floor":6,"key":"Mummified Hand"},{"floor":9,"key":"Bronze Scales"},{"floor":11,"key":"Dream Catcher"}],"event_choices":[{"cards_removed":["Defend_R"],"damage_healed":0,"gold_gain":0,"player_choice":"Card Removal","damage_taken":0,"max_hp_gain":0,"max_hp_loss":0,"event_name":"The Cleric","floor":13,"gold_loss":50},{"damage_healed":0,"gold_gain":0,"player_choice":"Ignored","damage_taken":0,"max_hp_gain":0,"max_hp_loss":0,"event_name":"Shining Light","floor":14,"gold_loss":0}],"is_beta":false,"boss_relics":[],"items_purged_floors":[],"is_endless":false,"potions_floor_spawned":[2,5,6],"killed_by":"Slime Boss","ascension_level":3}}