{"host":"rq7gz685gkaokql0","time":1613675625,"event":{"mods":["BaseMod","Infinite Spire","Minty Spire (QoL Compilation)","Replay The Spire","StSLib"],"gold_per_floor":[114,126,136,150,150,184,184,194,217,217,217],"floor_reached":10,"language":"ENG","playtime":344,"items_purged":[],"score":140,"play_id":"efdc617f-1435-4e01-87b5-4db91d93906a","local_time":"20210218091345","is_ascension_mode":true,"campfire_choices":[{"floor":7,"key":"REST"}],"circlet_count":0,"master_deck":["AscendersBane","Strike_B","Strike_B","Strike_B","Strike_B","Defend_B","Defend_B","Defend_B","Defend_B","Zap","Dualcast","Capacitor","Conserve Battery","Storm","Cold Snap","Zap","Hello World","Conserve Battery"],"relics":["Cracked Core","PreservedInsect","Pen Nib","Tiny Chest"],"acts_visited":["Exordium"],"potions_floor_usage":[10],"damage_taken":[{"damage":1,"enemies":"Cultist","floor":1,"turns":4},{"damage":11,"enemies":"Small Slimes","floor":2,"turns":4},{"damage":5,"enemies":"2 Louse","floor":3,"turns":3},{"damage":26,"enemies":"Lots of Slimes","floor":4,"turns":6},{"damage":6,"enemies":"Lagavulin","floor":6,"turns":6},{"damage":14,"enemies":"Blue Slaver","floor":8,"turns":4},{"damage":22,"enemies":"3 Sentries","floor":10,"turns":4}],"seed_played":"3620544214621092940","potions_obtained":[{"floor":4,"key":"BlessingOfTheForge"},{"floor":6,"key":"infinitespire:BlackPotion"},{"floor":8,"key":"FocusPotion"}],"is_trial":false,"path_per_floor":["M","M","M","M","?","E","R","M","T","E"],"character_chosen":"DEFECT","items_purchased":[],"campfire_rested":1,"item_purchase_floors":[],"current_hp_per_floor":[63,52,47,21,21,15,36,22,22,0,0],"gold":217,"neow_bonus":"RANDOM_COMMON_RELIC","is_daily":false,"chose_seed":false,"campfire_upgraded":0,"win_rate":0.0,"timestamp":1613675625,"path_taken":["M","?","M","M","?","E","R","M","T","E"],"items_purchased_type":[],"build_version":"2020-12-22","purchased_purges":0,"victory":false,"max_hp_per_floor":[71,71,71,71,71,71,71,71,71,71,71],"card_choices":[{"not_picked":["Beam Cell","Stack"],"picked":"Capacitor","floor":1},{"not_picked":["Go for the Eyes","Darkness"],"picked":"Conserve Battery","floor":2},{"not_picked":["Aggregate","Redo"],"picked":"Storm","floor":3},{"not_picked":["Hologram","ReplaySort"],"picked":"Cold Snap","floor":4},{"not_picked":["BasicCrystalCard","Crystallizer"],"picked":"Hello World","floor":6},{"not_picked":["ReplayTheSpireMod:GoodbyeWorld","Force Field"],"picked":"Conserve Battery","floor":8}],"player_experience":1311846,"relics_obtained":[{"floor":6,"key":"Pen Nib"},{"floor":9,"key":"Tiny Chest"}],"event_choices":[{"damage_healed":0,"gold_gain":0,"player_choice":"1 cards matched","damage_taken":0,"max_hp_gain":0,"max_hp_loss":0,"event_name":"Match and Keep!","floor":5,"gold_loss":0,"cards_obtained":["Zap"]}],"is_beta":false,"boss_relics":[],"items_purged_floors":[],"is_endless":false,"potions_floor_spawned":[4,6,8],"killed_by":"3 Sentries","ascension_level":20}}