{"host":"7gquyva492f4udta","time":1613688413,"event":{"mods":["BaseMod","Minty Spire (QoL Compilation)"],"gold_per_floor":[109,121,133,150,160,189,22,57,57,57,74,133,153,180,180,277,277,294,294,43,43,57,84,117,150,219,238,267,286,36,48,48,145,145,160,160,160,183,26,60,60,88,112,127,156,156,176,26,26,26,26,26,26,26,26],"floor_reached":54,"language":"ENG","playtime":5238,"items_purged":["Strike_B","Regret"],"score":1063,"play_id":"9b78e414-b5c6-4ded-a7f6-153e693165b2","local_time":"20210218164653","is_ascension_mode":true,"campfire_choices":[{"floor":10,"key":"REST"},{"data":"Machine Learning","floor":15,"key":"SMITH"},{"data":"Capacitor","floor":32,"key":"SMITH"},{"data":"Defragment","floor":41,"key":"SMITH"},{"floor":49,"key":"RECALL"},{"floor":52,"key":"DIG"}],"circlet_count":0,"master_deck":["Defend_B","Zap","Dualcast","Static Discharge+1","Doom and Gloom+1","Consume+1","Compile Driver","Glacier","Chill","Glacier","Gash","Self Repair","Flash of Steel","Machine Learning+1","Rip and Tear","Recycle","Fission","Heatsinks","Electrodynamics","Hologram","Static Discharge","Gash","Gash","Steam+1","Capacitor+1","Seek","Redo+1","Defragment+1","Amplify","Redo+1","Capacitor+1","Loop","Doubt","Hologram+1"],"relics":["Astrolabe","Calipers","Bag of Preparation","Lizard Tail","Pear","WingedGreaves","Cursed Key","DollysMirror","Pen Nib","Matryoshka","Incense Burner","Potion Belt","Ornamental Fan","Omamori","Toolbox","Inserter","PreservedInsect","HandDrill","Boot","Mercury Hourglass","Art of War","Shovel","OrangePellets","Kunai"],"acts_visited":["Exordium","TheCity","TheBeyond","TheEnding"],"potions_floor_usage":[12,13,23,23,23,28,28,28,28,29,33,42,45],"damage_taken":[{"damage":8,"enemies":"Small Slimes","floor":1,"turns":2},{"damage":12,"enemies":"Jaw Worm","floor":2,"turns":4},{"damage":0,"enemies":"2 Louse","floor":3,"turns":4},{"damage":6,"enemies":"Looter","floor":4,"turns":3},{"damage":5,"enemies":"2 Fungi Beasts","floor":5,"turns":4},{"damage":24,"enemies":"Gremlin Nob","floor":6,"turns":4},{"damage":7,"enemies":"Lagavulin","floor":8,"turns":7},{"damage":0,"enemies":"3 Louse","floor":11,"turns":4},{"damage":14,"enemies":"Lagavulin Event","floor":12,"turns":5},{"damage":0,"enemies":"Blue Slaver","floor":13,"turns":4},{"damage":17,"enemies":"Gremlin Nob","floor":14,"turns":4},{"damage":18,"enemies":"The Guardian","floor":16,"turns":12},{"damage":3,"enemies":"2 Thieves","floor":18,"turns":3},{"damage":0,"enemies":"3 Byrds","floor":22,"turns":4},{"damage":12,"enemies":"Slavers","floor":23,"turns":4},{"damage":20,"enemies":"Book of Stabbing","floor":24,"turns":6},{"damage":22,"enemies":"Gremlin Leader","floor":25,"turns":5},{"damage":4,"enemies":"Centurion and Healer","floor":27,"turns":6},{"damage":13,"enemies":"Slavers","floor":28,"turns":6},{"damage":4,"enemies":"Shelled Parasite and Fungi","floor":29,"turns":4},{"damage":1,"enemies":"Snake Plant","floor":31,"turns":5},{"damage":0,"enemies":"Collector","floor":33,"turns":6},{"damage":14,"enemies":"Orb Walker","floor":35,"turns":4},{"damage":33,"enemies":"Giant Head","floor":40,"turns":7},{"damage":80,"enemies":"Nemesis","floor":42,"turns":5},{"damage":20,"enemies":"3 Shapes","floor":44,"turns":4},{"damage":13,"enemies":"Reptomancer","floor":45,"turns":5},{"damage":8,"enemies":"Jaw Worm Horde","floor":47,"turns":6},{"damage":37,"enemies":"Donu and Deca","floor":50,"turns":10},{"damage":74,"enemies":"Shield and Spear","floor":54,"turns":5}],"seed_played":"3887643805588294297","potions_obtained":[{"floor":1,"key":"SkillPotion"},{"floor":5,"key":"GamblersBrew"},{"floor":6,"key":"DuplicationPotion"},{"floor":11,"key":"PotionOfCapacity"},{"floor":14,"key":"Strength Potion"},{"floor":18,"key":"Weak Potion"},{"floor":23,"key":"SmokeBomb"},{"floor":24,"key":"EntropicBrew"},{"floor":25,"key":"Dexterity Potion"},{"floor":31,"key":"Ancient Potion"},{"floor":44,"key":"Energy Potion"},{"floor":45,"key":"EssenceOfDarkness"}],"is_trial":false,"path_per_floor":["M","M","M","M","M","E","$","E","T","R","M","?","M","E","R","B",null,"M","?","$","?","M","E","E","E","T","M","E","M","$","M","R","B",null,"M","?","?","T","$","E","R","E","T","M","E","?","M","$","R","B",null,"R","$","E"],"character_chosen":"DEFECT","items_purchased":["Self Repair","Flash of Steel","Gash","DollysMirror","Toolbox","HandDrill","OrangePellets"],"campfire_rested":1,"item_purchase_floors":[7,7,20,20,30,39,48],"current_hp_per_floor":[67,55,55,49,44,20,20,20,20,42,49,52,52,35,35,24,70,67,67,67,67,74,69,56,41,41,44,38,41,41,40,40,50,76,69,69,69,69,69,43,43,40,40,27,21,81,80,80,80,53,74,74,74,0,0],"gold":26,"neow_bonus":"BOSS_RELIC","is_daily":false,"chose_seed":false,"campfire_upgraded":3,"win_rate":0.0,"timestamp":1613688413,"path_taken":["M","M","M","M","M","E","$","E","T","R","M","?","M","E","R","BOSS","M","?","$","?","?","E","E","E","T","M","E","M","$","M","R","BOSS","M","?","?","?","$","E","R","E","T","M","E","?","M","?","R","BOSS","R","$","E"],"items_purchased_type":["Card","Card","Card","Relic","Relic","Relic","Relic"],"build_version":"2020-12-22","purchased_purges":2,"victory":false,"max_hp_per_floor":[75,75,75,75,75,75,75,75,75,75,75,85,85,85,85,85,85,85,85,85,85,85,85,85,85,85,85,85,85,85,85,85,85,85,85,81,81,81,81,81,81,81,81,81,81,81,81,81,81,81,81,81,81,81,81],"card_choices":[{"not_picked":["Fusion","Turbo"],"picked":"Compile Driver","floor":1},{"not_picked":["Sweeping Beam","Genetic Algorithm"],"picked":"Glacier","floor":2},{"not_picked":["Hologram","Hello World"],"picked":"Chill","floor":3},{"not_picked":["Barrage","Streamline","Hello World"],"picked":"SKIP","floor":4},{"not_picked":["Darkness","Conserve Battery"],"picked":"Glacier","floor":5},{"not_picked":["Chill","Static Discharge"],"picked":"Gash","floor":6},{"not_picked":["Go for the Eyes","Redo"],"picked":"Machine Learning","floor":8},{"not_picked":["Sweeping Beam","Coolheaded"],"picked":"Rip and Tear","floor":11},{"not_picked":["Go for the Eyes","Compile Driver"],"picked":"Recycle","floor":12},{"not_picked":["Beam Cell","Steam"],"picked":"Fission","floor":13},{"not_picked":["Tempest","Turbo"],"picked":"Heatsinks","floor":14},{"not_picked":["Buffer","Meteor Strike"],"picked":"Electrodynamics","floor":16},{"not_picked":["Redo+1","Lockon+1"],"picked":"Loop","floor":18},{"not_picked":["Cold Snap","Hologram","Turbo"],"picked":"SKIP","floor":22},{"not_picked":["Storm+1","Lockon"],"picked":"Steam+1","floor":23},{"not_picked":["Sweeping Beam","Creative AI","Beam Cell"],"picked":"SKIP","floor":24},{"not_picked":["Sunder","Static Discharge+1"],"picked":"Capacitor","floor":25},{"not_picked":["Stack+1","Leap"],"picked":"Seek","floor":27},{"not_picked":["Cold Snap","Sweeping Beam","Glacier"],"picked":"SKIP","floor":28},{"not_picked":["Stack","Go for the Eyes"],"picked":"Redo+1","floor":29},{"not_picked":["Chaos","Blizzard"],"picked":"Defragment","floor":31},{"not_picked":["Fission","Core Surge"],"picked":"Amplify","floor":33},{"not_picked":["Ball Lightning+1","Compile Driver+1"],"picked":"Redo+1","floor":35},{"not_picked":["Steam","Lockon+1"],"picked":"Capacitor+1","floor":40},{"not_picked":["Turbo","Cold Snap","Go for the Eyes+1"],"picked":"SKIP","floor":42},{"not_picked":["Genetic Algorithm","Coolheaded"],"picked":"Loop","floor":44},{"not_picked":["Melter+1","Reprogram","Fusion+1"],"picked":"SKIP","floor":45},{"not_picked":["Blizzard+1","Steam"],"picked":"Hologram+1","floor":47}],"player_experience":282486,"relics_obtained":[{"floor":6,"key":"Calipers"},{"floor":8,"key":"Bag of Preparation"},{"floor":9,"key":"Lizard Tail"},{"floor":12,"key":"Pear"},{"floor":14,"key":"WingedGreaves"},{"floor":23,"key":"Pen Nib"},{"floor":24,"key":"Matryoshka"},{"floor":25,"key":"Incense Burner"},{"floor":26,"key":"Potion Belt"},{"floor":26,"key":"Ornamental Fan"},{"floor":28,"key":"Omamori"},{"floor":38,"key":"PreservedInsect"},{"floor":40,"key":"Boot"},{"floor":42,"key":"Mercury Hourglass"},{"floor":43,"key":"Art of War"},{"floor":45,"key":"Shovel"},{"floor":52,"key":"Kunai"}],"event_choices":[{"damage_healed":0,"gold_gain":0,"player_choice":"Searched \u00271\u0027 times","damage_taken":0,"max_hp_gain":0,"max_hp_loss":0,"event_name":"Dead Adventurer","floor":12,"gold_loss":0},{"damage_healed":0,"gold_gain":0,"cards_transformed":["Strike_B","Defend_B"],"player_choice":"Became Test Subject","damage_taken":0,"max_hp_gain":0,"max_hp_loss":0,"event_name":"Drug Dealer","floor":19,"gold_loss":0,"cards_obtained":["Hologram","Static Discharge"]},{"cards_removed":["Defend_B"],"damage_healed":0,"gold_gain":0,"player_choice":"Elegance","damage_taken":0,"max_hp_gain":0,"max_hp_loss":0,"event_name":"Back to Basics","floor":21,"gold_loss":0},{"damage_healed":0,"gold_gain":0,"player_choice":"Max HP","damage_taken":0,"max_hp_gain":0,"max_hp_loss":4,"event_name":"Winding Halls","floor":36,"gold_loss":0},{"cards_removed":["Loop"],"damage_healed":0,"gold_gain":0,"player_choice":"Removed Power","damage_taken":0,"max_hp_gain":0,"max_hp_loss":0,"event_name":"Falling","floor":37,"gold_loss":0},{"damage_healed":60,"gold_gain":0,"player_choice":"Heal","damage_taken":0,"max_hp_gain":0,"max_hp_loss":0,"event_name":"MindBloom","floor":46,"gold_loss":0,"cards_obtained":["Doubt"]}],"is_beta":false,"boss_relics":[{"not_picked":["Tiny House","Pandora\u0027s Box"],"picked":"Cursed Key"},{"not_picked":["Empty Cage","Velvet Choker"],"picked":"Inserter"}],"items_purged_floors":[20,30],"is_endless":false,"potions_floor_spawned":[1,5,6,11,14,18,23,24,25,31,44,45],"killed_by":"Shield and Spear","ascension_level":5}}