{"host":"2l3i55whvwk76mom","time":1613612684,"event":{"mods":["BaseMod","Googly Eyes","Hubris","Minty Spire (QoL Compilation)","Replay The Spire","StSLib"],"gold_per_floor":[112,130,150,75,94,94,128,128,128,142,142,142,172,184,184,281,281,292,303,303,55,55,55,80,80,80,80,95,106,106,137,137,233,233,245,1244,1244,1244,1244,1244,1255,803,803,803,817,206,223,239,239,239],"floor_reached":51,"language":"ENG","playtime":2303,"items_purged":["Clumsy","Decay","Normality","Normality"],"score":817,"play_id":"8c8e7478-99ad-4420-b676-799f582ce068","local_time":"20210217174444","is_ascension_mode":true,"campfire_choices":[{"data":"Eruption","floor":6,"key":"SMITH"},{"data":"CutThroughFate","floor":8,"key":"SMITH"},{"floor":15,"key":"REST"},{"data":"Alpha","floor":23,"key":"SMITH"},{"floor":27,"key":"REST"},{"floor":30,"key":"REST"},{"floor":32,"key":"REST"},{"floor":40,"key":"REST"},{"data":"DevaForm","floor":44,"key":"SMITH"},{"floor":49,"key":"REST"}],"circlet_count":0,"master_deck":["Strike_P","Strike_P","Strike_P","Strike_P","Defend_P","Defend_P","Defend_P","Defend_P","Vigilance","LikeWater+1","CutThroughFate+1","ClearTheMind","Pray","Evaluate","Conclude","FearNoEvil","Alpha+1","Replay:DivineShield","Replay:ManipulateFuture","Replay:ManipulateFuture+1","DevaForm+1","Wish","Swivel","InnerPeace"],"relics":["HolyWater","TungstenRod","Juzu Bracelet","Bottled Flame","hubris:Icosahedron","Simple Rune","Runic Pyramid","Anchor","MealTicket","Akabeko","HornCleat","Smiling Mask","ClockworkSouvenir","Ice Cream"],"acts_visited":["Exordium","TheCity","TheBeyond"],"potions_floor_usage":[5,7,10,13,45,48,48,50,50],"damage_taken":[{"damage":1,"enemies":"Cultist","floor":1,"turns":3},{"damage":0,"enemies":"2 Louse","floor":2,"turns":2},{"damage":16,"enemies":"Small Slimes","floor":3,"turns":4},{"damage":0,"enemies":"Exordium Thugs","floor":5,"turns":4},{"damage":9,"enemies":"Lagavulin","floor":7,"turns":8},{"damage":0,"enemies":"Looter","floor":10,"turns":4},{"damage":12,"enemies":"Gremlin Nob","floor":13,"turns":5},{"damage":1,"enemies":"Blue Slaver","floor":14,"turns":3},{"damage":15,"enemies":"The Guardian","floor":16,"turns":12},{"damage":28,"enemies":"2 Thieves","floor":18,"turns":4},{"damage":0,"enemies":"Shell Parasite","floor":19,"turns":5},{"damage":18,"enemies":"Slavers","floor":24,"turns":4},{"damage":0,"enemies":"Snake Plant","floor":28,"turns":3},{"damage":17,"enemies":"Snecko","floor":29,"turns":5},{"damage":41,"enemies":"Gremlin Leader","floor":31,"turns":5},{"damage":23,"enemies":"Collector","floor":33,"turns":6},{"damage":46,"enemies":"3 Darklings","floor":35,"turns":5},{"damage":0,"enemies":"3 Shapes","floor":41,"turns":8},{"damage":8,"enemies":"Sphere and 2 Shapes","floor":45,"turns":6},{"damage":1,"enemies":"4 Shapes","floor":47,"turns":4},{"damage":22,"enemies":"Transient","floor":48,"turns":5},{"damage":64,"enemies":"Donu and Deca","floor":50,"turns":8}],"seed_played":"1686727246641897411","potions_obtained":[{"floor":3,"key":"Energy Potion"},{"floor":5,"key":"ColorlessPotion"},{"floor":7,"key":"LiquidMemories"},{"floor":10,"key":"Swift Potion"},{"floor":18,"key":"Strength Potion"},{"floor":28,"key":"Strength Potion"},{"floor":31,"key":"Venom Potion"},{"floor":45,"key":"Regen Potion"},{"floor":48,"key":"Strength Potion"}],"is_trial":false,"path_per_floor":["M","M","M","$","M","R","E","R","T","M","?","?","E","M","R","B",null,"M","M","?","$","?","R","E","?","T","R","M","M","R","E","R","B",null,"M","?","?","?","?","R","M","$","T","R","M","$","M","M","R","B",null],"character_chosen":"WATCHER","items_purchased":["Anchor","HornCleat","InnerPeace","ClockworkSouvenir","Ice Cream","Fire Potion","Fire Potion"],"campfire_rested":6,"item_purchase_floors":[21,42,42,46,46,46,46],"current_hp_per_floor":[71,71,55,55,55,55,46,46,46,46,46,46,34,33,54,39,72,44,44,44,44,44,44,26,26,26,47,47,30,51,10,31,8,72,26,26,26,26,26,46,46,61,61,61,53,68,67,45,65,14],"gold":239,"neow_bonus":"ONE_RARE_RELIC","is_daily":false,"chose_seed":false,"campfire_upgraded":4,"win_rate":0.0,"timestamp":1613612684,"path_taken":["M","M","M","?","M","R","E","R","T","M","?","?","E","M","R","BOSS","M","M","?","$","?","R","E","?","T","R","M","M","R","E","R","BOSS","M","?","?","?","?","R","M","$","T","R","M","$","M","M","R","BOSS"],"items_purchased_type":["Relic","Relic","Card","Relic","Relic","Potion","Potion"],"build_version":"2020-12-22","purchased_purges":4,"victory":true,"max_hp_per_floor":[72,72,72,72,72,72,72,72,72,72,72,72,72,72,72,72,72,72,72,72,72,72,72,72,72,72,72,72,72,72,72,72,72,72,72,72,72,72,68,68,68,68,68,68,68,68,68,68,68,68],"card_choices":[{"not_picked":["BowlingBash","FlurryOfBlows"],"picked":"LikeWater","floor":1},{"not_picked":["Protect","Study"],"picked":"CutThroughFate","floor":2},{"not_picked":["Replay:DivineShield","ReachHeaven"],"picked":"ClearTheMind","floor":3},{"not_picked":["BowlingBash","Replay:BluntJabs","ForeignInfluence"],"picked":"SKIP","floor":5},{"not_picked":["Blasphemy","ForeignInfluence"],"picked":"Pray","floor":7},{"not_picked":["ForeignInfluence","Replay:ManipulateFuture"],"picked":"Evaluate","floor":10},{"not_picked":["Fasting2","TalkToTheHand"],"picked":"Conclude","floor":13},{"not_picked":["FlyingSleeves","Replay:BluntJabs"],"picked":"FearNoEvil","floor":14},{"not_picked":["Devotion","Establishment"],"picked":"Alpha","floor":16},{"not_picked":["Evaluate","Halt+1","Nirvana"],"picked":"SKIP","floor":18},{"not_picked":["Study","BowlingBash"],"picked":"Replay:DivineShield","floor":19},{"not_picked":["BowlingBash","CrushJoints"],"picked":"Replay:ManipulateFuture","floor":24},{"not_picked":["Replay:BluntJabs","Wallop","EmptyFist"],"picked":"SKIP","floor":28},{"not_picked":["Conclude","BowlingBash"],"picked":"Replay:ManipulateFuture+1","floor":29},{"not_picked":["MentalFortress","LikeWater+1"],"picked":"DevaForm","floor":31},{"not_picked":["Brilliance","DevaForm"],"picked":"Wish","floor":33},{"not_picked":["SashWhip","Crescendo"],"picked":"Swivel","floor":35},{"not_picked":["Replay:BluntJabs+1","Tantrum+1","Protect"],"picked":"SKIP","floor":41},{"not_picked":["EmptyBody+1","CrushJoints+1","SashWhip+1"],"picked":"SKIP","floor":45},{"not_picked":["Consecrate+1","PathToVictory","CutThroughFate+1"],"picked":"SKIP","floor":47},{"not_picked":["ClearTheMind","BowlingBash","ThirdEye+1"],"picked":"SKIP","floor":48}],"player_experience":384778,"relics_obtained":[{"floor":7,"key":"Juzu Bracelet"},{"floor":9,"key":"Bottled Flame"},{"floor":13,"key":"Simple Rune"},{"floor":24,"key":"MealTicket"},{"floor":31,"key":"Akabeko"},{"floor":43,"key":"Smiling Mask"}],"event_choices":[{"damage_healed":0,"gold_gain":0,"player_choice":"Smashed Altar","damage_taken":0,"max_hp_gain":0,"max_hp_loss":0,"event_name":"Forgotten Altar","floor":20,"gold_loss":0,"cards_obtained":["Decay"]},{"damage_healed":0,"gold_gain":0,"player_choice":"Ignored","damage_taken":0,"max_hp_gain":0,"max_hp_loss":0,"event_name":"The Mausoleum","floor":22,"gold_loss":0},{"damage_healed":0,"gold_gain":999,"player_choice":"Gold","damage_taken":0,"max_hp_gain":0,"max_hp_loss":0,"event_name":"MindBloom","floor":36,"gold_loss":0,"cards_obtained":["Normality","Normality"]},{"cards_removed":["Eruption"],"damage_healed":0,"gold_gain":0,"player_choice":"Removed Attack","damage_taken":0,"max_hp_gain":0,"max_hp_loss":0,"event_name":"Falling","floor":37,"gold_loss":0},{"damage_healed":0,"gold_gain":0,"player_choice":"Ignored","damage_taken":0,"max_hp_gain":0,"max_hp_loss":0,"event_name":"Mysterious Sphere","floor":38,"gold_loss":0},{"damage_healed":0,"gold_gain":0,"player_choice":"Max HP","damage_taken":0,"max_hp_gain":0,"max_hp_loss":4,"event_name":"Winding Halls","floor":39,"gold_loss":0}],"is_beta":false,"boss_relics":[{"not_picked":["ChewingGum","Astrolabe"],"picked":"Runic Pyramid"},{"not_picked":["Runic Dome","Sozu"],"picked":"HolyWater"}],"items_purged_floors":[4,21,42,46],"is_endless":false,"potions_floor_spawned":[3,5,7,10,18,28,31,33,45,47,48],"ascension_level":3}}