{"host":"ifd7sfhtlbe34qll","time":1613689407,"event":{"mods":["2.2 Compatiblity","Act Like it!","Ascension Unlocker","BaseMod","Block Reminder","Colored Map","Curses Come First","Downfall","Highlight Path","Minty Spire (QoL Compilation)","Potion Indicator Mod","Quick Restart","Random Character Button","Relic Stats","StSLib","SuperFastMode"],"gold_per_floor":[99,119,137,137,6,26,99,125,125,125,153,153,163,183,197,273,273,273,284,299,299,11,11,37,62,62,62,62],"floor_reached":26,"language":"ENG","playtime":1509,"items_purged":["hexamod:Strike","hexamod:Strike"],"score":472,"play_id":"0dfb1b4c-0f7b-40e9-bd7a-9bbd1667e066","local_time":"20210218170327","is_ascension_mode":true,"campfire_choices":[{"data":"hexamod:Sear","floor":1,"key":"SMITH"},{"floor":12,"key":"REST"},{"data":"hexamod:ApocalypticArmor","floor":18,"key":"SMITH"},{"data":"hexamod:Float","floor":23,"key":"SMITH"}],"circlet_count":0,"master_deck":["AscendersBane","hexamod:Strike","hexamod:Strike","hexamod:Defend","hexamod:Defend","hexamod:Defend","hexamod:Defend","hexamod:Sear+1","hexamod:Float+1","hexamod:StepThrough","hexamod:HauntingEcho","hexamod:Sear+1","hexamod:SpectersWail+1","hexamod:RainOfEmbers","hexamod:HauntingEcho","hexamod:ThirdSeal","hexamod:FourthSeal","hexamod:ApocalypticArmor+1","hexamod:FlamesFromBeyond","hexamod:AdvancingGuard","hexamod:Hexaguard","hexamod:NightmareGuise","hexamod:FlameSwitch","hexamod:FifthSeal","hexamod:PhantomFireball+1","hexamod:ThirdSeal","hexamod:SixthSeal","hexamod:RadiantFlame","hexamod:VolcanoVisage+1","hexamod:GhostflameInferno","hexamod:SpectralAdrenaline","hexamod:SecondSeal"],"relics":["hexamod:UnbrokenSoul","Eternal Feather","Ice Cream","downfall:ShatteredFragment","InkBottle","hexamod:JarOfFuel","Ancient Tea Set"],"acts_visited":["Exordium","TheCity"],"potions_floor_usage":[8,16,16,20,25,25],"damage_taken":[{"damage":2,"enemies":"Jaw Worm","floor":2,"turns":3},{"damage":0,"enemies":"Cultist","floor":3,"turns":3},{"damage":0,"enemies":"downfall:FleeingMerchant","floor":5,"turns":4},{"damage":4,"enemies":"2 Louse","floor":6,"turns":3},{"damage":7,"enemies":"Gremlin Nob","floor":8,"turns":3},{"damage":15,"enemies":"3 Sentries","floor":11,"turns":7},{"damage":3,"enemies":"Blue Slaver","floor":13,"turns":3},{"damage":3,"enemies":"Exordium Thugs","floor":14,"turns":4},{"damage":9,"enemies":"Red Slaver","floor":15,"turns":3},{"damage":11,"enemies":"SI_SHIV_ARCHETYPE","floor":16,"turns":6},{"damage":18,"enemies":"downfall:LooterAlt2","floor":19,"turns":4},{"damage":0,"enemies":"Chosen","floor":20,"turns":3},{"damage":2,"enemies":"downfall:FleeingMerchant","floor":22,"turns":4},{"damage":37,"enemies":"Gremlin Leader","floor":25,"turns":8},{"damage":37,"enemies":"Snake Plant","floor":26,"turns":4}],"seed_played":"3921031441929556328","potions_obtained":[{"floor":3,"key":"SpeedPotion"},{"floor":6,"key":"FearPotion"},{"floor":8,"key":"DuplicationPotion"},{"floor":11,"key":"hexamod:DoubleChargePotion"},{"floor":13,"key":"hexamod:InfernoChargePotion"},{"floor":15,"key":"PowerPotion"},{"floor":19,"key":"Energy Potion"},{"floor":19,"key":"hexamod:SoulburnPotion"},{"floor":20,"key":"DuplicationPotion"},{"floor":25,"key":"LiquidBronze"}],"is_trial":false,"path_per_floor":["R","M","M","?","$","M","T","E","?","?","E","R","M","M","M","B",null,"R","M","M","?","$","R","T","E","M"],"character_chosen":"THE_SPIRIT","items_purchased":["hexamod:RainOfEmbers","hexamod:JarOfFuel"],"campfire_rested":1,"item_purchase_floors":[5,22],"current_hp_per_floor":[63,61,61,61,61,57,57,50,50,29,14,46,43,40,31,20,57,69,51,51,51,49,67,67,30,0,0,0],"gold":62,"neow_bonus":"TEN_PERCENT_HP_BONUS","is_daily":false,"chose_seed":false,"campfire_upgraded":3,"win_rate":0.0,"timestamp":1613689407,"path_taken":["R","M","M","?","?","M","T","E","?","?","E","R","M","?","M","BOSS","R","M","M","?","$","R","T","E","M"],"items_purchased_type":["Card","Relic"],"build_version":"2020-12-22","purchased_purges":2,"victory":false,"max_hp_per_floor":[69,69,69,69,69,69,69,69,69,69,69,69,69,69,69,69,69,69,69,69,69,69,69,69,69,69,69,69],"relic_stats":{"counters":[15,62],"Eternal Feather":42,"obtain_stats":[{"Ice Cream":8,"hexamod:JarOfFuel":22,"downfall:ShatteredFragment":10,"hexamod:UnbrokenSoul":17,"Eternal Feather":7,"Ancient Tea Set":25,"hexamod:SpiritBrand":0,"InkBottle":11},{"Ice Cream":5,"hexamod:JarOfFuel":13,"downfall:ShatteredFragment":5,"hexamod:UnbrokenSoul":10,"Eternal Feather":4,"Ancient Tea Set":14,"hexamod:SpiritBrand":0,"InkBottle":6},{"Ice Cream":16,"hexamod:JarOfFuel":50,"downfall:ShatteredFragment":16,"hexamod:UnbrokenSoul":39,"Eternal Feather":13,"Ancient Tea Set":58,"hexamod:SpiritBrand":0,"InkBottle":23}],"InkBottle":[16]},"card_choices":[{"not_picked":["hexamod:Firestarter","hexamod:FastForward"],"picked":"hexamod:StepThrough","floor":2},{"not_picked":["hexamod:Haunt","hexamod:FirstSeal"],"picked":"hexamod:HauntingEcho","floor":3},{"not_picked":["hexamod:FlamesFromBeyond","hexamod:InspiringFlames"],"picked":"hexamod:SpectersWail","floor":5},{"not_picked":["hexamod:SoulSteal","hexamod:Hexaguard"],"picked":"hexamod:HauntingEcho","floor":6},{"not_picked":["hexamod:BacktrackSmack","hexamod:HeatCrush"],"picked":"hexamod:Hexaguard","floor":8},{"not_picked":["hexamod:Firestarter","hexamod:FourthSeal"],"picked":"hexamod:ApocalypticArmor","floor":11},{"not_picked":["hexamod:SoulSteal","hexamod:StepThrough"],"picked":"hexamod:FlamesFromBeyond","floor":11},{"not_picked":["hexamod:HeatCrush","hexamod:SwordOfDarkness"],"picked":"hexamod:AdvancingGuard","floor":13},{"not_picked":["hexamod:GhostShield","hexamod:GhostOfSpirePast"],"picked":"hexamod:Hexaguard","floor":13},{"not_picked":["hexamod:HeatMetal","hexamod:Firestarter","hexamod:GhostShield"],"picked":"SKIP","floor":14},{"not_picked":["hexamod:HeatMetal","hexamod:InspiringFlames","hexamod:NightmareStrike"],"picked":"SKIP","floor":14},{"not_picked":["hexamod:BacktrackSmack","hexamod:ThermalTransfer"],"picked":"hexamod:NightmareGuise","floor":15},{"not_picked":["hexamod:BacktrackSmack","hexamod:Hexaguard","hexamod:NecessarySacrifice"],"picked":"SKIP","floor":15},{"not_picked":["hexamod:WildfireWeapon","hexamod:TimeWarp"],"picked":"hexamod:FlameSwitch","floor":16},{"not_picked":["hexamod:UnleashSpirits","hexamod:TurnItUp"],"picked":"hexamod:FifthSeal","floor":16},{"not_picked":["hexamod:SwordOfDarkness","hexamod:HeatMetal"],"picked":"hexamod:PhantomFireball+1","floor":19},{"not_picked":["hexamod:InspiringFlames","hexamod:SuperheatedStrike"],"picked":"hexamod:ThirdSeal","floor":19},{"not_picked":["hexamod:ThirdSeal","hexamod:FourthSeal"],"picked":"hexamod:SixthSeal","floor":20},{"not_picked":["hexamod:FourthSeal","hexamod:BacktrackSmack"],"picked":"hexamod:RadiantFlame","floor":20},{"not_picked":["hexamod:ThermalTransfer","hexamod:FourthSeal","hexamod:InspiringFlames"],"picked":"SKIP","floor":20},{"not_picked":["hexamod:GhostShield","hexamod:ShieldOfDarkness+1"],"picked":"hexamod:VolcanoVisage","floor":22},{"not_picked":["hexamod:Incineration","hexamod:NightmareStrike"],"picked":"hexamod:GhostflameInferno","floor":22},{"not_picked":["hexamod:PhantomCloak","hexamod:BurningTouch"],"picked":"hexamod:SpectralAdrenaline","floor":25},{"not_picked":["hexamod:SixthSeal","hexamod:ThirdSeal"],"picked":"hexamod:SecondSeal","floor":25},{"not_picked":["hexamod:SkipABeat","hexamod:Firestarter","hexamod:FlamesFromBeyond"],"picked":"SKIP","floor":25}],"player_experience":1750504,"relics_obtained":[{"floor":7,"key":"Eternal Feather"},{"floor":8,"key":"Ice Cream"},{"floor":11,"key":"InkBottle"},{"floor":25,"key":"Ancient Tea Set"}],"event_choices":[],"is_beta":false,"boss_relics":[{"not_picked":["Runic Dome","Sozu"],"picked":"hexamod:UnbrokenSoul"}],"items_purged_floors":[5,22],"is_endless":false,"potions_floor_spawned":[3,6,8,15,19,20,25],"killed_by":"Snake Plant","ascension_level":20}}