{"host":"raaimkojny05jekw","time":1613670505,"event":{"mods":["AchievementEnabler","BaseMod","Colored Map","Colored Powertips","DeckTracker","Minty Spire (QoL Compilation)","Quick Restart","Rare Cards Sparkle","everything is the same but u backflip on backflip"],"gold_per_floor":[110,122,140,140,165,177,216,242,254,266,290,314,338,51,51,161,161,186,214,139,16,16,16,50,74,83,83,83,83,104,141,141,141,141],"floor_reached":33,"language":"KOR","playtime":1281,"items_purged":["Strike_R","Strike_R"],"score":462,"play_id":"0a902f14-21ed-4567-af43-3685ce4dd623","local_time":"20210219024825","is_ascension_mode":true,"campfire_choices":[{"data":"Rampage","floor":6,"key":"SMITH"},{"data":"Bash","floor":10,"key":"SMITH"},{"data":"Armaments","floor":15,"key":"SMITH"},{"data":"Evolve","floor":23,"key":"SMITH"},{"data":"Demon Form","floor":27,"key":"SMITH"},{"floor":29,"key":"REST"},{"floor":32,"key":"REST"}],"circlet_count":0,"master_deck":["AscendersBane","Strike_R","Strike_R","Defend_R","Defend_R","Defend_R","Defend_R","Bash+1","Blind","Evolve+1","Rampage+1","Headbutt","Power Through","Pommel Strike","Armaments+1","Reaper","Cleave","Bandage Up","Offering","Rage","Bloodletting","Demon Form+1","Battle Trance","Normality","True Grit","Reckless Charge"],"relics":["Burning Blood","MawBank","Boot","Centennial Puzzle","Membership Card","CeramicFish","Cursed Key","Sling","Nilry\u0027s Codex","Pantograph","Juzu Bracelet","Bronze Scales"],"acts_visited":["Exordium","TheCity"],"potions_floor_usage":[7,8,12,12,13,16,18,24,24,31,31,33],"damage_taken":[{"damage":4,"enemies":"Small Slimes","floor":1,"turns":4},{"damage":4,"enemies":"2 Louse","floor":2,"turns":4},{"damage":20,"enemies":"Jaw Worm","floor":3,"turns":4},{"damage":19,"enemies":"3 Louse","floor":5,"turns":4},{"damage":15,"enemies":"3 Sentries","floor":7,"turns":7},{"damage":11,"enemies":"Exordium Thugs","floor":8,"turns":6},{"damage":5,"enemies":"Blue Slaver","floor":11,"turns":4},{"damage":9,"enemies":"2 Fungi Beasts","floor":12,"turns":3},{"damage":0,"enemies":"Looter","floor":13,"turns":4},{"damage":38,"enemies":"Hexaghost","floor":16,"turns":10},{"damage":25,"enemies":"Spheric Guardian","floor":18,"turns":4},{"damage":10,"enemies":"Chosen","floor":19,"turns":4},{"damage":16,"enemies":"Book of Stabbing","floor":24,"turns":3},{"damage":41,"enemies":"Sentry and Sphere","floor":25,"turns":7},{"damage":34,"enemies":"Centurion and Healer","floor":30,"turns":7},{"damage":62,"enemies":"Slavers","floor":31,"turns":5},{"damage":100,"enemies":"Automaton","floor":33,"turns":6}],"seed_played":"3072478626980526668","potions_obtained":[{"floor":5,"key":"ColorlessPotion"},{"floor":7,"key":"DuplicationPotion"},{"floor":8,"key":"Explosive Potion"},{"floor":11,"key":"EntropicBrew"},{"floor":13,"key":"PowerPotion"},{"floor":25,"key":"Dexterity Potion"},{"floor":30,"key":"SteroidPotion"},{"floor":31,"key":"DuplicationPotion"}],"is_trial":false,"path_per_floor":["M","M","M","?","M","R","E","M","T","R","M","M","M","$","R","B",null,"M","M","?","$","?","R","E","M","T","R","?","R","M","E","R","B"],"character_chosen":"IRONCLAD","items_purchased":["Membership Card","CeramicFish","Bandage Up","Sling"],"campfire_rested":2,"item_purchase_floors":[14,14,14,21],"current_hp_per_floor":[74,76,62,59,46,46,37,32,32,32,33,30,36,36,36,18,65,50,58,58,58,42,42,48,26,26,26,11,36,44,28,53,0,0],"gold":141,"neow_bonus":"RANDOM_COLORLESS","is_daily":false,"chose_seed":false,"campfire_upgraded":5,"win_rate":0.0,"timestamp":1613670505,"path_taken":["M","M","M","?","M","R","E","M","T","R","M","M","M","$","R","BOSS","M","M","?","$","?","R","E","M","T","R","?","R","M","E","R","BOSS"],"items_purchased_type":["Relic","Relic","Card","Relic"],"build_version":"2020-12-22","purchased_purges":2,"victory":false,"max_hp_per_floor":[80,80,80,80,80,80,80,80,80,80,80,80,80,80,80,80,80,80,80,80,80,80,80,80,80,80,80,85,85,85,85,85,85,85],"card_choices":[{"not_picked":["Deep Breath","Good Instincts"],"picked":"Blind","floor":0},{"not_picked":["Heavy Blade","Shrug It Off"],"picked":"Evolve","floor":1},{"not_picked":["Entrench","Twin Strike"],"picked":"Rampage","floor":2},{"not_picked":["Whirlwind","Shrug It Off"],"picked":"Headbutt","floor":3},{"not_picked":["Havoc","Warcry"],"picked":"Power Through","floor":5},{"not_picked":["Dark Embrace","Havoc","Thunderclap"],"picked":"SKIP","floor":7},{"not_picked":["Warcry","Feel No Pain"],"picked":"Pommel Strike","floor":8},{"not_picked":["Flex","Perfected Strike"],"picked":"Armaments","floor":11},{"not_picked":["Anger","Cleave"],"picked":"Reaper","floor":12},{"not_picked":["Armaments","Perfected Strike"],"picked":"Cleave","floor":13},{"not_picked":["Bludgeon","Demon Form"],"picked":"Offering","floor":16},{"not_picked":["Hemokinesis","Flame Barrier"],"picked":"Rage","floor":18},{"not_picked":["Headbutt","Power Through"],"picked":"Bloodletting","floor":19},{"not_picked":["Headbutt","Rage"],"picked":"Demon Form","floor":24},{"not_picked":["Sentinel","Reckless Charge"],"picked":"Battle Trance","floor":25},{"not_picked":["Headbutt","Searing Blow"],"picked":"True Grit","floor":30},{"not_picked":["Body Slam","Havoc"],"picked":"Reckless Charge","floor":31}],"player_experience":772797,"relics_obtained":[{"floor":7,"key":"Boot"},{"floor":9,"key":"Centennial Puzzle"},{"floor":22,"key":"Nilry\u0027s Codex"},{"floor":24,"key":"Pantograph"},{"floor":26,"key":"Juzu Bracelet"},{"floor":31,"key":"Bronze Scales"}],"event_choices":[{"damage_healed":0,"gold_gain":0,"player_choice":"Success","damage_taken":3,"relics_obtained":["MawBank"],"max_hp_gain":0,"max_hp_loss":0,"event_name":"Scrap Ooze","floor":4,"gold_loss":0},{"cards_removed":["Strike_R"],"damage_healed":0,"gold_gain":0,"player_choice":"Gave Gold","damage_taken":0,"max_hp_gain":0,"max_hp_loss":0,"event_name":"Beggar","floor":20,"gold_loss":75},{"damage_healed":0,"gold_gain":0,"player_choice":"Obtained Book","damage_taken":16,"max_hp_gain":0,"max_hp_loss":0,"event_name":"Cursed Tome","floor":22,"gold_loss":0},{"damage_healed":0,"gold_gain":0,"player_choice":"Shed Blood","damage_taken":20,"max_hp_gain":5,"max_hp_loss":0,"event_name":"Forgotten Altar","floor":28,"gold_loss":0}],"is_beta":false,"boss_relics":[{"not_picked":["Snecko Eye","Black Star"],"picked":"Cursed Key"}],"items_purged_floors":[14,21],"is_endless":false,"potions_floor_spawned":[5,7,8,11,13,25,30,31],"killed_by":"Automaton","ascension_level":12}}