{"host":"ffn9oaz9ksdh6gtp","time":1613643378,"event":{"mods":["ATMod(°¢èªMod)","Act Like it!","Arknights","BaseMod","GifTheSpireLib","Minty Spire (QoL Compilation)","MostiFishMod","Replay The Spire","StSLib","The Bug Knight","¡¾ÒÅÎï¿¨ÅÆ¡¿REMEMod"],"gold_per_floor":[118,187,203,213,313,363,373,373,373,398,410,439,439,467,467,569,569,581,581,595,41,41,75,88,98,125,145,145,174,279,338,338,535,585,728,764,764,372,372,372,428,428,428,428,428,428,36,88,88,113,113,113,159,139,64],"floor_reached":56,"language":"ZHS","playtime":2656,"items_purged":["Strike_R","Strike_R","Strike_R"],"score":2100,"play_id":"62ec3791-85af-4279-a0b9-5ae95c3f1213","local_time":"20210218181618","is_ascension_mode":true,"campfire_choices":[{"data":"Limit Break","floor":8,"key":"SMITH"},{"data":"AT_ShrugMaster","floor":13,"key":"SMITH"},{"data":"Armaments","floor":15,"key":"SMITH"},{"floor":32,"key":"DIG"},{"data":"Bludgeon","floor":40,"key":"SMITH"},{"data":"MostiFishMod:RacingGame","floor":42,"key":"SMITH"},{"floor":44,"key":"RECALL"},{"data":"Master of Strategy","floor":49,"key":"SMITH"},{"data":"AT_FamilyPortrait","floor":52,"key":"SMITH"}],"circlet_count":0,"master_deck":["Strike_R","Strike_R","Defend_R","Defend_R","Defend_R","Defend_R","Bash","AT_FamilyPortrait+1","Bludgeon+1","Cleave","Pommel Strike","AT_ShrugMaster+1","Armaments+1","Carnage","Limit Break+1","Shrug It Off","Clash","Berserk+1","Sword Boomerang+1","Whirlwind+1","Limit Break+1","Spot Weakness+1","Headbutt","Heavy Blade","Thunderclap+1","MostiFishMod:CullingBlade+1","Shrug It Off+1","Battle Trance+1","Master of Strategy+1","Master of Strategy+1","Battle Trance+1","MostiFishMod:RacingGame+1","ReplayTheSpireMod:IOU","ReplayTheSpireMod:IOU","ReplayTheSpireMod:IOU","ReplayTheSpireMod:IOU","ReplayTheSpireMod:IOU","ReplayTheSpireMod:IOU","ReplayTheSpireMod:IOU","ReplayTheSpireMod:IOU","ReplayTheSpireMod:IOU","ReplayTheSpireMod:IOU","ReplayTheSpireMod:IOU"],"relics":["REME_ComplimentaryCards","AT_ATBox","DaveBox","GuanYuAspect","Civilization","SynthV:TestCard","White Beast Statue","Gremlin Food","Boot","Darkstone Periapt","Anchor","Replay:WaspNest","Mark of Pain","Sling","Matryoshka","Mummified Hand","AT_BellDemon","Tiny Chest","Replay:Bottled Flurry","AT_SunfireAegis","Pantograph","AT_SilvercatRing","AT_MibuBalloonWealth","Red Mask","Question Card","Bronze Scales","Orichalcum","Bottled Tornado","AT_BellowingDragoncrestRing","Tiny House","Torii","ImprovedEquipment","Paper Frog","Pet Ghost","Prayer Wheel","ThornShield","AT_ChloranthyRing","HandDrill","Replay:Wax Seal","Oddly Smooth Stone","BirthdayGift-Tetrahedron","Replay:Baseball"],"acts_visited":["Exordium","TheCity","TheBeyond","TheEnding"],"potions_floor_usage":[6,16,16,20,29,29,33,33,33,41,50,55,55],"damage_taken":[{"damage":7,"enemies":"Jaw Worm","floor":1,"turns":2},{"damage":0,"enemies":"2 Louse","floor":3,"turns":1},{"damage":0,"enemies":"Cultist","floor":4,"turns":2},{"damage":0,"enemies":"HollowMod:MossKnight","floor":6,"turns":2},{"damage":0,"enemies":"Blue Slaver","floor":7,"turns":2},{"damage":0,"enemies":"Replay:BlueRogue","floor":10,"turns":3},{"damage":6,"enemies":"Lots of Slimes","floor":11,"turns":3},{"damage":0,"enemies":"Lagavulin","floor":12,"turns":4},{"damage":0,"enemies":"Gremlin Nob","floor":14,"turns":2},{"damage":0,"enemies":"Fading Forest","floor":16,"turns":9},{"damage":2,"enemies":"Shell Parasite","floor":18,"turns":2},{"damage":0,"enemies":"2 Thieves","floor":20,"turns":2},{"damage":0,"enemies":"HollowMod:Nosk","floor":23,"turns":2},{"damage":2,"enemies":"Chosen and Byrds","floor":24,"turns":3},{"damage":0,"enemies":"Centurion and Healer","floor":25,"turns":3},{"damage":0,"enemies":"Sentry and Sphere","floor":27,"turns":2},{"damage":13,"enemies":"Book of Stabbing","floor":29,"turns":3},{"damage":5,"enemies":"Masked Bandits","floor":30,"turns":3},{"damage":2,"enemies":"HollowMod:Nosk","floor":31,"turns":2},{"damage":0,"enemies":"Pondfish","floor":33,"turns":4},{"damage":0,"enemies":"3 Darklings","floor":35,"turns":2},{"damage":0,"enemies":"Orb Walker","floor":36,"turns":1},{"damage":14,"enemies":"Nemesis","floor":41,"turns":3},{"damage":0,"enemies":"R_Hoarder","floor":48,"turns":3},{"damage":35,"enemies":"Replay:Hell Engine","floor":50,"turns":2},{"damage":0,"enemies":"Shield and Spear","floor":54,"turns":1},{"damage":7,"enemies":"The Heart","floor":55,"turns":3}],"seed_played":"-5704202914843087179","potions_obtained":[{"floor":1,"key":"DuplicationPotion"},{"floor":2,"key":"ElixirPotion"},{"floor":3,"key":"Explosive Potion"},{"floor":4,"key":"DistilledChaos"},{"floor":6,"key":"Elixir"},{"floor":10,"key":"BloodPotion"},{"floor":16,"key":"REME_GoldPotion"},{"floor":18,"key":"Block Potion"},{"floor":20,"key":"Dexterity Potion"},{"floor":23,"key":"DistilledChaos"},{"floor":29,"key":"DistilledChaos"},{"floor":30,"key":"Block Potion"},{"floor":33,"key":"DuplicationPotion"},{"floor":34,"key":"Toxic Potion"},{"floor":35,"key":"Strength Potion"},{"floor":41,"key":"SneckoOil"},{"floor":54,"key":"Energy Potion"}],"is_trial":false,"path_per_floor":["M","?","M","M","?","E","M","R","T","E","M","E","R","E","R","B",null,"M","?","M","$","?","E","M","M","T","M","T","E","?","E","R","B",null,"M","M","?","$","T","R","E","R","T","R","?","?","$","E","R","B",null,"R","$","E","B",null],"character_chosen":"IRONCLAD","items_purchased":["Sling","Matryoshka","Limit Break","Battle Trance","Paper Frog","AT_ChloranthyRing","HandDrill","BirthdayGift-Tetrahedron"],"campfire_rested":0,"item_purchase_floors":[21,21,21,38,38,47,47,53],"current_hp_per_floor":[36,36,40,45,45,51,56,56,56,61,62,70,70,76,76,81,83,86,86,91,91,91,96,101,106,106,111,111,116,118,124,124,131,138,141,146,136,136,136,136,133,133,133,133,133,133,133,146,146,120,155,155,194,207,241],"gold":64,"neow_bonus":"BOSS_RELIC","is_daily":false,"chose_seed":false,"campfire_upgraded":7,"win_rate":0.0,"timestamp":1613643378,"path_taken":["M","?","M","M","?","E","M","R","T","E","?","E","R","E","R","BOSS","M","?","?","$","?","E","?","?","T","M","?","E","?","E","R","BOSS","M","M","?","$","?","R","E","R","T","R","?","?","$","E","R","BOSS","R","$","E","BOSS"],"items_purchased_type":["Relic","Relic","Card","Card","Relic","Relic","Relic","Relic"],"build_version":"2020-12-22","purchased_purges":3,"victory":true,"max_hp_per_floor":[41,41,44,48,48,53,58,58,58,63,68,73,73,78,78,83,83,88,88,93,93,93,98,103,108,108,113,113,118,123,128,128,133,138,143,148,148,148,148,148,153,153,153,153,145,145,145,150,150,155,155,155,233,238,243],"card_choices":[{"not_picked":["AT_IchimonjiDouble","Pommel Strike"],"picked":"Cleave","floor":1},{"not_picked":["True Grit","Twin Strike","MostiFishMod:ChineseTea","Replay:Undeath\u0027s Touch"],"picked":"Pommel Strike","floor":2},{"not_picked":["ReplayTheSpireMod:Muscle Training","Pommel Strike","Sentinel","ReplayTheSpireMod:Stacked"],"picked":"AT_ShrugMaster","floor":3},{"not_picked":["Replay:Undeath\u0027s Touch","Perfected Strike","REME_FearOfPain","True Grit"],"picked":"Armaments","floor":4},{"not_picked":["Feel No Pain","AT_ShrugMaster","Pommel Strike","ReplayReversal"],"picked":"Carnage","floor":6},{"not_picked":["Replay:Undeath\u0027s Touch","Spot Weakness","Anger","Run Through"],"picked":"Limit Break","floor":7},{"not_picked":["Dark Embrace","ReplayReversal","True Grit","MostiFishMod:404NotFound"],"picked":"Shrug It Off","floor":10},{"not_picked":["Perfected Strike","Shrug It Off","True Grit","Entrench","Anger"],"picked":"SKIP","floor":11},{"not_picked":["Dropkick","Run Through","Twin Strike","Defy Death","ReplayTheSpireMod:Strike From Hell"],"picked":"SKIP","floor":12},{"not_picked":["Havoc","Combust","True Grit","Abandon"],"picked":"Clash","floor":14},{"not_picked":["Reaper","Brutality","MostiFishMod:TemporaryOutbreak","Juggernaut"],"picked":"Berserk","floor":16},{"not_picked":["Thunderclap+1","Armaments","Wild Strike","Warcry+1"],"picked":"Sword Boomerang","floor":18},{"not_picked":["Body Slam","ReplayTheSpireMod:Strike From Hell","Searing Blow","Twin Strike"],"picked":"Whirlwind+1","floor":20},{"not_picked":["Pummel+1","Disarm+1","MostiFishMod:WingOfPhoenix","Sentinel","Burning Pact"],"picked":"SKIP","floor":23},{"not_picked":["Rupture+1","Headbutt+1","ReplayTheSpireMod:Strike From Hell","Flex"],"picked":"Spot Weakness+1","floor":24},{"not_picked":["Sever Soul","Cleave","Armaments+1","AT_BodySlamDance+1"],"picked":"Headbutt","floor":25},{"not_picked":["Twin Strike","ReplayReversal","AT_BodySlamDance+1","Cleave+1","Flex"],"picked":"SKIP","floor":27},{"not_picked":["MostiFishMod:FireWorks","True Grit","Armaments","Infernal Blade","Havoc+1"],"picked":"SKIP","floor":29},{"not_picked":["Headbutt+1","Pommel Strike","Uppercut","Perfected Strike+1"],"picked":"Heavy Blade","floor":30},{"not_picked":["Ghostly Armor","Armaments","Immolate","Havoc+1","ReplayTheSpireMod:Stacked+1"],"picked":"Thunderclap+1","floor":31},{"not_picked":["Immolate","MostiFishMod:RainCloud","MostiFishMod:Chiaki","MostiFishMod:KnuckleDown","MostiFishMod:WingOfPhoenix"],"picked":"MostiFishMod:CullingBlade","floor":33},{"not_picked":["Havoc+1","AT_CaressingTears","ReplayTheSpireMod:Stacked","REME_Scribble+1","Headbutt"],"picked":"Shrug It Off+1","floor":35},{"not_picked":["Warcry+1","Shrug It Off","Wild Strike+1","Heavy Blade+1","Sever Soul"],"picked":"Battle Trance","floor":36},{"not_picked":["AT_PowerWithin","ReplayTheSpireMod:Necrogeddon","PanicButton","REME_MawOfCthun","Replay:Parry"],"picked":"Master of Strategy","floor":37},{"not_picked":["Purity","MostiFishMod:ElfcollectionBox","ReplayTheSpireMod:Trickstab","REME_TheoryOfElimination","Replay:BasicMightCard"],"picked":"Master of Strategy","floor":37},{"not_picked":["Havoc+1","Iron Wave","Heavy Blade+1","ReplayTheSpireMod:Muscle Training","AT_IchimonjiDouble"],"picked":"MostiFishMod:RacingGame","floor":41},{"not_picked":["Thunderclap","Headbutt","Power Through","Body Slam","AT_IchimonjiDouble+1","Heavy Blade+1"],"picked":"SKIP","floor":48},{"not_picked":["Blood for Blood","Warcry+1","ReplayTheSpireMod:LeadingStrike+1","AT_DrawKnifeCut+1","Anger+1","Carnage"],"picked":"SKIP","floor":54}],"player_experience":63917,"relics_obtained":[{"floor":1,"key":"SynthV:TestCard"},{"floor":2,"key":"White Beast Statue"},{"floor":6,"key":"Gremlin Food"},{"floor":9,"key":"Boot"},{"floor":10,"key":"Darkstone Periapt"},{"floor":12,"key":"Anchor"},{"floor":14,"key":"Replay:WaspNest"},{"floor":23,"key":"Mummified Hand"},{"floor":26,"key":"AT_BellDemon"},{"floor":26,"key":"Tiny Chest"},{"floor":27,"key":"Replay:Bottled Flurry"},{"floor":28,"key":"AT_SunfireAegis"},{"floor":28,"key":"Pantograph"},{"floor":29,"key":"AT_SilvercatRing"},{"floor":29,"key":"AT_MibuBalloonWealth"},{"floor":30,"key":"Red Mask"},{"floor":30,"key":"Question Card"},{"floor":31,"key":"Bronze Scales"},{"floor":31,"key":"Orichalcum"},{"floor":32,"key":"Bottled Tornado"},{"floor":33,"key":"AT_BellowingDragoncrestRing"},{"floor":35,"key":"Torii"},{"floor":36,"key":"ImprovedEquipment"},{"floor":41,"key":"Pet Ghost"},{"floor":41,"key":"Prayer Wheel"},{"floor":43,"key":"ThornShield"},{"floor":48,"key":"Replay:Wax Seal"},{"floor":48,"key":"Oddly Smooth Stone"},{"floor":54,"key":"Replay:Baseball"}],"event_choices":[{"damage_healed":0,"gold_gain":100,"player_choice":"Pray","damage_taken":0,"max_hp_gain":0,"max_hp_loss":0,"event_name":"Golden Shrine","floor":5,"gold_loss":0},{"damage_healed":0,"gold_gain":0,"player_choice":"Upgraded","damage_taken":0,"max_hp_gain":0,"max_hp_loss":0,"event_name":"Upgrade Shrine","floor":19,"gold_loss":0,"cards_upgraded":["Berserk"]},{"damage_healed":0,"gold_gain":0,"player_choice":"Forge","damage_taken":0,"max_hp_gain":0,"max_hp_loss":0,"event_name":"Accursed Blacksmith","floor":22,"gold_loss":0,"cards_upgraded":["Limit Break"]},{"damage_healed":0,"gold_gain":0,"player_choice":"Fought Bandits","damage_taken":0,"max_hp_gain":0,"max_hp_loss":0,"event_name":"Masked Bandits","floor":30,"gold_loss":0},{"damage_healed":0,"gold_gain":0,"player_choice":"Memory 3","damage_taken":10,"max_hp_gain":0,"max_hp_loss":0,"event_name":"SensoryStone","floor":37,"gold_loss":0},{"damage_healed":0,"gold_gain":0,"player_choice":"Max HP","damage_taken":0,"max_hp_gain":0,"max_hp_loss":8,"event_name":"Winding Halls","floor":45,"gold_loss":0},{"damage_healed":0,"gold_gain":0,"player_choice":"Ignored","damage_taken":0,"max_hp_gain":0,"max_hp_loss":0,"event_name":"Tomb of Lord Red Mask","floor":46,"gold_loss":0}],"is_beta":false,"boss_relics":[{"not_picked":["Replay:Wanted Poster","FixedStarFall"],"picked":"Mark of Pain"},{"not_picked":["Snecko Eye","Transparent"],"picked":"Tiny House"}],"items_purged_floors":[38,47,53],"is_endless":false,"potions_floor_spawned":[1,3,4,6,7,10,11,12,14,16,18,20,23,24,25,27,29,30,31,33,35,36,41,48,54],"ascension_level":2}}