{"host":"f0dbpmn0khgeoqc0","time":1613687771,"event":{"mods":["2.2 Compatiblity","AchievementEnabler","Act Like it!","Ascension Unlocker","Aspiration","BaseMod","Better Altar","Better Match","Better Sensory Stone","Better Skull","Better Third Choice","BetterRewards","Block Reminder","Colored Map","Colored Powertips","Conspire","DNKmod","Disable Question Mark Monsters","Displayed Cursed Tome","Evolution","Friendly Minions","Hermit","Highlight Path","Humility","Infinite Spire","Jorbs\u0027s Wanderer Trilogy","Koishi","Marisa????????","Minty Spire (QoL Compilation)","Monster B Gone","MostiFishMod","Permanent Neow","Random Character Button","Relic Filter","Relic Stats","Replay The Spire","Spicy Shops","Spire Arcade","StSLib","Td1madao Mod","The Gatherer","Treasure Hunter","Wandering Minibosses","??????REMEMod"],"gold_per_floor":[851,519,535,288,288,288,315,315,366,395,395,421,434,460,460,539,539,558,608,631,656,706,750,775,815,839,839,839,872,163,182,182,271,271,286,286,351,369,383,383,402,462,462,462,795,820,830,860,860,860,860,860,860,-884,-851,-851],"floor_reached":57,"language":"ENG","playtime":2461,"items_purged":[],"score":4842,"play_id":"dc667173-6cb2-48c7-a1fe-370fb81481bf","local_time":"20210218173611","is_ascension_mode":true,"campfire_choices":[{"data":"1","floor":6,"key":"LIFT"},{"data":"2","floor":8,"key":"LIFT"},{"data":"3","floor":15,"key":"LIFT"},{"data":"Twin Teeth","floor":28,"key":"SMITH"},{"data":"Knight Kick","floor":28,"key":"SMITH"},{"data":"Enlightenment","floor":32,"key":"SMITH"},{"data":"Dual Wield","floor":32,"key":"SMITH"},{"data":"Vengeance","floor":40,"key":"SMITH"},{"data":"Crescendo","floor":40,"key":"SMITH"},{"floor":44,"key":"RECALL"},{"data":"A Thousand Cuts","floor":49,"key":"SMITH"},{"data":"Prostrate","floor":49,"key":"SMITH"},{"data":"TH:CursedSword","floor":53,"key":"SMITH"},{"data":"TH:CursedSword","floor":53,"key":"SMITH"}],"circlet_count":0,"master_deck":["AscendersBane","Strike_C","Strike_C","Strike_C","Strike_C","Defend_C","Defend_C","Defend_C","Knight Kick+1","Chip","A Thousand Cuts+1","Sudden Beat","Furious","Black Spear","Three Hit","Awareness+1","Preparedness","Moon Tear","Here Defend Chip+1","Twin Teeth+1","Afterwards","Here Defend Chip+1","TH:Mimic","Mind Blast","E MP","Black Hand","TH:CursedSword","Moon Tear","TH:CursedSword+1","TH:CopperCoins","Floating Swing Kick+1","TH:TreasureMap","E MP","Fire Up","Twin Teeth+1","TH:ArmorSpikes","Three Hit+1","TH:CursedSword","Im Angry+1","Fire Blade+1","Lunge+1","Energy Supply","Black Execution+1","Preloading","Regret","TH:TreasureMap","Black Hand+1","MostiFishMod:#F4004","Headbutt+1","TH:CursedSword","JustLucky+1","TH:CopperCoins","Provocative","stsjorbsmod:PollutedStrike","TH:CopperCoins","Resistance+1","Decay","Pain","conspire:Blindness","Dual Wield+1","Dual Wield","Enlightenment+1","MostiFishMod:CullingBlade+1","ClearTheMind+1","TH:BikiniMail","Ragnarok+1","CutThroughFate+1","Twin Teeth+1","AscendersBane","Strike_C+1","Strike_C+1","Strike_C+1","Strike_C+1","Defend_C","Defend_C","Defend_C","Knight Kick+1","Chip","A Thousand Cuts+1","Sudden Beat+1","Furious+1","Black Spear+1","Three Hit+1","Awareness+1","Preparedness","Moon Tear","Here Defend Chip+1","Twin Teeth+1","Afterwards","Here Defend Chip+1","TH:Mimic","Mind Blast+1","E MP","Black Hand+1","TH:CursedSword","Moon Tear","TH:CursedSword+1","TH:CopperCoins","Floating Swing Kick+1","TH:TreasureMap","E MP","Fire Up","Twin Teeth+1","TH:ArmorSpikes","Three Hit+1","TH:CursedSword","Im Angry+1","Fire Blade+1","Lunge+1","Energy Supply","Black Execution+1","Preloading","Regret","TH:TreasureMap","Black Hand+1","MostiFishMod:#F4004","Headbutt+1","TH:CursedSword","JustLucky+1","TH:CopperCoins","Provocative","stsjorbsmod:PollutedStrike","TH:CopperCoins","Resistance+1","Decay","Pain","conspire:Blindness","Dual Wield+1","Dual Wield","Enlightenment+1","MostiFishMod:CullingBlade+1","ClearTheMind+1","TH:BikiniMail","Ragnarok+1","CutThroughFate+1","Twin Teeth+1","Replay:Hysterical Blindness","Crescendo+1","Vengeance+1","Twin Strike+1","Sword Boomerang+1","Worship+1","Prostrate+1","Replay:Hysterical Blindness","Heavy Blade+1","TH:BikiniMail","betterMatch:CurseCard","Replay:Hysterical Blindness","ClearTheMind+1","TH:BikiniMail","Thunderclap+1","Transfer Energy+1","TH:CursedSword","EmptyFist+1","Heavy Blade+1","Heavy Blade+1","Black Shadow+1","MostiFishMod:Unraveling","True Grit","Transfer Energy+1","TH:BikiniMail","Prostrate+1"],"relics":["Apod","DaveBox","REME_ComplimentaryCards","BirthdayGift-Tetrahedron","Iron Hammer","Torii","BargainBundle","REME_CardOfGreed","Lee\u0027s Waffle","Frozen Egg 2","ReplayTheSpireMod:ShopPack","conspire:GiftBox","Shuriken","Girya","SynthV:TestCard","conspire:TreasureMap","Juzu Bracelet","Chemical X","Toy Ornithopter","Replay:Arrowhead","Regal Pillow","Molten Egg 2","Prayer Wheel","aspiration:StickyExplosives_weak","Akabeko","Runic Dome","Ring of Panic","Ring of Greed","Blue Doll","aspiration:WatcherSkillbook","aspiration:IroncladSkillbook","Vajra","aspiration:SeaSaltIceCream","Replay:Arrowhead","ReplayTheSpireMod:CursedCoin","Ornamental Fan","PreservedInsect","Pear","wanderingMiniBosses:AbyssPearl","Du-Vu Doll","CatCart","MostiFishMod:Haymaker","Kunai","CaptainsWheel","Replay:Bottled Snecko","SynthV:MejaisSoulstealer","ReplayFunnel"],"acts_visited":["Exordium","TheCity","TheBeyond","TheEnding"],"potions_floor_usage":[],"damage_taken":[{"damage":0,"enemies":"conspire:RoseBush","floor":1,"turns":1},{"damage":0,"enemies":"Small Slimes","floor":3,"turns":1},{"damage":4,"enemies":"Replay:BlueRogue","floor":7,"turns":3},{"damage":2,"enemies":"3 Sentries","floor":10,"turns":2},{"damage":2,"enemies":"Lagavulin","floor":12,"turns":2},{"damage":0,"enemies":"Cultist","floor":13,"turns":1},{"damage":0,"enemies":"Replay:BlueRogue","floor":14,"turns":1},{"damage":8,"enemies":"The Guardian","floor":16,"turns":5},{"damage":2,"enemies":"3 Byrds","floor":18,"turns":2},{"damage":2,"enemies":"Shell Parasite","floor":20,"turns":2},{"damage":0,"enemies":"Sentry and Sphere","floor":21,"turns":1},{"damage":4,"enemies":"conspire:SneckoGhost","floor":23,"turns":3},{"damage":2,"enemies":"Snake Plant","floor":24,"turns":1},{"damage":2,"enemies":"REME_1_Revenger","floor":25,"turns":2},{"damage":0,"enemies":"Replay:Snechameleon","floor":29,"turns":1},{"damage":12,"enemies":"conspire:HollyBat","floor":31,"turns":6},{"damage":2,"enemies":"Automaton","floor":33,"turns":2},{"damage":2,"enemies":"3 Darklings","floor":35,"turns":2},{"damage":4,"enemies":"Orin","floor":37,"turns":3},{"damage":1,"enemies":"Orb Walker","floor":38,"turns":1},{"damage":0,"enemies":"Maw","floor":39,"turns":1},{"damage":0,"enemies":"Spire Growth","floor":41,"turns":1},{"damage":0,"enemies":"2 Orb Walkers","floor":42,"turns":1},{"damage":0,"enemies":"R_Hoarder","floor":46,"turns":1},{"damage":0,"enemies":"Writhing Mass","floor":47,"turns":1},{"damage":0,"enemies":"Giant Head","floor":48,"turns":1},{"damage":0,"enemies":"Time Eater","floor":50,"turns":1},{"damage":0,"enemies":"Donu and Deca","floor":51,"turns":1},{"damage":0,"enemies":"Shield and Spear","floor":55,"turns":1},{"damage":32,"enemies":"The Heart","floor":56,"turns":6}],"seed_played":"-1175695331867434893","potions_obtained":[{"floor":1,"key":"Dexterity Potion"}],"is_trial":false,"path_per_floor":["M","$","M","$","?","R","E","R","T","E","?","E","M","E","R_BF","B",null,"M","?","M","M","?","E","M","E","T","?","R","E","$","M","R","B",null,"M","?","?","M","M","R","M","?","T","R","?","E","M","E","R","B","B",null,"R","$","E","B",null],"character_chosen":"TD1MADAO_CLASS","items_purchased":["Iron Hammer","Torii","BargainBundle","REME_CardOfGreed","Sudden Beat","REME_HeartOfCthun","Furious","Lee\u0027s Waffle","Frozen Egg 2","Black Spear","Three Hit","Awareness+1","Preparedness","ReplayTheSpireMod:ShopPack","conspire:GiftBox","Here Defend Chip+1","Twin Teeth","AttackPotion","Shuriken","Afterwards","Girya","Here Defend Chip+1","conspire:TreasureMap","Juzu Bracelet","Chemical X","Black Hand","ReplayTheSpireMod:CursedCoin","Ornamental Fan","PreservedInsect","Pear","Dual Wield","Enlightenment","Heavy Blade+1","Black Shadow+1","MostiFishMod:Unraveling","True Grit","Transfer Energy+1","SynthV:MejaisSoulstealer"],"campfire_rested":0,"item_purchase_floors":[0,0,0,0,0,0,0,0,0,0,0,0,0,0,0,0,0,0,0,0,0,0,2,2,4,4,30,30,30,30,30,30,54,54,54,54,54,54],"current_hp_per_floor":[74,74,74,74,64,64,60,60,60,58,84,83,83,83,83,75,82,80,80,78,78,78,74,76,78,78,78,78,82,92,89,89,93,94,94,94,94,94,94,94,94,94,94,94,94,94,94,94,94,94,94,94,94,94,94,66],"gold":-851,"neow_bonus":"","is_daily":false,"chose_seed":false,"campfire_upgraded":10,"win_rate":0.0,"timestamp":1613687771,"path_taken":["M","$","M","$","?","R","E","R","T","E","?","E","M","E","R_BF","BOSS","M","?","M","M","?","E","M","E","T","?","R","E","$","M","R","BOSS","M","?","?","M","M","R","M","?","T","R","?","E","M","E","R","BOSS","BOSS","R","$","E","BOSS"],"items_purchased_type":["Relic","Relic","Relic","Relic","Card","Card","Card","Relic","Relic","Card","Card","Card","Card","Relic","Relic","Card","Card","Potion","Relic","Card","Relic","Card","Relic","Relic","Relic","Card","Relic","Relic","Relic","Relic","Card","Card","Card","Card","Card","Card","Card","Relic"],"build_version":"2020-12-22","purchased_purges":0,"victory":true,"max_hp_per_floor":[74,74,74,74,74,74,74,74,74,74,84,84,84,84,84,84,84,84,84,84,84,84,84,84,84,84,84,84,84,94,94,94,94,94,94,94,94,94,94,94,94,94,94,94,94,94,94,94,94,94,94,94,94,94,94,94],"relic_stats":{"Lee\u0027s Waffle":14,"Regal Pillow":0,"Torii":0,"counters":[123,389],"PreservedInsect":316,"Juzu Bracelet":4,"Shuriken":[20],"Ornamental Fan":[52],"Prayer Wheel":11,"Chemical X":[20],"Kunai":[5],"obtain_stats":[{"Replay:Accelerometer":4,"Whetstone":12,"Boot":19,"Sling":38,"Old Coin":0,"conspire:GlowingRock":41,"Sundial":34,"MealTicket":10,"Necronomicon":16,"Replay:Bottled Flurry":29,"HandDrill":39,"Kunai":43,"Replay:Wax Seal":23,"Cola":33,"conspire:TreasureMap":0,"Pear":6,"SynthV:MejaisSoulstealer":54,"Eternal Feather":45,"Pen Nib":41,"REME_LimitBreaker":31,"Akabeko":0,"aspiration:IroncladSkillbook":23,"Runic Dome":17,"MutagenicStrength":19,"BionicSphere":0,"Pandora\u0027s Box":17,"StrikeDummy":55,"aspiration:Lifesprig":54,"Lantern":41,"Regal Pillow":7,"DaveBox":0,"Torii":0,"DianPoetry":8,"Blue Doll":19,"wanderingMiniBosses:AbyssPearl":19,"Ancient Tea Set":47,"Smiling Mask":13,"Pet Ghost":12,"Replay:Rubber Ducky":7,"WingedGreaves":34,"Chemical X":11,"Ring of Panic":19,"BirthdayGift-Tetrahedron":45,"Lee\u0027s Waffle":0,"NeowsBlessing":0,"Golden Idol":19,"Damaru":9,"The Courier":35,"BrkXgEgg":0,"PreservedInsect":30,"Omamori":48,"infinitespire:CheckeredPen":50,"Ring of Greed":19,"Frozen Egg 2":0,"GoldenEye":6,"Replay:Arrowhead":0,"sneckomod:BabySnecko":24,"HaiYi:Twilight":19,"Ornamental Fan":46,"Orrery":0,"REME_HandOfSuture":34,"Turnip":51,"Bottled Lightning":43,"Apod":8,"conspire:DeflatedDodgeball":44,"Toy Ornithopter":33,"REME_ComplimentaryCards":0,"aspiration:Stellarator":45,"CeramicFish":0,"Vajra":24,"TH:Strongbox":0,"EVO:Axolotl":0,"Sozu":17,"Centennial Puzzle":8,"DollysMirror":39,"Strawberry":7,"Philosopher\u0027s Stone":34,"Prayer Wheel":10,"Iron Hammer":0,"Toxic Egg 2":0,"Girya":50,"wanderingMiniBosses:ThiefScarf":30,"ReplayTheSpireMod:CursedCoin":30,"Oddly Smooth Stone":0,"conspire:SlowCooker":48,"infinitespire:Beetle Shell":55,"aspiration:SeaSaltIceCream":6,"War Paint":13,"Du-Vu Doll":34,"conspire:GiftBox":0,"Shuriken":35,"Bronze Scales":26,"ChiXiaoBlade":38,"Molten Egg 2":43,"infinitespire:EmpoweringShard":46,"Nloth\u0027s Gift":20,"ReplayTheSpireMod:TigerMarble":43,"CatCart":37,"ReplayFunnel":55,"bronze:BronzeCore":0,"Replay:PocketPolymizer":17,"MostiFishMod:Haymaker":6,"Juzu Bracelet":0,"TeardropLocket":0,"ClockworkSouvenir":37,"aspiration:StickyExplosives_weak":12,"Chameleon Ring":26,"Mummified Hand":27,"Red Mask":20,"Replay:Bottled Snecko":39,"BargainBundle":0,"ReplayTheSpireMod:Ninjato":0,"aspiration:RunicSpoon":51,"ShadowXiaoBlade":17,"infinitespire:FocusingShard":31,"aspiration:HummingbirdHeart":48,"Lsj Skin":9,"Orichalcum":37,"White Beast Statue":47,"Calling Bell":34,"Anchor":19,"CaptainsWheel":46,"SynthV:TestCard":1,"infinitespire:WardingShard":9,"wanderingMiniBosses:CarrionFlame":35,"aspiration:WatcherSkillbook":23,"ChewingGum":17,"Bag of Marbles":39,"Membership Card":0,"REME_CardOfGreed":39,"aspiration:RitualDagger":47,"TungstenRod":12,"FossilizedHelix":31,"ReplayTheSpireMod:ShopPack":0},{"Replay:Accelerometer":70,"Whetstone":23,"Boot":9,"Sling":11,"Old Coin":0,"conspire:GlowingRock":60,"Sundial":59,"MealTicket":22,"Necronomicon":75,"Replay:Bottled Flurry":81,"HandDrill":85,"Kunai":116,"Replay:Wax Seal":79,"Cola":58,"conspire:TreasureMap":67,"Pear":3,"SynthV:MejaisSoulstealer":121,"Eternal Feather":61,"Pen Nib":12,"REME_LimitBreaker":57,"Akabeko":16,"aspiration:IroncladSkillbook":105,"Runic Dome":101,"MutagenicStrength":27,"BionicSphere":67,"Pandora\u0027s Box":50,"StrikeDummy":92,"aspiration:Lifesprig":41,"Lantern":60,"Regal Pillow":96,"DaveBox":0,"Torii":93,"DianPoetry":48,"Blue Doll":102,"wanderingMiniBosses:AbyssPearl":77,"Ancient Tea Set":14,"Smiling Mask":24,"Pet Ghost":73,"Replay:Rubber Ducky":72,"WingedGreaves":59,"Chemical X":73,"Ring of Panic":102,"BirthdayGift-Tetrahedron":116,"Lee\u0027s Waffle":93,"NeowsBlessing":0,"Golden Idol":102,"Damaru":21,"The Courier":59,"BrkXgEgg":67,"PreservedInsect":108,"Omamori":39,"infinitespire:CheckeredPen":65,"Ring of Greed":102,"Frozen Egg 2":43,"GoldenEye":20,"Replay:Arrowhead":67,"sneckomod:BabySnecko":79,"HaiYi:Twilight":9,"Ornamental Fan":62,"Orrery":16,"REME_HandOfSuture":59,"Turnip":66,"Bottled Lightning":12,"Apod":48,"conspire:DeflatedDodgeball":13,"Toy Ornithopter":58,"REME_ComplimentaryCards":0,"aspiration:Stellarator":61,"CeramicFish":67,"Vajra":106,"TH:Strongbox":43,"EVO:Axolotl":0,"Sozu":8,"Centennial Puzzle":4,"DollysMirror":85,"Strawberry":72,"Philosopher\u0027s Stone":32,"Prayer Wheel":97,"Iron Hammer":93,"Toxic Egg 2":43,"Girya":65,"wanderingMiniBosses:ThiefScarf":57,"ReplayTheSpireMod:CursedCoin":108,"Oddly Smooth Stone":67,"conspire:SlowCooker":39,"infinitespire:Beetle Shell":42,"aspiration:SeaSaltIceCream":3,"War Paint":49,"Du-Vu Doll":110,"conspire:GiftBox":93,"Shuriken":59,"Bronze Scales":55,"ChiXiaoBlade":11,"Molten Egg 2":37,"infinitespire:EmpoweringShard":62,"Nloth\u0027s Gift":77,"ReplayTheSpireMod:TigerMarble":85,"CatCart":112,"ReplayFunnel":122,"bronze:BronzeCore":0,"Replay:PocketPolymizer":75,"MostiFishMod:Haymaker":47,"Juzu Bracelet":16,"TeardropLocket":16,"ClockworkSouvenir":34,"aspiration:StickyExplosives_weak":98,"Chameleon Ring":79,"Mummified Hand":55,"Red Mask":53,"Replay:Bottled Snecko":85,"BargainBundle":93,"ReplayTheSpireMod:Ninjato":67,"aspiration:RunicSpoon":66,"ShadowXiaoBlade":26,"infinitespire:FocusingShard":58,"aspiration:HummingbirdHeart":65,"Lsj Skin":73,"Orichalcum":34,"White Beast Statue":63,"Calling Bell":59,"Anchor":52,"CaptainsWheel":117,"SynthV:TestCard":1,"infinitespire:WardingShard":4,"wanderingMiniBosses:CarrionFlame":33,"aspiration:WatcherSkillbook":105,"ChewingGum":75,"Bag of Marbles":60,"Membership Card":43,"REME_CardOfGreed":60,"aspiration:RitualDagger":63,"TungstenRod":23,"FossilizedHelix":57,"ReplayTheSpireMod:ShopPack":93},{"Replay:Accelerometer":266,"Whetstone":85,"Boot":32,"Sling":47,"Old Coin":0,"conspire:GlowingRock":219,"Sundial":217,"MealTicket":83,"Necronomicon":283,"Replay:Bottled Flurry":298,"HandDrill":311,"Kunai":377,"Replay:Wax Seal":294,"Cola":210,"conspire:TreasureMap":256,"Pear":3,"SynthV:MejaisSoulstealer":382,"Eternal Feather":224,"Pen Nib":52,"REME_LimitBreaker":206,"Akabeko":68,"aspiration:IroncladSkillbook":356,"Runic Dome":348,"MutagenicStrength":101,"BionicSphere":256,"Pandora\u0027s Box":179,"StrikeDummy":329,"aspiration:Lifesprig":141,"Lantern":219,"Regal Pillow":337,"DaveBox":0,"Torii":332,"DianPoetry":164,"Blue Doll":350,"wanderingMiniBosses:AbyssPearl":289,"Ancient Tea Set":58,"Smiling Mask":88,"Pet Ghost":275,"Replay:Rubber Ducky":273,"WingedGreaves":217,"Chemical X":275,"Ring of Panic":350,"BirthdayGift-Tetrahedron":377,"Lee\u0027s Waffle":332,"NeowsBlessing":0,"Golden Idol":350,"Damaru":80,"The Courier":217,"BrkXgEgg":256,"PreservedInsect":360,"Omamori":136,"infinitespire:CheckeredPen":243,"Ring of Greed":350,"Frozen Egg 2":146,"GoldenEye":78,"Replay:Arrowhead":256,"sneckomod:BabySnecko":294,"HaiYi:Twilight":32,"Ornamental Fan":228,"Orrery":68,"REME_HandOfSuture":217,"Turnip":250,"Bottled Lightning":52,"Apod":164,"conspire:DeflatedDodgeball":55,"Toy Ornithopter":210,"REME_ComplimentaryCards":0,"aspiration:Stellarator":224,"CeramicFish":256,"Vajra":357,"TH:Strongbox":146,"EVO:Axolotl":0,"Sozu":27,"Centennial Puzzle":6,"DollysMirror":311,"Strawberry":273,"Philosopher\u0027s Stone":117,"Prayer Wheel":339,"Iron Hammer":332,"Toxic Egg 2":146,"Girya":243,"wanderingMiniBosses:ThiefScarf":206,"ReplayTheSpireMod:CursedCoin":360,"Oddly Smooth Stone":256,"conspire:SlowCooker":136,"infinitespire:Beetle Shell":144,"aspiration:SeaSaltIceCream":3,"War Paint":171,"Du-Vu Doll":368,"conspire:GiftBox":332,"Shuriken":217,"Bronze Scales":195,"ChiXiaoBlade":47,"Molten Egg 2":130,"infinitespire:EmpoweringShard":228,"Nloth\u0027s Gift":289,"ReplayTheSpireMod:TigerMarble":311,"CatCart":373,"ReplayFunnel":383,"bronze:BronzeCore":0,"Replay:PocketPolymizer":283,"MostiFishMod:Haymaker":163,"Juzu Bracelet":68,"TeardropLocket":68,"ClockworkSouvenir":123,"aspiration:StickyExplosives_weak":341,"Chameleon Ring":294,"Mummified Hand":195,"Red Mask":188,"Replay:Bottled Snecko":311,"BargainBundle":332,"ReplayTheSpireMod:Ninjato":256,"aspiration:RunicSpoon":250,"ShadowXiaoBlade":97,"infinitespire:FocusingShard":210,"aspiration:HummingbirdHeart":243,"Lsj Skin":275,"Orichalcum":123,"White Beast Statue":235,"Calling Bell":217,"Anchor":186,"CaptainsWheel":378,"SynthV:TestCard":1,"infinitespire:WardingShard":6,"wanderingMiniBosses:CarrionFlame":121,"aspiration:WatcherSkillbook":356,"ChewingGum":283,"Bag of Marbles":219,"Membership Card":146,"REME_CardOfGreed":219,"aspiration:RitualDagger":235,"TungstenRod":85,"FossilizedHelix":206,"ReplayTheSpireMod:ShopPack":332}],"Toy Ornithopter":0},"card_choices":[{"not_picked":["Format All Data","Overclocking"],"picked":"Moon Tear","floor":0},{"not_picked":["Midas Touch","Sadistic Nature"],"picked":"TH:Mimic","floor":0},{"not_picked":["Violence","REME_ProfessionalPlagiarism"],"picked":"Mind Blast","floor":0},{"not_picked":["REME_TheoryOfElimination","Replay:Sssssssssshield"],"picked":"TH:DeckOfManyThings","floor":0},{"not_picked":["Gravity Defend","Three Hit"],"picked":"E MP","floor":1},{"not_picked":["Oblique Hack","Defend System+1","Sub Weapons","Lore","White Contract"],"picked":"SKIP","floor":3},{"not_picked":["TH:CopperCoins","TH:PixieDust","TH:TreasureMap"],"picked":"TH:CursedSword","floor":7},{"not_picked":["Reflection Mechanism","Black Hand","Gravity Defend","Cooling Song"],"picked":"Moon Tear","floor":7},{"not_picked":["TH:PixieDust","TH:TreasureMap","TH:DeckOfManyThings"],"picked":"TH:CursedSword","floor":9},{"not_picked":["TH:ElvenBoots","TH:Mimic","TH:TreasureMap"],"picked":"TH:CopperCoins","floor":10},{"not_picked":["Transfer Energy+1","Sudden Beat+1","Pod Fire+1","Lunge+1"],"picked":"Floating Swing Kick+1","floor":10},{"not_picked":["TH:PixieDust","TH:ElvenBoots","TH:CopperCoins"],"picked":"TH:TreasureMap","floor":12},{"not_picked":["Lore+1","Judgment+1","Machining","Sudden Beat+1"],"picked":"E MP","floor":12},{"not_picked":["Cooling Song","Furious+1","Fixing","Preloading"],"picked":"Fire Up","floor":13},{"not_picked":["Awareness+1","Provocative","Black Execution+1","Black Shadow+1"],"picked":"Twin Teeth+1","floor":13},{"not_picked":["TH:PixieDust","TH:ElvenBoots","TH:Mimic"],"picked":"TH:ArmorSpikes","floor":14},{"not_picked":["Fixing","Bugfix","Rupture+1","Floating Swing Kick+1"],"picked":"Three Hit+1","floor":14},{"not_picked":["TH:ArmorSpikes","TH:Mimic","TH:TreasureMap"],"picked":"TH:CursedSword","floor":16},{"not_picked":["Optimization","Format All Data","Furious+1","Data Freezing"],"picked":"Im Angry+1","floor":16},{"not_picked":["Provocative","Bugfix","Machining","Black Execution+1"],"picked":"Fire Blade+1","floor":18},{"not_picked":["Light Attack+1","Awareness+1","Lunge+1","Provocative","Rupture+1"],"picked":"SKIP","floor":18},{"not_picked":["Rupture+1","Revenge+1","Provocative","Pod Fire+1"],"picked":"Lunge+1","floor":20},{"not_picked":["Black Shadow+1","Furious+1","Provocative+1","Fire Up+1"],"picked":"Energy Supply","floor":20},{"not_picked":["Cursed Blade+1","Here Defend Chip+1","Preloading","Black Shadow+1"],"picked":"Black Execution+1","floor":21},{"not_picked":["Black Execution+1","Black Shadow+1","Oblique Hack+1","Provocative"],"picked":"Preloading","floor":21},{"not_picked":["TH:DeckOfManyThings","TH:ElvenBoots","TH:PixieDust"],"picked":"TH:TreasureMap","floor":23},{"not_picked":["Judgment+1","Provocative+1","Paralysis","Awareness+1"],"picked":"Black Hand+1","floor":23},{"not_picked":["Machining","E MP","MostiFishMod:OrdinaryWorld+1","ReplayTheSpireMod:Stacked","Sudden Beat+1","ReplayTheSpireMod:Strike From Hell+1"],"picked":"MostiFishMod:#F4004","floor":24},{"not_picked":["BattleHymn+1","Lunge+1","Replay:Battleflow","Adaptation+1","Weave+1","WindmillStrike+1"],"picked":"Headbutt+1","floor":24},{"not_picked":["TH:ElvenBoots","TH:Mimic","TH:ArmorSpikes","TH:PixieDust","TH:EnergyPotion"],"picked":"TH:CursedSword","floor":25},{"not_picked":["Sever Soul+1","MostiFishMod:Minus","Cooling Song+1","MostiFishMod:StarHerder+1","Sub Weapons","Evolve+1"],"picked":"JustLucky+1","floor":25},{"not_picked":["TH:Mimic","TH:PixieDust","TH:TreasureMap","TH:ArmorSpikes","TH:EnergyPotion"],"picked":"TH:CopperCoins","floor":26},{"not_picked":["TH:DeckOfManyThings","TH:Mimic","TH:TreasureMap","TH:BikiniMail","TH:ElvenBoots"],"picked":"TH:CopperCoins","floor":29},{"not_picked":["REME_Scribble","Reckless Charge+1","Ghostly Armor","Machining","Floating Swing Kick+1","WindmillStrike+1"],"picked":"Resistance+1","floor":29},{"not_picked":["Prostrate","Here Defend Chip+1","ReplayTheSpireMod:Limb From Limb+1","Provocative","New Defend Magic","Disarm"],"picked":"MostiFishMod:CullingBlade+1","floor":31},{"not_picked":["Thunderclap+1","Iron Wave+1","Perfected Strike+1","FlyingSleeves+1","CrushJoints+1","Cleave+1"],"picked":"ClearTheMind+1","floor":31},{"not_picked":["TH:CopperCoins","TH:Mimic","TH:ElvenBoots","TH:PixieDust","TH:EnergyPotion"],"picked":"TH:BikiniMail","floor":33},{"not_picked":["Data Freezing","Juggernaut+1","Demon Form+1","Backup","MostiFishMod:DisColor","MostiFishMod:OutWit+1"],"picked":"Ragnarok+1","floor":33},{"not_picked":["Replay:AtTheReady","Clothesline+1","Awareness+1","Black Execution+1","Headbutt+1","Protect"],"picked":"CutThroughFate+1","floor":35},{"not_picked":["True Grit","MostiFishMod:Nomercy+1","WheelKick+1","REME_Scribble","Clothesline+1","MostiFishMod:Clarity"],"picked":"Twin Teeth+1","floor":35},{"not_picked":["Body Slam+1","Afterwards+1","Sub Weapons","Anger+1","Replay:Undeath\u0027s Touch+1","BowlingBash+1"],"picked":"Crescendo","floor":37},{"not_picked":["ReachHeaven+1","Adaptation+1","Oblique Hack+1","Replay:Undeath\u0027s Touch+1","Wallop+1","Thunder Jump+1"],"picked":"Vengeance","floor":38},{"not_picked":["Clash+1","Flex+1","New Defend Magic","Weave+1","Wild Strike+1","Consecrate+1","Halt+1"],"picked":"SKIP","floor":38},{"not_picked":["Replay:Undeath\u0027s Touch+1","Lunge+1","Body Slam+1","FlurryOfBlows+1","Oblique Hack+1","Anger+1"],"picked":"Twin Strike+1","floor":39},{"not_picked":["Carnage+1","Body Slam+1","Provocative","Replay:Undeath\u0027s Touch+1","MostiFishMod:Mania+1","Dark Embrace+1"],"picked":"Sword Boomerang+1","floor":39},{"not_picked":["BowlingBash+1","Clash+1","SandsOfTime+1","Twin Strike+1","Fixing+1","Oblique Hack+1"],"picked":"Worship+1","floor":41},{"not_picked":["Study+1","CutThroughFate+1","ReplayTheSpireMod:Limb From Limb+1","Reinforcement Parts","Clothesline+1","Break Into"],"picked":"Prostrate","floor":41},{"not_picked":["Cleave+1","DevaForm+1","ReplayTheSpireMod:Corrosion Curse","True Grit","PathToVictory","Twin Teeth+1"],"picked":"Heavy Blade+1","floor":42},{"not_picked":["TH:PixieDust","TH:CopperCoins","TH:TreasureMap","TH:ArmorSpikes","TH:EnergyPotion"],"picked":"TH:BikiniMail","floor":43},{"not_picked":["ReplayTheSpireMod:Stacked+1","Here Defend Chip+1","Lore+1","Replay:Undeath\u0027s Touch+1","WaveOfTheHand","Bugfix+1"],"picked":"ClearTheMind+1","floor":46},{"not_picked":["TH:ElvenBoots","TH:TreasureMap","TH:EnergyPotion","TH:CopperCoins","TH:ArmorSpikes"],"picked":"TH:BikiniMail","floor":46},{"not_picked":["Clash+1","Shrug It Off+1","Fire Breathing+1","Sudden Beat+1","Heavy Blade+1","Spot Weakness"],"picked":"Thunderclap+1","floor":47},{"not_picked":["Run Through+1","PathToVictory","MostiFishMod:Nomercy+1","Black Hand+1","Black Shadow+1","Perfect Defend+1"],"picked":"Transfer Energy+1","floor":47},{"not_picked":["TH:TreasureMap","TH:DeckOfManyThings","TH:ElvenBoots","TH:CopperCoins","TH:PixieDust"],"picked":"TH:CursedSword","floor":48},{"not_picked":["Run Through+1","Power Through","Bugfix+1","MostiFishMod:BrandingRite","Money Cant Rescue+1","Combust+1"],"picked":"EmptyFist+1","floor":48},{"not_picked":["TH:ArmorSpikes","TH:PixieDust","TH:ElvenBoots","TH:EnergyPotion","TH:DeckOfManyThings"],"picked":"TH:BikiniMail","floor":55},{"not_picked":["FlyingSleeves+1","ReplayReversal","ReplayTheSpireMod:Muscle Training","WreathOfFlame","WheelKick+1","SandsOfTime+1"],"picked":"Prostrate+1","floor":55}],"player_experience":588832,"relics_obtained":[{"floor":1,"key":"SynthV:TestCard"},{"floor":7,"key":"Regal Pillow"},{"floor":9,"key":"Molten Egg 2"},{"floor":10,"key":"Prayer Wheel"},{"floor":12,"key":"aspiration:StickyExplosives_weak"},{"floor":14,"key":"Akabeko"},{"floor":19,"key":"Ring of Panic"},{"floor":19,"key":"Ring of Greed"},{"floor":19,"key":"Golden Idol"},{"floor":19,"key":"Blue Doll"},{"floor":23,"key":"aspiration:IroncladSkillbook"},{"floor":26,"key":"aspiration:SeaSaltIceCream"},{"floor":31,"key":"wanderingMiniBosses:AbyssPearl"},{"floor":37,"key":"CatCart"},{"floor":42,"key":"MostiFishMod:Haymaker"},{"floor":43,"key":"Kunai"},{"floor":46,"key":"CaptainsWheel"},{"floor":48,"key":"Replay:Bottled Snecko"},{"floor":55,"key":"ReplayFunnel"}],"event_choices":[{"damage_healed":0,"gold_gain":1,"player_choice":"Relic Relic ","damage_taken":10,"max_hp_gain":0,"max_hp_loss":0,"event_name":"betterThird:BetterScrap","floor":5,"gold_loss":0,"cards_obtained":["Phantasmal Killer"]},{"cards_removed":["TH:DeckOfManyThings"],"damage_healed":16,"gold_gain":0,"player_choice":"Offered Rare","damage_taken":0,"max_hp_gain":10,"max_hp_loss":0,"event_name":"Bonfire Elementals","floor":11,"gold_loss":0},{"damage_healed":0,"gold_gain":50,"player_choice":"Steal","damage_taken":0,"max_hp_gain":0,"max_hp_loss":0,"event_name":"betterThird:BetterNest","floor":22,"gold_loss":0},{"damage_healed":0,"gold_gain":0,"cards_transformed":["Defend_C"],"player_choice":"Transformed","damage_taken":0,"max_hp_gain":0,"max_hp_loss":0,"event_name":"Transmorgrifier","floor":27,"gold_loss":0,"cards_obtained":["Provocative"]},{"damage_healed":0,"gold_gain":0,"player_choice":"Fight","damage_taken":0,"max_hp_gain":0,"max_hp_loss":0,"event_name":"OrinTheCat","floor":37,"gold_loss":0},{"damage_healed":0,"gold_gain":0,"player_choice":"Fight","damage_taken":0,"max_hp_gain":0,"max_hp_loss":0,"event_name":"Mysterious Sphere","floor":42,"gold_loss":0},{"damage_healed":0,"gold_gain":333,"player_choice":"Gave Idol","damage_taken":0,"max_hp_gain":0,"max_hp_loss":0,"event_name":"The Moai Head","floor":45,"relics_lost":["Golden Idol"],"gold_loss":0}],"is_beta":false,"boss_relics":[{"not_picked":["MoonlightInvasionPlan","Astrolabe"],"picked":"Runic Dome"},{"not_picked":["aspiration:FutureDiary","REME_DemonsWealth","Runic Pyramid"]}],"items_purged_floors":[],"is_endless":false,"potions_floor_spawned":[1,3,10,23,25,31,33,39,41,46,47,48],"ascension_level":20,"is_humility":true}}