{"host":"vex7walpoxzv48nx","time":1613672905,"event":{"mods":["AchievementEnabler","BaseMod","Highlight Path","Minty Spire (QoL Compilation)","Permanent Neow","Quick Restart","StSLib","UnlockEverythingMod"],"gold_per_floor":[116,116,133,152,77,77,111,128,128,203,203,203,231,29,29,105,105,120,136,147,197,197,197,27,53,53,71,0,49,65,93,93,168,218,229,243,261,11,11,11,23,23,23,23,51,63,77,111,111,111,111],"floor_reached":50,"language":"ENG","playtime":5514,"items_purged":["Strike_G","Strike_G","Strike_G"],"score":1150,"play_id":"d44e79c1-a6cb-4a38-8cd7-15085d042b5a","local_time":"20210218192825","is_ascension_mode":true,"campfire_choices":[{"data":"Glass Knife","floor":6.0,"key":"SMITH"},{"floor":12.0,"key":"REST"},{"data":"Noxious Fumes","floor":15.0,"key":"SMITH"},{"floor":23.0,"key":"REST"},{"floor":32.0,"key":"REST"},{"data":"Dagger Spray","floor":40,"key":"SMITH"},{"data":"Corpse Explosion","floor":42,"key":"SMITH"},{"floor":49,"key":"RECALL"}],"circlet_count":0,"master_deck":["AscendersBane","Strike_G+1","Strike_G","Defend_G","Defend_G+1","Defend_G","Defend_G","Defend_G","Survivor","Neutralize","Glass Knife+1","Noxious Fumes+1","Dagger Throw+1","PiercingWail","Poisoned Stab","Adrenaline","PiercingWail","Backflip","Well Laid Plans+1","Adrenaline","Dagger Spray+1","Footwork+1","Noxious Fumes+1","Backflip","Backflip","After Image+1","Sucker Punch+1","Caltrops+1","Corpse Explosion+1","Catalyst"],"relics":["Ring of the Snake","Blood Vial","Ninja Scroll","Frozen Egg 2","Membership Card","Sozu","Enchiridion","DollysMirror","Whetstone","Mummified Hand","PreservedInsect","Orichalcum","Tiny House","TwistedFunnel","Lantern","Question Card","Bottled Flame"],"acts_visited":["Exordium","TheCity","TheBeyond"],"potions_floor_usage":[],"damage_taken":[{"damage":3.0,"enemies":"Small Slimes","floor":1.0,"turns":4.0},{"damage":5.0,"enemies":"2 Louse","floor":3.0,"turns":3.0},{"damage":1.0,"enemies":"Jaw Worm","floor":4.0,"turns":2.0},{"damage":31.0,"enemies":"Gremlin Nob","floor":7.0,"turns":4.0},{"damage":0.0,"enemies":"Blue Slaver","floor":8.0,"turns":3.0},{"damage":7.0,"enemies":"3 Sentries","floor":13.0,"turns":6.0},{"damage":9.0,"enemies":"Slime Boss","floor":16.0,"turns":8.0},{"damage":11.0,"enemies":"Spheric Guardian","floor":18.0,"turns":4.0},{"damage":3.0,"enemies":"3 Byrds","floor":19.0,"turns":5.0},{"damage":6.0,"enemies":"3 Cultists","floor":20.0,"turns":6.0},{"damage":10.0,"enemies":"Book of Stabbing","floor":25.0,"turns":4.0},{"damage":9.0,"enemies":"Sentry and Sphere","floor":27.0,"turns":4.0},{"damage":11.0,"enemies":"Snake Plant","floor":30.0,"turns":4.0},{"damage":0.0,"enemies":"Gremlin Leader","floor":31.0,"turns":3.0},{"damage":25,"enemies":"Automaton","floor":33,"turns":10},{"damage":0,"enemies":"3 Shapes","floor":35,"turns":5},{"damage":2,"enemies":"3 Darklings","floor":36,"turns":6},{"damage":0,"enemies":"Maw","floor":37,"turns":8},{"damage":0,"enemies":"Sphere and 2 Shapes","floor":41,"turns":6},{"damage":11,"enemies":"Reptomancer","floor":45,"turns":4},{"damage":6,"enemies":"3 Darklings","floor":46,"turns":2},{"damage":15,"enemies":"Spire Growth","floor":47,"turns":5},{"damage":4,"enemies":"Nemesis","floor":48,"turns":7},{"damage":61,"enemies":"Time Eater","floor":50,"turns":7}],"seed_played":"-3943511965805893931","potions_obtained":[{"floor":1.0,"key":"CultistPotion"},{"floor":7.0,"key":"Strength Potion"},{"floor":13.0,"key":"Block Potion"},{"floor":16.0,"key":"ColorlessPotion"}],"is_trial":false,"path_per_floor":["M","?","M","M","?","R","E","M","T","?","?","R","E","$","R","B",null,"M","M","M","?","?","R","$","E","T","M","$","T","M","E","R","B",null,"M","M","M","$","?","R","M","R","T","?","E","M","M","E","R","B"],"character_chosen":"THE_SILENT","items_purchased":["Membership Card","Well Laid Plans+1","DollysMirror","Noxious Fumes+1","Backflip","TwistedFunnel","Lantern","Caltrops+1"],"campfire_rested":3,"item_purchase_floors":[14,24,24,28,28,38,38,38],"current_hp_per_floor":[56,61,56,55,55,55,24,26,26,15,15,36,31,31,31,24,59,50,49,45,45,24,45,45,37,37,30,30,30,21,23,44,21,64,66,66,68,68,68,68,70,70,70,70,61,57,44,42,42,0,0],"gold":111,"neow_bonus":"THREE_RARE_CARDS","is_daily":false,"chose_seed":false,"campfire_upgraded":4,"win_rate":0.0,"timestamp":1613672905,"path_taken":["M","?","M","M","?","R","E","M","T","?","?","R","E","$","R","BOSS","M","M","M","?","?","R","?","E","T","M","$","?","?","E","R","BOSS","M","M","M","$","?","R","M","R","T","?","E","M","M","E","R","BOSS"],"items_purchased_type":["Relic","Card","Relic","Card","Card","Relic","Relic","Card"],"build_version":"2020-12-22","purchased_purges":3,"victory":false,"max_hp_per_floor":[66,71,71,71,71,71,71,71,71,71,71,71,71,71,71,71,71,71,71,71,71,71,71,71,71,71,71,71,71,71,71,71,71,76,76,76,76,76,72,72,72,72,72,72,72,72,72,72,72,72,72],"card_choices":[{"not_picked":["Unload","Grand Finale"],"picked":"Glass Knife","floor":0.0},{"not_picked":["Dodge and Roll","Deflect"],"picked":"Noxious Fumes","floor":1.0},{"not_picked":["Cloak And Dagger","Endless Agony"],"picked":"Dagger Throw","floor":3.0},{"not_picked":["Distraction","Bane"],"picked":"PiercingWail","floor":4.0},{"not_picked":["Backflip","Acrobatics","Tactician"],"picked":"SKIP","floor":7.0},{"not_picked":["Quick Slash","Endless Agony"],"picked":"Poisoned Stab","floor":8.0},{"not_picked":["Flying Knee","Backflip","Dodge and Roll"],"picked":"SKIP","floor":13.0},{"not_picked":["Burst","Die Die Die"],"picked":"Adrenaline","floor":16.0},{"not_picked":["Outmaneuver","Dodge and Roll"],"picked":"PiercingWail","floor":18.0},{"not_picked":["Blur","Dodge and Roll+1","Underhanded Strike+1"],"picked":"SKIP","floor":19.0},{"not_picked":["Deadly Poison","Heel Hook"],"picked":"Backflip","floor":20.0},{"not_picked":["Dagger Throw+1","Concentrate"],"picked":"Dagger Spray","floor":25.0},{"not_picked":["Eviscerate","Deadly Poison"],"picked":"Footwork+1","floor":27.0},{"not_picked":["Escape Plan","Poisoned Stab"],"picked":"Backflip","floor":30.0},{"not_picked":["Slice","Distraction","Quick Slash"],"picked":"SKIP","floor":31.0},{"not_picked":["Venomology","Malaise"],"picked":"After Image+1","floor":33},{"not_picked":["Flying Knee+1","Outmaneuver"],"picked":"Sucker Punch+1","floor":35},{"not_picked":["Backflip","Quick Slash","Slice"],"picked":"SKIP","floor":36},{"not_picked":["Backflip","Quick Slash","Slice"],"picked":"SKIP","floor":36},{"not_picked":["Outmaneuver+1","Backflip","Prepared"],"picked":"SKIP","floor":37},{"not_picked":["Outmaneuver+1","Concentrate"],"picked":"Corpse Explosion","floor":41},{"not_picked":["Eviscerate","Underhanded Strike","Flying Knee"],"picked":"SKIP","floor":45},{"not_picked":["Slice","Backflip","Deflect","Sucker Punch"],"picked":"SKIP","floor":46},{"not_picked":["Deadly Poison+1","Skewer","Dagger Throw+1"],"picked":"Catalyst","floor":47},{"not_picked":["Accuracy+1","Heel Hook","Riddle With Holes+1","Acrobatics"],"picked":"SKIP","floor":48}],"player_experience":197068,"relics_obtained":[{"floor":7.0,"key":"Blood Vial"},{"floor":9.0,"key":"Ninja Scroll"},{"floor":13.0,"key":"Frozen Egg 2"},{"floor":22.0,"key":"Enchiridion"},{"floor":25.0,"key":"Whetstone"},{"floor":26.0,"key":"Mummified Hand"},{"floor":29.0,"key":"PreservedInsect"},{"floor":31.0,"key":"Orichalcum"},{"floor":45,"key":"Question Card"},{"floor":48,"key":"Bottled Flame"}],"event_choices":[{"damage_healed":0.0,"max_hp_gain":5.0,"max_hp_loss":0.0,"gold_gain":0.0,"event_name":"Big Fish","player_choice":"Donut","floor":2.0,"gold_loss":0.0,"damage_taken":0.0},{"cards_removed":["Decay"],"damage_healed":0.0,"max_hp_gain":0.0,"max_hp_loss":0.0,"gold_gain":0.0,"event_name":"The Cleric","player_choice":"Card Removal","floor":5.0,"gold_loss":75.0,"damage_taken":0.0},{"damage_healed":0.0,"max_hp_gain":0.0,"max_hp_loss":0.0,"gold_gain":75.0,"event_name":"World of Goop","player_choice":"Gather Gold","floor":10.0,"gold_loss":0.0,"damage_taken":11.0},{"damage_healed":0.0,"max_hp_gain":0.0,"max_hp_loss":0.0,"gold_gain":0.0,"event_name":"Shining Light","player_choice":"Ignored","floor":11.0,"gold_loss":0.0,"damage_taken":0.0},{"damage_healed":0.0,"max_hp_gain":0.0,"max_hp_loss":0.0,"gold_gain":50.0,"event_name":"Nest","player_choice":"Stole From Cult","floor":21.0,"gold_loss":0.0,"damage_taken":0.0},{"damage_healed":0.0,"max_hp_gain":0.0,"max_hp_loss":0.0,"gold_gain":0.0,"event_name":"Cursed Tome","player_choice":"Obtained Book","floor":22.0,"gold_loss":0.0,"damage_taken":21.0},{"damage_healed":0,"gold_gain":0,"player_choice":"Max HP","damage_taken":0,"max_hp_gain":0,"max_hp_loss":4,"event_name":"Winding Halls","floor":39,"gold_loss":0},{"damage_healed":0,"gold_gain":0,"player_choice":"0 cards matched","damage_taken":0,"max_hp_gain":0,"max_hp_loss":0,"event_name":"Match and Keep!","floor":44,"gold_loss":0,"cards_obtained":[]}],"is_beta":false,"boss_relics":[{"not_picked":["Coffee Dripper","Calling Bell"],"picked":"Sozu"},{"not_picked":["Snecko Eye","Cursed Key"],"picked":"Tiny House"}],"items_purged_floors":[14,24,38],"is_endless":false,"potions_floor_spawned":[1,7,13,16,20,25,30,37,41,46],"killed_by":"Time Eater","ascension_level":20}}