{"host":"js2su9tbbk4rmjfl","time":1613683827,"event":{"mods":["AchievementEnabler","BaseMod","Block Reminder","Colored Map","Colored Powertips","Highlight Path","Minty Spire (QoL Compilation)","Relic Stats"],"gold_per_floor":[109,48,62,62,77,109,34,46,46,75,105,117,158,184,196,208,208],"floor_reached":16,"language":"ENG","playtime":731,"items_purged":["Bash"],"score":217,"play_id":"d9c9d6ca-d421-49a6-bb12-2118d916a129","local_time":"20210218223027","is_ascension_mode":true,"campfire_choices":[{"data":"Seeing Red","floor":12,"key":"SMITH"},{"floor":15,"key":"REST"}],"circlet_count":0,"master_deck":["AscendersBane","Strike_R","Strike_R","Strike_R","Strike_R","Strike_R","Defend_R","Defend_R","Defend_R","Defend_R","Dark Shackles","Carnage","Sword Boomerang","Juggernaut","Ghostly Armor","Whirlwind","Barricade","Seeing Red+1"],"relics":["Burning Blood","Art of War","MawBank","Bottled Tornado"],"acts_visited":["Exordium"],"potions_floor_usage":[6,13,13,16],"damage_taken":[{"damage":1,"enemies":"Small Slimes","floor":1,"turns":3},{"damage":3,"enemies":"2 Louse","floor":3,"turns":2},{"damage":1,"enemies":"Cultist","floor":5,"turns":4},{"damage":8,"enemies":"Gremlin Nob","floor":6,"turns":3},{"damage":33,"enemies":"Exordium Thugs","floor":8,"turns":6},{"damage":0,"enemies":"3 Louse","floor":10,"turns":1},{"damage":9,"enemies":"Exordium Wildlife","floor":11,"turns":5},{"damage":25,"enemies":"Lagavulin","floor":13,"turns":6},{"damage":25,"enemies":"Red Slaver","floor":14,"turns":4},{"damage":39,"enemies":"Hexaghost","floor":16,"turns":17}],"seed_played":"8270675719181192206","potions_obtained":[{"floor":3,"key":"BlessingOfTheForge"},{"floor":6,"key":"LiquidMemories"},{"floor":11,"key":"AttackPotion"},{"floor":14,"key":"Dexterity Potion"}],"is_trial":false,"path_per_floor":["M","?","M","?","M","E","$","M","T","M","M","R","E","M","R","B"],"character_chosen":"IRONCLAD","items_purchased":[],"campfire_rested":1,"item_purchase_floors":[],"current_hp_per_floor":[73,73,75,75,75,73,73,46,46,52,49,49,30,11,33,0,0],"gold":208,"neow_bonus":"RANDOM_COLORLESS","is_daily":false,"chose_seed":false,"campfire_upgraded":1,"win_rate":0.0,"timestamp":1613683827,"path_taken":["M","?","M","?","M","E","$","?","T","M","M","R","E","M","R","BOSS"],"items_purchased_type":[],"build_version":"2020-12-22","purchased_purges":1,"victory":false,"max_hp_per_floor":[75,75,75,75,75,75,75,75,75,75,75,75,75,75,75,75,75],"relic_stats":{"counters":[10,51],"Art of War":[11],"MawBank":84,"obtain_stats":[{"Art of War":6,"Bottled Tornado":13,"MawBank":9,"Burning Blood":0},{"Art of War":4,"Bottled Tornado":8,"MawBank":5,"Burning Blood":0},{"Art of War":12,"Bottled Tornado":30,"MawBank":18,"Burning Blood":0}],"Burning Blood":48},"card_choices":[{"not_picked":["Deep Breath","Panacea"],"picked":"Dark Shackles","floor":0},{"not_picked":["Cleave","Pummel"],"picked":"Carnage","floor":1},{"not_picked":["Body Slam","Flex"],"picked":"Sword Boomerang","floor":3},{"not_picked":["Twin Strike","Dropkick"],"picked":"Ghostly Armor","floor":5},{"not_picked":["Exhume","Iron Wave","Pommel Strike"],"picked":"SKIP","floor":6},{"not_picked":["Infernal Blade","Havoc"],"picked":"Whirlwind","floor":8},{"not_picked":["Anger","Perfected Strike"],"picked":"Barricade","floor":10},{"not_picked":["Shrug It Off","Reckless Charge"],"picked":"Seeing Red","floor":11},{"not_picked":["Pummel","Carnage","Havoc"],"picked":"SKIP","floor":13},{"not_picked":["Heavy Blade","True Grit","Armaments"],"picked":"SKIP","floor":14}],"player_experience":844751,"relics_obtained":[{"floor":6,"key":"Art of War"},{"floor":9,"key":"MawBank"},{"floor":13,"key":"Bottled Tornado"}],"event_choices":[{"damage_healed":0,"gold_gain":0,"player_choice":"Left Gold","damage_taken":0,"max_hp_gain":0,"max_hp_loss":0,"event_name":"World of Goop","floor":2,"gold_loss":61},{"damage_healed":0,"gold_gain":0,"player_choice":"1 cards matched","damage_taken":0,"max_hp_gain":0,"max_hp_loss":0,"event_name":"Match and Keep!","floor":4,"gold_loss":0,"cards_obtained":["Juggernaut"]}],"is_beta":false,"boss_relics":[],"items_purged_floors":[7],"is_endless":false,"potions_floor_spawned":[3,6,11,14],"killed_by":"Hexaghost","ascension_level":18}}