{"host":"72n3jwtrlpjobydj","time":1613667300,"event":{"mods":["AchievementEnabler","BaseMod","CapriCore","DeckTracker","Hermit","Koishi","KomeijiMod","Lobotomy","Marisa£¨Ùöéë¡¡Øª×âÞÞ£©","Minty Spire (QoL Compilation)","Permanent Neow","StSLib","SuperFastMode","The Cursed","The Hierophant","The Immortal"],"gold_per_floor":[114,114,132,152,77,77,92,92,92,104,120,146,146,161,161,161,161],"floor_reached":16,"language":"KOR","playtime":377,"items_purged":["Pain"],"score":104,"play_id":"bf98392e-f2ee-491d-a333-95cb20ae0415","local_time":"20210219015500","is_ascension_mode":false,"campfire_choices":[{"floor":6,"key":"REST"},{"data":"Tantrum","floor":8,"key":"SMITH"},{"floor":15,"key":"REST"}],"circlet_count":0,"master_deck":["Strike_P","Strike_P","Strike_P","Defend_P","Defend_P","Defend_P","Defend_P","Eruption","Vigilance","Tantrum+1"],"relics":["PureWater","Vajra","WarpedTongs","InkBottle","Centennial Puzzle"],"acts_visited":["Exordium"],"potions_floor_usage":[12,16,16],"damage_taken":[{"damage":3,"enemies":"Jaw Worm","floor":1,"turns":4},{"damage":1,"enemies":"Cultist","floor":3,"turns":2},{"damage":20,"enemies":"2 Louse","floor":4,"turns":3},{"damage":4,"enemies":"Gremlin Gang","floor":7,"turns":4},{"damage":12,"enemies":"Large Slime","floor":10,"turns":3},{"damage":0,"enemies":"Blue Slaver","floor":11,"turns":1},{"damage":18,"enemies":"Lagavulin","floor":12,"turns":3},{"damage":18,"enemies":"2 Fungi Beasts","floor":14,"turns":2},{"damage":51,"enemies":"Hexaghost","floor":16,"turns":7}],"seed_played":"2171470990551223269","potions_obtained":[{"floor":4,"key":"SpeedPotion"},{"floor":7,"key":"StancePotion"},{"floor":10,"key":"Strength Potion"}],"is_trial":false,"path_per_floor":["M","?","M","M","$","R","M","R","T","M","M","E","?","M","R","B"],"character_chosen":"WATCHER","items_purchased":[],"campfire_rested":2,"item_purchase_floors":[],"current_hp_per_floor":[69,69,68,48,48,69,65,65,65,53,53,35,35,17,38,0,0],"gold":161,"neow_bonus":"RANDOM_COMMON_RELIC","is_daily":false,"chose_seed":false,"campfire_upgraded":1,"win_rate":0.0,"timestamp":1613667300,"path_taken":["M","?","M","M","$","R","M","R","T","?","M","E","?","?","R","BOSS"],"items_purchased_type":[],"build_version":"2020-12-22","purchased_purges":1,"victory":false,"max_hp_per_floor":[72,72,72,72,72,72,72,72,72,72,72,72,72,72,72,72,72],"card_choices":[{"not_picked":["FlurryOfBlows","Study","Consecrate"],"picked":"SKIP","floor":1},{"not_picked":["Protect","CarveReality","Study"],"picked":"SKIP","floor":3},{"not_picked":["BowlingBash","SashWhip","ClearTheMind"],"picked":"SKIP","floor":4},{"not_picked":["FlyingSleeves","SashWhip"],"picked":"Tantrum","floor":7},{"not_picked":["SashWhip","CrushJoints","CutThroughFate"],"picked":"SKIP","floor":10},{"not_picked":["EmptyBody","Crescendo","Worship"],"picked":"SKIP","floor":11},{"not_picked":["Crescendo","Consecrate","SashWhip"],"picked":"SKIP","floor":12},{"not_picked":["Halt","FlyingSleeves","Worship"],"picked":"SKIP","floor":14}],"player_experience":79669,"relics_obtained":[{"floor":9,"key":"InkBottle"},{"floor":12,"key":"Centennial Puzzle"}],"event_choices":[{"damage_healed":0,"gold_gain":0,"player_choice":"Rummage","damage_taken":0,"relics_obtained":["WarpedTongs"],"max_hp_gain":0,"max_hp_loss":0,"event_name":"Accursed Blacksmith","floor":2,"gold_loss":0,"cards_obtained":["Pain"]},{"cards_removed":["Strike_P"],"damage_healed":0,"gold_gain":0,"player_choice":"Card Removal","damage_taken":0,"max_hp_gain":0,"max_hp_loss":0,"event_name":"Wheel of Change","floor":13,"gold_loss":0}],"is_beta":false,"boss_relics":[],"items_purged_floors":[5],"is_endless":false,"potions_floor_spawned":[4,7,10],"killed_by":"Hexaghost","ascension_level":0}}