{"host":"qxeepl7ydvsgmfdb","time":1613640844,"event":{"mods":["AchievementEnabler","BaseMod","Colored Powertips","Minty Spire (QoL Compilation)","Quick Restart","slay the spire mod where everything is the same but ironclad has a cowboy hat"],"gold_per_floor":[109,33,53,0,20,54,54,86,86,86,99,109,121,140,140,216,216,228,188,205,205,130,160,160,160,160],"floor_reached":25,"language":"ENG","playtime":804,"items_purged":[],"score":431,"play_id":"3111456c-bb04-45ab-aaa8-4efb1b9a233f","local_time":"20210218043404","is_ascension_mode":true,"campfire_choices":[{"floor":7.0,"key":"REST"},{"floor":10.0,"key":"REST"},{"floor":15.0,"key":"REST"},{"floor":24,"key":"REST"}],"circlet_count":0,"master_deck":["AscendersBane","Strike_G","Strike_G","Strike_G","Strike_G","Defend_G","Defend_G","Defend_G","Defend_G","Defend_G","Survivor","Neutralize","Dagger Spray","Blade Dance","Slice","Poisoned Stab","Slice","Deflect","Distraction","Backstab","Phantasmal Killer","Cloak And Dagger","Cloak And Dagger+1"],"relics":["Ring of the Snake","NeowsBlessing","Regal Pillow","White Beast Statue","InkBottle","Ninja Scroll","Tiny Chest"],"acts_visited":["Exordium","TheCity"],"potions_floor_usage":[23,23],"damage_taken":[{"damage":0.0,"enemies":"Cultist","floor":1.0,"turns":1.0},{"damage":0.0,"enemies":"Jaw Worm","floor":3.0,"turns":1.0},{"damage":0.0,"enemies":"2 Louse","floor":5.0,"turns":1.0},{"damage":32.0,"enemies":"Gremlin Nob","floor":6.0,"turns":5.0},{"damage":42.0,"enemies":"3 Sentries","floor":8.0,"turns":7.0},{"damage":0.0,"enemies":"Red Slaver","floor":11.0,"turns":3.0},{"damage":8.0,"enemies":"Looter","floor":12.0,"turns":2.0},{"damage":1.0,"enemies":"2 Fungi Beasts","floor":13.0,"turns":2.0},{"damage":1.0,"enemies":"3 Louse","floor":14.0,"turns":2.0},{"damage":48.0,"enemies":"Hexaghost","floor":16.0,"turns":8.0},{"damage":5.0,"enemies":"2 Thieves","floor":18.0,"turns":3.0},{"damage":37.0,"enemies":"Shell Parasite","floor":20.0,"turns":6.0},{"damage":13,"enemies":"Gremlin Leader","floor":23,"turns":8},{"damage":55,"enemies":"Book of Stabbing","floor":25,"turns":5}],"seed_played":"-3041798276453701979","potions_obtained":[{"floor":1.0,"key":"EntropicBrew"},{"floor":8.0,"key":"Fruit Juice"},{"floor":11.0,"key":"Energy Potion"},{"floor":13.0,"key":"ColorlessPotion"},{"floor":14.0,"key":"Explosive Potion"},{"floor":16.0,"key":"SkillPotion"},{"floor":18.0,"key":"SpeedPotion"},{"floor":19.0,"key":"Regen Potion"},{"floor":19.0,"key":"GhostInAJar"},{"floor":20.0,"key":"SteroidPotion"},{"floor":23,"key":"Ancient Potion"}],"is_trial":false,"path_per_floor":["M","$","M","?","M","E","R","E","T","R","M","M","M","M","R","B",null,"M","?","M","?","?","E","R","E"],"character_chosen":"THE_SILENT","items_purchased":["Blade Dance","Slice"],"campfire_rested":4,"item_purchase_floors":[2,2],"current_hp_per_floor":[59,59,59,59,59,27,61,24,24,60,60,52,51,50,71,23,59,54,54,32,32,32,19,55,0,0],"gold":160,"neow_bonus":"THREE_ENEMY_KILL","is_daily":false,"chose_seed":false,"campfire_upgraded":0,"win_rate":0.0,"timestamp":1613640844,"path_taken":["M","?","?","?","?","E","R","E","T","R","M","M","M","M","R","BOSS","M","?","?","?","?","E","R","E"],"items_purchased_type":["Card","Card"],"build_version":"2020-12-22","purchased_purges":0,"victory":false,"max_hp_per_floor":[66,66,66,66,66,66,66,71,71,71,71,71,71,71,71,71,71,71,71,71,71,71,71,71,71,71],"card_choices":[{"not_picked":["Riddle With Holes","Flying Knee"],"picked":"Dagger Spray","floor":1.0},{"not_picked":["Dagger Spray","Deflect"],"picked":"Poisoned Stab","floor":3.0},{"not_picked":["Well Laid Plans","Acrobatics","Eviscerate"],"picked":"SKIP","floor":5.0},{"not_picked":["Storm of Steel","Acrobatics","Underhanded Strike"],"picked":"SKIP","floor":6.0},{"not_picked":["Sucker Punch","Reflex"],"picked":"Slice","floor":8.0},{"not_picked":["Flying Knee","Skewer"],"picked":"Deflect","floor":11.0},{"not_picked":["Backflip","Bane"],"picked":"Distraction","floor":12.0},{"not_picked":["Doppelganger","Masterful Stab"],"picked":"Backstab","floor":13.0},{"not_picked":["Quick Slash","Leg Sweep","PiercingWail"],"picked":"SKIP","floor":14.0},{"not_picked":["A Thousand Cuts","Burst"],"picked":"Phantasmal Killer","floor":16.0},{"not_picked":["Bane+1","Flying Knee"],"picked":"Cloak And Dagger","floor":18.0},{"not_picked":["Escape Plan","Prepared"],"picked":"Cloak And Dagger+1","floor":20.0},{"not_picked":["Crippling Poison","Catalyst","Outmaneuver"],"picked":"SKIP","floor":23}],"player_experience":168829,"relics_obtained":[{"floor":6.0,"key":"White Beast Statue"},{"floor":8.0,"key":"InkBottle"},{"floor":9.0,"key":"Ninja Scroll"},{"floor":23,"key":"Tiny Chest"}],"event_choices":[{"damage_healed":0.0,"max_hp_gain":0.0,"max_hp_loss":0.0,"gold_gain":0.0,"event_name":"WeMeetAgain","player_choice":"Paid Gold","floor":4.0,"gold_loss":53.0,"damage_taken":0.0,"relics_obtained":["Regal Pillow"]},{"damage_healed":0.0,"max_hp_gain":0.0,"max_hp_loss":0.0,"gold_gain":0.0,"event_name":"The Woman in Blue","player_choice":"Bought 3 Potions","floor":19.0,"gold_loss":0.0,"damage_taken":0.0},{"damage_healed":0.0,"max_hp_gain":0.0,"max_hp_loss":0.0,"gold_gain":0.0,"event_name":"Vampires","player_choice":"Ignored","floor":21.0,"gold_loss":0.0,"damage_taken":0.0},{"cards_removed":["Strike_G"],"damage_healed":0.0,"max_hp_gain":0.0,"max_hp_loss":0.0,"gold_gain":0.0,"event_name":"Beggar","player_choice":"Gave Gold","floor":22.0,"gold_loss":75.0,"damage_taken":0.0}],"is_beta":false,"boss_relics":[{"not_picked":["Ring of the Serpent","Ectoplasm","Coffee Dripper"]}],"items_purged_floors":[],"is_endless":false,"potions_floor_spawned":[1,8,11,12,13,14,16,18,20,23],"killed_by":"Book of Stabbing","ascension_level":17}}