{"host":"k4hb7medsm45vqxu","time":1613670597,"event":{"mods":["AchievementEnabler","Act Like it!","Arknights","BaseMod","BetterRewards","Colored Map","Colored Powertips","DeckTracker","Downfall","Friendly Minions","Highlight Path","Marisa????????","Minty Spire (QoL Compilation)","Permanent Neow","READ ME - Guardian Mod","Rare Cards Sparkle","Replay The Spire","Shop Mod","StSLib","SuperFastMode","The Death Knight","The Forsaken","Together in Spire","Waifu the Spire","Yuyuko"],"gold_per_floor":[99,111,286,286,298,298,323,357,157,0,48,58,58,76,93,93,93,93],"floor_reached":16,"language":"ENG","playtime":615,"items_purged":["Slimebound:SplotLeeching","Slimebound:SplotBruiser"],"score":100,"play_id":"5bfbf526-e576-46e2-b532-d44a6941d09f","local_time":"20210218114957","is_ascension_mode":false,"campfire_choices":[{"floor":1,"key":"RECALL"},{"floor":9,"key":"REST"},{"floor":13,"key":"REST"}],"circlet_count":0,"master_deck":["Slimebound:Strike_Slimebound","Slimebound:Strike_Slimebound","Slimebound:Strike_Slimebound+1","Slimebound:Tackle","Slimebound:Defend_Slimebound","Slimebound:Defend_Slimebound","Slimebound:Defend_Slimebound","Slimebound:Defend_Slimebound","Slimebound:Split","Slimebound:CorrosiveSpit","Slimebound:Prepare","Doubt","Slimebound:RollThrough","theForsaken:PlagueCurse","Slimebound:GoopSpray","Slimebound:LivingWall","Slimebound:DisruptingSlam","Slimebound:Prepare","Slimebound:RollThrough"],"relics":["ChewingGum","theForsaken:PlagueMask","DeathKnight:SindragosasSkull","downfall:HeartBlessingRed","downfall:HeartBlessingBlue","Bronze Scales"],"acts_visited":["Exordium"],"potions_floor_usage":[8,16],"damage_taken":[{"damage":14,"enemies":"Jaw Worm","floor":2,"turns":5},{"damage":2,"enemies":"Small Slimes","floor":5,"turns":5},{"damage":35,"enemies":"Replay:BlueRogue","floor":8,"turns":9},{"damage":4,"enemies":"downfall:FleeingMerchant","floor":10,"turns":4},{"damage":0,"enemies":"2 Louse","floor":12,"turns":2},{"damage":0,"enemies":"downfall:LooterAlt","floor":14,"turns":2},{"damage":3,"enemies":"Blue Slaver","floor":15,"turns":3},{"damage":75,"enemies":"WA_ARCHETYPE_RETAIN","floor":16,"turns":12}],"seed_played":"-2713590670905603014","potions_obtained":[{"floor":2,"key":"Reflective Coating"},{"floor":15,"key":"SkillPotion"}],"is_trial":false,"path_per_floor":["R_BF","M","?","?","M","?","T","E","R","$","T","M","R","M","M","B"],"character_chosen":"SLIMEBOUND","items_purchased":[],"campfire_rested":2,"item_purchase_floors":[],"current_hp_per_floor":[65,51,51,51,49,49,49,14,46,42,42,42,64,64,61,0,0,0],"gold":93,"neow_bonus":"BOSS_RELIC","is_daily":false,"chose_seed":false,"campfire_upgraded":0,"win_rate":0.0,"timestamp":1613670597,"path_taken":["R_BF","M","?","?","M","?","T","E","R","?","?","?","R","M","M","BOSS"],"items_purchased_type":[],"build_version":"2020-12-22","purchased_purges":2,"victory":false,"max_hp_per_floor":[65,65,65,65,65,65,65,65,75,75,75,75,75,75,75,75,75,75],"card_choices":[{"not_picked":["Slimebound:DisruptingSlam","Slimebound:LevelUp"],"picked":"Slimebound:Prepare","floor":2},{"not_picked":["Slimebound:GrowthPunch","Slimebound:DivideAndConquer"],"picked":"Slimebound:RollThrough","floor":5},{"not_picked":["Slimebound:FinishingTackle","Slimebound:LeechingTouch"],"picked":"Slimebound:GoopSpray","floor":8},{"not_picked":["Slimebound:HauntingLick","Slimebound:ComboTackle"],"picked":"Slimebound:LivingWall","floor":10},{"not_picked":["Slimebound:FinishingTackle","Slimebound:LivingWall"],"picked":"Slimebound:DisruptingSlam","floor":12},{"not_picked":["Slimebound:ForwardTackle","Slimebound:FirmFortitude"],"picked":"Slimebound:Prepare","floor":14},{"not_picked":["Slimebound:Schlurp","Slimebound:SamplingLick"],"picked":"Slimebound:RollThrough","floor":15}],"player_experience":15915,"relics_obtained":[{"floor":8,"key":"DeathKnight:SindragosasSkull"},{"floor":11,"key":"Bronze Scales"}],"event_choices":[{"damage_healed":0,"gold_gain":0,"player_choice":"Obtain Plague Curse","damage_taken":0,"max_hp_gain":0,"max_hp_loss":0,"event_name":"Plague Doctor","floor":6,"gold_loss":0,"cards_obtained":["theForsaken:PlagueCurse"]}],"is_beta":false,"boss_relics":[],"items_purged_floors":[10,10],"is_endless":false,"potions_floor_spawned":[2,15],"killed_by":"WA_ARCHETYPE_RETAIN","ascension_level":0}}