{"host":"nsc6ozq3atyrdr3m","time":1613673473,"event":{"mods":["BaseMod","Colored Map","Minty Spire (QoL Compilation)"],"gold_per_floor":[118,193,112,127,142,170,170,47,47,47,47,73,73,88,88,191,191,210,229,229,129,148,148,148],"floor_reached":23,"language":"FRA","playtime":534,"items_purged":["Strike_B","Strike_B"],"score":236,"play_id":"936903e8-df69-4664-9b37-9f8fd030ea92","local_time":"20210218193753","is_ascension_mode":true,"campfire_choices":[{"data":"Gash","floor":7,"key":"SMITH"},{"floor":10,"key":"REST"},{"data":"Beam Cell","floor":13,"key":"SMITH"},{"data":"Rebound","floor":15,"key":"SMITH"}],"circlet_count":0,"master_deck":["Strike_B","Defend_B","Defend_B","Defend_B","Zap","Dualcast","Gash+1","Self Repair","Rebound+1","Beam Cell+1","Sweeping Beam","Go for the Eyes","BootSequence","Echo Form","Hologram","Melter","Reprogram"],"relics":["Cracked Core","FossilizedHelix","TungstenRod","Potion Belt","Empty Cage","Nloth\u0027s Gift"],"acts_visited":["Exordium","TheCity"],"potions_floor_usage":[22,22,23,23],"damage_taken":[{"damage":0,"enemies":"2 Louse","floor":1,"turns":1},{"damage":0,"enemies":"Cultist","floor":4,"turns":1},{"damage":0,"enemies":"Jaw Worm","floor":5,"turns":1},{"damage":51,"enemies":"Gremlin Nob","floor":6,"turns":5},{"damage":0,"enemies":"Blue Slaver","floor":14,"turns":3},{"damage":23,"enemies":"The Guardian","floor":16,"turns":12},{"damage":22,"enemies":"2 Thieves","floor":18,"turns":5},{"damage":0,"enemies":"Chosen","floor":19,"turns":5},{"damage":43,"enemies":"3 Cultists","floor":22,"turns":6},{"damage":33,"enemies":"Gremlin Leader","floor":23,"turns":4}],"seed_played":"2340893303752362776","potions_obtained":[{"floor":4,"key":"Ancient Potion"},{"floor":14,"key":"Block Potion"},{"floor":16,"key":"Strength Potion"},{"floor":18,"key":"BlessingOfTheForge"}],"is_trial":false,"path_per_floor":["M","?","$","M","M","E","R","$","T","R","$","T","R","M","R","B",null,"M","M","?","$","M","E"],"character_chosen":"DEFECT","items_purchased":["Self Repair","Rebound","Fire Potion"],"campfire_rested":1,"item_purchase_floors":[3,3,8],"current_hp_per_floor":[75,68,68,75,75,31,31,31,31,53,53,53,53,60,60,44,67,52,59,59,59,30,0,0],"gold":148,"neow_bonus":"THREE_ENEMY_KILL","is_daily":false,"chose_seed":false,"campfire_upgraded":3,"win_rate":0.0,"timestamp":1613673473,"path_taken":["M","?","$","?","M","E","R","$","T","R","?","?","R","M","R","BOSS","M","M","?","$","M","E"],"items_purchased_type":["Card","Card","Potion"],"build_version":"2020-12-22","purchased_purges":2,"victory":false,"max_hp_per_floor":[75,75,75,75,75,75,75,75,75,75,75,75,75,75,75,75,75,75,75,75,75,75,75,75],"card_choices":[{"not_picked":["Beam Cell","Redo"],"picked":"Gash","floor":1},{"not_picked":["Compile Driver","Steam"],"picked":"Beam Cell","floor":4},{"not_picked":["Lockon","Undo"],"picked":"Sweeping Beam","floor":5},{"not_picked":["Rebound","Storm"],"picked":"Go for the Eyes","floor":6},{"not_picked":["Defragment","Ball Lightning"],"picked":"BootSequence","floor":14},{"not_picked":["Thunder Strike","Machine Learning"],"picked":"Echo Form","floor":16},{"not_picked":["Barrage","Compile Driver+1"],"picked":"Hologram","floor":18},{"not_picked":["Rip and Tear+1","Cold Snap"],"picked":"Melter","floor":19},{"not_picked":["Genetic Algorithm","Turbo+1"],"picked":"Reprogram","floor":22}],"player_experience":428082,"relics_obtained":[{"floor":6,"key":"FossilizedHelix"},{"floor":9,"key":"TungstenRod"},{"floor":12,"key":"Potion Belt"}],"event_choices":[{"damage_healed":0,"gold_gain":75,"player_choice":"Touch","damage_taken":7,"max_hp_gain":0,"max_hp_loss":0,"event_name":"FaceTrader","floor":2,"gold_loss":0},{"damage_healed":0,"gold_gain":0,"player_choice":"Traded Relic","damage_taken":0,"relics_obtained":["Nloth\u0027s Gift"],"max_hp_gain":0,"max_hp_loss":0,"event_name":"N\u0027loth","floor":20,"relics_lost":["NeowsBlessing"],"gold_loss":0}],"is_beta":false,"boss_relics":[{"not_picked":["Runic Pyramid","Coffee Dripper"],"picked":"Empty Cage"}],"items_purged_floors":[8,21],"is_endless":false,"potions_floor_spawned":[4,14,16,18],"killed_by":"Gremlin Leader","ascension_level":5}}