{"host":"onfdonezo2qmaex3","time":1613676744,"event":{"mods":["2.2 Compatiblity","AchievementEnabler","Act Like it!","Aspiration","BaseMod","Colored Powertips","Downfall","Friendly Minions","Gensokyo","Hallownest","Hermit","Highlight Path","Jorbs\u0027s Wanderer Trilogy","Marisa????????","Marked Mod","Minty Spire (QoL Compilation)","Quick Restart","Reliquary","Shop Mod","StSLib","The Disciple","The Hayseed","The Hierophant","The Marked","The Runesmith"],"gold_per_floor":[117,129,129,148,3,3,28,28,52,78,78,78,78,17,17,17,17],"floor_reached":16,"language":"ENG","playtime":705,"items_purged":["hermit:Defend_Hermit"],"score":131,"play_id":"81fc03d9-98e4-4201-a9f9-36ac3e9858e0","local_time":"20210218203224","is_ascension_mode":false,"campfire_choices":[{"data":"Phantasmal Killer","floor":6,"key":"SMITH"},{"data":"hermit:ShadowCloak","floor":8,"key":"SMITH"},{"data":"hermit:Midnight","floor":15,"key":"SMITH"}],"circlet_count":0,"master_deck":["hermit:Strike_Hermit","hermit:Strike_Hermit","hermit:Defend_Hermit","hermit:Defend_Hermit","hermit:Covet","hermit:ShadowCloak+1","Masterful Stab","Dagger Throw","Phantasmal Killer+1","hermit:Spite","hermit:GoldenBullet","hermit:Brawl+1","hermit:Midnight+1","Gensokyo:MysteriousEgg"],"relics":["hermit:Momento","Frozen Egg 2","aspiration:SeaSaltIceCream","aspiration:Nostalgia","theMarked:ArtifactOfAir","Gensokyo:Mercy"],"acts_visited":["Gensokyo:Gensokyo"],"potions_floor_usage":[10,10,10],"damage_taken":[{"damage":1,"enemies":"Gensokyo:2_Kodama","floor":1,"turns":3},{"damage":10,"enemies":"Gensokyo:Gryphon","floor":2,"turns":3},{"damage":0,"enemies":"Gensokyo:Python","floor":4,"turns":2},{"damage":0,"enemies":"Gensokyo:Aya","floor":7,"turns":2},{"damage":24,"enemies":"Gensokyo:Mamizou","floor":10,"turns":9},{"damage":50,"enemies":"Gensokyo:Yukari","floor":16,"turns":5}],"seed_played":"6897353602478740319","potions_obtained":[{"floor":2,"key":"SkillPotion"},{"floor":4,"key":"champ:CounterPotion"},{"floor":7,"key":"Block Potion"}],"is_trial":false,"path_per_floor":["M","M","?","M","$","R","E","R","T","E","$","?","?","COS","R","B"],"character_chosen":"HERMIT","items_purchased":["hermit:Spite"],"campfire_rested":0,"item_purchase_floors":[5],"current_hp_per_floor":[81,71,71,71,71,71,71,71,71,47,47,47,47,47,47,0,0],"gold":17,"neow_bonus":"TEN_PERCENT_HP_BONUS","is_daily":false,"chose_seed":false,"campfire_upgraded":3,"win_rate":0.0,"timestamp":1613676744,"path_taken":["M","?","?","?","$","R","E","R","T","E","?","?","?","COS","R","BOSS"],"items_purchased_type":["Card"],"build_version":"2020-12-22","purchased_purges":1,"victory":false,"max_hp_per_floor":[82,82,82,82,82,82,82,82,82,82,82,82,82,82,82,82,82],"card_choices":[{"not_picked":["hermit:Feint","hermit:Cheat"],"picked":"hermit:ShadowCloak","floor":1},{"not_picked":["hermit:Dive","hermit:Manifest","hermit:Ricochet"],"picked":"SKIP","floor":2},{"not_picked":["hermit:Horror","hermit:Gestalt","hermit:Roulette"],"picked":"SKIP","floor":4},{"not_picked":["hermit:SprayPray","hermit:Cheat"],"picked":"hermit:GoldenBullet","floor":7},{"not_picked":["hermit:Misfire","hermit:Dive"],"picked":"hermit:Brawl+1","floor":10},{"not_picked":["hermit:WideOpen","hermit:Manifest"],"picked":"hermit:Midnight","floor":13}],"player_experience":201088,"relics_obtained":[{"floor":7,"key":"Frozen Egg 2"},{"floor":10,"key":"aspiration:SeaSaltIceCream"}],"event_choices":[],"is_beta":false,"boss_relics":[],"items_purged_floors":[5],"is_endless":false,"potions_floor_spawned":[2,4,7],"killed_by":"Gensokyo:Yukari","ascension_level":0}}