{"host":"anox4050deqdcqoh","time":1613664828,"event":{"mods":["BaseMod","Colored Map","Displayed Cursed Tome","Highlight Path","Minty Spire (QoL Compilation)","Quick Restart","Rare Cards Sparkle","everything is the same but u backflip on backflip"],"gold_per_floor":[115,115,115,15,33,33,46,46,46,46,63,96,96,116,116,212,212,230,247,262,278,28,53,53,88,113,139,139,156,156,170,170,266,266,283,328,343,343,363,363,389,407,407,407,99,99,99,118,118,118,118,118,11,42,42,42],"floor_reached":55,"language":"ENG","playtime":5198,"items_purged":["Strike_R","Writhe"],"score":933,"play_id":"a7f9bfca-d3b7-4081-ba0d-73f74eb8d8aa","local_time":"20210218111348","is_ascension_mode":true,"campfire_choices":[{"data":"Pommel Strike","floor":6.0,"key":"SMITH"},{"data":"Bash","floor":8.0,"key":"SMITH"},{"data":"Demon Form","floor":15,"key":"SMITH"},{"data":"Flame Barrier","floor":24,"key":"SMITH"},{"data":"Infernal Blade","floor":30,"key":"SMITH"},{"floor":32,"key":"REST"},{"floor":40,"key":"REST"},{"data":"Offering","floor":44,"key":"SMITH"},{"floor":46,"key":"REST"},{"floor":49,"key":"RECALL"},{"data":"Entrench","floor":52,"key":"SMITH"}],"circlet_count":0,"master_deck":["Strike_R","Strike_R","Strike_R","Defend_R+1","Defend_R","Defend_R+1","Defend_R","Bash+1","Flame Barrier+1","Pommel Strike+1","Twin Strike","Body Slam+1","Demon Form+1","Offering+1","Disarm","Body Slam+1","Battle Trance+1","Pommel Strike+1","Clothesline+1","Ghostly Armor","Bloodletting+1","Berserk+1","Infernal Blade+1","Spot Weakness+1","Second Wind","Brutality+1","Rampage+1","Wild Strike+1","Body Slam+1","Entrench+1","Shrug It Off+1","Heavy Blade+1","Rage+1","Secret Technique","Sword Boomerang+1","Burning Pact","Flame Barrier"],"relics":["Burning Blood","Oddly Smooth Stone","Molten Egg 2","War Paint","Sundial","Black Star","Lee\u0027s Waffle","Frozen Egg 2","Matryoshka","Dream Catcher","Anchor","Juzu Bracelet","Art of War","White Beast Statue","Cursed Key","Shovel","Happy Flower","Akabeko","Nunchaku","Thread and Needle","Shuriken","Pantograph"],"acts_visited":["Exordium","TheCity","TheBeyond","TheEnding"],"potions_floor_usage":[23,27,33,33,36,36,39,39,41,50,54,55,55,55],"damage_taken":[{"damage":0.0,"enemies":"Small Slimes","floor":1.0,"turns":3.0},{"damage":0.0,"enemies":"2 Louse","floor":5.0,"turns":2.0},{"damage":6.0,"enemies":"Cultist","floor":7.0,"turns":3.0},{"damage":6.0,"enemies":"Exordium Thugs","floor":11.0,"turns":6.0},{"damage":13,"enemies":"3 Sentries","floor":12,"turns":14},{"damage":0,"enemies":"Red Slaver","floor":14,"turns":4},{"damage":27,"enemies":"The Guardian","floor":16,"turns":9},{"damage":3,"enemies":"3 Byrds","floor":18,"turns":6},{"damage":16,"enemies":"Spheric Guardian","floor":19,"turns":4},{"damage":16,"enemies":"Cultist and Chosen","floor":20,"turns":6},{"damage":18,"enemies":"Snake Plant","floor":21,"turns":5},{"damage":25,"enemies":"Slavers","floor":23,"turns":6},{"damage":9,"enemies":"Book of Stabbing","floor":25,"turns":5},{"damage":15,"enemies":"Slavers","floor":27,"turns":5},{"damage":16,"enemies":"Snecko","floor":29,"turns":6},{"damage":6,"enemies":"Sentry and Sphere","floor":31,"turns":3},{"damage":59,"enemies":"Automaton","floor":33,"turns":10},{"damage":46,"enemies":"3 Darklings","floor":35,"turns":7},{"damage":26,"enemies":"2 Orb Walkers","floor":36,"turns":4},{"damage":12,"enemies":"Orb Walker","floor":37,"turns":4},{"damage":37,"enemies":"Spire Growth","floor":39,"turns":4},{"damage":17,"enemies":"Nemesis","floor":41,"turns":5},{"damage":8,"enemies":"Jaw Worm Horde","floor":42,"turns":3},{"damage":7,"enemies":"Writhing Mass","floor":48,"turns":5},{"damage":10,"enemies":"Donu and Deca","floor":50,"turns":5},{"damage":68,"enemies":"Shield and Spear","floor":54,"turns":4},{"damage":78,"enemies":"The Heart","floor":55,"turns":3}],"seed_played":"-4691550245202912815","potions_obtained":[{"floor":1.0,"key":"PowerPotion"},{"floor":29,"key":"SpeedPotion"},{"floor":31,"key":"Dexterity Potion"},{"floor":33,"key":"BloodPotion"},{"floor":35,"key":"LiquidBronze"},{"floor":36,"key":"BloodPotion"},{"floor":37,"key":"PowerPotion"},{"floor":39,"key":"Block Potion"},{"floor":41,"key":"Dexterity Potion"},{"floor":42,"key":"GamblersBrew"},{"floor":54,"key":"CultistPotion"}],"is_trial":false,"path_per_floor":["M","?","?","$","M","R","M","R","T","?","M","E","$","M","R","B",null,"M","M","M","M","$","E","R","E","T","E","?","M","R","M","R","B",null,"M","?","M","?","M","R","E","M","T","R","$","R","?","M","R","B",null,"R","$","E","B"],"character_chosen":"IRONCLAD","items_purchased":["Weak Potion","Fire Potion","Lee\u0027s Waffle","Clothesline+1","Secret Technique","Sword Boomerang+1","Burning Pact","LiquidBronze"],"campfire_rested":3,"item_purchase_floors":[4,4,22,22,45,45,53,53],"current_hp_per_floor":[80,80,80,80,80,80,80,80,80,80,80,73,73,79,79,58,80,80,70,60,48,87,68,68,65,65,56,56,46,46,46,72,19,87,47,44,38,38,24,50,39,37,37,37,37,63,63,62,62,58,87,87,87,25,0,0],"gold":42,"neow_bonus":"RANDOM_COMMON_RELIC","is_daily":false,"chose_seed":false,"campfire_upgraded":7,"win_rate":0.0,"timestamp":1613664828,"path_taken":["M","?","?","$","M","R","M","R","T","?","M","E","$","M","R","BOSS","M","M","M","M","$","E","R","E","T","E","?","M","R","M","R","BOSS","M","?","M","?","M","R","E","M","T","R","$","R","?","M","R","BOSS","R","$","E","BOSS"],"items_purchased_type":["Potion","Potion","Relic","Card","Card","Card","Card","Potion"],"build_version":"2020-12-22","purchased_purges":2,"victory":false,"max_hp_per_floor":[80,80,80,80,80,80,80,80,80,80,80,80,80,80,80,80,80,80,80,80,80,87,87,87,87,87,87,87,87,87,87,87,87,87,87,87,87,87,87,87,87,87,87,87,87,87,87,87,87,87,87,87,87,87,87,87],"card_choices":[{"not_picked":["Intimidate","Flex"],"picked":"Flame Barrier","floor":1.0},{"not_picked":["Twin Strike","Havoc"],"picked":"Pommel Strike","floor":5.0},{"not_picked":["Heavy Blade","Combust"],"picked":"Twin Strike","floor":7.0},{"not_picked":["Pummel+1","Pommel Strike+1"],"picked":"Body Slam+1","floor":11.0},{"not_picked":["Havoc","True Grit","Inflame"],"picked":"SKIP","floor":12},{"not_picked":["Clash+1","Sever Soul+1"],"picked":"Demon Form","floor":14},{"not_picked":["Reaper+1","Corruption"],"picked":"Offering","floor":16},{"not_picked":["Twin Strike+1","Combust"],"picked":"Disarm","floor":18},{"not_picked":["Pommel Strike+1","Flex+1"],"picked":"Body Slam+1","floor":19},{"not_picked":["Bloodletting","Anger+1"],"picked":"Battle Trance+1","floor":20},{"not_picked":["Headbutt+1","Body Slam+1"],"picked":"Pommel Strike+1","floor":21},{"not_picked":["Anger+1","Headbutt+1"],"picked":"Ghostly Armor","floor":23},{"not_picked":["Evolve+1","Cleave+1","Sentinel"],"picked":"SKIP","floor":25},{"not_picked":["Ghostly Armor","Searing Blow+1"],"picked":"Bloodletting+1","floor":27},{"not_picked":["Iron Wave+1","Ghostly Armor"],"picked":"Infernal Blade","floor":29},{"not_picked":["Clothesline+1","Searing Blow+1"],"picked":"Spot Weakness+1","floor":31},{"not_picked":["Sever Soul+1","Ghostly Armor+1"],"picked":"Second Wind","floor":32},{"not_picked":["Reaper+1","Juggernaut+1"],"picked":"Brutality+1","floor":33},{"not_picked":["Iron Wave+1","Sentinel+1"],"picked":"Rampage+1","floor":35},{"not_picked":["Clash+1","Twin Strike+1"],"picked":"Wild Strike+1","floor":36},{"not_picked":["Havoc+1","Pommel Strike+1"],"picked":"Body Slam+1","floor":37},{"not_picked":["Perfected Strike+1","Headbutt+1"],"picked":"Entrench","floor":39},{"not_picked":["Thunderclap+1","Iron Wave+1"],"picked":"Shrug It Off+1","floor":40},{"not_picked":["Anger+1","Iron Wave+1"],"picked":"Heavy Blade+1","floor":41},{"not_picked":["Headbutt+1","Twin Strike+1"],"picked":"Rage+1","floor":42},{"not_picked":["Thunderclap+1","Wild Strike+1","Metallicize+1"],"picked":"SKIP","floor":48},{"not_picked":["Double Tap","Sword Boomerang+1"],"picked":"Flame Barrier","floor":54}],"player_experience":468552,"relics_obtained":[{"floor":9.0,"key":"Molten Egg 2"},{"floor":12,"key":"Sundial"},{"floor":23,"key":"Frozen Egg 2"},{"floor":23,"key":"Matryoshka"},{"floor":25,"key":"Dream Catcher"},{"floor":25,"key":"Anchor"},{"floor":26,"key":"Juzu Bracelet"},{"floor":27,"key":"Art of War"},{"floor":27,"key":"White Beast Statue"},{"floor":36,"key":"Shovel"},{"floor":41,"key":"Happy Flower"},{"floor":41,"key":"Akabeko"},{"floor":43,"key":"Nunchaku"},{"floor":43,"key":"Thread and Needle"},{"floor":54,"key":"Shuriken"},{"floor":54,"key":"Pantograph"}],"event_choices":[{"damage_healed":0.0,"max_hp_gain":0.0,"max_hp_loss":0.0,"gold_gain":0.0,"event_name":"Liars Game","player_choice":"Ignored","floor":2.0,"gold_loss":0.0,"damage_taken":0.0},{"damage_healed":0.0,"max_hp_gain":0.0,"max_hp_loss":0.0,"gold_gain":0.0,"event_name":"The Cleric","player_choice":"Leave","floor":3.0,"gold_loss":0.0,"damage_taken":0.0},{"damage_healed":0.0,"max_hp_gain":0.0,"max_hp_loss":0.0,"gold_gain":0.0,"event_name":"Dead Adventurer","player_choice":"Searched \u00271\u0027 times","floor":10.0,"gold_loss":0.0,"damage_taken":0.0,"relics_obtained":["War Paint"]},{"damage_healed":0,"gold_gain":0,"player_choice":"Read","damage_taken":0,"max_hp_gain":0,"max_hp_loss":0,"event_name":"The Library","floor":28,"gold_loss":0,"cards_obtained":["Berserk"]},{"damage_healed":0,"gold_gain":0,"player_choice":"Fight","damage_taken":0,"max_hp_gain":0,"max_hp_loss":0,"event_name":"Mysterious Sphere","floor":36,"gold_loss":0},{"damage_healed":0,"gold_gain":0,"player_choice":"Ignored","damage_taken":0,"max_hp_gain":0,"max_hp_loss":0,"event_name":"Tomb of Lord Red Mask","floor":38,"gold_loss":0},{"cards_removed":["Strike_R"],"damage_healed":0,"gold_gain":0,"player_choice":"Purged","damage_taken":0,"max_hp_gain":0,"max_hp_loss":0,"event_name":"Purifier","floor":47,"gold_loss":0}],"is_beta":false,"boss_relics":[{"not_picked":["Runic Dome","Tiny House"],"picked":"Black Star"},{"not_picked":["Calling Bell","Velvet Choker"],"picked":"Cursed Key"}],"items_purged_floors":[22,45],"is_endless":false,"potions_floor_spawned":[1,7,11,18,19,29,31,33,35,36,37,39,41,42,48,54],"killed_by":"The Heart","ascension_level":4}}