{"host":"kn32u0f2pym5bozc","time":1613672469,"event":{"mods":["2.2 Compatiblity","BaseMod","Better Third Choice","Minty Spire (QoL Compilation)","Permanent Neow","Relic Stats","StSLib","The Animator"],"gold_per_floor":[115,132,51,66,86,86,123,123,169,169,169,204,217,217,217,319,319,331,345,361,46,46,46],"floor_reached":22,"language":"ENG","playtime":1160,"items_purged":[],"score":369,"play_id":"30128ab0-9b80-4561-88b7-8a4ee7a9be26","local_time":"20210218132108","is_ascension_mode":true,"campfire_choices":[{"data":"animator:ElricEdward","floor":6,"key":"SMITH"},{"data":"animator:LeleiLaLalena","floor":8,"key":"SMITH"},{"data":"animator:Jibril","floor":10,"key":"SMITH"},{"floor":15,"key":"REST"}],"circlet_count":0,"master_deck":["AscendersBane","animator:Strike_FullmetalAlchemist","animator:Defend_FullmetalAlchemist","animator:Strike","animator:Strike","animator:Strike","animator:Defend","animator:Defend","animator:Defend+1","animator:ElricEdward+1","animator:ElricAlphonse","animator:Jibril+1","animator:UneriGinkaku","animator:Kaijin","animator:Mikaela","animator:DolaCouronne","animator:LeleiLaLalena+1","animator:Yuuichirou","animator:Fredrika","animator:HiiragiShinya","animator:Witch","animator:GuildGirl","animator:Arpeggio"],"relics":["animator:TheMissingPiece","animator:PurgingStone","SlaversCollar","InkBottle","Dream Catcher","Bag of Preparation","Singing Bowl","Mark of Pain","Pantograph"],"acts_visited":["Exordium","TheCity"],"potions_floor_usage":[12,13,20],"damage_taken":[{"damage":0,"enemies":"Small Slimes","floor":1,"turns":4},{"damage":0,"enemies":"Cultist","floor":2,"turns":4},{"damage":1,"enemies":"2 Louse","floor":4,"turns":2},{"damage":4,"enemies":"2 Fungi Beasts","floor":5,"turns":3},{"damage":23,"enemies":"Gremlin Nob","floor":7,"turns":5},{"damage":10,"enemies":"3 Sentries","floor":12,"turns":6},{"damage":0,"enemies":"Red Slaver","floor":13,"turns":3},{"damage":0,"enemies":"Hexaghost","floor":16,"turns":8},{"damage":16,"enemies":"3 Byrds","floor":18,"turns":6},{"damage":22,"enemies":"Spheric Guardian","floor":19,"turns":4},{"damage":21,"enemies":"Snake Plant","floor":20,"turns":6},{"damage":9,"enemies":"Shelled Parasite and Fungi","floor":22,"turns":2}],"seed_played":"-6103172458143789797","potions_obtained":[{"floor":1,"key":"SteroidPotion"},{"floor":12,"key":"FearPotion"},{"floor":13,"key":"LiquidMemories"}],"is_trial":false,"path_per_floor":["M","M","$","M","M","R","E","R","T","R","?","E","M","?","R","B",null,"M","M","M","$","M"],"character_chosen":"THE_ANIMATOR","items_purchased":["Fire Potion","animator:Kaijin","animator:Arpeggio","Pantograph"],"campfire_rested":1,"item_purchase_floors":[3,3,21,21],"current_hp_per_floor":[59,59,59,58,54,54,31,31,31,31,24,14,14,14,35,37,62,46,24,3,3,0,0],"gold":46,"neow_bonus":"BOSS_RELIC","is_daily":false,"chose_seed":false,"campfire_upgraded":3,"win_rate":0.0,"timestamp":1613672468,"path_taken":["M","M","$","M","M","R","E","R","T","R","?","E","M","?","R","BOSS","M","M","?","$","M"],"items_purchased_type":["Potion","Card","Card","Relic"],"build_version":"2020-12-22","purchased_purges":0,"victory":false,"max_hp_per_floor":[66,66,66,66,66,66,66,66,66,66,66,66,66,66,68,70,70,70,70,70,70,70,70],"relic_stats":{"Dream Catcher":1,"Singing Bowl":4,"counters":[12,53],"Pantograph":0,"Bag of Preparation":[14],"obtain_stats":[{"SlaversCollar":0,"Dream Catcher":9,"animator:PurgingStone":0,"Singing Bowl":12,"animator:TheMissingPiece":0,"Pantograph":21,"animator:LivingPicture":0,"Mark of Pain":17,"Bag of Preparation":11,"InkBottle":7},{"SlaversCollar":0,"Dream Catcher":5,"animator:PurgingStone":0,"Singing Bowl":6,"animator:TheMissingPiece":0,"Pantograph":11,"animator:LivingPicture":0,"Mark of Pain":8,"Bag of Preparation":5,"InkBottle":5},{"SlaversCollar":0,"Dream Catcher":18,"animator:PurgingStone":0,"Singing Bowl":24,"animator:TheMissingPiece":0,"Pantograph":51,"animator:LivingPicture":0,"Mark of Pain":35,"Bag of Preparation":18,"InkBottle":18}],"InkBottle":[10]},"card_choices":[{"not_picked":["animator:Megumin","animator:Bozes"],"picked":"animator:Jibril","floor":1},{"not_picked":["animator:Berserker","animator:Mitsurugi"],"picked":"animator:UneriGinkaku","floor":2},{"not_picked":["animator:Vanir","animator:Alexander"],"picked":"animator:Mikaela","floor":4},{"not_picked":["animator:FielNirvalen","animator:DolaStephanie"],"picked":"animator:DolaCouronne","floor":5},{"not_picked":["animator:MetalKnight","animator:Kaijin"],"picked":"animator:LeleiLaLalena","floor":7},{"not_picked":["animator:Chris","animator:Benimaru"],"picked":"animator:Yuuichirou","floor":12},{"not_picked":["animator:IzunaHatsuse","animator:Hitei"],"picked":"animator:Fredrika","floor":13},{"not_picked":["animator:MaesHughes","animator:Nanami","animator:DolaRiku"],"picked":"Singing Bowl","floor":15},{"not_picked":["animator:ItamiYouji","animator:Kyubey","animator:Shizu"],"picked":"Singing Bowl","floor":16},{"not_picked":["animator:Yoichi","animator:Mitsuba"],"picked":"animator:HiiragiShinya","floor":18},{"not_picked":["animator:Shinoa","animator:Alexander"],"picked":"animator:Witch","floor":19},{"not_picked":["animator:Shuna+1","animator:LeleiLaLalena+1"],"picked":"animator:GuildGirl","floor":20}],"player_experience":946480,"relics_obtained":[{"floor":7,"key":"InkBottle"},{"floor":9,"key":"Dream Catcher"},{"floor":12,"key":"Singing Bowl"}],"event_choices":[{"damage_healed":0,"gold_gain":0,"player_choice":"Relic ","damage_taken":7,"max_hp_gain":0,"max_hp_loss":0,"event_name":"betterThird:BetterScrap","floor":11,"gold_loss":0,"cards_obtained":["Calculated Gamble"]},{"damage_healed":0,"gold_gain":0,"player_choice":"Ignored","damage_taken":0,"max_hp_gain":0,"max_hp_loss":0,"event_name":"NoteForYourself","floor":14,"gold_loss":0}],"is_beta":false,"boss_relics":[{"not_picked":["animator:HolyGrailRelic","animator:CursedBlade"],"picked":"Mark of Pain"}],"items_purged_floors":[],"is_endless":false,"potions_floor_spawned":[1,12,13],"killed_by":"Shelled Parasite and Fungi","ascension_level":10}}