{"host":"swc5gdc7cm0k0g7l","time":1613687084,"event":{"mods":["AchievementEnabler","Act Like it!","Aspiration","BaseMod","BetterRewards","Colored Map","Colored Powertips","Downfall","Duelist Mod","Hermit","Highlight Path","Hubris","Infinite Spire","Jorbs\u0027s Wanderer Trilogy","Koishi","Minty Spire (QoL Compilation)","Quick Restart","Remilia??????","Shop Mod","StSLib","SuperFastMode","The Animator"],"gold_per_floor":[135,135,135,153,153,187,199,234,234,254,254,289,299,315,315,412,412,430,529,529,542,147,207,207,253,253,253,253],"floor_reached":27,"language":"ENG","playtime":1106,"items_purged":[],"score":526,"play_id":"8bceea2b-6f2e-48a1-b491-7d8fa2612745","local_time":"20210218172444","is_ascension_mode":true,"campfire_choices":[{"floor":11,"key":"REST"},{"data":"theDuelist:ShallowGrave","floor":15,"key":"SMITH"},{"floor":24,"key":"REST"}],"circlet_count":0,"master_deck":["theDuelist:ZombieCorpse","theDuelist:ZombieCorpse","theDuelist:ZombieCorpse","theDuelist:ArmoredZombie","theDuelist:ArmoredZombie","theDuelist:ArmoredZombie","theDuelist:ClownZombie","theDuelist:ClownZombie","theDuelist:PatricianDarkness","theDuelist:ShallowGrave+1","theDuelist:SkullConductor","theDuelist:TutanMask","theDuelist:OniGamiCombo","theDuelist:CorrodingShark","theDuelist:OniGamiCombo","theDuelist:SkullFlame","theDuelist:RebornZombie","theDuelist:CustomResummonCard","theDuelist:WightLady+1","theDuelist:Polymerization","theDuelist:ZombieWarrior","theDuelist:OniGamiCombo","theDuelist:BookMoon"],"relics":["theDuelist:MillenniumPuzzle","theDuelist:CardPoolRelic","theDuelist:CardPoolBasicRelic","theDuelist:BoosterPackPoolRelic","theDuelist:CardPoolAddRelic","theDuelist:CardPoolMinusRelic","theDuelist:CardPoolSaveRelic","theDuelist:CardPoolOptionsRelic","hubris:AstralHammer","theDuelist:MillenniumArmor","theDuelist:MetronomeRelicB","White Beast Statue","theDuelist:BoosterExtraAllRaresRelic","aspiration:FrozenJewel","aspiration:PoetsPen_weak","MerchantsRug","theDuelist:AknamkanonsEssence","Charon\u0027s Ashes","Molten Egg 2","theDuelist:GhostToken"],"acts_visited":["Exordium","TheCity"],"potions_floor_usage":[6,8,12,16,16,16,23,25],"damage_taken":[{"damage":0,"enemies":"Cultist","floor":1,"turns":3},{"damage":4,"enemies":"Jaw Worm","floor":4,"turns":3},{"damage":22,"enemies":"3 Sentries","floor":6,"turns":9},{"damage":0,"enemies":"2 Louse","floor":7,"turns":3},{"damage":33,"enemies":"Lagavulin","floor":8,"turns":6},{"damage":0,"enemies":"Exordium Wildlife","floor":10,"turns":2},{"damage":35,"enemies":"3 Sentries","floor":12,"turns":8},{"damage":0,"enemies":"2 Fungi Beasts","floor":13,"turns":4},{"damage":0,"enemies":"Gremlin Gang","floor":14,"turns":3},{"damage":0,"enemies":"Slime Boss","floor":16,"turns":7},{"damage":14,"enemies":"Spheric Guardian","floor":18,"turns":5},{"damage":0,"enemies":"Shell Parasite","floor":21,"turns":2},{"damage":33,"enemies":"Gremlin Leader","floor":23,"turns":6},{"damage":8,"enemies":"Slavers","floor":25,"turns":3},{"damage":56,"enemies":"Nightmare","floor":27,"turns":5}],"seed_played":"-6051851122087274030","potions_obtained":[{"floor":4,"key":"LiquidMemories"},{"floor":6,"key":"BloodPotion"},{"floor":10,"key":"champ:CounterPotion"},{"floor":12,"key":"Dexterity Potion"},{"floor":13,"key":"Explosive Potion"},{"floor":14,"key":"theDuelist:WaterBottle"},{"floor":16,"key":"Weak Potion"},{"floor":18,"key":"Ancient Potion"},{"floor":21,"key":"Fire Potion"},{"floor":23,"key":"PowerPotion"},{"floor":25,"key":"theDuelist:ReducerPotion"}],"is_trial":false,"path_per_floor":["M","?","?","M","?","E","M","E","T","M","R","E","M","M","R","B",null,"M","?","?","M","$","E","R","E","T","NM"],"character_chosen":"THE_DUELIST","items_purchased":["MerchantsRug","theDuelist:Polymerization","theDuelist:AknamkanonsEssence","theDuelist:ZombieWarrior","theDuelist:OniGamiCombo"],"campfire_rested":2,"item_purchase_floors":[22,22,22,22,22],"current_hp_per_floor":[70,70,75,71,71,49,49,33,33,33,58,23,23,23,23,23,70,56,56,56,56,56,23,48,40,40,0,0],"gold":253,"neow_bonus":"","is_daily":false,"chose_seed":false,"campfire_upgraded":1,"win_rate":0.0,"timestamp":1613687084,"path_taken":["M","?","?","M","?","E","M","E","T","M","R","E","M","?","R","BOSS","M","?","?","?","$","E","R","E","T","NM"],"items_purchased_type":["Relic","Card","Relic","Card","Card"],"build_version":"2020-12-22","purchased_purges":0,"victory":false,"max_hp_per_floor":[80,80,85,85,85,85,85,85,85,85,85,85,85,85,85,85,85,85,85,85,85,85,85,85,85,85,85,85],"card_choices":[{"not_picked":["theDuelist:MayakashiReturn","theDuelist:GhostrickMansion","theDuelist:CardSafeReturn"],"picked":"theDuelist:OniGamiCombo","floor":1},{"not_picked":["theDuelist:BigEye","theDuelist:GreenGraveOni","theDuelist:BookTaiyou","theDuelist:FuryFire"],"picked":"theDuelist:CorrodingShark","floor":4},{"not_picked":[],"picked":"theDuelist:OniGamiCombo","floor":6},{"not_picked":["theDuelist:VendreadNightmare","theDuelist:VampireGrace","theDuelist:FusionGuard"],"picked":"SKIP","floor":7},{"not_picked":["theDuelist:CorrodingShark","theDuelist:ShiranuiSwordmaster","theDuelist:Skullgios","theDuelist:Relinkuriboh"],"picked":"theDuelist:SkullFlame","floor":8},{"not_picked":["theDuelist:FlameGhost","theDuelist:FossilDragon","theDuelist:SkullFlame","theDuelist:GhostrickSocuteboss"],"picked":"theDuelist:RebornZombie","floor":10},{"not_picked":["theDuelist:GhostrickAlucard","theDuelist:DarkDustSpirit","theDuelist:OvertexQoatlus","theDuelist:ParallelWorldFusion"],"picked":"theDuelist:SkullServant","floor":12},{"not_picked":["theDuelist:VampireGrimson","theDuelist:VampireGenesis","theDuelist:VampireDuke","theDuelist:YukiMusume","theDuelist:OboroGuruma"],"picked":"SKIP","floor":13},{"not_picked":["theDuelist:VampireLady","theDuelist:VendreadRevenants","theDuelist:VendreadCore","theDuelist:GhostrickSpecter","theDuelist:GhostrickMummy"],"picked":"SKIP","floor":14},{"not_picked":["theDuelist:YukiOnnaAbsolute","theDuelist:VendreadStriges","theDuelist:VendreadDaybreak","theDuelist:SoulRelease"],"picked":"theDuelist:BookLife","floor":16},{"not_picked":["theDuelist:VendreadDaybreak+1","theDuelist:SpiritReaper"],"picked":"theDuelist:DoomkingBalerdroch","floor":18},{"not_picked":["theDuelist:VampireFamiliar","theDuelist:GhostReaper","theDuelist:AshBlossom","theDuelist:DoomkingBalerdroch"],"picked":"theDuelist:WightLady+1","floor":21},{"not_picked":["theDuelist:Wasteland","theDuelist:SoulAbsorbingBone","theDuelist:MayakashiReturn","theDuelist:GhostrickMansion"],"picked":"theDuelist:BookMoon","floor":23},{"not_picked":["theDuelist:FlameGhost+1","theDuelist:ReturnToDoomed+1","theDuelist:FossilDragon+1","theDuelist:DarkFusion","theDuelist:MagicalGhost"],"picked":"SKIP","floor":25}],"player_experience":105310,"relics_obtained":[{"floor":6,"key":"theDuelist:MetronomeRelicB"},{"floor":8,"key":"White Beast Statue"},{"floor":9,"key":"theDuelist:BoosterExtraAllRaresRelic"},{"floor":12,"key":"aspiration:FrozenJewel"},{"floor":23,"key":"Charon\u0027s Ashes"},{"floor":25,"key":"Molten Egg 2"},{"floor":26,"key":"theDuelist:GhostToken"}],"event_choices":[{"damage_healed":0,"gold_gain":0,"player_choice":"Took item - Received: Millennium Armor","duelist":true,"damage_taken":0,"max_hp_gain":0,"max_hp_loss":0,"event_name":"Millennium Items","floor":2,"gold_loss":0},{"damage_healed":0,"gold_gain":0,"player_choice":"Donut","damage_taken":0,"max_hp_gain":5,"max_hp_loss":0,"event_name":"Big Fish","floor":3,"gold_loss":0},{"damage_healed":0,"gold_gain":0,"player_choice":"Leave","duelist":true,"damage_taken":0,"max_hp_gain":0,"max_hp_loss":0,"event_name":"Relic Duplicator","floor":5,"gold_loss":0},{"damage_healed":0,"gold_gain":99,"player_choice":"Stole From Cult","damage_taken":0,"max_hp_gain":0,"max_hp_loss":0,"event_name":"Nest","floor":19,"gold_loss":0},{"cards_removed":["theDuelist:CurseAging"],"damage_healed":0,"gold_gain":0,"player_choice":"Removed Curses","damage_taken":0,"max_hp_gain":0,"max_hp_loss":0,"event_name":"Fountain of Cleansing","floor":20,"gold_loss":0}],"is_beta":false,"boss_relics":[{"not_picked":["aspiration:WatcherSkillbook","theDuelist:GamblerChip"],"picked":"aspiration:PoetsPen_weak"}],"items_purged_floors":[],"is_endless":false,"potions_floor_spawned":[4,6,10,12,13,14,16,18,21,23,25],"killed_by":"Nightmare","ascension_level":5}}