{"host":"6z6y4ky8uzsz1dpj","time":1613663449,"event":{"mods":["AchievementEnabler","BaseMod","BetterRewards","Challenge The Spire","Colored Map","Hubris","Minty Spire (QoL Compilation)","Quick Restart","Relic Stats","Replay The Spire","StSLib"],"gold_per_floor":[113,129,60,60,72,172,172],"floor_reached":6,"language":"ENG","playtime":304,"items_purged":["Strike_B"],"score":50,"play_id":"9e78095a-fe45-4284-85db-ab3f2cbf0c16","local_time":"20210218105049","is_ascension_mode":true,"campfire_choices":[],"circlet_count":0,"master_deck":["Strike_B","Strike_B","Strike_B","Defend_B","Defend_B","Defend_B","Defend_B","Zap","Dualcast","Creative AI","Loop","hubris:SpecializedCircuitry","Lockon","Force Field","FIFO Queue","Loop"],"relics":["Cracked Core","Durian","Orrery","hubris:Icosahedron"],"acts_visited":["Exordium"],"potions_floor_usage":[6],"damage_taken":[{"damage":25,"enemies":"Jaw Worm","floor":1,"turns":7},{"damage":4,"enemies":"Small Slimes","floor":2,"turns":5},{"damage":11,"enemies":"2 Louse","floor":5,"turns":4},{"damage":18,"enemies":"Gremlin Nob","floor":6,"turns":3}],"seed_played":"7720327492237218031","potions_obtained":[{"floor":1,"key":"Elixir"},{"floor":2,"key":"Toxic Potion"}],"is_trial":false,"path_per_floor":["M","M","$","?","M","E"],"character_chosen":"DEFECT","items_purchased":["Creative AI","Orrery","FIFO Queue"],"campfire_rested":0,"item_purchase_floors":[0,0,3],"current_hp_per_floor":[40,36,36,36,25,7,7],"gold":172,"neow_bonus":"","is_daily":false,"chose_seed":false,"campfire_upgraded":0,"win_rate":0.0,"timestamp":1613663449,"path_taken":["M","M","$","?","M","E"],"items_purchased_type":["Card","Relic","Card"],"build_version":"2020-12-22","purchased_purges":1,"victory":false,"max_hp_per_floor":[80,80,80,80,80,80,80],"relic_stats":{"counters":[11,47],"obtain_stats":[{"Blood Vial":9,"hubris:Icosahedron":4,"Mummified Hand":6,"Orrery":0,"Incense Burner":0,"Durian":0,"Ginger":0,"Replay:Bottled Eggs":8,"Cracked Core":0,"Question Card":0,"Unceasing Top":0},{"Blood Vial":6,"hubris:Icosahedron":9,"Mummified Hand":5,"Orrery":7,"Incense Burner":0,"Durian":7,"Ginger":0,"Replay:Bottled Eggs":6,"Cracked Core":0,"Question Card":0,"Unceasing Top":7},{"Blood Vial":23,"hubris:Icosahedron":40,"Mummified Hand":19,"Orrery":28,"Incense Burner":0,"Durian":28,"Ginger":0,"Replay:Bottled Eggs":23,"Cracked Core":0,"Question Card":0,"Unceasing Top":28}]},"card_choices":[{"not_picked":["Force Field","Hologram"],"picked":"Loop","floor":0},{"not_picked":["Rebound","Go for the Eyes"],"picked":"hubris:SpecializedCircuitry","floor":0},{"not_picked":["Coolheaded","Rebound"],"picked":"Lockon","floor":1},{"not_picked":["ReplayTheSpireMod:Calculation Training","Stack"],"picked":"Force Field","floor":2},{"not_picked":["Steam","Genetic Algorithm"],"picked":"Loop","floor":5}],"player_experience":638177,"relics_obtained":[],"event_choices":[],"is_beta":false,"boss_relics":[],"items_purged_floors":[0],"is_endless":false,"potions_floor_spawned":[1,2],"killed_by":"Gremlin Nob","ascension_level":8}}