{"host":"vx9g5eyuglzorf3u","time":1613613835,"event":{"mods":["2.2 Compatiblity","BaseMod","DeckTracker","Keyboard Shortcuts","Minty Spire (QoL Compilation)","Relic Stats","StSLib","SuperFastMode","everything is the same but u backflip on backflip"],"gold_per_floor":[362,437,437,437,93,122,122,122,122,122,138,138,138,172,172,259,259,272,286,68,86,106,147,147,147,234,234,234,234],"floor_reached":28,"language":"KOR","playtime":532,"items_purged":["Defend_P","Strike_P"],"score":580,"play_id":"887b79f1-8aa5-435f-958e-7f516bc045e7","local_time":"20210218110355","is_ascension_mode":true,"campfire_choices":[{"data":"Apotheosis","floor":7.0,"key":"SMITH"},{"data":"Eruption","floor":10.0,"key":"SMITH"},{"floor":15,"key":"REST"},{"floor":24,"key":"REST"},{"floor":27,"key":"REST"}],"circlet_count":0,"master_deck":["AscendersBane","Strike_P","Defend_P","Defend_P","Eruption+1","Vigilance","WheelKick","Apotheosis+1","BattleHymn","EmptyMind","CrushJoints","Omniscience","Nirvana","BattleHymn","Study","Regret"],"relics":["PureWater","Question Card","Ornamental Fan","Juzu Bracelet","CeramicFish","Cursed Key","Membership Card","Toxic Egg 2","Bottled Lightning"],"acts_visited":["Exordium","TheCity"],"potions_floor_usage":[14,16,19,22,22,28],"damage_taken":[{"damage":7.0,"enemies":"Jaw Worm","floor":1.0,"turns":4.0},{"damage":0.0,"enemies":"Lagavulin","floor":6.0,"turns":4.0},{"damage":0.0,"enemies":"2 Louse","floor":11.0,"turns":3.0},{"damage":0,"enemies":"Gremlin Nob","floor":14,"turns":2},{"damage":8,"enemies":"The Guardian","floor":16,"turns":9},{"damage":0,"enemies":"Chosen","floor":18,"turns":3},{"damage":10,"enemies":"3 Byrds","floor":19,"turns":6},{"damage":7,"enemies":"Snecko","floor":22,"turns":4},{"damage":30,"enemies":"Book of Stabbing","floor":23,"turns":4},{"damage":34,"enemies":"Snake Plant","floor":28,"turns":2}],"seed_played":"3878954455999261372","potions_obtained":[{"floor":1.0,"key":"EntropicBrew"},{"floor":6.0,"key":"EssenceOfSteel"},{"floor":14,"key":"StancePotion"},{"floor":16,"key":"SteroidPotion"},{"floor":18,"key":"Ancient Potion"},{"floor":19,"key":"ColorlessPotion"},{"floor":22,"key":"CultistPotion"}],"is_trial":false,"path_per_floor":["M","?","?","?","$","E","R","T","T","R","M","?","?","E","R","B",null,"M","M","$","?","M","E","R","?","T","R","M"],"character_chosen":"WATCHER","items_purchased":["Apotheosis","BattleHymn","Membership Card"],"campfire_rested":3,"item_purchase_floors":[5,5,20],"current_hp_per_floor":[54,43,62,36,36,36,36,36,36,36,36,36,36,36,54,46,58,58,48,48,48,41,11,29,12,12,32,0,0],"gold":234,"neow_bonus":"TWO_FIFTY_GOLD","is_daily":false,"chose_seed":false,"campfire_upgraded":2,"win_rate":0.0,"timestamp":1613613835,"path_taken":["M","?","?","?","$","E","R","?","T","R","M","?","?","E","R","BOSS","M","M","$","?","M","E","R","?","T","R","M"],"items_purchased_type":["Card","Card","Relic"],"build_version":"2020-12-22","purchased_purges":2,"victory":false,"max_hp_per_floor":[62,62,62,62,62,62,62,62,62,62,62,62,62,62,62,62,62,62,62,62,62,62,62,62,67,67,67,67,67],"relic_stats":{"counters":[10,41],"Ornamental Fan":[44],"CeramicFish":54,"Juzu Bracelet":2,"Question Card":9,"Cursed Key":1,"obtain_stats":[{"Ornamental Fan":6,"CeramicFish":14,"Juzu Bracelet":8,"Membership Card":20,"Bottled Lightning":26,"PureWater":0,"Toxic Egg 2":23,"Question Card":4,"Cursed Key":17},{"Ornamental Fan":2,"CeramicFish":4,"Juzu Bracelet":2,"Membership Card":7,"Bottled Lightning":9,"PureWater":0,"Toxic Egg 2":9,"Question Card":1,"Cursed Key":5},{"Ornamental Fan":8,"CeramicFish":13,"Juzu Bracelet":8,"Membership Card":31,"Bottled Lightning":39,"PureWater":0,"Toxic Egg 2":39,"Question Card":4,"Cursed Key":22}]},"card_choices":[{"not_picked":["ReachHeaven","Wireheading"],"picked":"WheelKick","floor":1.0},{"not_picked":["Consecrate","Perseverance","JustLucky"],"picked":"EmptyMind","floor":6.0},{"not_picked":["Worship","PathToVictory","CutThroughFate","FollowUp"],"picked":"SKIP","floor":11},{"not_picked":["Swivel","BattleHymn","SashWhip"],"picked":"CrushJoints","floor":14},{"not_picked":["Brilliance","Alpha","Blasphemy"],"picked":"Omniscience","floor":16},{"not_picked":["FlurryOfBlows","FollowUp","BowlingBash+1","ReachHeaven+1"],"picked":"SKIP","floor":18},{"not_picked":["FlurryOfBlows","FollowUp","BowlingBash+1","ReachHeaven+1"],"picked":"SKIP","floor":18},{"not_picked":["Wallop","FollowUp","Sanctity","Conclude"],"picked":"SKIP","floor":19},{"not_picked":["ClearTheMind","BowlingBash+1","Weave","LikeWater"],"picked":"SKIP","floor":22},{"not_picked":["Collect+1","SandsOfTime","Weave"],"picked":"Study","floor":23}],"player_experience":1527837,"relics_obtained":[{"floor":6.0,"key":"Ornamental Fan"},{"floor":8.0,"key":"Juzu Bracelet"},{"floor":14,"key":"CeramicFish"},{"floor":23,"key":"Toxic Egg 2"},{"floor":26,"key":"Bottled Lightning"}],"event_choices":[{"damage_healed":0.0,"max_hp_gain":0.0,"max_hp_loss":0.0,"gold_gain":75.0,"event_name":"World of Goop","player_choice":"Gather Gold","floor":2.0,"gold_loss":0.0,"damage_taken":11.0},{"damage_healed":20.0,"max_hp_gain":0.0,"max_hp_loss":0.0,"gold_gain":0.0,"event_name":"Big Fish","player_choice":"Banana","floor":3.0,"gold_loss":0.0,"damage_taken":0.0},{"damage_healed":0.0,"max_hp_gain":0.0,"max_hp_loss":0.0,"gold_gain":0.0,"event_name":"Scrap Ooze","player_choice":"Success","floor":4.0,"gold_loss":0.0,"damage_taken":26.0,"relics_obtained":["Question Card"]},{"cards_removed":["Strike_P"],"damage_healed":0,"gold_gain":0,"player_choice":"Card Removal","damage_taken":0,"max_hp_gain":0,"max_hp_loss":0,"event_name":"Wheel of Change","floor":12,"gold_loss":0},{"damage_healed":0,"gold_gain":0,"player_choice":"0 cards matched","damage_taken":0,"max_hp_gain":0,"max_hp_loss":0,"event_name":"Match and Keep!","floor":13,"gold_loss":0,"cards_obtained":[]},{"damage_healed":0,"gold_gain":0,"cards_transformed":["Strike_P","Defend_P"],"player_choice":"Became Test Subject","damage_taken":0,"max_hp_gain":0,"max_hp_loss":0,"event_name":"Drug Dealer","floor":21,"gold_loss":0,"cards_obtained":["Nirvana","BattleHymn"]},{"damage_healed":0,"gold_gain":0,"player_choice":"Shed Blood","damage_taken":22,"max_hp_gain":5,"max_hp_loss":0,"event_name":"Forgotten Altar","floor":25,"gold_loss":0}],"is_beta":false,"boss_relics":[{"not_picked":["Calling Bell","Busted Crown"],"picked":"Cursed Key"}],"items_purged_floors":[5,20],"is_endless":false,"potions_floor_spawned":[1,6,14,16,18,19,22],"killed_by":"Snake Plant","ascension_level":20}}