{"host":"vjt3l4e4gk5t90rp","time":1613654071,"event":{"mods":["BaseMod","Colored Map","Highlight Path","Minty Spire (QoL Compilation)","StSLib"],"gold_per_floor":[113,113,130,80,98,130,142,142,188,212,212,253,301,151,151,280,280,298,116,116,141,141,141,156,174,174,174,205,205,228,249,249,369,369,383,383,30,53,72,110,124,157,157,172,172,18,18,18,18,18],"floor_reached":51,"language":"KOR","playtime":4788,"items_purged":["Injury","Sunder+1","Defend_B"],"score":762,"play_id":"11619886-468c-4a59-813c-49655052d796","local_time":"20210218221431","is_ascension_mode":false,"campfire_choices":[{"data":"Loop","floor":11.0,"key":"SMITH"},{"data":"Hello World","floor":15.0,"key":"SMITH"},{"data":"Storm","floor":23.0,"key":"SMITH"},{"data":"Storm","floor":29.0,"key":"SMITH"},{"floor":32.0,"key":"REST"},{"floor":49,"key":"REST"}],"circlet_count":0,"master_deck":["Strike_B","Defend_B+1","Zap+1","Dualcast","Beam Cell","Gash","Thunder Strike","Self Repair","Loop+1","Hello World","Hello World+1","Machine Learning","Turbo+1","Aggregate+1","Storm+1","Heatsinks","Storm+1","Static Discharge","Capacitor","Capacitor","Consume+1","Steam","Reboot+1","Self Repair","Conserve Battery+1","Defragment+1","Heatsinks+1","White Noise+1"],"relics":["Cracked Core","NeowsBlessing","Ornamental Fan","Golden Idol","Anchor","Oddly Smooth Stone","PreservedInsect","Astrolabe","War Paint","Darkstone Periapt","Happy Flower","Ginger","SlaversCollar","Frozen Eye","Omamori","Strawberry","Bottled Lightning","Molten Egg 2","HandDrill"],"acts_visited":[],"potions_floor_usage":[50,50,50],"damage_taken":[{"damage":0.0,"enemies":"2 Louse","floor":1.0,"turns":1.0},{"damage":0.0,"enemies":"Cultist","floor":3.0,"turns":1.0},{"damage":0.0,"enemies":"Jaw Worm","floor":5.0,"turns":1.0},{"damage":20.0,"enemies":"Gremlin Nob","floor":6.0,"turns":4.0},{"damage":5.0,"enemies":"3 Louse","floor":7.0,"turns":3.0},{"damage":5.0,"enemies":"Looter","floor":10.0,"turns":3.0},{"damage":36.0,"enemies":"Lagavulin","floor":12.0,"turns":7.0},{"damage":11.0,"enemies":"The Guardian","floor":16.0,"turns":8.0},{"damage":15.0,"enemies":"Chosen","floor":18.0,"turns":5.0},{"damage":10.0,"enemies":"3 Byrds","floor":21.0,"turns":4.0},{"damage":19.0,"enemies":"Snake Plant","floor":24.0,"turns":3.0},{"damage":15.0,"enemies":"Centurion and Healer","floor":25.0,"turns":4.0},{"damage":29.0,"enemies":"Book of Stabbing","floor":28.0,"turns":4.0},{"damage":2.0,"enemies":"Sentry and Sphere","floor":30.0,"turns":3.0},{"damage":19.0,"enemies":"Cultist and Chosen","floor":31.0,"turns":4.0},{"damage":12.0,"enemies":"Automaton","floor":33.0,"turns":6.0},{"damage":18.0,"enemies":"3 Darklings","floor":35.0,"turns":3.0},{"damage":22.0,"enemies":"3 Shapes","floor":38.0,"turns":3.0},{"damage":0.0,"enemies":"Transient","floor":39.0,"turns":5.0},{"damage":3.0,"enemies":"Giant Head","floor":40.0,"turns":5.0},{"damage":9.0,"enemies":"Maw","floor":41.0,"turns":3.0},{"damage":27.0,"enemies":"Reptomancer","floor":42.0,"turns":3.0},{"damage":43,"enemies":"Jaw Worm Horde","floor":44,"turns":3},{"damage":0,"enemies":"Donu and Deca","floor":50,"turns":3}],"seed_played":"-1180625165216821782","potions_obtained":[{"floor":3.0,"key":"SneckoOil"},{"floor":5.0,"key":"Block Potion"},{"floor":7.0,"key":"Strength Potion"},{"floor":10.0,"key":"Dexterity Potion"},{"floor":12.0,"key":"AttackPotion"},{"floor":18.0,"key":"Fire Potion"},{"floor":30.0,"key":"ColorlessPotion"},{"floor":31.0,"key":"Weak Potion"},{"floor":33.0,"key":"LiquidBronze"},{"floor":38.0,"key":"GamblersBrew"},{"floor":39.0,"key":"Strength Potion"},{"floor":44,"key":"Regen Potion"}],"is_trial":false,"path_per_floor":["M","?","M","?","M","E","M","?","T","M","R","E","T","$","R","B",null,"M","$","?","M","T","R","M","M","T","T","E","R","M","M","R","B",null,"M","?","$","M","M","E","M","E","T","M","T","$","$","?","R","B",null],"character_chosen":"DEFECT","items_purchased":["Hello World","Heatsinks","Frozen Eye","Self Repair","HandDrill"],"campfire_rested":2,"item_purchase_floors":[14,19,37,37,46],"current_hp_per_floor":[75,75,75,75,75,55,50,50,50,52,52,23,23,23,23,12,75,67,67,67,64,64,64,52,44,44,44,22,22,27,15,37,32,75,57,57,57,42,56,67,72,59,59,30,30,30,30,30,54,77],"gold":18,"neow_bonus":"THREE_ENEMY_KILL","is_daily":false,"chose_seed":false,"campfire_upgraded":4,"win_rate":0.0,"timestamp":1613654071,"path_taken":["M","?","?","?","M","E","M","?","T","M","R","E","?","$","R","BOSS","M","$","?","M","?","R","M","?","T","?","E","R","M","M","R","BOSS","M","?","$","?","M","E","M","E","T","M","?","?","$","?","R","BOSS"],"items_purchased_type":["Card","Card","Relic","Card","Relic"],"build_version":"2020-12-22","purchased_purges":3,"victory":true,"max_hp_per_floor":[75,75,75,75,75,75,75,75,75,75,75,75,75,75,75,75,75,75,75,75,75,75,75,75,75,75,75,75,75,75,75,75,75,75,75,75,75,75,75,75,75,82,82,82,82,82,82,82,82,82],"card_choices":[{"not_picked":["Turbo","Fusion"],"picked":"Beam Cell","floor":1.0},{"not_picked":["Rip and Tear","Force Field","Rebound"],"picked":"SKIP","floor":3.0},{"not_picked":["Fusion","Cold Snap"],"picked":"Gash","floor":5.0},{"not_picked":["Reinforced Body","Genetic Algorithm"],"picked":"Thunder Strike","floor":6.0},{"not_picked":["Chaos","Barrage"],"picked":"Self Repair","floor":7.0},{"not_picked":["Force Field","Conserve Battery"],"picked":"Loop","floor":10.0},{"not_picked":["White Noise","Hologram"],"picked":"Hello World","floor":12.0},{"not_picked":["Seek","Rainbow"],"picked":"Machine Learning","floor":16.0},{"not_picked":["Leap","Cold Snap"],"picked":"Storm","floor":18.0},{"not_picked":["Rebound+1","Rip and Tear"],"picked":"Static Discharge","floor":21.0},{"not_picked":["Streamline+1","Chaos","Barrage+1"],"picked":"SKIP","floor":24.0},{"not_picked":["Glacier","Ball Lightning"],"picked":"Capacitor","floor":25.0},{"not_picked":["Turbo+1","Barrage"],"picked":"Capacitor","floor":28.0},{"not_picked":["Conserve Battery","Multi-Cast"],"picked":"Consume+1","floor":30.0},{"not_picked":["Consume","Rebound"],"picked":"Steam","floor":31.0},{"not_picked":["Machine Learning","Amplify"],"picked":"Reboot","floor":33.0},{"not_picked":["Doom and Gloom","Leap","Reprogram+1"],"picked":"SKIP","floor":35.0},{"not_picked":["Auto Shields+1","Rebound"],"picked":"Conserve Battery+1","floor":38.0},{"not_picked":["Glacier+1","Ball Lightning","Chill+1"],"picked":"SKIP","floor":39.0},{"not_picked":["Tempest+1","Heatsinks+1"],"picked":"Defragment+1","floor":40.0},{"not_picked":["Beam Cell+1","Sweeping Beam","Biased Cognition"],"picked":"SKIP","floor":41.0},{"not_picked":["Cold Snap+1","Sweeping Beam"],"picked":"Heatsinks+1","floor":42.0},{"not_picked":["Steam","Compile Driver+1"],"picked":"White Noise+1","floor":44}],"player_experience":117492,"relics_obtained":[{"floor":6.0,"key":"Ornamental Fan"},{"floor":9.0,"key":"Anchor"},{"floor":12.0,"key":"Oddly Smooth Stone"},{"floor":13.0,"key":"PreservedInsect"},{"floor":22.0,"key":"War Paint"},{"floor":26.0,"key":"Darkstone Periapt"},{"floor":27.0,"key":"Happy Flower"},{"floor":28.0,"key":"Ginger"},{"floor":40.0,"key":"Omamori"},{"floor":42.0,"key":"Strawberry"},{"floor":43.0,"key":"Bottled Lightning"},{"floor":45,"key":"Molten Egg 2"}],"event_choices":[{"cards_removed":["Strike_B"],"damage_healed":0.0,"max_hp_gain":0.0,"max_hp_loss":0.0,"gold_gain":0.0,"event_name":"Bonfire Elementals","player_choice":"Offered Basic","floor":2.0,"gold_loss":0.0,"damage_taken":0.0},{"cards_removed":["Defend_B"],"damage_healed":0.0,"max_hp_gain":0.0,"max_hp_loss":0.0,"gold_gain":0.0,"event_name":"The Cleric","player_choice":"Card Removal","floor":4.0,"gold_loss":50.0,"damage_taken":0.0},{"damage_healed":0.0,"max_hp_gain":0.0,"max_hp_loss":0.0,"gold_gain":0.0,"event_name":"Golden Idol","player_choice":"Take Wound","floor":8.0,"gold_loss":0.0,"damage_taken":0.0,"relics_obtained":["Golden Idol"],"cards_obtained":["Injury"]},{"damage_healed":0.0,"max_hp_gain":0.0,"max_hp_loss":0.0,"gold_gain":0.0,"event_name":"The Library","player_choice":"Read","floor":20.0,"gold_loss":0.0,"damage_taken":0.0,"cards_obtained":["Storm"]},{"damage_healed":0.0,"max_hp_gain":0.0,"max_hp_loss":0.0,"gold_gain":0.0,"event_name":"Accursed Blacksmith","player_choice":"Forge","floor":36.0,"gold_loss":0.0,"damage_taken":0.0,"cards_upgraded":["Reboot"]},{"damage_healed":0,"gold_gain":0,"player_choice":"Ignored","damage_taken":0,"max_hp_gain":0,"max_hp_loss":0,"event_name":"SecretPortal","floor":48,"gold_loss":0}],"is_beta":false,"boss_relics":[{"not_picked":["Calling Bell","Cursed Key"],"picked":"Astrolabe"},{"not_picked":["Snecko Eye","Philosopher\u0027s Stone"],"picked":"SlaversCollar"}],"items_purged_floors":[14,19,37],"is_endless":false,"potions_floor_spawned":[3,5,7,10,12,18,30,31,33,38,39,44],"ascension_level":0}}