{"host":"q9qwbotttpvtd6fn","time":1613685388,"event":{"mods":["BaseMod","Colored Map","Minty Spire (QoL Compilation)","StSLib"],"gold_per_floor":[359,371,371,58,58,58,83,83,83,110,123,123,135,135,135,230,230,249,273,289,38,48,48,48,48],"floor_reached":24,"language":"ENG","playtime":1016,"items_purged":["Parasite"],"score":296,"play_id":"f30b0f2c-51db-4214-87c6-9a116255e037","local_time":"20210218165628","is_ascension_mode":true,"campfire_choices":[{"data":"Zap","floor":6.0,"key":"SMITH"},{"data":"Apotheosis","floor":8.0,"key":"SMITH"},{"floor":12.0,"key":"REST"},{"data":"Glacier","floor":15.0,"key":"SMITH"},{"floor":23.0,"key":"REST"}],"circlet_count":0,"master_deck":["Strike_B","Strike_B","Defend_B","Defend_B","Defend_B","Defend_B","Zap+1","Dualcast","Conserve Battery","Sunder","Apotheosis+1","Ball Lightning","Glacier+1","Meteor Strike","Turbo","Beam Cell","Compile Driver","Echo Form","White Noise","Rebound","Echo Form","Steam"],"relics":["Cracked Core","The Courier","Ice Cream","Darkstone Periapt","Black Star","Centennial Puzzle","DollysMirror","Blood Vial"],"acts_visited":["Exordium","TheCity"],"potions_floor_usage":[],"damage_taken":[{"damage":18.0,"enemies":"Small Slimes","floor":1.0,"turns":3.0},{"damage":1.0,"enemies":"Cultist","floor":2.0,"turns":4.0},{"damage":20.0,"enemies":"Gremlin Nob","floor":7.0,"turns":4.0},{"damage":5.0,"enemies":"3 Sentries","floor":10.0,"turns":6.0},{"damage":2.0,"enemies":"Jaw Worm","floor":11.0,"turns":3.0},{"damage":2.0,"enemies":"Red Slaver","floor":13.0,"turns":2.0},{"damage":10.0,"enemies":"Hexaghost","floor":16.0,"turns":5.0},{"damage":29.0,"enemies":"3 Byrds","floor":18.0,"turns":5.0},{"damage":16.0,"enemies":"2 Thieves","floor":20.0,"turns":4.0},{"damage":22.0,"enemies":"Snake Plant","floor":22.0,"turns":5.0},{"damage":32,"enemies":"Book of Stabbing","floor":24,"turns":3}],"seed_played":"-9092620301517132524","potions_obtained":[{"floor":2.0,"key":"DuplicationPotion"},{"floor":11.0,"key":"BlessingOfTheForge"},{"floor":13.0,"key":"Ancient Potion"},{"floor":16.0,"key":"SkillPotion"},{"floor":18.0,"key":"DistilledChaos"}],"is_trial":false,"path_per_floor":["M","M","?","$","?","R","E","R","T","E","M","R","M","?","R","B",null,"M","T","M","$","M","R","E"],"character_chosen":"DEFECT","items_purchased":["Apotheosis","Ball Lightning","DollysMirror","Blood Vial"],"campfire_rested":2,"item_purchase_floors":[4,4,21,21],"current_hp_per_floor":[50,49,74,72,72,72,52,52,52,47,45,66,64,64,64,54,68,39,39,23,23,3,24,0,0],"gold":48,"neow_bonus":"TWO_FIFTY_GOLD","is_daily":false,"chose_seed":false,"campfire_upgraded":3,"win_rate":0.0,"timestamp":1613685388,"path_taken":["M","M","?","$","?","R","E","R","T","E","M","R","?","?","R","BOSS","M","?","M","$","M","R","E"],"items_purchased_type":["Card","Card","Relic","Relic"],"build_version":"2020-12-22","purchased_purges":1,"victory":false,"max_hp_per_floor":[75,75,75,72,72,72,72,72,72,72,72,72,72,72,72,72,72,72,72,72,72,72,72,72,72],"card_choices":[{"not_picked":["Go for the Eyes","Turbo"],"picked":"Conserve Battery","floor":1.0},{"not_picked":["Steam Power","Go for the Eyes"],"picked":"Sunder","floor":2.0},{"not_picked":["Ball Lightning","Cold Snap"],"picked":"Glacier","floor":7.0},{"not_picked":["Leap","Barrage"],"picked":"Meteor Strike","floor":10.0},{"not_picked":["Gash","Go for the Eyes"],"picked":"Turbo","floor":11.0},{"not_picked":["Scrape","Sweeping Beam"],"picked":"Beam Cell","floor":13.0},{"not_picked":["Hyperbeam","All For One"],"picked":"Echo Form","floor":16.0},{"not_picked":["Recycle+1","Gash"],"picked":"White Noise","floor":18.0},{"not_picked":["Stack","Steam"],"picked":"Rebound","floor":20.0},{"not_picked":["Hyperbeam","Beam Cell"],"picked":"Steam","floor":22.0}],"player_experience":455204,"relics_obtained":[{"floor":7.0,"key":"The Courier"},{"floor":9.0,"key":"Ice Cream"},{"floor":10.0,"key":"Darkstone Periapt"},{"floor":19.0,"key":"Centennial Puzzle"}],"event_choices":[{"damage_healed":25.0,"max_hp_gain":0.0,"max_hp_loss":0.0,"gold_gain":0.0,"event_name":"Big Fish","player_choice":"Banana","floor":3.0,"gold_loss":0.0,"damage_taken":0.0},{"cards_removed":["Strike_B"],"damage_healed":0.0,"max_hp_gain":0.0,"max_hp_loss":0.0,"gold_gain":0.0,"event_name":"Purifier","player_choice":"Purged","floor":5.0,"gold_loss":0.0,"damage_taken":0.0},{"damage_healed":0.0,"max_hp_gain":0.0,"max_hp_loss":0.0,"gold_gain":0.0,"cards_transformed":["Strike_B"],"event_name":"Transmorgrifier","player_choice":"Transformed","floor":14.0,"gold_loss":0.0,"damage_taken":0.0,"cards_obtained":["Compile Driver"]}],"is_beta":false,"boss_relics":[{"not_picked":["Busted Crown","Cursed Key"],"picked":"Black Star"}],"items_purged_floors":[4],"is_endless":false,"potions_floor_spawned":[2,11,13,16,18],"killed_by":"Book of Stabbing","ascension_level":9}}