{"host":"csefonj4oue4r4tr","time":1613621915,"event":{"mods":["BaseMod","Bestiary","Better Note","Better Third Choice","Colored Powertips","Halation","Highlight Path","Hubris","Minty Spire (QoL Compilation)","Quick Restart","Random Character Button","Relic Stats","StSLib"],"gold_per_floor":[110,110,110,124,124,159,3,28,53,86,99,99,114,133,133,206,206,219,234,245,245,245,275,275,275,275,83,111,127,138,168,168,240,240,253,253,306,316,341,370,370,401,481,497,512,24,24,43,43,43,43,43],"floor_reached":51,"language":"ENG","playtime":4520,"items_purged":["Strike_B","hubris:PowerSurge","hubris:DoWhile+1"],"score":1720,"play_id":"7bb841db-a97e-48f0-83bf-68fa90d6113e","local_time":"20210217221835","is_ascension_mode":true,"campfire_choices":[{"data":"Buffer","floor":12.0,"key":"SMITH"},{"data":"Self Repair","floor":15.0,"key":"SMITH"},{"data":"BootSequence","floor":24.0,"key":"SMITH"},{"data":"Heatsinks","floor":32.0,"key":"SMITH"},{"floor":49.0,"key":"RECALL"}],"circlet_count":0,"master_deck":["AscendersBane","Defend_B","Defend_B","Defend_B+1","Zap","Dualcast+1","Lockon","hubris:Ukulele","BootSequence+1","Ball Lightning","Echo Form","Buffer+1","Self Repair+1","Turbo","Hologram","Electrodynamics","Sweeping Beam","Heatsinks+1","Loop","Coolheaded","Storm","Stack","Double Energy","Gash","Creative AI","Amplify+1","Darkness+1","Skim","Capacitor+1","Turbo","Defragment+1","Apotheosis","Storm","Turbo","Double Energy"],"relics":["Cracked Core","FaceOfCleric","Art of War","War Paint","Toy Ornithopter","PreservedInsect","halation:MonkeysPaw","Nilry\u0027s Codex","halation:LettersToHer","Symbiotic Virus","Cables","Juzu Bracelet","Astrolabe","hubris:AstralHammer","hubris:GlazedTorus","TungstenRod","Lantern"],"acts_visited":["Exordium","TheCity","TheBeyond"],"potions_floor_usage":[51,51],"damage_taken":[{"damage":9.0,"enemies":"Jaw Worm","floor":1.0,"turns":3.0},{"damage":0.0,"enemies":"2 Louse","floor":4.0,"turns":2.0},{"damage":20.0,"enemies":"Lagavulin","floor":6.0,"turns":5.0},{"damage":8.0,"enemies":"Gremlin Nob","floor":8.0,"turns":3.0},{"damage":18.0,"enemies":"3 Sentries","floor":10.0,"turns":7.0},{"damage":0.0,"enemies":"Cultist","floor":11.0,"turns":3.0},{"damage":0.0,"enemies":"Blue Slaver","floor":13.0,"turns":4.0},{"damage":0.0,"enemies":"Gremlin Gang","floor":14.0,"turns":3.0},{"damage":0.0,"enemies":"Slime Boss","floor":16.0,"turns":10.0},{"damage":0.0,"enemies":"Chosen","floor":18.0,"turns":3.0},{"damage":15.0,"enemies":"2 Thieves","floor":19.0,"turns":5.0},{"damage":0.0,"enemies":"Snecko","floor":20.0,"turns":4.0},{"damage":0.0,"enemies":"Gremlin Leader","floor":23.0,"turns":4.0},{"damage":14.0,"enemies":"Book of Stabbing","floor":28.0,"turns":5.0},{"damage":19.0,"enemies":"Sentry and Sphere","floor":29.0,"turns":4.0},{"damage":55.0,"enemies":"Snake Plant","floor":30.0,"turns":6.0},{"damage":42.0,"enemies":"Slavers","floor":31.0,"turns":5.0},{"damage":8.0,"enemies":"Champ","floor":33.0,"turns":8.0},{"damage":29.0,"enemies":"3 Shapes","floor":35.0,"turns":5.0},{"damage":23.0,"enemies":"2 Orb Walkers","floor":37.0,"turns":3.0},{"damage":27.0,"enemies":"3 Darklings","floor":38.0,"turns":5.0},{"damage":0.0,"enemies":"Mind Bloom Boss Battle","floor":39.0,"turns":5.0},{"damage":24.0,"enemies":"Reptomancer","floor":40.0,"turns":4.0},{"damage":16.0,"enemies":"Nemesis","floor":42.0,"turns":7.0},{"damage":21.0,"enemies":"Writhing Mass","floor":44.0,"turns":5.0},{"damage":0.0,"enemies":"Transient","floor":45.0,"turns":6.0},{"damage":28.0,"enemies":"4 Shapes","floor":48.0,"turns":3.0},{"damage":57.0,"enemies":"Donu and Deca","floor":50.0,"turns":6.0},{"damage":28,"enemies":"Time Eater","floor":51,"turns":3}],"seed_played":"-2783179803314442073","potions_obtained":[{"floor":8.0,"key":"Energy Potion"},{"floor":10.0,"key":"PowerPotion"},{"floor":23.0,"key":"Block Potion"},{"floor":29.0,"key":"PotionOfCapacity"},{"floor":38.0,"key":"Dexterity Potion"},{"floor":48.0,"key":"AttackPotion"}],"is_trial":false,"path_per_floor":["M","?","?","M","?","E","$","E","T","E","M","R","M","M","R","B",null,"M","M","M","?","?","E","R","?","T","$","E","M","M","E","R","B",null,"M","?","?","M","?","E","?","E","T","M","M","$","?","M","R","B","B"],"character_chosen":"DEFECT","items_purchased":["PotionOfCapacity","Storm","Stack","Apotheosis","Storm","Turbo","Double Energy"],"campfire_rested":0,"item_purchase_floors":[7,27,27,46,46,46,46],"current_hp_per_floor":[55,60,60,60,60,41,41,34,34,17,18,18,26,34,34,45,74,84,80,86,86,65,87,87,87,87,87,85,77,43,12,12,27,76,78,78,71,55,71,48,48,43,43,50,81,81,81,69,69,13,0,0],"gold":43,"neow_bonus":"TRANSFORM_CARD","is_daily":false,"chose_seed":false,"campfire_upgraded":4,"win_rate":0.0,"timestamp":1613621915,"path_taken":["M","?","?","M","?","E","$","E","T","E","M","R","M","?","R","BOSS","M","M","M","?","?","E","R","?","T","$","E","M","M","E","R","BOSS","M","?","?","M","?","E","?","E","T","M","M","?","?","M","R","BOSS","BOSS"],"items_purchased_type":["Potion","Card","Card","Card","Card","Card","Card"],"build_version":"2020-12-22","purchased_purges":3,"victory":false,"max_hp_per_floor":[71,76,76,76,76,77,77,78,78,79,80,80,81,82,82,83,83,84,85,86,86,86,87,87,87,87,87,88,89,90,91,91,92,92,93,93,94,95,96,97,97,98,98,99,100,100,100,101,101,102,102,102],"relic_stats":{"FaceOfCleric":26,"counters":[29,136],"Astrolabe":["Amplify","hubris:DoWhile","Darkness"],"PreservedInsect":245,"Art of War":[42],"Juzu Bracelet":1,"War Paint":["Dualcast","Defend_B"],"obtain_stats":[{"Lantern":42,"halation:MonkeysPaw":17,"Nilry\u0027s Codex":22,"Astrolabe":34,"PreservedInsect":10,"Juzu Bracelet":31,"War Paint":8,"halation:StarCompass":41,"Cables":28,"FaceOfCleric":5,"hubris:AstralHammer":37,"Art of War":6,"Cracked Core":0,"halation:LettersToHer":23,"Symbiotic Virus":26,"Toy Ornithopter":9,"TungstenRod":40,"hubris:GlazedTorus":39},{"Lantern":24,"halation:MonkeysPaw":9,"Nilry\u0027s Codex":12,"Astrolabe":18,"PreservedInsect":5,"Juzu Bracelet":17,"War Paint":4,"halation:StarCompass":23,"Cables":14,"FaceOfCleric":2,"hubris:AstralHammer":20,"Art of War":3,"Cracked Core":0,"halation:LettersToHer":13,"Symbiotic Virus":13,"Toy Ornithopter":4,"TungstenRod":23,"hubris:GlazedTorus":22},{"Lantern":113,"halation:MonkeysPaw":40,"Nilry\u0027s Codex":52,"Astrolabe":84,"PreservedInsect":20,"Juzu Bracelet":76,"War Paint":13,"halation:StarCompass":106,"Cables":61,"FaceOfCleric":5,"hubris:AstralHammer":92,"Art of War":10,"Cracked Core":0,"halation:LettersToHer":56,"Symbiotic Virus":56,"Toy Ornithopter":13,"TungstenRod":106,"hubris:GlazedTorus":102}],"Toy Ornithopter":21,"TungstenRod":18,"Cables":[65,43,5,15,2]},"card_choices":[{"not_picked":["Stack","Compile Driver"],"picked":"hubris:Ukulele","floor":1.0},{"not_picked":["Redo","Go for the Eyes"],"picked":"hubris:PowerSurge","floor":4.0},{"not_picked":["Force Field","Rebound"],"picked":"Ball Lightning","floor":6.0},{"not_picked":["Chaos","Tempest"],"picked":"Echo Form","floor":8.0},{"not_picked":["Streamline","Sweeping Beam"],"picked":"Buffer","floor":10.0},{"not_picked":["Gash","Beam Cell"],"picked":"Self Repair","floor":11.0},{"not_picked":["Coolheaded","Steam"],"picked":"Turbo","floor":13.0},{"not_picked":["Conserve Battery","BootSequence"],"picked":"Hologram","floor":14.0},{"not_picked":["Fission","Amplify"],"picked":"Electrodynamics","floor":16.0},{"not_picked":["FTL+1","Barrage"],"picked":"Sweeping Beam","floor":18.0},{"not_picked":["Turbo","Sweeping Beam"],"picked":"Heatsinks","floor":19.0},{"not_picked":["Beam Cell","Redo"],"picked":"Loop","floor":20.0},{"not_picked":["Loop","BootSequence","Barrage"],"picked":"SKIP","floor":23.0},{"not_picked":["Barrage","BootSequence"],"picked":"Double Energy","floor":28.0},{"not_picked":["Gash","Darkness"],"picked":"hubris:DoWhile","floor":29.0},{"not_picked":["Conserve Battery+1","Leap"],"picked":"Gash","floor":30.0},{"not_picked":["Steam","Rebound","Ball Lightning+1"],"picked":"SKIP","floor":31.0},{"not_picked":["hubris:Prefetch","Rainbow"],"picked":"Creative AI","floor":33.0},{"not_picked":["Coolheaded","Steam"],"picked":"Skim","floor":35.0},{"not_picked":["Beam Cell","Leap","Rebound"],"picked":"SKIP","floor":38.0},{"not_picked":["Redo+1","Steam Power"],"picked":"Capacitor+1","floor":39.0},{"not_picked":["Glacier","Coolheaded","Steam+1"],"picked":"SKIP","floor":40.0},{"not_picked":["Gash","Leap"],"picked":"Turbo","floor":42.0},{"not_picked":["Rebound","Machine Learning","Go for the Eyes"],"picked":"SKIP","floor":44.0},{"not_picked":["Hologram","Coolheaded"],"picked":"Defragment+1","floor":45.0},{"not_picked":["Beam Cell","Barrage+1","Coolheaded"],"picked":"SKIP","floor":48.0}],"player_experience":766703,"relics_obtained":[{"floor":6.0,"key":"Art of War"},{"floor":8.0,"key":"War Paint"},{"floor":9.0,"key":"Toy Ornithopter"},{"floor":10.0,"key":"PreservedInsect"},{"floor":22.0,"key":"Nilry\u0027s Codex"},{"floor":23.0,"key":"halation:LettersToHer"},{"floor":26.0,"key":"halation:LettersToHer"},{"floor":26.0,"key":"Symbiotic Virus"},{"floor":28.0,"key":"Cables"},{"floor":31.0,"key":"Juzu Bracelet"},{"floor":37.0,"key":"hubris:AstralHammer"},{"floor":39.0,"key":"hubris:GlazedTorus"},{"floor":40.0,"key":"TungstenRod"},{"floor":42.0,"key":"Lantern"},{"floor":43.0,"key":"halation:LettersToHer"}],"event_choices":[{"damage_healed":0.0,"max_hp_gain":5.0,"max_hp_loss":0.0,"gold_gain":0.0,"event_name":"Big Fish","player_choice":"Donut","floor":2.0,"gold_loss":0.0,"damage_taken":0.0},{"damage_healed":0.0,"max_hp_gain":0.0,"max_hp_loss":0.0,"gold_gain":0.0,"cards_transformed":["Defend_B"],"event_name":"Living Wall","player_choice":"Change","floor":3.0,"gold_loss":0.0,"damage_taken":0.0,"cards_obtained":["BootSequence"]},{"damage_healed":0.0,"max_hp_gain":0.0,"max_hp_loss":0.0,"gold_gain":0.0,"event_name":"FaceTrader","player_choice":"Trade","floor":5.0,"gold_loss":0.0,"damage_taken":0.0,"relics_obtained":["FaceOfCleric"]},{"damage_healed":0.0,"max_hp_gain":0.0,"max_hp_loss":0.0,"gold_gain":0.0,"event_name":"betterNote:BetterNote","player_choice":"Ignored","floor":21.0,"gold_loss":0.0,"damage_taken":0.0,"cards_obtained":["Body Slam"]},{"damage_healed":0.0,"max_hp_gain":0.0,"max_hp_loss":0.0,"gold_gain":0.0,"event_name":"Cursed Tome","player_choice":"Obtained Book","floor":22.0,"gold_loss":0.0,"damage_taken":21.0},{"damage_healed":0.0,"max_hp_gain":0.0,"max_hp_loss":0.0,"gold_gain":0.0,"event_name":"The Library","player_choice":"Read","floor":25.0,"gold_loss":0.0,"damage_taken":0.0,"cards_obtained":["Coolheaded"]},{"damage_healed":0.0,"max_hp_gain":0.0,"max_hp_loss":0.0,"gold_gain":0.0,"event_name":"Match and Keep!","player_choice":"0 cards matched","floor":36.0,"gold_loss":0.0,"damage_taken":0.0,"cards_obtained":[]},{"damage_healed":0.0,"max_hp_gain":0.0,"max_hp_loss":0.0,"gold_gain":0.0,"event_name":"Mysterious Sphere","player_choice":"Fight","floor":37.0,"gold_loss":0.0,"damage_taken":0.0},{"damage_healed":0.0,"max_hp_gain":0.0,"max_hp_loss":0.0,"gold_gain":0.0,"event_name":"MindBloom","player_choice":"Fight","floor":39.0,"gold_loss":0.0,"damage_taken":0.0}],"is_beta":false,"boss_relics":[{"not_picked":["Philosopher\u0027s Stone","Empty Cage"],"picked":"halation:MonkeysPaw"},{"not_picked":["halation:CatFaceCupcake","halation:Risk"],"picked":"Astrolabe"}],"items_purged_floors":[7,27,46],"is_endless":false,"potions_floor_spawned":[8,10,13,14,19,23,29,31,38,42,48],"killed_by":"Time Eater","ascension_level":20}}