{"host":"5n1fl7z5i1vf7jan","time":1613634479,"event":{"mods":["BaseMod","Minty Spire (QoL Compilation)","Quick Restart","Relic Stats"],"gold_per_floor":[115,115,133,147,147,147,147,178,178,178,212,212,235,16,16,107,107,130,130,150,166,184,184,209,209,209,209,209],"floor_reached":27,"language":"ENG","playtime":867,"items_purged":[],"score":446,"play_id":"c45b8125-28e3-4108-8e3e-13a39ae5ebd6","local_time":"20210217234759","is_ascension_mode":true,"campfire_choices":[{"data":"Clothesline","floor":6.0,"key":"SMITH"},{"data":"Bash","floor":10.0,"key":"SMITH"},{"data":"True Grit","floor":15.0,"key":"SMITH"},{"data":"Battle Trance","floor":23.0,"key":"SMITH"}],"circlet_count":0,"master_deck":["AscendersBane","Strike_R","Strike_R","Strike_R","Defend_R","Defend_R","Defend_R","Defend_R","Bash+1","Battle Trance+1","Headbutt","Clothesline+1","Pommel Strike","Cleave","True Grit+1","Feel No Pain","Shockwave","Metallicize","Anger","Ghostly","Ghostly","Ghostly"],"relics":["Coffee Dripper","White Beast Statue","Golden Idol","Ornamental Fan","Orichalcum","Blue Candle","Anchor","SlaversCollar","Toxic Egg 2"],"acts_visited":["Exordium","TheCity"],"potions_floor_usage":[27,27],"damage_taken":[{"damage":0.0,"enemies":"2 Louse","floor":1.0,"turns":4.0},{"damage":0.0,"enemies":"Cultist","floor":3.0,"turns":2.0},{"damage":4.0,"enemies":"Jaw Worm","floor":4.0,"turns":3.0},{"damage":10.0,"enemies":"Lagavulin","floor":8.0,"turns":6.0},{"damage":2.0,"enemies":"Gremlin Nob","floor":11.0,"turns":3.0},{"damage":2.0,"enemies":"Blue Slaver","floor":13.0,"turns":3.0},{"damage":30.0,"enemies":"Hexaghost","floor":16.0,"turns":9.0},{"damage":13.0,"enemies":"Spheric Guardian","floor":18.0,"turns":4.0},{"damage":2.0,"enemies":"Chosen","floor":20.0,"turns":4.0},{"damage":27.0,"enemies":"Snake Plant","floor":21.0,"turns":4.0},{"damage":0.0,"enemies":"Centurion and Healer","floor":22.0,"turns":5.0},{"damage":15,"enemies":"Shelled Parasite and Fungi","floor":24,"turns":10},{"damage":7,"enemies":"Book of Stabbing","floor":27,"turns":6}],"seed_played":"-4596367146529150743","potions_obtained":[{"floor":1.0,"key":"LiquidMemories"},{"floor":3.0,"key":"Strength Potion"},{"floor":8.0,"key":"DistilledChaos"},{"floor":11.0,"key":"Swift Potion"},{"floor":13.0,"key":"Fruit Juice"},{"floor":16.0,"key":"Fire Potion"},{"floor":18.0,"key":"Strength Potion"},{"floor":21.0,"key":"SteroidPotion"},{"floor":22.0,"key":"GamblersBrew"}],"is_trial":false,"path_per_floor":["M","?","M","M","?","R","?","E","T","R","E","?","M","$","R","B",null,"M","?","M","M","M","R","M","?","T","E"],"character_chosen":"IRONCLAD","items_purchased":["Anchor","PowerPotion"],"campfire_rested":0,"item_purchase_floors":[14,14],"current_hp_per_floor":[68,68,68,64,46,46,46,36,36,36,34,39,37,42,42,12,62,49,49,47,20,20,20,5,5,5,0,0],"gold":209,"neow_bonus":"BOSS_RELIC","is_daily":false,"chose_seed":false,"campfire_upgraded":4,"win_rate":0.0,"timestamp":1613634479,"path_taken":["M","?","M","?","?","R","?","E","T","R","E","?","M","$","R","BOSS","M","?","M","M","?","R","M","?","T","E"],"items_purchased_type":["Relic","Potion"],"build_version":"2020-12-22","purchased_purges":0,"victory":false,"max_hp_per_floor":[75,75,75,75,75,75,68,68,68,68,68,73,73,78,78,78,78,78,78,78,78,78,78,78,39,39,39,39],"relic_stats":{"counters":[13,63],"Golden Idol":57,"Ornamental Fan":[60],"Blue Candle":[0],"Orichalcum":[42],"obtain_stats":[{"SlaversCollar":17,"Anchor":14,"Golden Idol":7,"Ornamental Fan":8,"Blue Candle":11,"Coffee Dripper":0,"Orichalcum":9,"Toxic Egg 2":26,"Burning Blood":0,"White Beast Statue":5},{"SlaversCollar":7,"Anchor":6,"Golden Idol":3,"Ornamental Fan":4,"Blue Candle":5,"Coffee Dripper":0,"Orichalcum":4,"Toxic Egg 2":12,"Burning Blood":0,"White Beast Statue":3},{"SlaversCollar":30,"Anchor":21,"Golden Idol":9,"Ornamental Fan":15,"Blue Candle":18,"Coffee Dripper":0,"Orichalcum":15,"Toxic Egg 2":57,"Burning Blood":0,"White Beast Statue":9}]},"card_choices":[{"not_picked":["Iron Wave","Entrench"],"picked":"Battle Trance","floor":1.0},{"not_picked":["Twin Strike","Heavy Blade"],"picked":"Clothesline","floor":3.0},{"not_picked":["Reckless Charge","Twin Strike"],"picked":"Pommel Strike","floor":4.0},{"not_picked":["Evolve","Sentinel"],"picked":"Cleave","floor":8.0},{"not_picked":["Clothesline","Intimidate"],"picked":"True Grit","floor":11.0},{"not_picked":["Rupture","Limit Break"],"picked":"Feel No Pain","floor":13.0},{"not_picked":["Headbutt","Fire Breathing","Cleave"],"picked":"SKIP","floor":18.0},{"not_picked":["Cleave","Anger"],"picked":"Shockwave","floor":20.0},{"not_picked":["Shockwave","Rupture","Havoc"],"picked":"SKIP","floor":21.0},{"not_picked":["Heavy Blade","Cleave"],"picked":"Metallicize","floor":22.0},{"not_picked":["Wild Strike+1","Headbutt"],"picked":"Anger","floor":24}],"player_experience":351677,"relics_obtained":[{"floor":8.0,"key":"Ornamental Fan"},{"floor":9.0,"key":"Orichalcum"},{"floor":11.0,"key":"Blue Candle"},{"floor":26,"key":"Toxic Egg 2"}],"event_choices":[{"damage_healed":0.0,"max_hp_gain":0.0,"max_hp_loss":0.0,"gold_gain":0.0,"cards_transformed":["Strike_R"],"event_name":"Transmorgrifier","player_choice":"Transformed","floor":2.0,"gold_loss":0.0,"damage_taken":0.0,"cards_obtained":["Headbutt"]},{"damage_healed":0.0,"max_hp_gain":0.0,"max_hp_loss":0.0,"gold_gain":0.0,"event_name":"Scrap Ooze","player_choice":"Success","floor":5.0,"gold_loss":0.0,"damage_taken":18.0,"relics_obtained":["White Beast Statue"]},{"damage_healed":0.0,"max_hp_gain":0.0,"max_hp_loss":7.0,"gold_gain":0.0,"event_name":"Golden Idol","player_choice":"Lose Max HP","floor":7.0,"gold_loss":0.0,"damage_taken":0.0,"relics_obtained":["Golden Idol"]},{"damage_healed":0.0,"max_hp_gain":5.0,"max_hp_loss":0.0,"gold_gain":0.0,"event_name":"Big Fish","player_choice":"Donut","floor":12.0,"gold_loss":0.0,"damage_taken":0.0},{"cards_removed":["Strike_R"],"damage_healed":0.0,"max_hp_gain":0.0,"max_hp_loss":0.0,"gold_gain":0.0,"event_name":"Purifier","player_choice":"Purged","floor":19.0,"gold_loss":0.0,"damage_taken":0.0},{"damage_healed":0,"gold_gain":0,"player_choice":"Became a Ghost","damage_taken":0,"max_hp_gain":0,"max_hp_loss":39,"event_name":"Ghosts","floor":25,"gold_loss":0,"cards_obtained":["Ghostly","Ghostly","Ghostly"]}],"is_beta":false,"boss_relics":[{"not_picked":["Empty Cage","Tiny House"],"picked":"SlaversCollar"}],"items_purged_floors":[],"is_endless":false,"potions_floor_spawned":[1,3,8,11,13,16,18,20,21,22,24],"killed_by":"Book of Stabbing","ascension_level":20}}