{"host":"o5lch9xvacbb0fa4","time":1613668414,"event":{"mods":["AchievementEnabler","Act Like it!","Aspiration","Bard","BaseMod","Better Altar","Better Match","Better Note","Better Sensory Stone","Better Skull","Better Third Choice","Better Vampires","BetterRewards","CCEM","Colored Map","Conspire","Downfall","GifTheSpireLib","Googly Eyes","GungeonMod","Halation","Hermit","Highlight Path","Hubris","Infinite Spire","Jedi Mod","Jorbs\u0027s Wanderer Trilogy","Marisa????????","Marked Mod","Mimic Mod","Minty Spire (QoL Compilation)","Permanent Neow","Relic Filter","Relic Sorter","Relic Stats","Replay The Spire","Shade Mod","Shop Mod","Small Relic Pack","StSLib","Stuff the Spire","The Blackbeard","The Runesmith","Unceasing Turn Reminder","everything is the same but u backflip on backflip","slay the spire mod where everything is the same but ironclad has a cowboy hat"],"gold_per_floor":[114,114,114,114,130,130,130,130],"floor_reached":7,"playtime":237,"items_purged":[],"score":41,"play_id":"7307df47-86c0-41d6-bf55-a0c3dad99e24","local_time":"20210219011334","is_ascension_mode":true,"campfire_choices":[{"data":"DemoMod:ConditionalReflex","floor":6,"key":"SMITH"}],"circlet_count":0,"master_deck":["DemoMod:Strike_Huntress","DemoMod:Strike_Huntress","DemoMod:Strike_Huntress","DemoMod:Defend_Huntress","DemoMod:Defend_Huntress","DemoMod:Defend_Huntress","DemoMod:Defend_Huntress","DemoMod:Roll","DemoMod:ManualReload+1","DemoMod:RustySidearm","DemoMod:CrossBow","DemoMod:ConditionalReflex+1","Injury","DemoMod:TableSutra"],"relics":["DemoMod:Dog","conspire:BottledYoYo","jedi:fakemustache","Ring of Misfortune","Molten Egg 2","relicPack:OneForAll"],"acts_visited":["Exordium"],"potions_floor_usage":[],"damage_taken":[{"damage":0,"enemies":"Small Slimes","floor":1,"turns":2},{"damage":0,"enemies":"Jaw Worm","floor":5,"turns":2},{"damage":73,"enemies":"Gremlin Nob","floor":7,"turns":4}],"seed_played":"1853765405796002039","potions_obtained":[{"floor":1,"key":"Elixir"}],"is_trial":false,"path_per_floor":["M","?","?","?","M","R","E"],"character_chosen":"HUNTRESS","items_purchased":["conspire:BottledYoYo","jedi:fakemustache"],"campfire_rested":0,"item_purchase_floors":[0,0],"current_hp_per_floor":[67,67,67,67,67,67,0,0],"gold":130,"neow_bonus":"","is_daily":false,"chose_seed":false,"campfire_upgraded":1,"win_rate":0.0,"timestamp":1613668414,"path_taken":["M","?","?","?","M","R","E"],"items_purchased_type":["Relic","Relic"],"build_version":"2020-12-13","purchased_purges":0,"victory":false,"max_hp_per_floor":[70,70,70,70,70,70,70,70],"relic_stats":{"counters":[153,667],"obtain_stats":[{"Replay:Accelerometer":21,"StuffTheSpire:Rhapsscallions":26,"infinitespire:Cubic Diamond":3,"Bottled Tornado":19,"Boot":0,"jedi:shrinkray":0,"relicPack:OneForAll":2,"Replay:Ringing Soul":26,"Replay:Bronze Core":17,"CCEMRelics:DissonantTune":27,"Replay:Bottled Flurry":7,"halation:PromiseList":24,"infinitespire:EvilPickle":33,"CCEMRelics:FestiveHat":0,"aspiration:SilentSkillbook":34,"CultistMask":13,"conspire:BottledYoYo":9,"hubris:TenFootPole":13,"infinitespire:PuzzleCube":26,"Lantern":0,"StuffTheSpire:EmeraldSignet":2,"Bag of Preparation":8,"jedi:archwizardhat":6,"Ancient Tea Set":8,"Pet Ghost":9,"m_SlimeRing":3,"hubris:Backtick":17,"infinitespire:Bottled Soul":11,"aspiration:AnachronicSnailShell":33,"halation:Toothbrush":9,"hubris:CuriousFeather":0,"CCEMRelics:JestersCrown":6,"Ring of the Snake":0,"aspiration:ChemicalBlood":25,"StuffTheSpire:TintedRock":11,"Lee\u0027s Waffle":0,"Damaru":14,"StuffTheSpire:Expresso":36,"jedi:crownofsimplicity":0,"Frozen Egg 2":9,"Ring of Misfortune":0,"Durian":22,"Bottled Lightning":9,"ReplayTheSpireMod:Lightbulb":9,"halation:PinkSoulGem":4,"DemoMod:GlassGuonStoneRelic":1,"aspiration:BardSkillbook":17,"Centennial Puzzle":7,"infinitespire:SolderingIron":0,"Prayer Wheel":12,"Girya":51,"hubris:Teleporter":14,"Happy Flower":3,"aspiration:Nostalgia":0,"hubris:HollowSoul":0,"halation:Thesaurus":21,"WarpedTongs":19,"hubris:Zylophone":31,"conspire:GiftBox":4,"jedi:hotpepper":17,"relicPack:KazumaCape":17,"Bronze Scales":8,"Molten Egg 2":7,"StuffTheSpire:DarkSteelAnvil":14,"Grinning Jar":20,"CatCart":38,"Darkstone Periapt":10,"Replay:PocketPolymizer":5,"SacredBark":25,"conspire:SpecialSausage":17,"jedi:command_boss":25,"Incense Burner":26,"hubris:SlimyHat":0,"relicPack:DarknessArmor":0,"CCEMRelics:TechnogenicHelmet":26,"Replay:Mystery Machine":5,"PrismaticShard":24,"conspire:TopHat":6,"Chameleon Ring":9,"StuffTheSpire:HeavyRock":6,"jedi:matchstick":9,"jedi:cryingmask":9,"DemoMod:ElasticCartridgeClip":36,"halation:LettersToHer":0,"Cracked Core":7,"StuffTheSpire:Tea":45,"DemoMod:Dog":6,"infinitespire:CursedDice":47,"Guide Book":14,"White Beast Statue":0,"CCEMRelics:SpiritsEdge":9,"jedi:fakemustache":0,"Anchor":0,"infinitespire:DarkRift":0,"jedi:ominousloannote":0,"halation:EternalFortune":3,"Snack Pack":11,"PureWater":6,"jedi:arcanewood":12},{"Replay:Accelerometer":118,"StuffTheSpire:Rhapsscallions":138,"infinitespire:Cubic Diamond":126,"Bottled Tornado":63,"Boot":29,"jedi:shrinkray":29,"relicPack:OneForAll":1,"Replay:Ringing Soul":11,"Replay:Bronze Core":39,"CCEMRelics:DissonantTune":105,"Replay:Bottled Flurry":71,"halation:PromiseList":137,"infinitespire:EvilPickle":47,"CCEMRelics:FestiveHat":66,"aspiration:SilentSkillbook":47,"CultistMask":72,"conspire:BottledYoYo":35,"hubris:TenFootPole":60,"infinitespire:PuzzleCube":104,"Lantern":0,"StuffTheSpire:EmeraldSignet":108,"Bag of Preparation":26,"jedi:archwizardhat":93,"Ancient Tea Set":19,"Pet Ghost":87,"m_SlimeRing":126,"hubris:Backtick":62,"infinitespire:Bottled Soul":59,"aspiration:AnachronicSnailShell":141,"halation:Toothbrush":71,"hubris:CuriousFeather":107,"CCEMRelics:JestersCrown":17,"Ring of the Snake":0,"aspiration:ChemicalBlood":104,"StuffTheSpire:TintedRock":21,"Lee\u0027s Waffle":90,"Damaru":38,"StuffTheSpire:Expresso":49,"jedi:crownofsimplicity":29,"Frozen Egg 2":95,"Ring of Misfortune":150,"Durian":42,"Bottled Lightning":58,"ReplayTheSpireMod:Lightbulb":19,"halation:PinkSoulGem":83,"DemoMod:GlassGuonStoneRelic":1,"aspiration:BardSkillbook":74,"Centennial Puzzle":57,"infinitespire:SolderingIron":14,"Prayer Wheel":22,"Girya":148,"hubris:Teleporter":73,"Happy Flower":92,"aspiration:Nostalgia":125,"hubris:HollowSoul":52,"halation:Thesaurus":118,"WarpedTongs":40,"hubris:Zylophone":106,"conspire:GiftBox":25,"jedi:hotpepper":8,"relicPack:KazumaCape":115,"Bronze Scales":112,"Molten Egg 2":3,"StuffTheSpire:DarkSteelAnvil":28,"Grinning Jar":9,"CatCart":50,"Darkstone Periapt":130,"Replay:PocketPolymizer":127,"SacredBark":43,"conspire:SpecialSausage":134,"jedi:command_boss":43,"Incense Burner":43,"hubris:SlimyHat":90,"relicPack:DarknessArmor":29,"CCEMRelics:TechnogenicHelmet":122,"Replay:Mystery Machine":17,"PrismaticShard":10,"conspire:TopHat":85,"Chameleon Ring":26,"StuffTheSpire:HeavyRock":34,"jedi:matchstick":112,"jedi:cryingmask":129,"DemoMod:ElasticCartridgeClip":142,"halation:LettersToHer":14,"Cracked Core":18,"StuffTheSpire:Tea":145,"DemoMod:Dog":93,"infinitespire:CursedDice":147,"Guide Book":133,"White Beast Statue":90,"CCEMRelics:SpiritsEdge":4,"jedi:fakemustache":14,"Anchor":90,"infinitespire:DarkRift":125,"jedi:ominousloannote":29,"halation:EternalFortune":16,"Snack Pack":89,"PureWater":34,"jedi:arcanewood":6},{"Replay:Accelerometer":505,"StuffTheSpire:Rhapsscallions":597,"infinitespire:Cubic Diamond":548,"Bottled Tornado":263,"Boot":139,"jedi:shrinkray":139,"relicPack:OneForAll":2,"Replay:Ringing Soul":52,"Replay:Bronze Core":172,"CCEMRelics:DissonantTune":439,"Replay:Bottled Flurry":298,"halation:PromiseList":592,"infinitespire:EvilPickle":206,"CCEMRelics:FestiveHat":278,"aspiration:SilentSkillbook":206,"CultistMask":301,"conspire:BottledYoYo":156,"hubris:TenFootPole":254,"infinitespire:PuzzleCube":433,"Lantern":0,"StuffTheSpire:EmeraldSignet":446,"Bag of Preparation":117,"jedi:archwizardhat":379,"Ancient Tea Set":96,"Pet Ghost":361,"m_SlimeRing":548,"hubris:Backtick":260,"infinitespire:Bottled Soul":252,"aspiration:AnachronicSnailShell":617,"halation:Toothbrush":298,"hubris:CuriousFeather":444,"CCEMRelics:JestersCrown":82,"Ring of the Snake":0,"aspiration:ChemicalBlood":433,"StuffTheSpire:TintedRock":105,"Lee\u0027s Waffle":368,"Damaru":166,"StuffTheSpire:Expresso":214,"jedi:crownofsimplicity":139,"Frozen Egg 2":389,"Ring of Misfortune":659,"Durian":181,"Bottled Lightning":247,"ReplayTheSpireMod:Lightbulb":96,"halation:PinkSoulGem":344,"DemoMod:GlassGuonStoneRelic":2,"aspiration:BardSkillbook":313,"Centennial Puzzle":244,"infinitespire:SolderingIron":65,"Prayer Wheel":106,"Girya":652,"hubris:Teleporter":305,"Happy Flower":375,"aspiration:Nostalgia":544,"hubris:HollowSoul":226,"halation:Thesaurus":505,"WarpedTongs":174,"hubris:Zylophone":443,"conspire:GiftBox":114,"jedi:hotpepper":41,"relicPack:KazumaCape":488,"Bronze Scales":471,"Molten Egg 2":10,"StuffTheSpire:DarkSteelAnvil":125,"Grinning Jar":45,"CatCart":220,"Darkstone Periapt":564,"Replay:PocketPolymizer":551,"SacredBark":188,"conspire:SpecialSausage":580,"jedi:command_boss":188,"Incense Burner":188,"hubris:SlimyHat":368,"relicPack:DarknessArmor":139,"CCEMRelics:TechnogenicHelmet":527,"Replay:Mystery Machine":82,"PrismaticShard":46,"conspire:TopHat":354,"Chameleon Ring":117,"StuffTheSpire:HeavyRock":153,"jedi:matchstick":471,"jedi:cryingmask":560,"DemoMod:ElasticCartridgeClip":626,"halation:LettersToHer":65,"Cracked Core":83,"StuffTheSpire:Tea":639,"DemoMod:Dog":377,"infinitespire:CursedDice":649,"Guide Book":573,"White Beast Statue":368,"CCEMRelics:SpiritsEdge":18,"jedi:fakemustache":65,"Anchor":368,"infinitespire:DarkRift":544,"jedi:ominousloannote":139,"halation:EternalFortune":75,"Snack Pack":367,"PureWater":150,"jedi:arcanewood":24}]},"card_choices":[{"not_picked":["DemoMod:JK47","DemoMod:FastSwitch"],"picked":"DemoMod:ConditionalReflex","floor":1},{"not_picked":["DemoMod:DoubleSwitch","DemoMod:BoxingGlove+1"],"picked":"DemoMod:TableSutra","floor":5}],"player_experience":58608,"relics_obtained":[],"event_choices":[],"is_beta":false,"boss_relics":[],"items_purged_floors":[],"is_endless":false,"potions_floor_spawned":[1],"killed_by":"Gremlin Nob","ascension_level":1}}