{"host":"bkvp8h802zvp9d7d","time":1613649936,"event":{"mods":["Act Like it!","BaseMod","Minty Spire (QoL Compilation)","StSLib","The Bug Knight"],"gold_per_floor":[114,114,39,39,58,58,86,86,137,148,48,80,30,30,30,132,132,149,163,38,38,138,171,151,151,151,164,26,46,46,46,46,46,46],"floor_reached":33,"language":"ZHS","playtime":1215,"items_purged":["Strike_G","Strike_G","Strike_G"],"score":294,"play_id":"c434ca36-d454-4239-abbc-3cba05e4f3aa","local_time":"20210218200536","is_ascension_mode":false,"campfire_choices":[{"data":"Neutralize","floor":6.0,"key":"SMITH"},{"data":"Finisher","floor":8.0,"key":"SMITH"},{"data":"Dagger Spray","floor":15.0,"key":"SMITH"},{"data":"Infinite Blades","floor":25.0,"key":"SMITH"},{"floor":32.0,"key":"REST"}],"circlet_count":0,"master_deck":["Defend_G+1","Defend_G+1","Defend_G+1","Defend_G+1","Defend_G+1","Survivor","Neutralize+1","Backstab","Dagger Spray+1","All Out Attack","Finisher+1","Infinite Blades+1","Finisher","Doppelganger","Cloak And Dagger","Storm of Steel","Backflip"],"relics":["Ring of the Snake","NeowsBlessing","Art of War","Juzu Bracelet","Meat on the Bone","SlaversCollar","Gambling Chip","Bottled Lightning"],"acts_visited":["Exordium","TheCity"],"potions_floor_usage":[33,33,33],"damage_taken":[{"damage":0.0,"enemies":"2 Louse","floor":1.0,"turns":1.0},{"damage":0.0,"enemies":"Small Slimes","floor":5.0,"turns":1.0},{"damage":0.0,"enemies":"Lagavulin","floor":7.0,"turns":1.0},{"damage":0.0,"enemies":"Cultist","floor":10.0,"turns":2.0},{"damage":15.0,"enemies":"3 Sentries","floor":12.0,"turns":5.0},{"damage":52.0,"enemies":"Slime Boss","floor":16.0,"turns":12.0},{"damage":0.0,"enemies":"Spheric Guardian","floor":18.0,"turns":1.0},{"damage":13.0,"enemies":"Shell Parasite","floor":19.0,"turns":5.0},{"damage":17.0,"enemies":"Book of Stabbing","floor":23.0,"turns":6.0},{"damage":17.0,"enemies":"Snecko","floor":27.0,"turns":6.0},{"damage":7.0,"enemies":"Centurion and Healer","floor":29.0,"turns":5.0},{"damage":75,"enemies":"Collector","floor":33,"turns":7}],"seed_played":"-4670495269172625675","potions_obtained":[{"floor":1.0,"key":"Block Potion"},{"floor":7.0,"key":"Poison Potion"},{"floor":23.0,"key":"LiquidBronze"},{"floor":24.0,"key":"BlessingOfTheForge"}],"is_trial":false,"path_per_floor":["M","?","$","?","M","R","E","R","T","M","$","E","?","?","R","B",null,"M","M","$","?","?","E","?","R","T","M","$","M","$","?","R","B"],"character_chosen":"THE_SILENT","items_purchased":["Storm of Steel"],"campfire_rested":1,"item_purchase_floors":[28],"current_hp_per_floor":[70,70,70,75,75,75,75,75,75,75,75,60,60,60,60,20,75,75,62,62,62,62,45,45,45,45,40,40,45,45,45,67,0,0],"gold":46,"neow_bonus":"THREE_ENEMY_KILL","is_daily":false,"chose_seed":false,"campfire_upgraded":4,"win_rate":0.0,"timestamp":1613649936,"path_taken":["M","?","$","?","M","R","E","R","T","M","$","E","?","?","R","BOSS","M","M","$","?","?","E","?","R","T","M","$","M","?","?","R","BOSS"],"items_purchased_type":["Card"],"build_version":"2020-12-22","purchased_purges":3,"victory":false,"max_hp_per_floor":[70,70,70,75,75,75,75,75,75,75,75,75,75,75,75,75,75,75,75,75,75,75,75,75,75,75,75,75,75,75,75,75,75,75],"card_choices":[{"not_picked":["Dodge and Roll","Bouncing Flask"],"picked":"Backstab","floor":1.0},{"not_picked":["Poisoned Stab","Cloak And Dagger"],"picked":"All Out Attack","floor":5.0},{"not_picked":["Dagger Spray","Tactician"],"picked":"Finisher","floor":7.0},{"not_picked":["Quick Slash","Dodge and Roll"],"picked":"Infinite Blades","floor":10.0},{"not_picked":["Expertise","Bane"],"picked":"Finisher","floor":12.0},{"not_picked":["Glass Knife","Unload"],"picked":"Doppelganger","floor":16.0},{"not_picked":["Sucker Punch","Dagger Spray+1","Prepared"],"picked":"SKIP","floor":18.0},{"not_picked":["Sucker Punch","Poisoned Stab+1","Heel Hook"],"picked":"SKIP","floor":19.0},{"not_picked":["Prepared","Acrobatics","Deflect"],"picked":"SKIP","floor":23.0},{"not_picked":["PiercingWail","Underhanded Strike+1"],"picked":"Cloak And Dagger","floor":27.0},{"not_picked":["Infinite Blades","Poisoned Stab","Sucker Punch"],"picked":"SKIP","floor":29.0}],"player_experience":400242,"relics_obtained":[{"floor":7.0,"key":"Art of War"},{"floor":9.0,"key":"Juzu Bracelet"},{"floor":12.0,"key":"Meat on the Bone"},{"floor":23.0,"key":"Gambling Chip"},{"floor":26.0,"key":"Bottled Lightning"}],"event_choices":[{"damage_healed":0.0,"max_hp_gain":0.0,"max_hp_loss":0.0,"gold_gain":0.0,"cards_transformed":["Strike_G"],"event_name":"Living Wall","player_choice":"Change","floor":2.0,"gold_loss":0.0,"damage_taken":0.0,"cards_obtained":["Dagger Spray"]},{"damage_healed":0.0,"max_hp_gain":5.0,"max_hp_loss":0.0,"gold_gain":0.0,"event_name":"Big Fish","player_choice":"Donut","floor":4.0,"gold_loss":0.0,"damage_taken":0.0},{"cards_removed":["Strike_G"],"damage_healed":0.0,"max_hp_gain":0.0,"max_hp_loss":0.0,"gold_gain":0.0,"event_name":"The Cleric","player_choice":"Card Removal","floor":13.0,"gold_loss":50.0,"damage_taken":0.0},{"damage_healed":0.0,"max_hp_gain":0.0,"max_hp_loss":0.0,"gold_gain":0.0,"event_name":"Liars Game","player_choice":"Ignored","floor":14.0,"gold_loss":0.0,"damage_taken":0.0},{"damage_healed":0.0,"max_hp_gain":0.0,"max_hp_loss":0.0,"gold_gain":0.0,"event_name":"Back to Basics","player_choice":"Simplicity","floor":21.0,"gold_loss":0.0,"damage_taken":0.0,"cards_upgraded":["Defend_G","Defend_G","Defend_G","Defend_G","Defend_G"]},{"damage_healed":0.0,"max_hp_gain":0.0,"max_hp_loss":0.0,"gold_gain":100.0,"event_name":"Golden Shrine","player_choice":"Pray","floor":22.0,"gold_loss":0.0,"damage_taken":0.0},{"damage_healed":0.0,"max_hp_gain":0.0,"max_hp_loss":0.0,"gold_gain":0.0,"event_name":"The Woman in Blue","player_choice":"Bought 1 Potion","floor":24.0,"gold_loss":0.0,"damage_taken":0.0},{"damage_healed":0.0,"max_hp_gain":0.0,"max_hp_loss":0.0,"gold_gain":0.0,"event_name":"The Library","player_choice":"Read","floor":31.0,"gold_loss":0.0,"damage_taken":0.0,"cards_obtained":["Backflip"]}],"is_beta":false,"boss_relics":[{"not_picked":["Tiny House","Empty Cage"],"picked":"SlaversCollar"}],"items_purged_floors":[3,11,20],"is_endless":false,"potions_floor_spawned":[1,7,23,27,29],"killed_by":"Collector","ascension_level":0}}