{"host":"mithrandi","time":1613634830,"event":{"mods":["BaseMod","Colored Map","Highlight Path","Minty Spire (QoL Compilation)","SuperFastMode"],"gold_per_floor":[114,14,14,33,48,83,95,122,122,45,61,72,97,117,117,117,117],"floor_reached":16,"language":"ENG","playtime":908,"items_purged":["Strike_R"],"score":298,"play_id":"04d1ccd1-7cb0-450e-ad82-dc558ffa6997","local_time":"20210218095350","is_ascension_mode":true,"campfire_choices":[{"data":"True Grit","floor":15.0,"key":"SMITH"}],"circlet_count":0,"master_deck":["AscendersBane","Strike_R","Strike_R","Strike_R","Strike_R","Defend_R","Defend_R","Defend_R","Defend_R","Bash","Battle Trance","Pommel Strike","Dual Wield","True Grit+1","Perfected Strike","Iron Wave","Feel No Pain","Burning Pact","Shrug It Off","Wild Strike","Inflame"],"relics":["Burning Blood","NeowsBlessing","Regal Pillow","Akabeko","Strawberry","Pear"],"acts_visited":["Exordium"],"potions_floor_usage":[],"damage_taken":[{"damage":0.0,"enemies":"Cultist","floor":1.0,"turns":1.0},{"damage":0.0,"enemies":"Jaw Worm","floor":4.0,"turns":1.0},{"damage":0.0,"enemies":"Small Slimes","floor":5.0,"turns":1.0},{"damage":56.0,"enemies":"Gremlin Nob","floor":6.0,"turns":5.0},{"damage":19.0,"enemies":"Blue Slaver","floor":7.0,"turns":4.0},{"damage":0.0,"enemies":"3 Sentries","floor":8.0,"turns":13.0},{"damage":6.0,"enemies":"Looter","floor":11.0,"turns":4.0},{"damage":9.0,"enemies":"2 Fungi Beasts","floor":12.0,"turns":4.0},{"damage":32.0,"enemies":"Gremlin Nob","floor":13.0,"turns":4.0},{"damage":2.0,"enemies":"Lots of Slimes","floor":14.0,"turns":7.0},{"damage":28,"enemies":"The Guardian","floor":16,"turns":6}],"seed_played":"4906752977614260370","potions_obtained":[{"floor":6.0,"key":"Energy Potion"},{"floor":7.0,"key":"HeartOfIron"},{"floor":12.0,"key":"BloodPotion"},{"floor":13.0,"key":"HeartOfIron"},{"floor":14.0,"key":"Explosive Potion"}],"is_trial":false,"path_per_floor":["M","$","?","M","M","E","M","E","T","$","M","M","E","M","R","B"],"character_chosen":"IRONCLAD","items_purchased":["Pommel Strike","Feel No Pain"],"campfire_rested":0,"item_purchase_floors":[2,10],"current_hp_per_floor":[74,74,75,75,75,25,12,18,25,25,25,22,22,26,26,0,0],"gold":117,"neow_bonus":"THREE_ENEMY_KILL","is_daily":false,"chose_seed":false,"campfire_upgraded":1,"win_rate":0.0,"timestamp":1613634830,"path_taken":["M","$","?","M","?","E","M","E","T","$","M","M","E","M","R","BOSS"],"items_purchased_type":["Card","Card"],"build_version":"2020-12-18","purchased_purges":1,"victory":false,"max_hp_per_floor":[75,75,75,75,75,75,75,75,82,82,82,82,92,92,92,92,92],"card_choices":[{"not_picked":["True Grit","Havoc"],"picked":"Battle Trance","floor":1.0},{"not_picked":["Sentinel","Clash"],"picked":"Dual Wield","floor":4.0},{"not_picked":["Sword Boomerang","Twin Strike"],"picked":"True Grit","floor":5.0},{"not_picked":["Sever Soul","Second Wind"],"picked":"Perfected Strike","floor":6.0},{"not_picked":["Dual Wield","Intimidate"],"picked":"Iron Wave","floor":7.0},{"not_picked":["Sword Boomerang","Flex","Entrench"],"picked":"SKIP","floor":8.0},{"not_picked":["Exhume","Headbutt"],"picked":"Burning Pact","floor":11.0},{"not_picked":["Iron Wave","Sword Boomerang"],"picked":"Shrug It Off","floor":12.0},{"not_picked":["Anger","Whirlwind"],"picked":"Wild Strike","floor":13.0},{"not_picked":["Sentinel","Headbutt"],"picked":"Inflame","floor":14.0}],"player_experience":2989180,"relics_obtained":[{"floor":6.0,"key":"Regal Pillow"},{"floor":8.0,"key":"Akabeko"},{"floor":9.0,"key":"Strawberry"},{"floor":13.0,"key":"Pear"}],"event_choices":[{"damage_healed":1.0,"max_hp_gain":0.0,"max_hp_loss":0.0,"gold_gain":0.0,"event_name":"Wheel of Change","player_choice":"Full Heal","floor":3.0,"gold_loss":0.0,"damage_taken":0.0}],"is_beta":true,"boss_relics":[],"items_purged_floors":[2],"is_endless":false,"potions_floor_spawned":[6,7,12,13,14],"killed_by":"The Guardian","ascension_level":20}}