{"host":"vk2xyavtylxbvrfq","time":1613683936,"event":{"mods":["Bard","BaseMod","Bestiary","Better Altar","Better Match","Better Note","Better Sensory Stone","Better Skull","Better Vampires","Block Reminder","Bossed Relics","Colored Map","Curses Come First","Displayed Cursed Tome","Downfall","Fox Events","Hermit","Ironclad Rager","Marked Mod","Minty Spire (QoL Compilation)","Quick Restart","Rare Cards Sparkle","Relic Sorter","Reliquary","Robot Space Explorer","StSLib","The Hayseed","The Runesmith","TheSurvivalist","Unceasing Turn Reminder"],"gold_per_floor":[118,118,20,20,31,31,31,60,106,21,56,56,131,131,131,131,131],"floor_reached":16,"language":"ENG","playtime":289,"items_purged":[],"score":168,"play_id":"7e77c018-e764-4fe7-8f6d-36d2f6ed7c70","local_time":"20210218163216","is_ascension_mode":true,"campfire_choices":[{"data":"Swift Strike","floor":7,"key":"SMITH"},{"data":"hermit:Combo","floor":12,"key":"SMITH"},{"floor":15,"key":"REST"}],"circlet_count":0,"master_deck":["hermit:Strike_Hermit","hermit:Strike_Hermit","hermit:Strike_Hermit","hermit:Strike_Hermit","hermit:Defend_Hermit","hermit:Defend_Hermit","hermit:Defend_Hermit","hermit:Defend_Hermit","hermit:Snapshot","hermit:Covet","hermit:LowProfile+1","hermit:LowProfile+1","Regret","Swift Strike+1","hermit:Snipe","hermit:Snipe","hermit:Combo+1","hermit:SprayPray"],"relics":["hermit:Momento","NeowsBlessing","Mercury Hourglass","CaptainsWheel","reliquary:Boomerang","Art of War","Vajra"],"acts_visited":["Exordium"],"potions_floor_usage":[11],"damage_taken":[{"damage":0,"enemies":"Small Slimes","floor":1,"turns":1},{"damage":0,"enemies":"2 Louse","floor":5,"turns":1},{"damage":0,"enemies":"Lagavulin","floor":8,"turns":1},{"damage":16,"enemies":"Gremlin Nob","floor":11,"turns":4},{"damage":41,"enemies":"The Guardian","floor":16,"turns":8}],"seed_played":"3023691840172413425","potions_obtained":[{"floor":5,"key":"Explosive Potion"}],"is_trial":false,"path_per_floor":["M","?","$","?","M","T","R","E","T","$","E","R","?","?","R","B"],"character_chosen":"HERMIT","items_purchased":["Madness","hermit:Combo","SteroidPotion"],"campfire_rested":1,"item_purchase_floors":[3,10,10],"current_hp_per_floor":[68,68,68,68,68,68,68,68,68,68,52,52,41,41,63,22,22],"gold":131,"neow_bonus":"THREE_ENEMY_KILL","is_daily":false,"chose_seed":false,"campfire_upgraded":2,"win_rate":0.0,"timestamp":1613683936,"path_taken":["M","?","$","?","?","?","R","E","T","$","E","R","?","?","R","BOSS"],"items_purchased_type":["Card","Card","Potion"],"build_version":"2020-12-22","purchased_purges":0,"victory":false,"max_hp_per_floor":[75,75,75,75,75,75,75,75,75,75,75,75,75,75,75,75,75],"card_choices":[{"not_picked":["hermit:ItchyTrigger","hermit:HighCaliber"],"picked":"hermit:LowProfile","floor":1},{"not_picked":["hermit:ItchyTrigger","hermit:HighCaliber"],"picked":"hermit:LowProfile","floor":1},{"not_picked":["hermit:Grudge","hermit:Manifest"],"picked":"hermit:Snipe","floor":5},{"not_picked":["hermit:Vantage","hermit:CalledShot"],"picked":"hermit:Snipe","floor":8},{"not_picked":["hermit:Feint","hermit:TrackingShot"],"picked":"hermit:SprayPray","floor":11}],"player_experience":1426287,"relics_obtained":[{"floor":6,"key":"CaptainsWheel"},{"floor":8,"key":"reliquary:Boomerang"},{"floor":9,"key":"Art of War"},{"floor":11,"key":"Vajra"}],"event_choices":[{"damage_healed":0,"gold_gain":0,"player_choice":"Box","damage_taken":0,"relics_obtained":["Mercury Hourglass"],"max_hp_gain":0,"max_hp_loss":0,"event_name":"Big Fish","floor":2,"gold_loss":0,"cards_obtained":["Regret"]},{"damage_healed":0,"gold_gain":0,"cards_transformed":["Madness"],"player_choice":"Transformed","damage_taken":0,"max_hp_gain":0,"max_hp_loss":0,"event_name":"Transmorgrifier","floor":4,"gold_loss":0,"cards_obtained":["Swift Strike"]},{"damage_healed":0,"gold_gain":75,"player_choice":"Gather Gold","damage_taken":11,"max_hp_gain":0,"max_hp_loss":0,"event_name":"World of Goop","floor":13,"gold_loss":0},{"damage_healed":0,"gold_gain":0,"player_choice":"Grow","damage_taken":0,"max_hp_gain":0,"max_hp_loss":0,"event_name":"Living Wall","floor":14,"gold_loss":0,"cards_upgraded":["hermit:LowProfile"]}],"is_beta":false,"boss_relics":[],"items_purged_floors":[],"is_endless":false,"potions_floor_spawned":[5],"killed_by":"The Guardian","ascension_level":6}}