{"host":"yassvrowvc2yfwp2","time":1613624247,"event":{"mods":["2.2 Compatiblity","Act Like it!","BaseMod","Better Note","Curses Come First","Dota2Spire","Downfall","HololiveMod","Jorbs\u0027s Wanderer Trilogy","Minty Spire (QoL Compilation)","Prisma Mod","Rare Cards Sparkle","Reimu£®≤©¿ˆ¡È√Œ£©","Replay The Spire","Say the Spire","Spicy Shops","StSLib","The Bug Knight","The Cursed","The Servant 0.9.4"],"gold_per_floor":[15,15,15,25,40,40,66,66,66,66,66],"floor_reached":10,"language":"ZHS","playtime":238,"items_purged":[],"score":69,"play_id":"5691dac0-e0c3-43a2-b583-0391b0327b81","local_time":"20210218125727","is_ascension_mode":true,"campfire_choices":[{"data":"PendulumOfEternity","floor":6,"key":"SMITH"},{"floor":8,"key":"REST"}],"circlet_count":0,"master_deck":["Strike_S","Strike_S","Strike_S","Defend_S","Defend_S","Defend_S","Defend_S","KidneyShot","Exchange","PendulumOfEternity+1","Manipulate","GearUp","Gouge","PendulumOfEternity"],"relics":["Uniform","Ornamental Fan","Dota2Spire:ArcaneBoots"],"acts_visited":["Exordium"],"potions_floor_usage":[],"damage_taken":[{"damage":1,"enemies":"Jaw Worm","floor":1,"turns":6},{"damage":10,"enemies":"Small Slimes","floor":4,"turns":6},{"damage":0,"enemies":"Cultist","floor":5,"turns":5},{"damage":20,"enemies":"Lagavulin","floor":7,"turns":7},{"damage":0,"enemies":"3 Sentries","floor":10,"turns":2}],"seed_played":"-5572418944360070549","potions_obtained":[{"floor":3,"key":"Dota2Spire:Clarity"},{"floor":3,"key":"Energy Potion"},{"floor":3,"key":"Block Potion"}],"is_trial":false,"path_per_floor":["M","?","?","M","M","R","E","R","T","E"],"character_chosen":"THE_SERVANT","items_purchased":[],"campfire_rested":1,"item_purchase_floors":[],"current_hp_per_floor":[64,64,64,54,54,54,34,53,53,53,53],"gold":66,"neow_bonus":"THREE_RARE_CARDS","is_daily":false,"chose_seed":false,"campfire_upgraded":1,"win_rate":0.0,"timestamp":1613624247,"path_taken":["M","?","?","M","?","R","E","R","T","E"],"items_purchased_type":[],"build_version":"2020-12-22","purchased_purges":0,"victory":false,"max_hp_per_floor":[65,65,65,65,65,65,65,65,65,65,65],"card_choices":[{"not_picked":["FloweringNight","TrueSight"],"picked":"PendulumOfEternity","floor":0},{"not_picked":["Rearm","Defy"],"picked":"Manipulate","floor":1},{"not_picked":["Rewind","DoubleEdge"],"picked":"GearUp","floor":4},{"not_picked":["Defy","Contraction"],"picked":"Gouge","floor":5},{"not_picked":["Collapse","DancingSilver"],"picked":"PendulumOfEternity","floor":7}],"player_experience":2166962,"relics_obtained":[{"floor":7,"key":"Ornamental Fan"},{"floor":9,"key":"Dota2Spire:ArcaneBoots"}],"event_choices":[{"damage_healed":0,"gold_gain":0,"player_choice":"Got Potions","damage_taken":0,"max_hp_gain":0,"max_hp_loss":0,"event_name":"Lab","floor":3,"gold_loss":0}],"is_beta":false,"boss_relics":[],"items_purged_floors":[],"is_endless":false,"potions_floor_spawned":[4,5],"killed_by":"3 Sentries","ascension_level":1}}