{"host":"js2su9tbbk4rmjfl","time":1613682328,"event":{"mods":["AchievementEnabler","BaseMod","Block Reminder","Colored Map","Colored Powertips","Highlight Path","Minty Spire (QoL Compilation)","Relic Stats"],"gold_per_floor":[109,176,11,27,27,27,61,76,100,117,131,147,147,164,164,164,164],"floor_reached":16,"language":"ENG","playtime":524,"items_purged":[],"score":198,"play_id":"c7c8839d-a5af-481f-81a9-7e0ea0eb8c77","local_time":"20210218220528","is_ascension_mode":true,"campfire_choices":[{"data":"Searing Blow","floor":6,"key":"SMITH"},{"data":"Searing Blow+1","floor":13,"key":"SMITH"},{"data":"Searing Blow+2","floor":15,"key":"SMITH"}],"circlet_count":0,"master_deck":["AscendersBane","Strike_R+1","Strike_R","Strike_R+1","Strike_R","Strike_R","Defend_R","Defend_R","Defend_R","Defend_R","Bash","Bandage Up","Searing Blow+3","Flex","Berserk","Combust","Flame Barrier","Flame Barrier"],"relics":["Burning Blood","Chemical X","Blood Vial","Whetstone"],"acts_visited":["Exordium"],"potions_floor_usage":[14],"damage_taken":[{"damage":10,"enemies":"Small Slimes","floor":1,"turns":6},{"damage":14,"enemies":"Jaw Worm","floor":4,"turns":4},{"damage":60,"enemies":"Gremlin Nob","floor":7,"turns":5},{"damage":7,"enemies":"Cultist","floor":8,"turns":4},{"damage":14,"enemies":"3 Louse","floor":10,"turns":4},{"damage":17,"enemies":"Blue Slaver","floor":11,"turns":4},{"damage":12,"enemies":"Exordium Thugs","floor":12,"turns":4},{"damage":1,"enemies":"Looter","floor":14,"turns":2},{"damage":36,"enemies":"Hexaghost","floor":16,"turns":9}],"seed_played":"-9110022869741280824","potions_obtained":[{"floor":11,"key":"AttackPotion"}],"is_trial":false,"path_per_floor":["M","?","$","M","?","R","E","M","T","M","M","M","R","M","R","B"],"character_chosen":"IRONCLAD","items_purchased":["Chemical X"],"campfire_rested":0,"item_purchase_floors":[3],"current_hp_per_floor":[68,68,68,64,75,75,21,26,26,24,19,19,19,26,26,0,0],"gold":164,"neow_bonus":"RANDOM_COLORLESS","is_daily":false,"chose_seed":false,"campfire_upgraded":3,"win_rate":0.0,"timestamp":1613682328,"path_taken":["M","?","$","M","?","R","E","M","T","M","M","?","R","M","R","BOSS"],"items_purchased_type":["Relic"],"build_version":"2020-12-22","purchased_purges":0,"victory":false,"max_hp_per_floor":[75,75,75,75,75,75,75,75,75,75,75,75,75,75,75,75,75],"relic_stats":{"Blood Vial":12,"counters":[9,42],"Chemical X":[1],"Whetstone":["Strike_R","Strike_R"],"obtain_stats":[{"Blood Vial":7,"Chemical X":3,"Whetstone":9,"Burning Blood":0},{"Blood Vial":3,"Chemical X":1,"Whetstone":4,"Burning Blood":0},{"Blood Vial":15,"Chemical X":6,"Whetstone":19,"Burning Blood":0}],"Burning Blood":48},"card_choices":[{"not_picked":["Deep Breath","Trip"],"picked":"Bandage Up","floor":0},{"not_picked":["Dropkick","Thunderclap"],"picked":"Searing Blow","floor":1},{"not_picked":["Anger","Warcry"],"picked":"Flex","floor":4},{"not_picked":["Shockwave","Wild Strike"],"picked":"Berserk","floor":7},{"not_picked":["Warcry","Havoc"],"picked":"Combust","floor":8},{"not_picked":["Bloodletting","Heavy Blade","Sentinel"],"picked":"SKIP","floor":10},{"not_picked":["Reckless Charge","Second Wind"],"picked":"Flame Barrier","floor":11},{"not_picked":["Power Through","Sentinel"],"picked":"Flame Barrier","floor":12},{"not_picked":["Burning Pact","Cleave","Disarm"],"picked":"SKIP","floor":14}],"player_experience":843484,"relics_obtained":[{"floor":7,"key":"Blood Vial"},{"floor":9,"key":"Whetstone"}],"event_choices":[{"damage_healed":0,"gold_gain":67,"player_choice":"Gained Gold","damage_taken":0,"max_hp_gain":0,"max_hp_loss":0,"event_name":"Golden Wing","floor":2,"gold_loss":0},{"damage_healed":11,"gold_gain":0,"player_choice":"Full Heal","damage_taken":0,"max_hp_gain":0,"max_hp_loss":0,"event_name":"Wheel of Change","floor":5,"gold_loss":0}],"is_beta":false,"boss_relics":[],"items_purged_floors":[],"is_endless":false,"potions_floor_spawned":[11],"killed_by":"Hexaghost","ascension_level":18}}