{"host":"btkbr53c3gip0r7d","time":1613687420,"event":{"mods":["BaseMod","Better Altar","Better Match","Better Note","Better Sensory Stone","Better Skull","Better Third Choice","Colored Map","Curses Come First","Downfall","Minty Spire (QoL Compilation)","StSLib","The Cursed","The Marked"],"gold_per_floor":[99,117,128,142,152,187,187,220,220,251,270,270,720,752,772,772,772,772],"floor_reached":16,"language":"ENG","playtime":1378,"items_purged":[],"score":242,"play_id":"e387daf5-80da-4b77-9acd-846746e84d65","local_time":"20210218153020","is_ascension_mode":true,"campfire_choices":[{"data":"hexamod:Sear","floor":1,"key":"SMITH"},{"data":"hexamod:HeatCrush","floor":12,"key":"SMITH"}],"circlet_count":0,"master_deck":["hexamod:Strike","hexamod:Strike","hexamod:Strike+1","hexamod:Strike","hexamod:Defend","hexamod:Defend","hexamod:Defend","hexamod:Defend","hexamod:Sear+1","hexamod:Float","hexamod:RainOfEmbers+1","hexamod:SoulSteal","hexamod:ExtraCrispy","hexamod:EmpoweredFlame+1","downfall:Malfunctioning","hexamod:EmpoweredFlame","hexamod:HeatCrush+1","downfall:Icky","downfall:Icky","downfall:Icky","hexamod:ThirdSeal","hexamod:Again"],"relics":["hexamod:SpiritBrand","Du-Vu Doll","StoneCalendar","Mango","Shuriken","Boot"],"acts_visited":["Exordium"],"potions_floor_usage":[6,8,15,16],"damage_taken":[{"damage":2,"enemies":"2 Louse","floor":2,"turns":3},{"damage":0,"enemies":"Small Slimes","floor":3,"turns":3},{"damage":1,"enemies":"Jaw Worm","floor":4,"turns":3},{"damage":0,"enemies":"Large Slime","floor":5,"turns":3},{"damage":0,"enemies":"Lagavulin","floor":6,"turns":4},{"damage":29,"enemies":"3 Sentries","floor":8,"turns":6},{"damage":7,"enemies":"Gremlin Nob","floor":10,"turns":3},{"damage":28,"enemies":"Gremlin Gang","floor":11,"turns":4},{"damage":0,"enemies":"Lagavulin","floor":14,"turns":4},{"damage":0,"enemies":"Exordium Thugs","floor":15,"turns":3},{"damage":30,"enemies":"WA_ARCHETYPE_RETAIN","floor":16,"turns":4}],"seed_played":"-3634289277812347907","potions_obtained":[{"floor":2,"key":"hexamod:SoulburnPotion"},{"floor":6,"key":"SkillPotion"},{"floor":8,"key":"Dexterity Potion"},{"floor":11,"key":"Block Potion"}],"is_trial":false,"path_per_floor":["R","M","M","M","M","E","T","E","?","E","M","R","?","E","M","B"],"character_chosen":"THE_SPIRIT","items_purchased":[],"campfire_rested":0,"item_purchase_floors":[],"current_hp_per_floor":[77,75,75,74,74,74,74,59,59,52,24,24,24,24,24,0,0,0],"gold":772,"neow_bonus":"TEN_PERCENT_HP_BONUS","is_daily":false,"chose_seed":false,"campfire_upgraded":2,"win_rate":0.0,"timestamp":1613687420,"path_taken":["R","M","M","M","M","E","T","E","?","E","M","R","?","E","M","BOSS"],"items_purchased_type":[],"build_version":"2020-12-22","purchased_purges":0,"victory":false,"max_hp_per_floor":[77,77,77,77,77,77,77,91,91,91,91,91,91,91,91,91,91,91],"card_choices":[{"not_picked":["hexamod:GhostShield","hexamod:Haunt"],"picked":"hexamod:RainOfEmbers","floor":2},{"not_picked":["hexamod:NightmareStrike","hexamod:RainOfEmbers"],"picked":"hexamod:SoulSteal","floor":3},{"not_picked":["hexamod:BacktrackSmack","hexamod:FlamesFromBeyond"],"picked":"hexamod:ExtraCrispy","floor":4},{"not_picked":["hexamod:FastForward","hexamod:ShieldOfDarkness","hexamod:Rewind"],"picked":"SKIP","floor":5},{"not_picked":["hexamod:InspiringFlames","hexamod:SpectersWail"],"picked":"hexamod:EmpoweredFlame","floor":6},{"not_picked":["hexamod:AdvancingGuard","hexamod:RecurringNightmare","hexamod:GhostLash"],"picked":"SKIP","floor":8},{"not_picked":["hexamod:HauntingEcho","hexamod:NightmareStrike"],"picked":"hexamod:EmpoweredFlame","floor":10},{"not_picked":["hexamod:BurningTouch","hexamod:SecondSeal"],"picked":"hexamod:HeatCrush","floor":11},{"not_picked":["hexamod:BacktrackSmack","hexamod:ThermalTransfer"],"picked":"hexamod:ThirdSeal","floor":14},{"not_picked":["hexamod:BurningTouch","hexamod:CatchUp"],"picked":"hexamod:Again","floor":15}],"player_experience":1475726,"relics_obtained":[{"floor":6,"key":"Du-Vu Doll"},{"floor":7,"key":"StoneCalendar"},{"floor":8,"key":"Mango"},{"floor":10,"key":"Shuriken"},{"floor":14,"key":"Boot"}],"event_choices":[],"is_beta":false,"boss_relics":[],"items_purged_floors":[],"is_endless":false,"potions_floor_spawned":[2,6,8,11],"killed_by":"WA_ARCHETYPE_RETAIN","ascension_level":1}}