{"host":"67dbklwnaq0pv002","time":1613650135,"event":{"mods":["2.2 Compatiblity","AchievementEnabler","Act Like it!","BaseMod","Colored Map","Colored Powertips","Custom Start","KOR Keyword Fix","Minty Spire (QoL Compilation)","Quick Restart","StSLib","SuperFastMode"],"gold_per_floor":[118,193,44,55,55,87,87,102,127,127,159,159,159,175,175,175,175],"floor_reached":16,"language":"KOR","playtime":325,"items_purged":["Strike_R"],"score":206,"play_id":"b969531a-9841-4ce5-8ce1-d697731e3aee","local_time":"20210218210855","is_ascension_mode":true,"campfire_choices":[{"data":"Inflame","floor":7,"key":"SMITH"},{"data":"Dark Embrace","floor":10,"key":"SMITH"},{"data":"Wild Strike","floor":15,"key":"SMITH"}],"circlet_count":0,"master_deck":["AscendersBane","Strike_R","Strike_R+1","Strike_R","Strike_R","Defend_R+1","Defend_R","Defend_R","Defend_R","Bash","Bloodletting","Inflame+1","Clothesline","Dark Embrace+1","Wild Strike+1","Second Wind"],"relics":["Burning Blood","NeowsBlessing","Strawberry","Art of War","Nunchaku","Champion Belt","Magic Flower"],"acts_visited":["Exordium"],"potions_floor_usage":[11,11,16],"damage_taken":[{"damage":0,"enemies":"Small Slimes","floor":1,"turns":1},{"damage":0,"enemies":"Cultist","floor":4,"turns":2},{"damage":0,"enemies":"Lagavulin","floor":6,"turns":1},{"damage":5,"enemies":"Jaw Worm","floor":8,"turns":3},{"damage":18,"enemies":"3 Sentries","floor":11,"turns":8},{"damage":14,"enemies":"2 Fungi Beasts","floor":14,"turns":4},{"damage":55,"enemies":"Hexaghost","floor":16,"turns":11}],"seed_played":"-1748140663937725177","potions_obtained":[{"floor":1,"key":"Energy Potion"},{"floor":8,"key":"Weak Potion"},{"floor":11,"key":"HeartOfIron"}],"is_trial":false,"path_per_floor":["M","?","$","M","?","E","R","M","T","R","E","?","T","M","R","B"],"character_chosen":"IRONCLAD","items_purchased":["Inflame"],"campfire_rested":0,"item_purchase_floors":[3],"current_hp_per_floor":[78,70,70,76,80,86,86,87,87,87,75,58,58,53,53,0,0],"gold":175,"neow_bonus":"THREE_ENEMY_KILL","is_daily":false,"chose_seed":false,"campfire_upgraded":3,"win_rate":0.0,"timestamp":1613650135,"path_taken":["M","?","$","?","?","E","R","M","T","R","E","?","?","M","R","BOSS"],"items_purchased_type":["Card"],"build_version":"2020-12-22","purchased_purges":1,"victory":false,"max_hp_per_floor":[80,80,80,80,87,87,87,87,87,87,87,87,87,87,87,87,87],"card_choices":[{"not_picked":["Pummel","Combust"],"picked":"Bloodletting","floor":1},{"not_picked":["Armaments","Iron Wave","Heavy Blade"],"picked":"SKIP","floor":4},{"not_picked":["Spot Weakness","Anger"],"picked":"Clothesline","floor":6},{"not_picked":["Rampage","Shrug It Off"],"picked":"Dark Embrace","floor":8},{"not_picked":["Twin Strike","Perfected Strike"],"picked":"Wild Strike","floor":11},{"not_picked":["Cleave","Combust"],"picked":"Second Wind","floor":14}],"player_experience":608778,"relics_obtained":[{"floor":6,"key":"Art of War"},{"floor":9,"key":"Nunchaku"},{"floor":11,"key":"Champion Belt"},{"floor":13,"key":"Magic Flower"}],"event_choices":[{"damage_healed":0,"gold_gain":75,"player_choice":"Touch","damage_taken":8,"max_hp_gain":0,"max_hp_loss":0,"event_name":"FaceTrader","floor":2,"gold_loss":0},{"damage_healed":0,"gold_gain":0,"player_choice":"Success","damage_taken":3,"relics_obtained":["Strawberry"],"max_hp_gain":0,"max_hp_loss":0,"event_name":"Scrap Ooze","floor":5,"gold_loss":0},{"damage_healed":0,"gold_gain":0,"player_choice":"Entered Light","damage_taken":17,"max_hp_gain":0,"max_hp_loss":0,"event_name":"Shining Light","floor":12,"gold_loss":0,"cards_upgraded":["Strike_R","Defend_R"]}],"is_beta":false,"boss_relics":[],"items_purged_floors":[3],"is_endless":false,"potions_floor_spawned":[1,8,11],"killed_by":"Hexaghost","ascension_level":11}}