{"host":"xsuxkwaivmtd234a","time":1613674048,"event":{"mods":["BaseMod","Bestiary","Colored Map","Filter the Spire","Minty Spire (QoL Compilation)","Relic Stats","StSLib"],"gold_per_floor":[116,133,153,153,9,40,40,65,65,65,80,115,115,115,115,216,216,232,247,346,346,261,292,292,319,319,319,319,345,370,1,1,105,105,124,124,0,12,12,12,42,42,42,74,91,104,123,156,156,156,156,156,5,37,37],"floor_reached":56,"language":"ENG","playtime":3089,"items_purged":[],"score":1946,"play_id":"17e8f4f3-59e0-49b9-91e2-53f5210a99f5","local_time":"20210218134728","is_ascension_mode":true,"campfire_choices":[{"data":"Whirlwind","floor":7.0,"key":"SMITH"},{"floor":10.0,"key":"DIG"},{"data":"Uppercut","floor":13.0,"key":"SMITH"},{"floor":15.0,"key":"DIG"},{"floor":24,"key":"DIG"},{"floor":32,"key":"DIG"},{"floor":40,"key":"DIG"},{"floor":49,"key":"RECALL"},{"floor":52,"key":"DIG"}],"circlet_count":0,"master_deck":["Strike_R","Strike_R","Strike_R","Defend_R+1","Defend_R+1","Defend_R","Defend_R","Bash","Whirlwind+1","Uppercut+1","Dark Embrace","Shockwave","Evolve","Feel No Pain","True Grit","Corruption","Flex+1","Pummel+1","Entrench","Clothesline+1","Decay","Writhe","True Grit+1","Power Through+1","Limit Break+1","Havoc+1","Clumsy","Rage+1","Feel No Pain+1","Panache","Bandage Up+1","Dark Shackles+1","Regret","Power Through+1","Battle Trance+1","Seeing Red+1","Reaper","Power Through+1","Sentinel+1","Sentinel+1","Sever Soul+1","Metallicize+1","Body Slam+1"],"relics":["Mark of Pain","CultistMask","Akabeko","CaptainsWheel","Dead Branch","Shovel","Peace Pipe","Juzu Bracelet","Strawberry","Snecko Eye","Nunchaku","Tiny Chest","Toxic Egg 2","Bag of Marbles","HornCleat","Dream Catcher","Art of War","OrangePellets","Bag of Preparation","Ancient Tea Set","Cursed Key","Pear","Red Mask","Toy Ornithopter","Happy Flower","InkBottle","Mercury Hourglass","Incense Burner","Blue Candle","Orrery","War Paint"],"acts_visited":["Exordium","TheCity","TheBeyond","TheEnding"],"potions_floor_usage":[23,25,25,29,55,55],"damage_taken":[{"damage":0.0,"enemies":"2 Louse","floor":1.0,"turns":3.0},{"damage":0.0,"enemies":"Cultist","floor":2.0,"turns":3.0},{"damage":2.0,"enemies":"Jaw Worm","floor":3.0,"turns":2.0},{"damage":0.0,"enemies":"3 Sentries","floor":6.0,"turns":1.0},{"damage":15.0,"enemies":"Lagavulin","floor":8.0,"turns":5.0},{"damage":0.0,"enemies":"2 Fungi Beasts","floor":11.0,"turns":1.0},{"damage":5.0,"enemies":"3 Sentries","floor":12.0,"turns":2.0},{"damage":9.0,"enemies":"Slime Boss","floor":16.0,"turns":5.0},{"damage":0.0,"enemies":"3 Byrds","floor":18.0,"turns":1.0},{"damage":5.0,"enemies":"Chosen","floor":19.0,"turns":2.0},{"damage":8,"enemies":"Book of Stabbing","floor":23,"turns":3},{"damage":4,"enemies":"Slavers","floor":25,"turns":3},{"damage":4,"enemies":"Book of Stabbing","floor":29,"turns":4},{"damage":0,"enemies":"Collector","floor":33,"turns":4},{"damage":0,"enemies":"Orb Walker","floor":35,"turns":2},{"damage":0,"enemies":"3 Shapes","floor":38,"turns":1},{"damage":6,"enemies":"Giant Head","floor":41,"turns":5},{"damage":8,"enemies":"Nemesis","floor":44,"turns":5},{"damage":0,"enemies":"Spire Growth","floor":45,"turns":3},{"damage":0,"enemies":"Writhing Mass","floor":46,"turns":2},{"damage":0,"enemies":"4 Shapes","floor":47,"turns":2},{"damage":5,"enemies":"Giant Head","floor":48,"turns":2},{"damage":46,"enemies":"Time Eater","floor":50,"turns":10},{"damage":2,"enemies":"Shield and Spear","floor":54,"turns":5},{"damage":4,"enemies":"The Heart","floor":55,"turns":5}],"seed_played":"8708260077108263462","potions_obtained":[{"floor":1.0,"key":"Regen Potion"},{"floor":6.0,"key":"Block Potion"},{"floor":11.0,"key":"Block Potion"},{"floor":23,"key":"AttackPotion"},{"floor":25,"key":"ColorlessPotion"},{"floor":38,"key":"LiquidMemories"},{"floor":45,"key":"GamblersBrew"}],"is_trial":false,"path_per_floor":["M","M","M","?","$","E","R","E","T","R","M","E","R","$","R","B",null,"M","M","?","?","?","E","R","E","T","?","?","E","T","$","R","B",null,"M","T","?","M","?","R","E","?","T","E","M","M","M","E","R","B",null,"R","$","E","B",null],"character_chosen":"IRONCLAD","items_purchased":["Akabeko","OrangePellets","Bag of Preparation","Power Through+1","Orrery"],"campfire_rested":0,"item_purchase_floors":[5,31,31,31,53],"current_hp_per_floor":[80,80,78,78,78,78,78,63,63,63,63,58,58,58,65,56,79,79,74,74,74,74,66,66,62,62,62,62,70,70,70,70,70,83,83,93,93,93,93,93,87,77,77,75,81,87,87,88,88,54,86,86,86,90,97],"gold":37,"neow_bonus":"BOSS_RELIC","is_daily":false,"chose_seed":false,"campfire_upgraded":2,"win_rate":0.0,"timestamp":1613674048,"path_taken":["M","M","M","?","$","E","R","E","T","R","M","E","R","?","R","BOSS","M","M","?","?","?","E","R","E","T","?","?","E","?","$","R","BOSS","M","?","?","M","?","R","E","?","T","E","M","M","M","E","R","BOSS","R","$","E","BOSS"],"items_purchased_type":["Relic","Relic","Relic","Card","Relic"],"build_version":"2020-12-22","purchased_purges":0,"victory":true,"max_hp_per_floor":[80,80,80,80,80,80,80,80,80,80,80,80,80,80,87,87,87,87,87,87,87,87,87,87,87,87,87,87,87,87,87,87,87,87,87,97,97,97,97,97,97,97,97,97,97,97,97,97,97,97,97,97,97,97,97],"relic_stats":{"Happy Flower":[11],"counters":[25,81],"Dead Branch":[355],"Blue Candle":[6],"Juzu Bracelet":2,"Bag of Preparation":[24],"War Paint":["Defend_R","Defend_R"],"Cursed Key":2,"Mercury Hourglass":[96],"Peace Pipe":0,"OrangePellets":[32],"Nunchaku":[10],"Dream Catcher":0,"Shovel":6,"Snecko Eye":[78,64,67,56],"Tiny Chest":1,"Art of War":[12],"obtain_stats":[{"Juzu Bracelet":12,"Bag of Preparation":31,"Incense Burner":48,"Ancient Tea Set":32,"Cursed Key":34,"Burning Blood":0,"Nunchaku":22,"Dream Catcher":29,"Shovel":9,"HornCleat":28,"Strawberry":15,"Tiny Chest":23,"Red Mask":37,"Toxic Egg 2":24,"InkBottle":43,"Pear":36,"Happy Flower":41,"Dead Branch":8,"Blue Candle":52,"War Paint":54,"Akabeko":5,"Mercury Hourglass":44,"Peace Pipe":10,"OrangePellets":31,"CaptainsWheel":6,"Snecko Eye":17,"Orrery":53,"Mark of Pain":0,"CultistMask":4,"Bag of Marbles":25,"Art of War":30,"Toy Ornithopter":40},{"Juzu Bracelet":7,"Bag of Preparation":13,"Incense Burner":22,"Ancient Tea Set":13,"Cursed Key":14,"Burning Blood":0,"Nunchaku":10,"Dream Catcher":13,"Shovel":5,"HornCleat":12,"Strawberry":7,"Tiny Chest":11,"Red Mask":15,"Toxic Egg 2":11,"InkBottle":17,"Pear":15,"Happy Flower":17,"Dead Branch":5,"Blue Candle":23,"War Paint":24,"Akabeko":3,"Mercury Hourglass":18,"Peace Pipe":5,"OrangePellets":13,"CaptainsWheel":4,"Snecko Eye":8,"Orrery":23,"Mark of Pain":0,"CultistMask":3,"Bag of Marbles":12,"Art of War":13,"Toy Ornithopter":16},{"Juzu Bracelet":17,"Bag of Preparation":35,"Incense Burner":61,"Ancient Tea Set":35,"Cursed Key":39,"Burning Blood":0,"Nunchaku":25,"Dream Catcher":35,"Shovel":14,"HornCleat":31,"Strawberry":17,"Tiny Chest":28,"Red Mask":41,"Toxic Egg 2":28,"InkBottle":47,"Pear":41,"Happy Flower":47,"Dead Branch":14,"Blue Candle":71,"War Paint":76,"Akabeko":8,"Mercury Hourglass":52,"Peace Pipe":14,"OrangePellets":35,"CaptainsWheel":9,"Snecko Eye":22,"Orrery":71,"Mark of Pain":0,"CultistMask":8,"Bag of Marbles":31,"Art of War":35,"Toy Ornithopter":42}],"Toy Ornithopter":9,"InkBottle":[26]},"card_choices":[{"not_picked":["Bloodletting","Dual Wield"],"picked":"Whirlwind","floor":1.0},{"not_picked":["Twin Strike","Hemokinesis"],"picked":"Uppercut","floor":2.0},{"not_picked":["Flex","Second Wind"],"picked":"Dark Embrace","floor":3.0},{"not_picked":["Clothesline","Combust"],"picked":"Shockwave","floor":6.0},{"not_picked":["Anger","Spot Weakness"],"picked":"Evolve","floor":8.0},{"not_picked":["Cleave","Twin Strike"],"picked":"Feel No Pain","floor":11.0},{"not_picked":["Rampage","Searing Blow"],"picked":"True Grit","floor":12.0},{"not_picked":["Bludgeon","Immolate"],"picked":"Corruption","floor":16.0},{"not_picked":["Reckless Charge","Heavy Blade"],"picked":"Flex+1","floor":18.0},{"not_picked":["Warcry","Clash"],"picked":"Pummel+1","floor":19.0},{"not_picked":["Thunderclap","Heavy Blade"],"picked":"Entrench","floor":23},{"not_picked":["Reckless Charge","Thunderclap"],"picked":"Clothesline+1","floor":25},{"not_picked":["Dual Wield+1","Reckless Charge"],"picked":"True Grit+1","floor":29},{"not_picked":["Berserk","Double Tap+1"],"picked":"Limit Break+1","floor":33},{"not_picked":["Perfected Strike","Pummel+1"],"picked":"Havoc+1","floor":35},{"not_picked":["Whirlwind","Anger"],"picked":"Rage+1","floor":38},{"not_picked":["Dual Wield+1","Offering+1"],"picked":"Feel No Pain+1","floor":41},{"not_picked":["Enlightenment+1","Bandage Up+1"],"picked":"Panache","floor":42},{"not_picked":["Jack Of All Trades+1","Master of Strategy+1"],"picked":"Bandage Up+1","floor":42},{"not_picked":["Forethought+1","Secret Technique+1"],"picked":"Dark Shackles+1","floor":42},{"not_picked":["Headbutt","Perfected Strike+1"],"picked":"Power Through+1","floor":44},{"not_picked":["Pommel Strike+1","Wild Strike+1","Clothesline"],"picked":"SKIP","floor":45},{"not_picked":["Heavy Blade+1","Bloodletting+1"],"picked":"Battle Trance+1","floor":46},{"not_picked":["Burning Pact+1","Pummel+1"],"picked":"Seeing Red+1","floor":47},{"not_picked":["Bloodletting+1","Iron Wave"],"picked":"Reaper","floor":48},{"not_picked":["Heavy Blade+1","Fire Breathing+1"],"picked":"Power Through+1","floor":53},{"not_picked":["Wild Strike+1","Rage+1"],"picked":"Sentinel+1","floor":53},{"not_picked":["Twin Strike","Dropkick+1"],"picked":"Sentinel+1","floor":53},{"not_picked":["Feed","Wild Strike"],"picked":"Sever Soul+1","floor":53},{"not_picked":["Heavy Blade","Perfected Strike"],"picked":"Metallicize+1","floor":53},{"not_picked":["Limit Break+1","Warcry+1"],"picked":"Body Slam+1","floor":54}],"player_experience":1293354,"relics_obtained":[{"floor":6.0,"key":"CaptainsWheel"},{"floor":8.0,"key":"Dead Branch"},{"floor":9.0,"key":"Shovel"},{"floor":10.0,"key":"Peace Pipe"},{"floor":12.0,"key":"Juzu Bracelet"},{"floor":15.0,"key":"Strawberry"},{"floor":23,"key":"Tiny Chest"},{"floor":24,"key":"Toxic Egg 2"},{"floor":25,"key":"Bag of Marbles"},{"floor":29,"key":"Dream Catcher"},{"floor":30,"key":"Art of War"},{"floor":32,"key":"Ancient Tea Set"},{"floor":36,"key":"Pear"},{"floor":40,"key":"Toy Ornithopter"},{"floor":41,"key":"Happy Flower"},{"floor":43,"key":"InkBottle"},{"floor":44,"key":"Mercury Hourglass"},{"floor":48,"key":"Incense Burner"},{"floor":52,"key":"Blue Candle"},{"floor":54,"key":"War Paint"}],"event_choices":[{"damage_healed":0.0,"max_hp_gain":0.0,"max_hp_loss":0.0,"gold_gain":0.0,"event_name":"FaceTrader","player_choice":"Trade","floor":4.0,"gold_loss":0.0,"damage_taken":0.0,"relics_obtained":["CultistMask"]},{"damage_healed":0.0,"max_hp_gain":0.0,"max_hp_loss":0.0,"gold_gain":99.0,"event_name":"Nest","player_choice":"Stole From Cult","floor":20.0,"gold_loss":0.0,"damage_taken":0.0},{"cards_removed":["Strike_R"],"damage_healed":0.0,"max_hp_gain":0.0,"max_hp_loss":0.0,"gold_gain":0.0,"event_name":"Purifier","player_choice":"Purged","floor":21.0,"gold_loss":0.0,"damage_taken":0.0},{"damage_healed":0.0,"max_hp_gain":0.0,"max_hp_loss":0.0,"gold_gain":0.0,"event_name":"Addict","player_choice":"Obtained Relic","floor":22.0,"gold_loss":85.0,"damage_taken":0.0,"relics_obtained":["Nunchaku"]},{"damage_healed":0,"gold_gain":0,"player_choice":"Smashed Altar","damage_taken":0,"max_hp_gain":0,"max_hp_loss":0,"event_name":"Forgotten Altar","floor":27,"gold_loss":0,"cards_obtained":["Decay"]},{"damage_healed":0,"gold_gain":0,"player_choice":"Opened","damage_taken":0,"relics_obtained":["HornCleat"],"max_hp_gain":0,"max_hp_loss":0,"event_name":"The Mausoleum","floor":28,"gold_loss":0,"cards_obtained":["Writhe"]},{"damage_healed":0,"gold_gain":0,"player_choice":"Paid","damage_taken":0,"relics_obtained":["Red Mask"],"max_hp_gain":0,"max_hp_loss":0,"event_name":"Tomb of Lord Red Mask","floor":37,"gold_loss":124},{"cards_removed":["Strike_R"],"damage_healed":0,"gold_gain":0,"player_choice":"Removed Attack","damage_taken":0,"max_hp_gain":0,"max_hp_loss":0,"event_name":"Falling","floor":39,"gold_loss":0},{"damage_healed":0,"gold_gain":0,"player_choice":"Memory 3","damage_taken":10,"max_hp_gain":0,"max_hp_loss":0,"event_name":"SensoryStone","floor":42,"gold_loss":0}],"is_beta":false,"boss_relics":[{"not_picked":["Philosopher\u0027s Stone","Runic Cube"],"picked":"Snecko Eye"},{"not_picked":["Tiny House","Sozu"],"picked":"Cursed Key"}],"items_purged_floors":[],"is_endless":false,"potions_floor_spawned":[1,6,11,16,18,23,25,38,45,47,48],"ascension_level":5}}