{"host":"3jpcvpprzj9sjffh","time":1613655089,"event":{"mods":["AchievementEnabler","BaseMod","Colored Map","Minty Spire (QoL Compilation)","Rare Cards Sparkle","SuperFastMode","everything is the same but u backflip on backflip"],"gold_per_floor":[119,131,143,34,34,34,69,69,69,69,99,109,126,137,137,239,239,250,58,71,71,71],"floor_reached":21,"language":"KOR","playtime":826,"items_purged":[],"score":191,"play_id":"664bfeb6-9a32-4042-ac62-7aaf04cd7410","local_time":"20210218223128","is_ascension_mode":false,"campfire_choices":[{"floor":8.0,"key":"REST"},{"data":"Inflame","floor":10.0,"key":"SMITH"},{"floor":15.0,"key":"REST"}],"circlet_count":0,"master_deck":["Bash","Demon Form","Flex","Intimidate","Perfected Strike","Inflame+1","Second Wind","Spot Weakness","Limit Break+1","Anger","Blood for Blood","Thunderclap","Barricade+1","Perfected Strike","Power Through+1","Uppercut","Dual Wield+1","Perfected Strike","Bludgeon","Dropkick","Metallicize+1","Twin Strike","Sentinel+1","Fire Breathing+1"],"relics":["Burning Blood","Self Forming Clay","Frozen Egg 2","Toxic Egg 2","Pandora\u0027s Box","Pen Nib"],"acts_visited":["Exordium","TheCity"],"potions_floor_usage":[21],"damage_taken":[{"damage":5.0,"enemies":"Small Slimes","floor":1.0,"turns":3.0},{"damage":8.0,"enemies":"Jaw Worm","floor":2.0,"turns":3.0},{"damage":1.0,"enemies":"Cultist","floor":3.0,"turns":4.0},{"damage":36.0,"enemies":"Gremlin Nob","floor":7.0,"turns":5.0},{"damage":28.0,"enemies":"3 Sentries","floor":11.0,"turns":7.0},{"damage":4.0,"enemies":"Blue Slaver","floor":12.0,"turns":3.0},{"damage":18.0,"enemies":"2 Fungi Beasts","floor":13.0,"turns":4.0},{"damage":12.0,"enemies":"Lots of Slimes","floor":14.0,"turns":5.0},{"damage":42.0,"enemies":"The Guardian","floor":16.0,"turns":8.0},{"damage":16.0,"enemies":"3 Byrds","floor":18.0,"turns":7.0},{"damage":27.0,"enemies":"Chosen","floor":20.0,"turns":5.0},{"damage":31,"enemies":"Sentry and Sphere","floor":21,"turns":5}],"seed_played":"-4282645749360611273","potions_obtained":[{"floor":3.0,"key":"BlessingOfTheForge"},{"floor":7.0,"key":"Weak Potion"},{"floor":13.0,"key":"Dexterity Potion"},{"floor":14.0,"key":"Strength Potion"},{"floor":16.0,"key":"SteroidPotion"}],"is_trial":false,"path_per_floor":["M","M","M","$","?","?","E","R","T","R","E","M","M","M","R","B",null,"M","$","M","M"],"character_chosen":"IRONCLAD","items_purchased":["Inflame","Second Wind","Pen Nib","Sentinel+1"],"campfire_rested":2,"item_purchase_floors":[4,4,19,19],"current_hp_per_floor":[72,70,72,72,72,72,42,63,63,63,41,43,31,25,46,10,72,62,62,41,10,10],"gold":71,"neow_bonus":"THREE_RARE_CARDS","is_daily":false,"chose_seed":false,"campfire_upgraded":1,"win_rate":0.0,"timestamp":1613655088,"path_taken":["M","M","M","$","?","?","E","R","T","R","E","M","M","M","R","BOSS","M","$","M","M"],"items_purchased_type":["Card","Card","Relic","Card"],"build_version":"2020-12-22","purchased_purges":0,"victory":false,"max_hp_per_floor":[72,72,72,72,72,72,72,72,72,72,72,72,72,72,72,72,72,72,72,72,72,72],"card_choices":[{"not_picked":["Exhume","Offering"],"picked":"Demon Form","floor":0.0},{"not_picked":["Sword Boomerang","Thunderclap"],"picked":"Flex","floor":1.0},{"not_picked":["True Grit","Disarm"],"picked":"Intimidate","floor":2.0},{"not_picked":["Intimidate","Armaments"],"picked":"Perfected Strike","floor":3.0},{"not_picked":["Body Slam","Clash"],"picked":"Spot Weakness","floor":7.0},{"not_picked":["Sever Soul","Intimidate+1"],"picked":"Limit Break+1","floor":11.0},{"not_picked":["Headbutt","True Grit+1"],"picked":"Anger","floor":12.0},{"not_picked":["Flex+1","Reckless Charge"],"picked":"Blood for Blood","floor":13.0},{"not_picked":["Armaments+1","Feel No Pain+1"],"picked":"Thunderclap","floor":14.0},{"not_picked":["Demon Form+1","Limit Break+1"],"picked":"Barricade+1","floor":16.0},{"not_picked":["Disarm+1","Intimidate+1"],"picked":"Twin Strike","floor":18.0},{"not_picked":["Iron Wave","Heavy Blade"],"picked":"Fire Breathing+1","floor":20.0}],"player_experience":337753,"relics_obtained":[{"floor":7.0,"key":"Self Forming Clay"},{"floor":9.0,"key":"Frozen Egg 2"},{"floor":11.0,"key":"Toxic Egg 2"}],"event_choices":[{"damage_healed":0.0,"max_hp_gain":0.0,"max_hp_loss":0.0,"gold_gain":0.0,"event_name":"Liars Game","player_choice":"Ignored","floor":5.0,"gold_loss":0.0,"damage_taken":0.0},{"cards_removed":["Strike_R"],"damage_healed":0.0,"max_hp_gain":0.0,"max_hp_loss":0.0,"gold_gain":0.0,"event_name":"Purifier","player_choice":"Purged","floor":6.0,"gold_loss":0.0,"damage_taken":0.0}],"is_beta":false,"boss_relics":[{"not_picked":["Empty Cage","Mark of Pain"],"picked":"Pandora\u0027s Box"}],"items_purged_floors":[],"is_endless":false,"potions_floor_spawned":[3,7,13,14,16],"killed_by":"Sentry and Sphere","ascension_level":0}}