{"host":"mxox80e574zusnt5","time":1613633804,"event":{"mods":["AchievementEnabler","Act Like it!","BaseMod","Better Match","CapriCore","Challenge The Spire","Energized Spire","Friendly Minions","Gensokyo","GifTheSpireLib","HexUI Lib","Infinite Spire","Minty Spire (QoL Compilation)","Pale of the Ancients","Quick Restart","Reliquary","Replay The Spire","Spire Arcade","StSLib","The Clintock","The Construct","The Elementalist","The Marked","The Servant 0.9.4","The Trickster","TheVacant"],"gold_per_floor":[112,125,140,157,3,3,3,3,26,26,41,41,52,69,69,168,168,181,106,356,374,334,334,334,334],"floor_reached":24,"language":"ENG","playtime":5895,"items_purged":[],"score":188,"play_id":"c250fde9-66bc-453e-be4d-01d0a9f535eb","local_time":"20210218013644","is_ascension_mode":false,"campfire_choices":[{"data":"theMarked:EmpowerWeapon","floor":6,"key":"SMITH"},{"data":"theMarked:EmpowerWeapon","floor":12,"key":"SMITH"},{"floor":15,"key":"REST"},{"data":"theMarked:BindingBlade","floor":23,"key":"SMITH"}],"circlet_count":0,"master_deck":["theMarked:Strike","theMarked:Strike","theMarked:Strike","theMarked:Strike","theMarked:Strike","theMarked:Defend","theMarked:Defend","theMarked:Defend","theMarked:Defend","theMarked:SoldierOfQuellstein","theMarked:ChainLightning","theMarked:ChainLightning","theMarked:EmpowerWeapon+1","theMarked:ShockingTouch","theMarked:EmpowerWeapon+1","theMarked:Levitate","theMarked:RepellingDischarge","theMarked:BindingBlade+1","theMarked:HeightenedSenses","Injury","infinitespire:NeuralNetwork","theMarked:Aftermath","theMarked:ResourceFulStrike","theMarked:BindingBlade+1","theMarked:ElectricStrings","Good Instincts+1","theMarked:Aftermath+1","theMarked:WardOff"],"relics":["theMarked:ArtifactOfAir","Orrery","Blood Vial"],"acts_visited":["Gensokyo:Gensokyo","Gensokyo:Gensokyoer"],"potions_floor_usage":[16,16,24],"damage_taken":[{"damage":2,"enemies":"Gensokyo:Gryphon","floor":1,"turns":3},{"damage":1,"enemies":"Gensokyo:2_Kodama","floor":2,"turns":2},{"damage":0,"enemies":"Gensokyo:3_Fairies","floor":3,"turns":3},{"damage":6,"enemies":"Gensokyo:Gryphon_and_Rabbit","floor":4,"turns":4},{"damage":7,"enemies":"Gensokyo:3_Kodama","floor":11,"turns":5},{"damage":4,"enemies":"Gensokyo:VengefulSpirit","floor":13,"turns":3},{"damage":15,"enemies":"Gensokyo:Gryphon_and_Rabbit","floor":14,"turns":5},{"damage":4,"enemies":"Gensokyo:Yukari","floor":16,"turns":8},{"damage":0,"enemies":"Gensokyo:2_Gloops","floor":18,"turns":4},{"damage":50,"enemies":"Gensokyo:CosmicMonolith","floor":21,"turns":6},{"damage":55,"enemies":"Gensokyo:Slime_Group","floor":24,"turns":5}],"seed_played":"-885149100983976452","potions_obtained":[{"floor":1,"key":"DistilledChaos"},{"floor":11,"key":"Languid Potion"},{"floor":13,"key":"FairyPotion"},{"floor":16,"key":"Fruit Juice"},{"floor":21,"key":"Reflective Coating"}],"is_trial":false,"path_per_floor":["M","M","M","M","$","R","?","?","T","?","M","R","M","M","R","B",null,"M","?","?","M","?","R","M"],"character_chosen":"THE_DEFAULT","items_purchased":["Orrery"],"campfire_rested":1,"item_purchase_floors":[5],"current_hp_per_floor":[68,67,67,61,61,61,61,44,44,44,39,39,37,24,45,48,75,75,75,75,25,25,25,0,0],"gold":334,"neow_bonus":"THREE_CARDS","is_daily":false,"chose_seed":false,"campfire_upgraded":3,"win_rate":0.0,"timestamp":1613633804,"path_taken":["M","M","M","M","$","R","?","?","T","?","M","R","M","M","R","BOSS","M","?","?","?","?","R","M"],"items_purchased_type":["Relic"],"build_version":"2020-12-22","purchased_purges":0,"victory":false,"max_hp_per_floor":[70,70,70,70,70,70,70,70,70,70,70,70,70,70,70,75,75,75,75,75,75,75,75,75,75],"card_choices":[{"not_picked":["theMarked:Maelstrom","theMarked:Improvise"],"picked":"theMarked:ChainLightning","floor":0},{"not_picked":["theMarked:Aftermath","theMarked:CreepingChasm"],"picked":"theMarked:ChainLightning","floor":1},{"not_picked":["theMarked:TunnelVision","theMarked:Parkour","theMarked:Improvise"],"picked":"SKIP","floor":2},{"not_picked":["theMarked:Aftermath","theMarked:Frustration"],"picked":"theMarked:EmpowerWeapon","floor":3},{"not_picked":["theMarked:TunnelVision","theMarked:Friction"],"picked":"theMarked:ShockingTouch","floor":4},{"not_picked":["theMarked:Opportunist","theMarked:TakeCover"],"picked":"theMarked:EmpowerWeapon","floor":5},{"not_picked":["theMarked:Memento","theMarked:WastefulAttack"],"picked":"theMarked:Levitate","floor":5},{"not_picked":["theMarked:Frustration","theMarked:Static"],"picked":"theMarked:RepellingDischarge","floor":5},{"not_picked":["theMarked:ResourceFulStrike","theMarked:WardOff"],"picked":"theMarked:BindingBlade","floor":5},{"not_picked":["theMarked:TakeCover","theMarked:Static"],"picked":"theMarked:HeightenedSenses","floor":5},{"not_picked":["infinitespire:DeathsTouch","infinitespire:Gouge"],"picked":"infinitespire:NeuralNetwork","floor":8},{"not_picked":["theMarked:Aftermath","theMarked:Memento","theMarked:Electrocute"],"picked":"SKIP","floor":11},{"not_picked":["theMarked:HeightenedSenses","theMarked:Improvise"],"picked":"theMarked:Aftermath","floor":13},{"not_picked":["theMarked:SwordAndMagic","theMarked:TwofoldDefense"],"picked":"theMarked:ResourceFulStrike","floor":14},{"not_picked":["theMarked:Snap","theMarked:Defy"],"picked":"theMarked:BindingBlade","floor":16},{"not_picked":["theMarked:Parkour","theMarked:WastefulAttack"],"picked":"theMarked:ElectricStrings","floor":18},{"not_picked":["Replay:Bootleg Shield Generator+1","Madness+1"],"picked":"Good Instincts+1","floor":19},{"not_picked":["theMarked:TakeCover+1","theMarked:ResourceFulStrike+1"],"picked":"theMarked:Aftermath+1","floor":19},{"not_picked":["theMarked:Panic+1","theMarked:Memento"],"picked":"theMarked:WardOff","floor":21}],"player_experience":961068,"relics_obtained":[{"floor":9,"key":"Anchor"}],"event_choices":[{"damage_healed":0,"gold_gain":0,"player_choice":"2","damage_taken":0,"max_hp_gain":0,"max_hp_loss":0,"event_name":"betterMatch:BetterMatch","floor":19,"gold_loss":0,"cards_obtained":["betterMatch:ColorlessUncommonCard","betterMatch:CommonCard"]}],"is_beta":false,"boss_relics":[{"not_picked":["Velvet Choker","reliquary:Ember","Fusion Hammer"]}],"items_purged_floors":[],"is_endless":false,"potions_floor_spawned":[1,11,13,16,21],"killed_by":"Gensokyo:Slime_Group","ascension_level":0}}