{"host":"8rgpnls124hwjv5t","time":1613617364,"event":{"mods":["BaseMod","Colored Map","Colored Powertips","DeckTracker","Highlight Path","Minty Spire (QoL Compilation)","Permanent Neow","Quick Restart","Relic Stats","Shop Mod","StSLib"],"gold_per_floor":[15,30,50,50,62,62,95,95,174,202,213,227,227,227,227,301,301,311,311,325,7,19,19,54,54,123,123,123,123,143,13,13,87,87,107,125,143,154,154,154,164,164,164,164,11,26,26,61,61,61],"floor_reached":51,"language":"ENG","playtime":3197,"items_purged":["Defend_B","Defend_B"],"score":1240,"play_id":"30a75ca9-f549-441f-b9d0-2a42ab82bdbd","local_time":"20210217220244","is_ascension_mode":true,"campfire_choices":[{"floor":6,"key":"REST"},{"data":"Defragment","floor":8,"key":"SMITH"},{"data":"Creative AI","floor":13,"key":"SMITH"},{"data":"Heatsinks","floor":15,"key":"SMITH"},{"data":"Zap","floor":23,"key":"SMITH"},{"floor":27,"key":"REST"},{"floor":29,"key":"REST"},{"data":"Fusion","floor":32,"key":"SMITH"},{"data":"Coolheaded","floor":40,"key":"SMITH"},{"data":"Coolheaded","floor":42,"key":"SMITH"},{"data":"Double Energy","floor":44,"key":"SMITH"},{"floor":47,"key":"REST"},{"data":"Coolheaded","floor":49,"key":"SMITH"}],"circlet_count":0,"master_deck":["AscendersBane","Strike_B+1","Defend_B+1","Zap+1","Dualcast","Cold Snap","Heatsinks+1","Cold Snap","Beam Cell","Creative AI+1","Defragment+1","Coolheaded+1","Electrodynamics","Gash","Fusion+1","Double Energy+1","Core Surge","Redo+1","Cold Snap","Coolheaded+1","Parasite","Coolheaded+1"],"relics":["Cracked Core","Du-Vu Doll","Pantograph","Happy Flower","Runic Pyramid","Ice Cream","Thread and Needle","HornCleat","Black Star","Oddly Smooth Stone","Bottled Flame","Pen Nib"],"acts_visited":["Exordium","TheCity","TheBeyond"],"potions_floor_usage":[5,10,10,10,11,12,22,24,33,37,37,41,46,48,50],"damage_taken":[{"damage":0,"enemies":"Cultist","floor":1,"turns":3},{"damage":1,"enemies":"2 Louse","floor":2,"turns":2},{"damage":7,"enemies":"Small Slimes","floor":3,"turns":2},{"damage":12,"enemies":"Exordium Wildlife","floor":5,"turns":3},{"damage":10,"enemies":"Lagavulin","floor":7,"turns":10},{"damage":2,"enemies":"Gremlin Nob","floor":10,"turns":4},{"damage":0,"enemies":"Looter","floor":11,"turns":2},{"damage":0,"enemies":"Gremlin Gang","floor":12,"turns":2},{"damage":33,"enemies":"Hexaghost","floor":16,"turns":11},{"damage":12,"enemies":"Shell Parasite","floor":18,"turns":6},{"damage":10,"enemies":"Chosen","floor":20,"turns":7},{"damage":20,"enemies":"Centurion and Healer","floor":22,"turns":5},{"damage":33,"enemies":"Book of Stabbing","floor":24,"turns":7},{"damage":0,"enemies":"Chosen and Byrds","floor":30,"turns":6},{"damage":5,"enemies":"Champ","floor":33,"turns":9},{"damage":4,"enemies":"Orb Walker","floor":35,"turns":4},{"damage":19,"enemies":"3 Darklings","floor":36,"turns":5},{"damage":5,"enemies":"4 Shapes","floor":37,"turns":2},{"damage":11,"enemies":"Spire Growth","floor":38,"turns":6},{"damage":0,"enemies":"Maw","floor":41,"turns":8},{"damage":9,"enemies":"Writhing Mass","floor":46,"turns":8},{"damage":1,"enemies":"Nemesis","floor":48,"turns":9},{"damage":5,"enemies":"Awakened One","floor":50,"turns":16}],"seed_played":"7705381192029273769","potions_obtained":[{"floor":2,"key":"LiquidBronze"},{"floor":3,"key":"EntropicBrew"},{"floor":7,"key":"Weak Potion"},{"floor":10,"key":"AttackPotion"},{"floor":16,"key":"SteroidPotion"},{"floor":18,"key":"SkillPotion"},{"floor":24,"key":"LiquidMemories"},{"floor":33,"key":"Strength Potion"},{"floor":36,"key":"Regen Potion"},{"floor":38,"key":"Weak Potion"},{"floor":41,"key":"ColorlessPotion"},{"floor":46,"key":"Regen Potion"}],"is_trial":false,"path_per_floor":["M","M","M","?","M","R","E","R","T","E","M","M","R","?","R","B",null,"M","?","M","$","M","R","E","?","T","R","?","R","M","$","R","B",null,"M","M","M","M","?","R","M","R","T","R","$","M","R","E","R","B",null],"character_chosen":"DEFECT","items_purchased":["Ice Cream","FocusPotion","FocusPotion"],"campfire_rested":4,"item_purchase_floors":[21,31,45],"current_hp_per_floor":[64,63,56,35,23,44,34,34,34,32,32,32,32,55,55,38,63,51,65,55,55,35,35,2,2,2,23,23,44,44,44,44,64,69,65,46,46,35,35,35,35,35,35,35,35,26,47,61,61,66],"gold":61,"neow_bonus":"TRANSFORM_TWO_CARDS","is_daily":false,"chose_seed":false,"campfire_upgraded":9,"win_rate":0.0,"timestamp":1613617364,"path_taken":["M","M","M","?","M","R","E","R","T","E","M","M","R","?","R","BOSS","M","?","M","$","M","R","E","?","T","R","?","R","M","$","R","BOSS","M","M","M","M","?","R","?","R","T","R","$","M","R","E","R","BOSS"],"items_purchased_type":["Relic","Potion","Potion"],"build_version":"2020-12-22","purchased_purges":2,"victory":true,"max_hp_per_floor":[71,71,71,71,71,71,71,71,71,71,71,71,71,71,71,71,71,71,71,71,71,71,71,71,71,71,71,71,71,71,71,71,71,71,71,71,71,71,71,71,71,71,71,71,71,71,71,71,71,71],"relic_stats":{"Happy Flower":[37],"counters":[23,137],"Pantograph":51,"Pen Nib":[4],"Black Star":1,"obtain_stats":[{"Du-Vu Doll":7,"Ice Cream":21,"Bottled Flame":48,"HornCleat":26,"Happy Flower":10,"Pantograph":9,"Oddly Smooth Stone":43,"Thread and Needle":24,"Pen Nib":48,"Black Star":34,"Cracked Core":0,"Runic Pyramid":17},{"Du-Vu Doll":5,"Ice Cream":11,"Bottled Flame":22,"HornCleat":13,"Happy Flower":6,"Pantograph":5,"Oddly Smooth Stone":20,"Thread and Needle":13,"Pen Nib":22,"Black Star":15,"Cracked Core":0,"Runic Pyramid":9},{"Du-Vu Doll":20,"Ice Cream":52,"Bottled Flame":121,"HornCleat":64,"Happy Flower":24,"Pantograph":20,"Oddly Smooth Stone":104,"Thread and Needle":64,"Pen Nib":121,"Black Star":79,"Cracked Core":0,"Runic Pyramid":39}]},"card_choices":[{"not_picked":["Compile Driver","Leap"],"picked":"Cold Snap","floor":1},{"not_picked":["Scrape","Sweeping Beam"],"picked":"Beam Cell","floor":2},{"not_picked":["Lockon","Redo","Conserve Battery"],"picked":"SKIP","floor":3},{"not_picked":["Double Energy","Storm"],"picked":"Creative AI","floor":5},{"not_picked":["Stack","Lockon"],"picked":"Defragment","floor":7},{"not_picked":["Stack","Compile Driver","Steam"],"picked":"SKIP","floor":10},{"not_picked":["Streamline","Go for the Eyes"],"picked":"Coolheaded","floor":11},{"not_picked":["Cold Snap","Leap","Gash"],"picked":"SKIP","floor":12},{"not_picked":["Thunder Strike","Amplify"],"picked":"Electrodynamics","floor":16},{"not_picked":["Barrage","Coolheaded","Leap"],"picked":"SKIP","floor":18},{"not_picked":["Ball Lightning","Hologram"],"picked":"Gash","floor":20},{"not_picked":["Steam","Rebound","Reprogram"],"picked":"SKIP","floor":22},{"not_picked":["Undo","Lockon"],"picked":"Fusion","floor":24},{"not_picked":["Heatsinks+1","Ball Lightning"],"picked":"Double Energy","floor":30},{"not_picked":["Reboot","Electrodynamics"],"picked":"Core Surge","floor":33},{"not_picked":["Barrage","Ball Lightning+1","Reprogram"],"picked":"SKIP","floor":35},{"not_picked":["FTL","Cold Snap","Redo"],"picked":"SKIP","floor":36},{"not_picked":["Storm","Chill","Turbo"],"picked":"SKIP","floor":37},{"not_picked":["Barrage","Glacier+1"],"picked":"Redo+1","floor":38},{"not_picked":["Turbo+1","Conserve Battery"],"picked":"Coolheaded","floor":41},{"not_picked":["Ball Lightning","Turbo","Redo"],"picked":"SKIP","floor":46},{"not_picked":["Go for the Eyes","Beam Cell"],"picked":"Coolheaded","floor":48}],"player_experience":610100,"relics_obtained":[{"floor":7,"key":"Du-Vu Doll"},{"floor":9,"key":"Pantograph"},{"floor":10,"key":"Happy Flower"},{"floor":24,"key":"Thread and Needle"},{"floor":26,"key":"HornCleat"},{"floor":43,"key":"Oddly Smooth Stone"},{"floor":48,"key":"Bottled Flame"},{"floor":48,"key":"Pen Nib"}],"event_choices":[{"damage_healed":0,"gold_gain":0,"player_choice":"Entered Light","damage_taken":21,"max_hp_gain":0,"max_hp_loss":0,"event_name":"Shining Light","floor":4,"gold_loss":0,"cards_upgraded":["Strike_B","Defend_B"]},{"damage_healed":23,"gold_gain":0,"player_choice":"Banana","damage_taken":0,"max_hp_gain":0,"max_hp_loss":0,"event_name":"Big Fish","floor":14,"gold_loss":0},{"damage_healed":14,"gold_gain":0,"player_choice":"Heal","damage_taken":0,"max_hp_gain":0,"max_hp_loss":0,"event_name":"The Library","floor":19,"gold_loss":0},{"damage_healed":0,"gold_gain":0,"player_choice":"Ignored","damage_taken":0,"max_hp_gain":0,"max_hp_loss":0,"event_name":"Vampires","floor":25,"gold_loss":0},{"cards_removed":["Strike_B"],"damage_healed":0,"gold_gain":0,"player_choice":"Elegance","damage_taken":0,"max_hp_gain":0,"max_hp_loss":0,"event_name":"Back to Basics","floor":28,"gold_loss":0},{"damage_healed":0,"gold_gain":0,"cards_transformed":["Defend_B"],"player_choice":"Transformed","damage_taken":0,"max_hp_gain":0,"max_hp_loss":0,"event_name":"Transmorgrifier","floor":39,"gold_loss":0,"cards_obtained":["Cold Snap"]}],"is_beta":false,"boss_relics":[{"not_picked":["Runic Dome","Ectoplasm"],"picked":"Runic Pyramid"},{"not_picked":["Fusion Hammer","Calling Bell"],"picked":"Black Star"}],"items_purged_floors":[31,45],"is_endless":false,"potions_floor_spawned":[2,3,7,10,16,18,24,33,36,38,41,46],"ascension_level":17}}