{"host":"me7pax5d7uwssv6n","time":1613653629,"event":{"mods":["BaseMod","Minty Spire (QoL Compilation)","StSLib","The Senshi"],"gold_per_floor":[114,114,126,144,144,144,172,186,238,238,238,248,260,279,279,374,374,386,386,311,226,237,237,269,269,293,293,48,63,92,108,108,213,263,276,276,276,294,308,341,341,341,341,341,368,64,95,113,113,113],"floor_reached":51,"language":"ENG","playtime":5333,"items_purged":["theSenshi:SailorKick","theSenshi:SailorKick"],"score":770,"play_id":"95ca993c-471a-4874-b16e-b94cf34939cf","local_time":"20210218210709","is_ascension_mode":false,"campfire_choices":[{"data":"theSenshi:MoonlightKnight","floor":6.0,"key":"SMITH"},{"floor":15.0,"key":"REST"},{"data":"theSenshi:MoonGorgeousMeditation","floor":23.0,"key":"SMITH"},{"floor":32.0,"key":"REST"},{"data":"theSenshi:SailorStarMakerAssists","floor":41,"key":"SMITH"},{"data":"theSenshi:MoonTwilightFlash","floor":44,"key":"SMITH"},{"floor":49,"key":"REST"}],"circlet_count":0,"master_deck":["theSenshi:SailorKick+1","theSenshi:SailorBlock+1","theSenshi:SailorBlock+1","theSenshi:SailorBlock+1","theSenshi:SailorBlock","theSenshi:RoseThrow","theSenshi:MoonlightKnight+1","theSenshi:SailorStarMakerAssists+1","theSenshi:MoonTwilightFlash","theSenshi:MoonTwilightFlash+1","theSenshi:MercurysCunning","theSenshi:MoonCrystalPowerMakeUp","theSenshi:MoonGorgeousMeditation+1","theSenshi:MoonPunch+1","theSenshi:UranusStrength+1","theSenshi:CrisisMakeUp+1","theSenshi:MoonCrisisMakeUp+1","theSenshi:SailorMercuryAssists+1","theSenshi:YouCanTalk+1","theSenshi:SailorCosmosAssists+1","theSenshi:LateForSchool+1","theSenshi:UranusStrength+1","theSenshi:YouCanTalk+1"],"relics":["SlaversCollar","Sundial","War Paint","theSenshi:CutieMoonRodRelic","Philosopher\u0027s Stone","Dream Catcher","Toxic Egg 2","MutagenicStrength","Regal Pillow","Strange Spoon","Anchor","Tiny House","Ornamental Fan","theSenshi:CrescentMoonWandRelic","theSenshi:RoseRelic","PreservedInsect","ClockworkSouvenir","theSenshi:CrisisMoonCompactRelic"],"acts_visited":["Exordium","TheCity","TheBeyond"],"potions_floor_usage":[40],"damage_taken":[{"damage":0.0,"enemies":"2 Louse","floor":1.0,"turns":3.0},{"damage":0.0,"enemies":"Cultist","floor":3.0,"turns":5.0},{"damage":4.0,"enemies":"Small Slimes","floor":4.0,"turns":9.0},{"damage":9.0,"enemies":"Lagavulin","floor":7.0,"turns":8.0},{"damage":6.0,"enemies":"Blue Slaver","floor":8.0,"turns":5.0},{"damage":14.0,"enemies":"Exordium Wildlife","floor":12.0,"turns":5.0},{"damage":0.0,"enemies":"Large Slime","floor":13.0,"turns":6.0},{"damage":1.0,"enemies":"Looter","floor":14.0,"turns":3.0},{"damage":9.0,"enemies":"Hexaghost","floor":16.0,"turns":8.0},{"damage":0.0,"enemies":"Shell Parasite","floor":18.0,"turns":6.0},{"damage":0.0,"enemies":"Spheric Guardian","floor":22.0,"turns":3.0},{"damage":10.0,"enemies":"Book of Stabbing","floor":24.0,"turns":6.0},{"damage":17.0,"enemies":"Chosen and Byrds","floor":29.0,"turns":8.0},{"damage":23.0,"enemies":"Gremlin Leader","floor":30.0,"turns":4.0},{"damage":1.0,"enemies":"3 Cultists","floor":31.0,"turns":4.0},{"damage":29.0,"enemies":"Collector","floor":33.0,"turns":8.0},{"damage":4,"enemies":"3 Shapes","floor":35,"turns":6},{"damage":6,"enemies":"Orb Walker","floor":38,"turns":5},{"damage":7,"enemies":"Spire Growth","floor":39,"turns":8},{"damage":25,"enemies":"Nemesis","floor":40,"turns":10},{"damage":0,"enemies":"Giant Head","floor":47,"turns":6},{"damage":11,"enemies":"Sphere and 2 Shapes","floor":48,"turns":6},{"damage":31,"enemies":"Time Eater","floor":50,"turns":10}],"seed_played":"-770239486921651824","potions_obtained":[{"floor":1.0,"key":"LiquidMemories"},{"floor":7.0,"key":"LiquidBronze"},{"floor":13.0,"key":"FearPotion"},{"floor":24.0,"key":"Ancient Potion"},{"floor":31.0,"key":"Weak Potion"},{"floor":40,"key":"LiquidBronze"}],"is_trial":false,"path_per_floor":["M","?","M","M","?","R","E","M","T","?","?","M","M","M","R","B",null,"M","?","$","?","M","R","E","?","T","T","$","M","E","M","R","B",null,"M","?","?","M","M","E","R","?","T","R","T","$","E","M","R","B",null],"character_chosen":"THE_SENSHI","items_purchased":["Strange Spoon","PreservedInsect","ClockworkSouvenir"],"campfire_rested":3,"item_purchase_floors":[28,46,46],"current_hp_per_floor":[75,80,80,76,76,76,67,61,61,45,33,19,19,18,42,33,80,80,80,80,80,80,80,70,70,70,70,70,53,30,29,68,39,85,81,81,81,75,68,43,43,43,43,43,43,43,43,32,71,40],"gold":113,"neow_bonus":"BOSS_RELIC","is_daily":false,"chose_seed":false,"campfire_upgraded":4,"win_rate":0.0,"timestamp":1613653629,"path_taken":["M","?","M","M","?","R","E","?","T","?","?","M","M","M","R","BOSS","M","?","$","?","M","R","E","?","T","?","$","M","E","?","R","BOSS","M","?","?","?","M","E","R","?","T","R","?","?","E","?","R","BOSS"],"items_purchased_type":["Relic","Relic","Relic"],"build_version":"2020-12-22","purchased_purges":2,"victory":true,"max_hp_per_floor":[75,80,80,80,80,80,80,80,80,80,80,80,80,80,80,80,80,80,80,80,80,80,80,80,80,80,80,80,80,80,80,80,80,85,85,85,85,85,85,85,85,81,81,81,81,81,81,81,81,81],"card_choices":[{"not_picked":["theSenshi:MoonPunch","theSenshi:SupersonicWaves"],"picked":"theSenshi:MoonlightKnight","floor":1.0},{"not_picked":["theSenshi:SailorVenusAssists","theSenshi:EncouragingSpeech"],"picked":"theSenshi:SailorStarMakerAssists","floor":3.0},{"not_picked":["theSenshi:MoonKick","theSenshi:Sidestep"],"picked":"theSenshi:MoonTwilightFlash","floor":4.0},{"not_picked":["theSenshi:TuxedoSmokingBomber","theSenshi:CrisisMakeUp","theSenshi:SupersonicWaves"],"picked":"SKIP","floor":7.0},{"not_picked":["theSenshi:TuxedoSmokingBomber","theSenshi:LunasBite","theSenshi:SchoolBag"],"picked":"SKIP","floor":8.0},{"not_picked":["theSenshi:TuxedoSmokingBomber","theSenshi:Sidestep"],"picked":"theSenshi:MoonTwilightFlash","floor":12.0},{"not_picked":["theSenshi:SteeledNerves","theSenshi:InTheNickOfTime"],"picked":"theSenshi:MercurysCunning","floor":13.0},{"not_picked":["theSenshi:SailorVenusAssists","theSenshi:MoonKick"],"picked":"theSenshi:MoonCrystalPowerMakeUp","floor":14.0},{"not_picked":["theSenshi:GlimpseOfThePast","theSenshi:IWillPunishYou"],"picked":"theSenshi:MoonGorgeousMeditation","floor":16.0},{"not_picked":["theSenshi:SailorMercuryAssists","theSenshi:MoonTiaraMagic+1"],"picked":"theSenshi:MoonPunch+1","floor":18.0},{"not_picked":["theSenshi:LunasBite","theSenshi:SailorStarFighterAssists","theSenshi:SailorVenusAssists"],"picked":"SKIP","floor":22.0},{"not_picked":["theSenshi:LunasBite","theSenshi:SailorStarFighterAssists","theSenshi:SailorVenusAssists"],"picked":"SKIP","floor":22.0},{"not_picked":["theSenshi:SailorMercuryAssists+1","theSenshi:SailorChibiMoonAssists"],"picked":"theSenshi:UranusStrength+1","floor":24.0},{"not_picked":["theSenshi:SailorVenusAssists","theSenshi:MoonsReflection+1"],"picked":"theSenshi:CrisisMakeUp+1","floor":29.0},{"not_picked":["theSenshi:SailorVenusAssists","theSenshi:EncouragingSpeech+1"],"picked":"theSenshi:MoonCrisisMakeUp+1","floor":30.0},{"not_picked":["theSenshi:SailorVenusAssists+1","theSenshi:SupersonicWaves"],"picked":"theSenshi:SailorMercuryAssists+1","floor":31.0},{"not_picked":["theSenshi:GatheringStrength+1","theSenshi:KlutzyLuck"],"picked":"theSenshi:YouCanTalk+1","floor":32.0},{"not_picked":["theSenshi:SailorPlutoAssists","theSenshi:SailorStarHealerAssists+1"],"picked":"theSenshi:SailorCosmosAssists+1","floor":33.0},{"not_picked":["theSenshi:SailorV+1","theSenshi:SailorMarsAssists"],"picked":"theSenshi:LateForSchool+1","floor":34.0},{"not_picked":["theSenshi:MercurysCunning","theSenshi:SailorVenusAssists+1","theSenshi:SailorMercuryAssists+1"],"picked":"SKIP","floor":35},{"not_picked":["theSenshi:SupersonicWaves","theSenshi:SailorMercuryAssists+1","theSenshi:LunaWiseMentor+1"],"picked":"SKIP","floor":38},{"not_picked":["theSenshi:GlimpseOfThePast","theSenshi:GatheringStrength+1","theSenshi:SailorMercuryAssists+1"],"picked":"SKIP","floor":39},{"not_picked":["theSenshi:TallSilhouette+1","theSenshi:SailorStarFighterAssists"],"picked":"theSenshi:UranusStrength+1","floor":40},{"not_picked":["theSenshi:StudyParty","theSenshi:KlutzyLuck"],"picked":"theSenshi:YouCanTalk+1","floor":47},{"not_picked":["theSenshi:KlutzyLuck","theSenshi:VenusGlamour","theSenshi:Sidestep+1"],"picked":"SKIP","floor":48}],"player_experience":40073,"relics_obtained":[{"floor":7.0,"key":"Sundial"},{"floor":9.0,"key":"War Paint"},{"floor":24.0,"key":"Toxic Egg 2"},{"floor":27.0,"key":"Regal Pillow"},{"floor":30.0,"key":"Anchor"},{"floor":40,"key":"Ornamental Fan"},{"floor":43,"key":"theSenshi:CrescentMoonWandRelic"},{"floor":45,"key":"theSenshi:RoseRelic"},{"floor":47,"key":"theSenshi:CrisisMoonCompactRelic"}],"event_choices":[{"damage_healed":0.0,"max_hp_gain":5.0,"max_hp_loss":0.0,"gold_gain":0.0,"event_name":"Big Fish","player_choice":"Donut","floor":2.0,"gold_loss":0.0,"damage_taken":0.0},{"cards_removed":["theSenshi:SailorKick"],"damage_healed":0.0,"max_hp_gain":0.0,"max_hp_loss":0.0,"gold_gain":0.0,"event_name":"Wheel of Change","player_choice":"Card Removal","floor":5.0,"gold_loss":0.0,"damage_taken":0.0},{"damage_healed":0.0,"max_hp_gain":0.0,"max_hp_loss":0.0,"gold_gain":0.0,"event_name":"Shining Light","player_choice":"Entered Light","floor":10.0,"gold_loss":0.0,"damage_taken":16.0,"cards_upgraded":["theSenshi:SailorKick","theSenshi:SailorBlock"]},{"damage_healed":0.0,"max_hp_gain":0.0,"max_hp_loss":0.0,"gold_gain":0.0,"event_name":"Scrap Ooze","player_choice":"Success","floor":11.0,"gold_loss":0.0,"damage_taken":12.0,"relics_obtained":["theSenshi:CutieMoonRodRelic"]},{"damage_healed":0.0,"max_hp_gain":0.0,"max_hp_loss":0.0,"gold_gain":0.0,"event_name":"Vampires","player_choice":"Ignored","floor":19.0,"gold_loss":0.0,"damage_taken":0.0},{"damage_healed":0.0,"max_hp_gain":0.0,"max_hp_loss":0.0,"gold_gain":0.0,"event_name":"Addict","player_choice":"Obtained Relic","floor":21.0,"gold_loss":85.0,"damage_taken":0.0,"relics_obtained":["Dream Catcher"]},{"damage_healed":0.0,"max_hp_gain":0.0,"max_hp_loss":0.0,"gold_gain":0.0,"event_name":"Drug Dealer","player_choice":"Inject Mutagens","floor":25.0,"gold_loss":0.0,"damage_taken":0.0,"relics_obtained":["MutagenicStrength"]},{"cards_removed":["theSenshi:MoonPrismPowerMakeUp"],"damage_healed":0,"gold_gain":0,"player_choice":"Removed Power","damage_taken":0,"max_hp_gain":0,"max_hp_loss":0,"event_name":"Falling","floor":36,"gold_loss":0},{"damage_healed":0,"gold_gain":0,"player_choice":"Ignored","damage_taken":0,"max_hp_gain":0,"max_hp_loss":0,"event_name":"Transmorgrifier","floor":37,"gold_loss":0},{"damage_healed":0,"gold_gain":0,"player_choice":"Max HP","damage_taken":0,"max_hp_gain":0,"max_hp_loss":4,"event_name":"Winding Halls","floor":42,"gold_loss":0}],"is_beta":false,"boss_relics":[{"not_picked":["Busted Crown","Snecko Eye"],"picked":"Philosopher\u0027s Stone"},{"not_picked":["Empty Cage","Sozu"],"picked":"Tiny House"}],"items_purged_floors":[20,28],"is_endless":false,"potions_floor_spawned":[1,7,13,24,31,33,35,40],"ascension_level":0}}