{"host":"2c84cb4cp1emursg","time":1613635384,"event":{"mods":["Act Like it!","BaseMod","Better Third Choice","Bossed Relics","Hermit","Mimic Mod","Minty Spire (QoL Compilation)","Permanent Neow","StSLib"],"gold_per_floor":[115,115,132,132,144,144,169,169,251,251,251,274,305,321,321,321,321],"floor_reached":16,"language":"ENG","playtime":695,"items_purged":[],"score":121,"play_id":"2d4bec27-3979-46b3-b6dd-261e66b776bc","local_time":"20210218010304","is_ascension_mode":true,"campfire_choices":[{"data":"Bandage Up","floor":6,"key":"SMITH"},{"data":"hermit:Feint","floor":8,"key":"SMITH"},{"data":"hermit:Feint","floor":10,"key":"SMITH"},{"data":"hermit:CursedWeapon","floor":15,"key":"SMITH"}],"circlet_count":0,"master_deck":["hermit:Strike_Hermit","hermit:Strike_Hermit","hermit:Strike_Hermit","hermit:Strike_Hermit","hermit:Defend_Hermit","hermit:Defend_Hermit","hermit:Defend_Hermit","hermit:Defend_Hermit","hermit:Snapshot","hermit:Covet","Bandage Up+1","hermit:CursedWeapon+1","hermit:Feint+1","hermit:Feint+1","hermit:CursedWeapon+1"],"relics":["hermit:Momento","Tiny Chest","Bag of Preparation","Eternal Feather","Golden Idol","Potion Belt"],"acts_visited":["Exordium"],"potions_floor_usage":[7,13,16],"damage_taken":[{"damage":1,"enemies":"2 Louse","floor":1,"turns":2},{"damage":9,"enemies":"Jaw Worm","floor":3,"turns":4},{"damage":3,"enemies":"Cultist","floor":5,"turns":3},{"damage":17,"enemies":"Gremlin Nob","floor":7,"turns":4},{"damage":8,"enemies":"Blue Slaver","floor":12,"turns":4},{"damage":28,"enemies":"Lagavulin","floor":13,"turns":8},{"damage":8,"enemies":"Exordium Wildlife","floor":14,"turns":5},{"damage":38,"enemies":"Hexaghost","floor":16,"turns":9}],"seed_played":"-3937550082892932044","potions_obtained":[{"floor":1,"key":"FearPotion"},{"floor":3,"key":"Explosive Potion"},{"floor":7,"key":"PowerPotion"},{"floor":14,"key":"SpeedPotion"}],"is_trial":false,"path_per_floor":["M","?","M","?","M","R","E","R","T","R","?","M","E","M","R","B"],"character_chosen":"HERMIT","items_purchased":[],"campfire_rested":0,"item_purchase_floors":[],"current_hp_per_floor":[74,74,68,68,69,69,58,58,58,64,46,44,22,20,29,0,0],"gold":321,"neow_bonus":"RANDOM_COLORLESS","is_daily":false,"chose_seed":false,"campfire_upgraded":4,"win_rate":0.0,"timestamp":1613635384,"path_taken":["M","?","M","?","?","R","E","R","T","R","?","M","E","M","R","BOSS"],"items_purchased_type":[],"build_version":"2020-12-22","purchased_purges":0,"victory":false,"max_hp_per_floor":[75,75,75,75,75,75,75,75,75,75,75,75,75,75,75,75,75],"card_choices":[{"not_picked":["Finesse","Swift Strike"],"picked":"Bandage Up","floor":0},{"not_picked":["hermit:Glare","hermit:Virtue"],"picked":"hermit:CursedWeapon","floor":1},{"not_picked":["hermit:Feint","hermit:Cheat","hermit:FullyLoaded"],"picked":"SKIP","floor":3},{"not_picked":["hermit:Snipe","hermit:CalledShot"],"picked":"hermit:Feint","floor":5},{"not_picked":["hermit:Enervate","hermit:Brawl"],"picked":"hermit:Feint","floor":7},{"not_picked":["hermit:DeadOrAlive","hermit:Vantage"],"picked":"hermit:CursedWeapon","floor":12},{"not_picked":["hermit:Grudge","hermit:Headshot","hermit:Magnum"],"picked":"SKIP","floor":13},{"not_picked":["hermit:Shortfuse","hermit:HoleUp","hermit:Enervate"],"picked":"SKIP","floor":14}],"player_experience":533607,"relics_obtained":[{"floor":7,"key":"Bag of Preparation"},{"floor":9,"key":"Eternal Feather"},{"floor":13,"key":"Potion Belt"}],"event_choices":[{"damage_healed":0,"gold_gain":0,"player_choice":"Grow","damage_taken":0,"max_hp_gain":0,"max_hp_loss":0,"event_name":"Living Wall","floor":2,"gold_loss":0,"cards_upgraded":["hermit:CursedWeapon"]},{"damage_healed":0,"gold_gain":0,"player_choice":"Gave Potion","damage_taken":0,"relics_obtained":["Tiny Chest"],"max_hp_gain":0,"max_hp_loss":0,"event_name":"WeMeetAgain","floor":4,"gold_loss":0},{"damage_healed":0,"gold_gain":0,"player_choice":"Take Damage","damage_taken":18,"relics_obtained":["Golden Idol"],"max_hp_gain":0,"max_hp_loss":0,"event_name":"Golden Idol","floor":11,"gold_loss":0}],"is_beta":false,"boss_relics":[],"items_purged_floors":[],"is_endless":false,"potions_floor_spawned":[1,3,7,14],"killed_by":"Hexaghost","ascension_level":2}}