{"host":"rihxvzvzrfpivboj","time":1613651609,"event":{"mods":["Act Like it!","BaseMod","Better Third Choice","Block Reminder","Colored Map","Colored Powertips","Downfall","Gensokyo","GifTheSpireLib","Googly Eyes","Keyboard Shortcuts","Minty Spire (QoL Compilation)","Quick Restart","Relic Sorter","StSLib","SuperFastMode","The Bug Knight","Unceasing Turn Reminder","Waifu the Spire"],"gold_per_floor":[116,116,126,141,152,181,181,181,234,261,293,337,349,377,389,401,401],"floor_reached":16,"language":"ENG","playtime":1071,"items_purged":[],"score":119,"play_id":"31cdcf51-0f74-4311-abca-3a841ad0465a","local_time":"20210218133329","is_ascension_mode":true,"campfire_choices":[{"data":"HollowMod:CycloneSlash","floor":8,"key":"SMITH"},{"data":"HollowMod:LifebloodCocoon","floor":13,"key":"SMITH"},{"floor":15,"key":"REST"}],"circlet_count":0,"master_deck":["HollowMod:NailStrikeStart","HollowMod:NailStrikeStart","HollowMod:NailStrikeStart","HollowMod:QuickDashStart","HollowMod:QuickDashStart","HollowMod:QuickDashStart","HollowMod:PogoStrike","HollowMod:LifebloodCore+1","HollowMod:GrimmsGift+1","HollowMod:FastStrike+1","HollowMod:LifebloodCocoon+1","Pain","HollowMod:CycloneSlash+1","HollowMod:NewJinnsSoul","HollowMod:SoulMaster","HollowMod:VengefulSpirit","Clumsy","HollowMod:CornifersMapStart+1","HollowMod:DungDefenderAura+1","HollowMod:DescendingDark"],"relics":["Astrolabe","Gensokyo:LunaticRedEyes","Toxic Egg 2","Gensokyo:NagashiBinaDoll","MawBank","Vajra"],"acts_visited":["Exordium"],"potions_floor_usage":[12,16],"damage_taken":[{"damage":0,"enemies":"Gensokyo:2_Kodama","floor":1,"turns":3},{"damage":5,"enemies":"Gensokyo:3_Fairies","floor":3,"turns":6},{"damage":1,"enemies":"Gensokyo:Python","floor":4,"turns":2},{"damage":2,"enemies":"Gensokyo:VengefulSpirit","floor":5,"turns":3},{"damage":25,"enemies":"Gensokyo:Cirno","floor":6,"turns":5},{"damage":5,"enemies":"Gensokyo:Gryphon_and_Rabbit","floor":10,"turns":4},{"damage":2,"enemies":"Gensokyo:3_Kodama","floor":11,"turns":4},{"damage":8,"enemies":"Gensokyo:Mamizou","floor":12,"turns":8},{"damage":16,"enemies":"Gensokyo:Python_and_Kodama","floor":14,"turns":4},{"damage":57,"enemies":"Gensokyo:Yukari","floor":16,"turns":11}],"seed_played":"-4773029775913635156","potions_obtained":[{"floor":4,"key":"FearPotion"},{"floor":6,"key":"Regen Potion"},{"floor":14,"key":"AttackPotion"}],"is_trial":false,"path_per_floor":["M","?","M","M","M","E","?","R","T","M","M","E","R","M","R","B"],"character_chosen":"THE_BUGKNIGHT","items_purchased":[],"campfire_rested":1,"item_purchase_floors":[],"current_hp_per_floor":[75,75,70,69,67,42,42,42,42,37,35,42,42,26,48,0,0],"gold":401,"neow_bonus":"BOSS_RELIC","is_daily":false,"chose_seed":false,"campfire_upgraded":2,"win_rate":0.0,"timestamp":1613651609,"path_taken":["M","?","M","M","M","E","?","R","T","M","M","E","R","M","R","BOSS"],"items_purchased_type":[],"build_version":"2020-12-22","purchased_purges":0,"victory":false,"max_hp_per_floor":[75,75,75,75,75,75,75,75,75,75,75,75,75,75,75,75,75],"card_choices":[{"not_picked":["HollowMod:DoubleDash","HollowMod:SiblingsSouls"],"picked":"HollowMod:LifebloodCocoon","floor":1},{"not_picked":["HollowMod:InfectedAttack","HollowMod:HowlingWraiths"],"picked":"HollowMod:CycloneSlash","floor":3},{"not_picked":["HollowMod:ChannelNail","HollowMod:SoulSplash"],"picked":"HollowMod:NewJinnsSoul","floor":4},{"not_picked":["HollowMod:GoodIntentions","HollowMod:SoulStrike"],"picked":"HollowMod:SoulMaster","floor":5},{"not_picked":["HollowMod:PureNailStrike","HollowMod:HeavyBlow"],"picked":"HollowMod:VengefulSpirit","floor":6},{"not_picked":["HollowMod:InfectedCysts","HollowMod:HeavyBlow"],"picked":"HollowMod:CornifersMapStart+1","floor":10},{"not_picked":["HollowMod:SoulStrike","HollowMod:SharpenedNail","HollowMod:InfectedAttack"],"picked":"SKIP","floor":11},{"not_picked":["HollowMod:DescendingDark","HollowMod:DesolateDive"],"picked":"HollowMod:DungDefenderAura+1","floor":12},{"not_picked":["HollowMod:DashSlash","HollowMod:VengefulVoid"],"picked":"HollowMod:DescendingDark","floor":14}],"player_experience":1170162,"relics_obtained":[{"floor":6,"key":"Toxic Egg 2"},{"floor":9,"key":"MawBank"},{"floor":12,"key":"Vajra"}],"event_choices":[],"is_beta":false,"boss_relics":[],"items_purged_floors":[],"is_endless":false,"potions_floor_spawned":[4,6,14],"killed_by":"Gensokyo:Yukari","ascension_level":1}}