{"host":"9709z2dy8v1s63sm","time":1613626700,"event":{"mods":["AchievementEnabler","BaseMod","Minty Spire (QoL Compilation)","StSLib","SuperFastMode"],"gold_per_floor":[409,426,351,367,100,100,100,135,135,145,159,159,191,209,209,209,209],"floor_reached":16,"language":"KOR","playtime":471,"items_purged":["Strike_R","Strike_R"],"score":253,"play_id":"87c7a8aa-01c7-4e92-bb53-3365bc0c8e42","local_time":"20210218143820","is_ascension_mode":true,"campfire_choices":[{"data":"Wild Strike","floor":6.0,"key":"SMITH"},{"data":"Shrug It Off","floor":12.0,"key":"SMITH"},{"data":"Uppercut","floor":15,"key":"SMITH"}],"circlet_count":0,"master_deck":["AscendersBane","Strike_R+1","Strike_R","Strike_R","Defend_R","Defend_R","Defend_R","Defend_R","Bash","Wild Strike+1","Shrug It Off+1","Battle Trance+1","Offering","Uppercut+1"],"relics":["Burning Blood","Old Coin","Omamori","Blue Candle","Singing Bowl","Nunchaku"],"acts_visited":["Exordium"],"potions_floor_usage":[],"damage_taken":[{"damage":12.0,"enemies":"Cultist","floor":1.0,"turns":4.0},{"damage":2.0,"enemies":"Jaw Worm","floor":2.0,"turns":3.0},{"damage":0.0,"enemies":"Small Slimes","floor":4.0,"turns":3.0},{"damage":22.0,"enemies":"Lagavulin","floor":8.0,"turns":6.0},{"damage":6.0,"enemies":"Looter","floor":10.0,"turns":2.0},{"damage":6.0,"enemies":"Large Slime","floor":11.0,"turns":3.0},{"damage":6.0,"enemies":"Gremlin Nob","floor":13.0,"turns":2.0},{"damage":3,"enemies":"Blue Slaver","floor":14,"turns":5},{"damage":29,"enemies":"Slime Boss","floor":16,"turns":5}],"seed_played":"-7615090658611081842","potions_obtained":[{"floor":4.0,"key":"SteroidPotion"},{"floor":10.0,"key":"Strength Potion"},{"floor":11.0,"key":"SkillPotion"}],"is_trial":false,"path_per_floor":["M","M","$","M","$","R","?","E","T","M","M","R","E","M","R","B"],"character_chosen":"IRONCLAD","items_purchased":["Omamori"],"campfire_rested":0,"item_purchase_floors":[5],"current_hp_per_floor":[44,48,48,54,54,54,31,15,15,17,19,19,21,24,24,0,0],"gold":209,"neow_bonus":"ONE_RARE_RELIC","is_daily":false,"chose_seed":false,"campfire_upgraded":3,"win_rate":0.0,"timestamp":1613626700,"path_taken":["M","?","$","M","$","R","?","E","T","M","M","R","E","M","R","BOSS"],"items_purchased_type":["Relic"],"build_version":"2020-12-22","purchased_purges":2,"victory":false,"max_hp_per_floor":[75,75,75,75,75,75,75,75,75,77,79,79,81,81,81,81,81],"card_choices":[{"not_picked":["Thunderclap","Combust"],"picked":"Wild Strike","floor":1.0},{"not_picked":["Clothesline","Feel No Pain"],"picked":"Shrug It Off","floor":2.0},{"not_picked":["Reckless Charge","Cleave"],"picked":"Battle Trance","floor":4.0},{"not_picked":["Inflame","Havoc"],"picked":"Offering","floor":8.0},{"not_picked":["Searing Blow","Anger","Armaments"],"picked":"Singing Bowl","floor":10.0},{"not_picked":["Flex","Sword Boomerang","Pummel"],"picked":"Singing Bowl","floor":11.0},{"not_picked":["Rupture","Heavy Blade","Fiend Fire"],"picked":"Singing Bowl","floor":13.0},{"not_picked":["Armaments","Twin Strike"],"picked":"Uppercut","floor":14}],"player_experience":122408,"relics_obtained":[{"floor":8.0,"key":"Blue Candle"},{"floor":9.0,"key":"Singing Bowl"},{"floor":13.0,"key":"Nunchaku"}],"event_choices":[{"damage_healed":0.0,"max_hp_gain":0.0,"max_hp_loss":0.0,"gold_gain":0.0,"event_name":"Shining Light","player_choice":"Entered Light","floor":7.0,"gold_loss":0.0,"damage_taken":23.0,"cards_upgraded":["Strike_R","Battle Trance"]}],"is_beta":false,"boss_relics":[],"items_purged_floors":[3,5],"is_endless":false,"potions_floor_spawned":[4,10,11,13],"killed_by":"Slime Boss","ascension_level":17}}