{"host":"b1k9tvirjqaexfiq","time":1613631542,"event":{"mods":["AchievementEnabler","BaseMod","Bestiary","Better Third Choice","BetterRewards","Bossed Relics","Colored Powertips","Conspire","Curses Come First","Energized Spire","Filter the Spire","Highlight Path","Hubris","Infinite Spire","Marisa????????","Marked Mod","Minty Spire (QoL Compilation)","Permanent Neow","Quick Restart","Rare Cards Sparkle","Reliquary","Replay The Spire","Shop Mod","StSLib","The Animator","The Bug Knight","The Marked","The Servant 0.9.4","Together in Spire","Waifu the Spire","??????REMEMod"],"gold_per_floor":[113,113,130,143,153,183,183,211,211,224,235,235,235,254,254,351,351,351,351,14,14,14,14,14,14,14,14,14,14,14,14,14,14,14,14,14,14,14,14,14,14,14,14,14,14,14,14,14,14,14],"floor_reached":51,"language":"ENG","playtime":2586,"items_purged":["Strike_R"],"score":1355,"play_id":"b3eb074e-0dd0-4a0b-afc0-516fd9c67182","local_time":"20210218005902","is_ascension_mode":true,"campfire_choices":[{"floor":7.0,"key":"REST"},{"floor":12.0,"key":"REST"},{"data":"Searing Blow","floor":15.0,"key":"SMITH"},{"floor":25.0,"key":"REST"},{"floor":32.0,"key":"REST"},{"data":"1","floor":40.0,"key":"LIFT"},{"data":"2","floor":46.0,"key":"LIFT"},{"data":"3","floor":49,"key":"LIFT"}],"circlet_count":0,"master_deck":["Strike_R","Strike_R","Strike_R","Defend_R","Defend_R","Defend_R","Defend_R","Bash","Inflame","Flex","Twin Strike","Armaments","Fusion","hubris:SharpeningStone","hubris:ReadiedAction","Iron Wave","Rage","Heavy Blade","Shrug It Off+1","Searing Blow+1","Replay:Undeath\u0027s Touch","Inflame","Replay:Many Hands+1","Rupture+1","Cleave","Shrug It Off+1","hubris:CleavingFinish","Flex+1","Thunderclap","Iron Wave","Bloodletting+1","Pummel","Pummel","hubris:Rewind+1","infinitespire:Starlight+1","infinitespire:Starlight+1","Metallicize+1","Pummel","REME_Scribble+1","Rage+1","Reaper"],"relics":["Burning Blood","REME_ComplimentaryCards","reliquary:CitrusReamer","hubris:PeanutButter","Shuriken","Toxic Egg 2","Ectoplasm","Strawberry","Girya","Lantern","conspire:Dentures","Brimstone","Black Star","REME_ChargedStone","Replay:Lucky Slots","infinitespire:EvilPickle","hubris:Icosahedron","Dream Catcher","CaptainsWheel","hubris:MysteriousPyramids","Bag of Marbles","HollowMod:PaleOreRelic","Old Coin"],"acts_visited":["Exordium","TheCity","TheBeyond"],"potions_floor_usage":[50,50],"damage_taken":[{"damage":2.0,"enemies":"2 Louse","floor":1.0,"turns":3.0},{"damage":11.0,"enemies":"Jaw Worm","floor":3.0,"turns":4.0},{"damage":10.0,"enemies":"Cultist","floor":4.0,"turns":5.0},{"damage":8.0,"enemies":"Red Slaver","floor":5.0,"turns":4.0},{"damage":47.0,"enemies":"Gremlin Nob","floor":6.0,"turns":7.0},{"damage":25.0,"enemies":"Lagavulin","floor":8.0,"turns":7.0},{"damage":0.0,"enemies":"3 Louse","floor":10.0,"turns":4.0},{"damage":5.0,"enemies":"Lots of Slimes","floor":11.0,"turns":5.0},{"damage":5.0,"enemies":"Red Slaver","floor":14.0,"turns":4.0},{"damage":28.0,"enemies":"The Guardian","floor":16.0,"turns":12.0},{"damage":0.0,"enemies":"Shell Parasite","floor":18.0,"turns":3.0},{"damage":10.0,"enemies":"conspire:MimicChest","floor":19.0,"turns":5.0},{"damage":1.0,"enemies":"3 Byrds","floor":21.0,"turns":5.0},{"damage":18.0,"enemies":"Snecko","floor":22.0,"turns":4.0},{"damage":38.0,"enemies":"Slavers","floor":23.0,"turns":5.0},{"damage":24.0,"enemies":"Cultist and Chosen","floor":24.0,"turns":6.0},{"damage":11.0,"enemies":"Chosen and Byrds","floor":27.0,"turns":6.0},{"damage":6.0,"enemies":"Centurion and Healer","floor":29.0,"turns":5.0},{"damage":10.0,"enemies":"Pondfish","floor":33.0,"turns":5.0},{"damage":24.0,"enemies":"3 Shapes","floor":35.0,"turns":2.0},{"damage":15.0,"enemies":"Orb Walker","floor":38.0,"turns":4.0},{"damage":14.0,"enemies":"Jaw Worm Horde","floor":39.0,"turns":4.0},{"damage":23.0,"enemies":"Maw","floor":41.0,"turns":5.0},{"damage":38.0,"enemies":"Nemesis","floor":45.0,"turns":5.0},{"damage":0,"enemies":"Giant Head","floor":47,"turns":2},{"damage":0,"enemies":"2 Orb Walkers","floor":48,"turns":2},{"damage":81,"enemies":"infinitespire:MassOfShapes","floor":50,"turns":6}],"seed_played":"7922974233580705316","potions_obtained":[{"floor":4.0,"key":"AttackPotion"},{"floor":11.0,"key":"Explosive Potion"},{"floor":14.0,"key":"DuplicationPotion"},{"floor":16.0,"key":"Block Potion"},{"floor":19.0,"key":"EssenceOfSteel"},{"floor":21.0,"key":"Fire Potion"},{"floor":29.0,"key":"REME_GoldPotion"},{"floor":33.0,"key":"EssenceOfSteel"},{"floor":38.0,"key":"ElixirPotion"},{"floor":41.0,"key":"Milkshake"},{"floor":47,"key":"Adrenaline Potion"}],"is_trial":false,"path_per_floor":["M","?","M","M","M","E","R","E","T","M","M","R","?","M","R","B",null,"M","?","$","M","M","E","M","R","T","M","$","M","?","AVR","R","B",null,"M","AVR","?","M","M","R","M","?","T","?","E","R","E","?","R","B",null],"character_chosen":"IRONCLAD","items_purchased":["reliquary:CitrusReamer","Inflame","Flex","Twin Strike","Armaments","Shrug It Off+1","Girya"],"campfire_rested":4,"item_purchase_floors":[0,0,0,0,0,20,20],"current_hp_per_floor":[80,73,68,64,62,21,45,26,26,32,33,57,57,58,58,36,80,80,83,83,87,75,43,25,51,51,46,46,46,46,46,72,68,87,69,69,48,69,87,87,70,70,70,70,71,71,90,90,90,91],"gold":14,"neow_bonus":"","is_daily":false,"chose_seed":false,"campfire_upgraded":1,"win_rate":0.0,"timestamp":1613631542,"path_taken":["M","?","M","M","M","E","R","E","T","M","M","R","?","?","R","BOSS","M","?","$","M","?","E","M","R","T","M","?","M","?","AVR","R","BOSS","M","AVR","?","M","M","R","M","?","T","?","E","R","E","?","R","BOSS"],"items_purchased_type":["Relic","Card","Card","Card","Card","Card","Relic"],"build_version":"2020-12-22","purchased_purges":1,"victory":true,"max_hp_per_floor":[80,80,80,80,80,80,80,80,80,80,80,80,80,80,80,80,80,80,87,87,87,87,87,87,87,87,87,87,87,87,87,87,87,87,87,87,87,87,87,87,87,87,87,87,90,90,90,90,90,93],"card_choices":[{"not_picked":["Warcry","ReplayTheSpireMod:Corrosion Curse"],"picked":"hubris:SharpeningStone","floor":1.0},{"not_picked":["Body Slam","Blood for Blood"],"picked":"hubris:ReadiedAction","floor":3.0},{"not_picked":["Massacre","Feel No Pain"],"picked":"Iron Wave","floor":4.0},{"not_picked":["True Grit","Body Slam"],"picked":"Rage","floor":5.0},{"not_picked":["Warcry","Shrug It Off"],"picked":"Heavy Blade","floor":6.0},{"not_picked":["Shrug It Off","Brutality","REME_FearOfPain"],"picked":"SKIP","floor":8.0},{"not_picked":["Anger","Entrench+1"],"picked":"Shrug It Off+1","floor":10.0},{"not_picked":["ReplayTheSpireMod:Strike From Hell","hubris:SharpeningStone+1"],"picked":"Searing Blow","floor":11.0},{"not_picked":["Perfected Strike","Clash"],"picked":"Inflame","floor":14.0},{"not_picked":["hubris:StunningStrike","REME_Fury+1"],"picked":"Replay:Many Hands+1","floor":16.0},{"not_picked":["Iron Wave","Thunderclap"],"picked":"Rupture+1","floor":18.0},{"not_picked":["hubris:SharpeningStone+1","Thunderclap"],"picked":"Cleave","floor":19.0},{"not_picked":["Twin Strike","hubris:ReadiedAction+1"],"picked":"hubris:CleavingFinish","floor":21.0},{"not_picked":["Headbutt","Rampage"],"picked":"Flex+1","floor":22.0},{"not_picked":["REME_TheLastStrike","Corruption"],"picked":"Thunderclap","floor":23.0},{"not_picked":["infinitespire:OneForAll","Anger"],"picked":"Iron Wave","floor":24.0},{"not_picked":["Twin Strike","Evolve"],"picked":"Bloodletting+1","floor":27.0},{"not_picked":["Flex+1","Abandon+1"],"picked":"Pummel","floor":29.0},{"not_picked":["Headbutt","hubris:ReadiedAction+1"],"picked":"Pummel","floor":35.0},{"not_picked":["hubris:Fate","infinitespire:Menacing"],"picked":"infinitespire:Starlight","floor":37.0},{"not_picked":["Shrug It Off+1","Heavy Blade"],"picked":"Metallicize+1","floor":38.0},{"not_picked":["Rage+1","Armaments+1"],"picked":"Pummel","floor":39.0},{"not_picked":["Wild Strike+1","Run Through+1"],"picked":"REME_Scribble+1","floor":41.0},{"not_picked":["Fire Breathing+1","True Grit+1","Evolve"],"picked":"SKIP","floor":45.0},{"not_picked":["Carnage+1","Clash+1"],"picked":"Rage+1","floor":47},{"not_picked":["Whirlwind+1","Pommel Strike"],"picked":"Reaper","floor":48}],"player_experience":79111,"relics_obtained":[{"floor":6.0,"key":"hubris:PeanutButter"},{"floor":8.0,"key":"Shuriken"},{"floor":9.0,"key":"Toxic Egg 2"},{"floor":19.0,"key":"Strawberry"},{"floor":23.0,"key":"Lantern"},{"floor":26.0,"key":"conspire:Dentures"},{"floor":43.0,"key":"Dream Catcher"},{"floor":45.0,"key":"CaptainsWheel"},{"floor":45.0,"key":"hubris:MysteriousPyramids"},{"floor":47,"key":"Bag of Marbles"},{"floor":47,"key":"HollowMod:PaleOreRelic"},{"floor":48,"key":"Old Coin"}],"event_choices":[{"cards_removed":["Strike_R"],"damage_healed":0.0,"max_hp_gain":0.0,"max_hp_loss":0.0,"gold_gain":0.0,"event_name":"Golden Wing","player_choice":"Card Removal","floor":2.0,"gold_loss":0.0,"damage_taken":7.0},{"damage_healed":0.0,"max_hp_gain":0.0,"max_hp_loss":0.0,"gold_gain":0.0,"event_name":"Match and Keep!","player_choice":"1 cards matched","floor":13.0,"gold_loss":0.0,"damage_taken":0.0,"cards_obtained":["Replay:Undeath\u0027s Touch"]},{"damage_healed":0,"gold_gain":0,"player_choice":"Fight","damage_taken":0,"max_hp_gain":0,"max_hp_loss":0,"event_name":"Mysterious Sphere","floor":48,"gold_loss":0}],"is_beta":false,"boss_relics":[{"not_picked":["energizedSpire:CursedPentagram","Replay:Grab Bag"],"picked":"Ectoplasm"},{"not_picked":["Replay:Wanted Poster","Painkiller Herb"],"picked":"REME_ChargedStone"}],"items_purged_floors":[0],"is_endless":false,"potions_floor_spawned":[4,11,14,16,19,21,29,33,38,41,47],"ascension_level":2}}