{"host":"8lcbm2v5cw7pb9tu","time":1613650437,"event":{"mods":["AchievementEnabler","BaseMod","Block Reminder","Colored Map","Colored Powertips","Highlight Path","Minty Spire (QoL Compilation)","Random Character Button","Rare Cards Sparkle","StSLib","everything is the same but u backflip on backflip"],"gold_per_floor":[114,114,39,54,54,54,84,84,84,99,114,129,144,159,159,259,259,274,274,289,25,25,25,55,70,145,145,160,460,475,490,490,590,590,605,620,635,650,665,665,44,44,44,74,74,89,91,106,106,106],"floor_reached":51,"language":"ENG","playtime":17235,"items_purged":[],"score":780,"play_id":"52f341b2-408b-4b20-9539-3b3fc37b7378","local_time":"20210218041357","daily_mods":["Chimera","Uncertain Future","Terminal"],"is_ascension_mode":false,"campfire_choices":[{"data":"Eruption","floor":6.0,"key":"SMITH"},{"data":"Nirvana","floor":8.0,"key":"SMITH"},{"data":"DeceiveReality","floor":15.0,"key":"SMITH"},{"floor":23.0,"key":"DIG"},{"floor":29.0,"key":"DIG"},{"data":"Devotion","floor":32.0,"key":"SMITH"},{"data":"Alpha","floor":40,"key":"SMITH"},{"floor":42,"key":"DIG"},{"floor":49,"key":"DIG"}],"circlet_count":0,"master_deck":["Bash","Survivor","Zap+1","Eruption+1","Strike_R+1","Strike_G+1","Strike_B+1","Defend_R+1","Defend_G+1","Defend_P+1","DeceiveReality+1","EmptyFist","EmptyBody","Wireheading","Nirvana+1","JustLucky","FearNoEvil","Weave","Brilliance","CutThroughFate","Devotion+1","CurseOfTheBell","BattleHymn+1","Consecrate","Indignation","Weave","Adaptation+1","FlurryOfBlows","Tantrum","Meditate","Meditate+1","Alpha+1","ThirdEye","CutThroughFate+1","PathToVictory+1","Prostrate"],"relics":["HolyWater","Calipers","Toy Ornithopter","White Beast Statue","Calling Bell","Omamori","Kunai","Shovel","MutagenicStrength","Blood Vial","HornCleat","FossilizedHelix","Letter Opener","Old Coin","Singing Bowl","Eternal Feather","Blue Candle","Frozen Egg 2","Shuriken","Incense Burner","Boot"],"acts_visited":["Exordium","TheCity","TheBeyond"],"potions_floor_usage":[36,37,38,39,39,47,50,50,50],"damage_taken":[{"damage":0.0,"enemies":"2 Louse","floor":1.0,"turns":1.0},{"damage":0.0,"enemies":"Small Slimes","floor":4.0,"turns":4.0},{"damage":0.0,"enemies":"3 Sentries","floor":7.0,"turns":7.0},{"damage":0.0,"enemies":"Cultist","floor":10.0,"turns":2.0},{"damage":3.0,"enemies":"Looter","floor":11.0,"turns":3.0},{"damage":2.0,"enemies":"2 Fungi Beasts","floor":12.0,"turns":2.0},{"damage":0.0,"enemies":"Blue Slaver","floor":13.0,"turns":2.0},{"damage":4.0,"enemies":"Red Slaver","floor":14.0,"turns":2.0},{"damage":15.0,"enemies":"Hexaghost","floor":16.0,"turns":8.0},{"damage":0.0,"enemies":"Spheric Guardian","floor":18.0,"turns":3.0},{"damage":14.0,"enemies":"2 Thieves","floor":20.0,"turns":3.0},{"damage":0.0,"enemies":"Book of Stabbing","floor":24.0,"turns":3.0},{"damage":0.0,"enemies":"Cultist and Chosen","floor":25.0,"turns":3.0},{"damage":7.0,"enemies":"Snake Plant","floor":28.0,"turns":5.0},{"damage":0.0,"enemies":"Shelled Parasite and Fungi","floor":30.0,"turns":2.0},{"damage":0.0,"enemies":"Centurion and Healer","floor":31.0,"turns":3.0},{"damage":10.0,"enemies":"Automaton","floor":33.0,"turns":7.0},{"damage":0,"enemies":"Orb Walker","floor":35,"turns":3},{"damage":12,"enemies":"3 Shapes","floor":36,"turns":5},{"damage":22,"enemies":"Maw","floor":37,"turns":8},{"damage":11,"enemies":"3 Darklings","floor":38,"turns":3},{"damage":0,"enemies":"Sphere and 2 Shapes","floor":39,"turns":5},{"damage":0,"enemies":"Nemesis","floor":44,"turns":5},{"damage":0,"enemies":"Maw","floor":46,"turns":7},{"damage":12,"enemies":"2 Orb Walkers","floor":47,"turns":3},{"damage":0,"enemies":"Jaw Worm Horde","floor":48,"turns":3},{"damage":37,"enemies":"Donu and Deca","floor":50,"turns":8}],"seed_played":"6706742764168558924","potions_obtained":[{"floor":1.0,"key":"DistilledChaos"},{"floor":10.0,"key":"SpeedPotion"},{"floor":11.0,"key":"DuplicationPotion"},{"floor":12.0,"key":"Ancient Potion"},{"floor":13.0,"key":"Block Potion"},{"floor":16.0,"key":"FearPotion"},{"floor":20.0,"key":"Regen Potion"},{"floor":30.0,"key":"BlessingOfTheForge"},{"floor":31.0,"key":"Weak Potion"},{"floor":33.0,"key":"SkillPotion"},{"floor":36,"key":"Weak Potion"},{"floor":37,"key":"PowerPotion"},{"floor":38,"key":"ColorlessPotion"},{"floor":39,"key":"StancePotion"},{"floor":44,"key":"CultistPotion"},{"floor":46,"key":"Ambrosia"},{"floor":47,"key":"Regen Potion"},{"floor":48,"key":"Block Potion"}],"is_trial":false,"path_per_floor":["M","?","$","M","?","R","E","R","T","M","M","M","M","M","R","B",null,"M","?","M","$","?","R","E","M","T","$","M","R","M","M","R","B",null,"M","M","M","M","M","R","$","R","T","E","?","M","?","M","R","B",null],"character_chosen":"WATCHER","items_purchased":["EmptyFist","EmptyBody","Blood Vial","Indignation","Weave","Singing Bowl","Eternal Feather","Prostrate","StancePotion"],"campfire_rested":0,"item_purchase_floors":[3,3,21,21,21,41,41,41,41],"current_hp_per_floor":[70,58,58,58,58,58,58,58,58,58,55,53,58,54,54,41,54,53,52,43,43,43,43,45,46,45,44,37,37,39,40,39,29,37,36,35,18,14,26,26,26,29,28,29,28,29,24,28,30,8],"gold":106,"neow_bonus":"","is_daily":true,"chose_seed":false,"campfire_upgraded":5,"win_rate":0.0,"timestamp":1613650437,"path_taken":["M","?","$","M","?","R","E","R","T","M","M","M","?","M","R","BOSS","M","?","M","$","?","R","E","M","T","?","M","R","M","M","R","BOSS","M","M","M","M","M","R","$","R","T","E","?","?","?","M","R","BOSS"],"items_purchased_type":["Card","Card","Relic","Card","Card","Relic","Relic","Card","Potion"],"build_version":"2020-12-22","purchased_purges":0,"victory":true,"max_hp_per_floor":[70,69,68,67,66,65,64,63,62,61,60,59,58,57,56,55,54,53,52,51,50,49,48,47,46,45,44,43,42,41,40,39,38,37,36,35,34,33,32,31,30,29,28,29,28,29,30,31,30,29],"card_choices":[{"not_picked":["Protect","Wallop"],"picked":"DeceiveReality","floor":1.0},{"not_picked":["BowlingBash","Evaluate"],"picked":"Wireheading","floor":4.0},{"not_picked":["Crescendo","Halt"],"picked":"Nirvana","floor":7.0},{"not_picked":["BowlingBash","Pray"],"picked":"JustLucky","floor":10.0},{"not_picked":["BowlingBash","JustLucky"],"picked":"FearNoEvil","floor":11.0},{"not_picked":["CarveReality","ClearTheMind"],"picked":"Weave","floor":12.0},{"not_picked":["FlyingSleeves","Vengeance"],"picked":"Brilliance","floor":13.0},{"not_picked":["ThirdEye","ForeignInfluence"],"picked":"CutThroughFate","floor":14.0},{"not_picked":["Scrawl","Vault"],"picked":"Devotion","floor":16.0},{"not_picked":["EmptyFist","Tantrum"],"picked":"BattleHymn+1","floor":18.0},{"not_picked":["DeceiveReality","Conclude"],"picked":"Consecrate","floor":20.0},{"not_picked":["FlurryOfBlows","Fasting2+1"],"picked":"Adaptation+1","floor":24.0},{"not_picked":["Evaluate","DeceiveReality"],"picked":"FlurryOfBlows","floor":25.0},{"not_picked":["Wireheading","JustLucky"],"picked":"Tantrum","floor":28.0},{"not_picked":["WreathOfFlame","Evaluate+1"],"picked":"Meditate","floor":30.0},{"not_picked":["BattleHymn+1","Swivel"],"picked":"Meditate+1","floor":31.0},{"not_picked":["Vault","Ragnarok"],"picked":"Alpha","floor":33.0},{"not_picked":["Meditate","CrushJoints+1","EmptyBody+1"],"picked":"SKIP","floor":35},{"not_picked":["Fasting2","Protect"],"picked":"ThirdEye","floor":36},{"not_picked":["WreathOfFlame","FlyingSleeves+1","Indignation"],"picked":"SKIP","floor":37},{"not_picked":["Wallop","FlyingSleeves"],"picked":"CutThroughFate","floor":38},{"not_picked":["WheelKick+1","Evaluate"],"picked":"PathToVictory+1","floor":39},{"not_picked":["CrushJoints","Halt","ClearTheMind"],"picked":"Singing Bowl","floor":44},{"not_picked":["JustLucky","EmptyFist","SignatureMove+1"],"picked":"Singing Bowl","floor":46},{"not_picked":["ThirdEye+1","FollowUp+1","Sanctity+1"],"picked":"Singing Bowl","floor":47},{"not_picked":["Scrawl","DeceiveReality+1","EmptyBody+1"],"picked":"Singing Bowl","floor":48}],"player_experience":494756,"relics_obtained":[{"floor":7.0,"key":"Toy Ornithopter"},{"floor":9.0,"key":"White Beast Statue"},{"floor":17.0,"key":"Omamori"},{"floor":17.0,"key":"Kunai"},{"floor":17.0,"key":"Shovel"},{"floor":23.0,"key":"HornCleat"},{"floor":24.0,"key":"FossilizedHelix"},{"floor":26.0,"key":"Letter Opener"},{"floor":29.0,"key":"Old Coin"},{"floor":42,"key":"Blue Candle"},{"floor":43,"key":"Frozen Egg 2"},{"floor":44,"key":"Shuriken"},{"floor":47,"key":"Incense Burner"},{"floor":49,"key":"Boot"}],"event_choices":[{"damage_healed":0.0,"max_hp_gain":0.0,"max_hp_loss":0.0,"gold_gain":0.0,"event_name":"Scrap Ooze","player_choice":"Success","floor":2.0,"gold_loss":0.0,"damage_taken":12.0,"relics_obtained":["Calipers"]},{"damage_healed":0.0,"max_hp_gain":0.0,"max_hp_loss":0.0,"gold_gain":0.0,"event_name":"Upgrade Shrine","player_choice":"Upgraded","floor":5.0,"gold_loss":0.0,"damage_taken":0.0,"cards_upgraded":["Zap"]},{"damage_healed":0.0,"max_hp_gain":0.0,"max_hp_loss":0.0,"gold_gain":0.0,"event_name":"Drug Dealer","player_choice":"Inject Mutagens","floor":19.0,"gold_loss":0.0,"damage_taken":0.0,"relics_obtained":["MutagenicStrength"]},{"damage_healed":0.0,"max_hp_gain":0.0,"max_hp_loss":0.0,"gold_gain":0.0,"event_name":"Back to Basics","player_choice":"Simplicity","floor":22.0,"gold_loss":0.0,"damage_taken":0.0,"cards_upgraded":["Strike_R","Strike_G","Strike_B","Defend_R","Defend_G","Defend_P"]},{"damage_healed":0,"gold_gain":0,"player_choice":"Upgraded","damage_taken":0,"max_hp_gain":0,"max_hp_loss":0,"event_name":"Upgrade Shrine","floor":45,"gold_loss":0,"cards_upgraded":["CutThroughFate"]},{"damage_healed":0,"gold_gain":0,"player_choice":"Fight","damage_taken":0,"max_hp_gain":0,"max_hp_loss":0,"event_name":"Mysterious Sphere","floor":47,"gold_loss":0}],"is_beta":false,"boss_relics":[{"not_picked":["Astrolabe","Snecko Eye"],"picked":"Calling Bell"},{"not_picked":["Runic Dome","SlaversCollar"],"picked":"HolyWater"}],"items_purged_floors":[],"is_endless":false,"potions_floor_spawned":[1,10,11,12,13,14,16,18,20,24,25,28,30,31,33,35,36,37,38,39,44,46,47,48],"ascension_level":0}}