{"host":"Bilverbakes","time":1613617438,"event":{"mods":["2.2 Compatiblity","AchievementEnabler","BaseMod","Bestiary","Colored Map","Minty Spire (QoL Compilation)","Relic Stats","StSLib","ojb\u0027s Info Mod"],"gold_per_floor":[369,519,519,539,551,551,566,566,566,577,212,244,55,86,86,161,161,178,178,188,188,202,202,234,234,259,80,90,90,104,115,115,187,187,204,204,149,159,79,79,106,116,116,136,169,169,169,169],"floor_reached":47,"language":"ENG","playtime":2200,"items_purged":["Doubt","Strike_G","Writhe"],"score":1230,"play_id":"b0dd0faa-c424-4cc6-9363-8fe608b43e8d","local_time":"20210217210358","is_ascension_mode":true,"campfire_choices":[{"data":"Crippling Poison","floor":6.0,"key":"SMITH"},{"data":"Noxious Fumes","floor":8.0,"key":"SMITH"},{"data":"Footwork","floor":15.0,"key":"SMITH"},{"data":"Neutralize","floor":23.0,"key":"SMITH"},{"data":"Deadly Poison","floor":25.0,"key":"SMITH"},{"data":"Dodge and Roll","floor":29.0,"key":"SMITH"},{"floor":32.0,"key":"REST"},{"floor":40.0,"key":"RECALL"}],"circlet_count":0,"master_deck":["AscendersBane","Strike_G","Strike_G","Strike_G","Strike_G","Defend_G","Defend_G","Defend_G","Defend_G","Defend_G","Survivor","Neutralize+1","Masterful Stab","Crippling Poison+1","Blade Dance","Noxious Fumes+1","Blade Dance","Deadly Poison+1","Footwork+1","Dodge and Roll+1","Corpse Explosion","Concentrate+1","Acrobatics","Bouncing Flask+1","Crippling Poison","Tactician+1"],"relics":["Ring of the Snake","Ancient Tea Set","Snake Skull","Pantograph","Unceasing Top","Busted Crown","HornCleat","StoneCalendar","Potion Belt","Snecko Eye","Dream Catcher","Bag of Preparation","Ornamental Fan"],"acts_visited":["Exordium","TheCity","TheBeyond"],"potions_floor_usage":[],"damage_taken":[{"damage":9.0,"enemies":"Jaw Worm","floor":1.0,"turns":8.0},{"damage":0.0,"enemies":"2 Louse","floor":4.0,"turns":3.0},{"damage":1.0,"enemies":"Cultist","floor":5.0,"turns":4.0},{"damage":6.0,"enemies":"Looter","floor":7.0,"turns":3.0},{"damage":13.0,"enemies":"Blue Slaver","floor":10.0,"turns":4.0},{"damage":23.0,"enemies":"3 Sentries","floor":12.0,"turns":7.0},{"damage":9.0,"enemies":"Gremlin Nob","floor":14.0,"turns":4.0},{"damage":24.0,"enemies":"Hexaghost","floor":16.0,"turns":11.0},{"damage":12.0,"enemies":"Shell Parasite","floor":18.0,"turns":5.0},{"damage":9.0,"enemies":"Chosen","floor":20.0,"turns":4.0},{"damage":0.0,"enemies":"3 Cultists","floor":22.0,"turns":3.0},{"damage":12.0,"enemies":"Book of Stabbing","floor":24.0,"turns":5.0},{"damage":12.0,"enemies":"Cultist and Chosen","floor":28.0,"turns":5.0},{"damage":13.0,"enemies":"Snake Plant","floor":30.0,"turns":4.0},{"damage":10.0,"enemies":"Centurion and Healer","floor":31.0,"turns":6.0},{"damage":0.0,"enemies":"Champ","floor":33.0,"turns":8.0},{"damage":0.0,"enemies":"3 Shapes","floor":35.0,"turns":3.0},{"damage":1.0,"enemies":"Orb Walker","floor":38.0,"turns":3.0},{"damage":40.0,"enemies":"Giant Head","floor":41.0,"turns":7.0},{"damage":17.0,"enemies":"Maw","floor":42.0,"turns":6.0},{"damage":0.0,"enemies":"4 Shapes","floor":44.0,"turns":3.0},{"damage":0.0,"enemies":"Reptomancer","floor":45.0,"turns":5.0},{"damage":16,"enemies":"Giant Head","floor":47,"turns":5}],"seed_played":"-6743684111261557875","potions_obtained":[{"floor":4.0,"key":"PowerPotion"},{"floor":12.0,"key":"Swift Potion"},{"floor":18.0,"key":"EntropicBrew"},{"floor":22.0,"key":"Regen Potion"},{"floor":28.0,"key":"Regen Potion"},{"floor":33.0,"key":"Block Potion"},{"floor":35.0,"key":"SpeedPotion"}],"is_trial":false,"path_per_floor":["M","?","?","M","M","R","M","R","T","M","$","E","$","E","R","B",null,"M","$","M","?","M","R","E","R","T","$","M","R","M","M","R","B",null,"M","?","?","M","$","R","E","M","T","M","E","?","E"],"character_chosen":"THE_SILENT","items_purchased":["Snake Skull","GhostInAJar","Deadly Poison","Footwork","PowerPotion","Crippling Poison"],"campfire_rested":1,"item_purchase_floors":[11,11,11,13,27,39],"current_hp_per_floor":[35,35,57,57,56,56,50,50,50,37,37,14,14,5,5,6,51,39,39,30,30,30,30,32,32,32,32,20,20,7,12,31,56,64,64,64,64,63,63,63,23,6,6,6,6,6,0,0],"gold":169,"neow_bonus":"TWO_FIFTY_GOLD","is_daily":false,"chose_seed":false,"campfire_upgraded":6,"win_rate":0.0,"timestamp":1613617438,"path_taken":["M","?","?","M","?","R","M","R","T","M","$","E","$","E","R","BOSS","M","?","M","?","M","R","E","R","T","$","M","R","M","M","R","BOSS","M","?","?","M","$","R","E","M","T","?","E","?","E"],"items_purchased_type":["Relic","Potion","Card","Card","Potion","Card"],"build_version":"2020-12-18","purchased_purges":3,"victory":false,"max_hp_per_floor":[66,66,66,66,66,66,66,66,66,66,66,66,66,66,66,66,66,66,66,66,66,66,66,66,66,66,66,66,66,66,66,66,66,66,66,66,66,66,66,66,66,66,66,66,66,66,66,66],"relic_stats":{"Dream Catcher":0,"Busted Crown":28,"counters":[23,116],"Ornamental Fan":[8],"Pantograph":50,"Snecko Eye":[64,73,48,60],"StoneCalendar":[104],"Snake Skull":[186],"Bag of Preparation":[4],"obtain_stats":[{"Potion Belt":26,"StoneCalendar":24,"Snake Skull":11,"Bag of Preparation":41,"Ancient Tea Set":9,"Dream Catcher":37,"Busted Crown":17,"HornCleat":21,"Ornamental Fan":45,"Pantograph":12,"Snecko Eye":34,"Unceasing Top":14,"Ring of the Snake":0},{"Potion Belt":12,"StoneCalendar":12,"Snake Skull":5,"Bag of Preparation":19,"Ancient Tea Set":4,"Dream Catcher":17,"Busted Crown":8,"HornCleat":10,"Ornamental Fan":22,"Pantograph":6,"Snecko Eye":16,"Unceasing Top":7,"Ring of the Snake":0},{"Potion Belt":61,"StoneCalendar":61,"Snake Skull":22,"Bag of Preparation":97,"Ancient Tea Set":18,"Dream Catcher":87,"Busted Crown":44,"HornCleat":53,"Ornamental Fan":111,"Pantograph":29,"Snecko Eye":84,"Unceasing Top":33,"Ring of the Snake":0}],"Unceasing Top":[27],"Ring of the Snake":[46]},"card_choices":[{"not_picked":["Underhanded Strike","Blur"],"picked":"Masterful Stab","floor":1.0},{"not_picked":["Quick Slash","Riddle With Holes"],"picked":"Crippling Poison","floor":4.0},{"not_picked":["Outmaneuver","Cloak And Dagger"],"picked":"Blade Dance","floor":5.0},{"not_picked":["Catalyst","Accuracy"],"picked":"Noxious Fumes","floor":7.0},{"not_picked":["Distraction","Cloak And Dagger"],"picked":"Blade Dance","floor":10.0},{"not_picked":["Prepared","Storm of Steel","Sucker Punch"],"picked":"SKIP","floor":12.0},{"not_picked":["Escape Plan","Underhanded Strike"],"picked":"Dodge and Roll","floor":14.0},{"not_picked":["Unload","Doppelganger"],"picked":"Corpse Explosion","floor":16.0},{"not_picked":["Outmaneuver"],"picked":"SKIP","floor":18.0},{"not_picked":["Bane"],"picked":"SKIP","floor":20.0},{"not_picked":[],"picked":"Concentrate+1","floor":22.0},{"not_picked":["Heel Hook"],"picked":"SKIP","floor":24.0},{"not_picked":["Accuracy"],"picked":"SKIP","floor":28.0},{"not_picked":[],"picked":"Acrobatics","floor":30.0},{"not_picked":[],"picked":"Bouncing Flask+1","floor":31.0},{"not_picked":["Deadly Poison"],"picked":"SKIP","floor":35.0},{"not_picked":["Setup"],"picked":"SKIP","floor":38.0},{"not_picked":[],"picked":"Tactician+1","floor":41.0},{"not_picked":["Infinite Blades"],"picked":"SKIP","floor":42.0},{"not_picked":["Underhanded Strike"],"picked":"SKIP","floor":44.0},{"not_picked":["Sucker Punch"],"picked":"SKIP","floor":45.0}],"player_experience":966202,"relics_obtained":[{"floor":9.0,"key":"Ancient Tea Set"},{"floor":12.0,"key":"Pantograph"},{"floor":14.0,"key":"Unceasing Top"},{"floor":24.0,"key":"StoneCalendar"},{"floor":26.0,"key":"Potion Belt"},{"floor":41.0,"key":"Bag of Preparation"},{"floor":45.0,"key":"Ornamental Fan"}],"event_choices":[{"damage_healed":0.0,"max_hp_gain":0.0,"max_hp_loss":0.0,"gold_gain":150.0,"event_name":"Liars Game","player_choice":"AGREE","floor":2.0,"gold_loss":0.0,"damage_taken":0.0,"cards_obtained":["Doubt"]},{"damage_healed":22.0,"max_hp_gain":0.0,"max_hp_loss":0.0,"gold_gain":0.0,"event_name":"Big Fish","player_choice":"Banana","floor":3.0,"gold_loss":0.0,"damage_taken":0.0},{"damage_healed":0.0,"max_hp_gain":0.0,"max_hp_loss":0.0,"gold_gain":0.0,"event_name":"The Mausoleum","player_choice":"Opened","floor":21.0,"gold_loss":0.0,"damage_taken":0.0,"relics_obtained":["HornCleat"],"cards_obtained":["Writhe"]},{"damage_healed":0.0,"max_hp_gain":0.0,"max_hp_loss":0.0,"gold_gain":0.0,"event_name":"Tomb of Lord Red Mask","player_choice":"Ignored","floor":36.0,"gold_loss":0.0,"damage_taken":0.0},{"damage_healed":0.0,"max_hp_gain":0.0,"max_hp_loss":0.0,"gold_gain":0.0,"event_name":"WeMeetAgain","player_choice":"Paid Gold","floor":37.0,"gold_loss":55.0,"damage_taken":0.0,"relics_obtained":["Dream Catcher"]},{"damage_healed":0,"gold_gain":0,"player_choice":"Ignored","damage_taken":0,"max_hp_gain":0,"max_hp_loss":0,"event_name":"Mysterious Sphere","floor":46,"gold_loss":0}],"is_beta":true,"boss_relics":[{"not_picked":["Empty Cage","Runic Dome"],"picked":"Busted Crown"},{"not_picked":["Calling Bell","WristBlade"],"picked":"Snecko Eye"}],"items_purged_floors":[11,13,27],"is_endless":false,"potions_floor_spawned":[4,12,18,22,28,33,35],"killed_by":"Giant Head","ascension_level":20}}