{"host":"gm50ke85n5jz306u","time":1613660935,"event":{"mods":["AchievementEnabler","AlwaysNeverKeys","Ascension Reborn","BaseMod","Bestiary","Better Altar","Better Match","Better Note","Better Sensory Stone","Better Skull","Better Third Choice","Better Vampires","Better-Laid Plans","BetterRewards","Colored Powertips","Curses Come First","DNKmod","Defuse TimeMaze Blight","Disable Question Mark Monsters","Displayed Cursed Tome","Emptier Cage","Extra Virgin Snecko Oil","Filter the Spire","Friendly Minions","Gremlin Skip","Minty Spire (QoL Compilation)","Permanent Neow","Poor People Problems","Quick Restart","Relic Filter Mod","Relic Sorter","Remove Card Discount Mod","Reorder Act Four","Shop Mod","Spicy Shops","StSLib","Synergy Search","Thieving Mod","Transform Curses"],"gold_per_floor":[10015,10015,10026,10026,10026,10058,10058,10078,10148,10148,9532,9552,9569,8491,8491,8596,8596,8612,8630,8646,7951,7951,7951,6994,7010,7010,7010,7039,7039,7056,7071,7071,7173,7173,7184,5823,5840,5856,5867,5895,5895,5908,5961,5961,5973,5986,4899,4915,4915,4915,4915,4462,4462,4490,4490],"floor_reached":56,"language":"ENG","playtime":3824,"items_purged":["Strike_R","Strike_R","Uppercut","Reaper+1","Defend_R+1","Defend_R+1","Disarm","Pommel Strike","Iron Wave+1","Rage+1","Spot Weakness","Inflame+1","Metallicize+1","Sadistic Nature","Flex+1"],"score":1253,"play_id":"524e3b7f-c4a2-4187-9410-629a5a05e9e7","local_time":"20210218160855","is_ascension_mode":false,"campfire_choices":[{"data":"Rampage","floor":7.0,"key":"SMITH"},{"data":"Trip","floor":15.0,"key":"SMITH"},{"data":"Metallicize","floor":23.0,"key":"SMITH"},{"data":"Limit Break","floor":29.0,"key":"SMITH"},{"data":"Flex","floor":32.0,"key":"SMITH"},{"data":"1","floor":41.0,"key":"LIFT"},{"data":"2","floor":44.0,"key":"LIFT"},{"data":"3","floor":49.0,"key":"LIFT"},{"data":"Madness","floor":53.0,"key":"SMITH"}],"circlet_count":0,"master_deck":["Rampage+1","Trip+1","Shrug It Off","Shrug It Off","Limit Break+1","Double Tap","Shrug It Off","Whirlwind+1","Madness+1"],"relics":["Burning Blood","Letter Opener","Ornamental Fan","Akabeko","Pocketwatch","Nunchaku","InkBottle","Frozen Eye","Centennial Puzzle","Potion Belt","Bronze Scales","Magic Flower","Lee\u0027s Waffle","Molten Egg 2","Bag of Preparation","MerchantsRug","Medical Kit","Paper Frog","Frozen Egg 2","White Beast Statue","Mark of Pain","MealTicket","Unceasing Top","Sling","Strange Spoon","Darkstone Periapt","Oddly Smooth Stone","Blue Candle","Orrery","TungstenRod","Membership Card","Bag of Marbles","Bag of Marbles","HandDrill","Vajra","Lantern"],"acts_visited":["Exordium","TheCity","TheBeyond","TheEnding"],"potions_floor_usage":[55],"damage_taken":[{"damage":0.0,"enemies":"Cultist","floor":1.0,"turns":4.0},{"damage":1.0,"enemies":"2 Louse","floor":3.0,"turns":3.0},{"damage":24.0,"enemies":"Lagavulin","floor":6.0,"turns":9.0},{"damage":0.0,"enemies":"Small Slimes","floor":8.0,"turns":3.0},{"damage":8.0,"enemies":"3 Louse","floor":12.0,"turns":3.0},{"damage":0.0,"enemies":"Blue Slaver","floor":13.0,"turns":4.0},{"damage":17.0,"enemies":"Hexaghost","floor":16.0,"turns":7.0},{"damage":5.0,"enemies":"Shell Parasite","floor":18.0,"turns":4.0},{"damage":0.0,"enemies":"3 Byrds","floor":19.0,"turns":3.0},{"damage":5.0,"enemies":"3 Cultists","floor":20.0,"turns":5.0},{"damage":5.0,"enemies":"Shelled Parasite and Fungi","floor":25.0,"turns":3.0},{"damage":20.0,"enemies":"Slavers","floor":28.0,"turns":4.0},{"damage":14.0,"enemies":"Chosen and Byrds","floor":30.0,"turns":5.0},{"damage":6.0,"enemies":"Centurion and Healer","floor":31.0,"turns":3.0},{"damage":1.0,"enemies":"Champ","floor":33.0,"turns":8.0},{"damage":12.0,"enemies":"Orb Walker","floor":35.0,"turns":4.0},{"damage":0.0,"enemies":"3 Darklings","floor":37.0,"turns":7.0},{"damage":4.0,"enemies":"Sphere and 2 Shapes","floor":38.0,"turns":3.0},{"damage":12.0,"enemies":"Spire Growth","floor":39.0,"turns":3.0},{"damage":1.0,"enemies":"Giant Head","floor":40.0,"turns":4.0},{"damage":21.0,"enemies":"Maw","floor":42.0,"turns":6.0},{"damage":12.0,"enemies":"Jaw Worm Horde","floor":45.0,"turns":6.0},{"damage":13.0,"enemies":"Sphere and 2 Shapes","floor":46.0,"turns":4.0},{"damage":21.0,"enemies":"Writhing Mass","floor":48.0,"turns":4.0},{"damage":2.0,"enemies":"Time Eater","floor":50.0,"turns":6.0},{"damage":0,"enemies":"Shield and Spear","floor":54,"turns":2},{"damage":76,"enemies":"The Heart","floor":55,"turns":5}],"seed_played":"8698184865253610838","potions_obtained":[{"floor":1.0,"key":"Block Potion"},{"floor":8.0,"key":"PowerPotion"},{"floor":16.0,"key":"Energy Potion"},{"floor":19.0,"key":"SkillPotion"},{"floor":25.0,"key":"PowerPotion"},{"floor":28.0,"key":"FairyPotion"},{"floor":30.0,"key":"Energy Potion"},{"floor":31.0,"key":"Explosive Potion"},{"floor":33.0,"key":"FairyPotion"},{"floor":38.0,"key":"FearPotion"},{"floor":42.0,"key":"Dexterity Potion"},{"floor":45.0,"key":"GamblersBrew"}],"is_trial":false,"path_per_floor":["M","?","M","?","?","E","R","M","T","?","$","M","M","$","R","B",null,"M","M","M","$","?","R","$","M","T","?","E","R","M","M","R","B",null,"M","$","M","M","M","E","R","M","T","R","M","M","$","M","R","B",null,"$","R","E","B",null],"character_chosen":"IRONCLAD","items_purchased":["Potion Belt","Frozen Eye","Bronze Scales","Strength Potion","Shrug It Off","Sadistic Nature","Pocketwatch","Magic Flower","Lee\u0027s Waffle","Metallicize","Molten Egg 2","Bag of Preparation","MerchantsRug","Explosive Potion","Strength Potion","Medical Kit","Paper Frog","Frozen Egg 2","Limit Break","MealTicket","Unceasing Top","Sling","Strange Spoon","Girya","Girya","Block Potion","Fire Potion","Shrug It Off","Oddly Smooth Stone","Letter Opener","Blue Candle","Orrery","DuplicationPotion","Swift Potion","Madness","TungstenRod","Membership Card","Bag of Marbles","Bag of Marbles","Ornamental Fan","HandDrill","Vajra","Energy Potion"],"campfire_rested":0,"item_purchase_floors":[11,11,11,11,11,14,14,14,14,14,21,21,21,21,21,24,24,24,24,36,36,36,36,36,36,36,36,36,47,47,47,47,47,47,47,47,52,52,52,52,52,52,52],"current_hp_per_floor":[62,62,67,60,44,26,26,32,32,32,32,30,36,87,87,79,87,87,87,87,87,87,87,87,87,87,87,76,76,71,74,74,82,87,84,84,87,87,84,87,87,75,75,75,72,68,83,71,71,78,87,87,87,87,20],"gold":4490,"neow_bonus":"TRANSFORM_TWO_CARDS","is_daily":false,"chose_seed":false,"campfire_upgraded":6,"win_rate":0.0,"timestamp":1613660935,"path_taken":["M","?","M","?","?","E","R","M","T","?","$","M","M","$","R","BOSS","M","M","M","$","?","R","$","M","T","?","E","R","M","M","R","BOSS","M","$","M","M","M","E","R","M","T","R","M","M","$","M","R","BOSS","$","R","E","BOSS"],"items_purchased_type":["Relic","Relic","Relic","Potion","Card","Card","Relic","Relic","Relic","Card","Relic","Relic","Relic","Potion","Potion","Relic","Relic","Relic","Card","Relic","Relic","Relic","Relic","Relic","Relic","Potion","Potion","Card","Relic","Relic","Relic","Relic","Potion","Potion","Card","Relic","Relic","Relic","Relic","Relic","Relic","Relic","Potion"],"build_version":"2020-12-22","purchased_purges":15,"victory":true,"max_hp_per_floor":[80,80,80,80,80,80,80,80,80,80,80,80,80,87,87,87,87,87,87,87,87,87,87,87,87,87,87,87,87,87,87,87,87,87,87,87,87,87,87,87,87,87,87,87,87,87,87,87,87,87,87,87,87,87,87],"card_choices":[{"not_picked":["Flame Barrier","Feel No Pain","Flex"],"picked":"SKIP","floor":1.0},{"not_picked":["Searing Blow","Perfected Strike","Infernal Blade"],"picked":"SKIP","floor":3.0},{"not_picked":["True Grit","Evolve"],"picked":"Rampage","floor":6.0},{"not_picked":["Rampage","Headbutt","Warcry"],"picked":"SKIP","floor":8.0},{"not_picked":["Flash of Steel","Deep Breath"],"picked":"Trip","floor":10.0},{"not_picked":["Bloodletting","Blood for Blood","Sentinel"],"picked":"SKIP","floor":12.0},{"not_picked":["Reckless Charge","Flame Barrier"],"picked":"Pommel Strike","floor":13.0},{"not_picked":["True Grit","Wild Strike+1","Intimidate"],"picked":"SKIP","floor":18.0},{"not_picked":["Ghostly Armor+1","Headbutt","Wild Strike"],"picked":"SKIP","floor":19.0},{"not_picked":["Warcry","Disarm"],"picked":"Shrug It Off","floor":20.0},{"not_picked":["Clash+1","Uppercut+1"],"picked":"Flex","floor":25.0},{"not_picked":["Bludgeon+1","Heavy Blade+1","Rampage+1"],"picked":"SKIP","floor":28.0},{"not_picked":["True Grit+1","Perfected Strike+1","Bloodletting"],"picked":"SKIP","floor":30.0},{"not_picked":["Burning Pact+1","Clash+1","Bloodletting"],"picked":"SKIP","floor":31.0},{"not_picked":["Barricade+1","Immolate+1"],"picked":"Double Tap","floor":33.0},{"not_picked":["Flex+1","Armaments+1","Second Wind+1"],"picked":"SKIP","floor":35.0},{"not_picked":["Dark Embrace+1","Pummel+1","Body Slam+1"],"picked":"SKIP","floor":37.0},{"not_picked":["Pummel+1","Searing Blow+1"],"picked":"Spot Weakness","floor":38.0},{"not_picked":["Iron Wave+1","Heavy Blade+1","Body Slam+1"],"picked":"SKIP","floor":39.0},{"not_picked":["Warcry","Seeing Red+1"],"picked":"Inflame+1","floor":40.0},{"not_picked":["Thunderclap+1","Clash+1","Havoc"],"picked":"SKIP","floor":42.0},{"not_picked":["Thunderclap+1","Clash+1","Havoc"],"picked":"SKIP","floor":42.0},{"not_picked":["Iron Wave+1","Shrug It Off","Armaments+1"],"picked":"SKIP","floor":45.0},{"not_picked":["Shrug It Off","Rage+1"],"picked":"Whirlwind+1","floor":46.0},{"not_picked":["Shrug It Off","Warcry+1","Juggernaut+1"],"picked":"SKIP","floor":48.0},{"not_picked":["Second Wind+1","Clothesline+1","Blood for Blood+1"],"picked":"SKIP","floor":54}],"player_experience":263114,"relics_obtained":[{"floor":6.0,"key":"Centennial Puzzle"},{"floor":9.0,"key":"InkBottle"},{"floor":26.0,"key":"White Beast Statue"},{"floor":28.0,"key":"Nunchaku"},{"floor":40.0,"key":"Darkstone Periapt"},{"floor":43.0,"key":"Akabeko"},{"floor":54,"key":"Lantern"}],"event_choices":[{"damage_healed":0.0,"max_hp_gain":0.0,"max_hp_loss":0.0,"gold_gain":0.0,"event_name":"betterThird:BetterSerpent","player_choice":"Ignored","floor":2.0,"gold_loss":0.0,"damage_taken":10015.0},{"cards_removed":["Strike_R"],"damage_healed":0.0,"max_hp_gain":0.0,"max_hp_loss":0.0,"gold_gain":0.0,"event_name":"Golden Wing","player_choice":"Card Removal","floor":4.0,"gold_loss":0.0,"damage_taken":7.0},{"damage_healed":60.0,"max_hp_gain":0.0,"max_hp_loss":80.0,"gold_gain":0.0,"event_name":"betterThird:BetterShining","player_choice":"Upgrade","floor":5.0,"gold_loss":0.0,"damage_taken":16.0,"cards_upgraded":["Defend_R","Defend_R"]},{"damage_healed":0.0,"max_hp_gain":0.0,"max_hp_loss":0.0,"gold_gain":1.0,"event_name":"betterStone:BetterStone","player_choice":"1","floor":10.0,"gold_loss":0.0,"damage_taken":0.0},{"cards_removed":["Rampage"],"damage_healed":0.0,"max_hp_gain":0.0,"max_hp_loss":0.0,"gold_gain":0.0,"event_name":"betterNote:BetterNote","player_choice":"Give","floor":22.0,"gold_loss":0.0,"damage_taken":0.0,"cards_obtained":["Dualcast"]},{"damage_healed":0.0,"max_hp_gain":0.0,"max_hp_loss":0.0,"gold_gain":0.0,"event_name":"Ghosts","player_choice":"Ignored","floor":27.0,"gold_loss":0.0,"damage_taken":0.0}],"is_beta":false,"boss_relics":[{"not_picked":["Velvet Choker","Runic Dome"],"picked":"Astrolabe"},{"not_picked":["Sozu","Busted Crown"],"picked":"Mark of Pain"}],"items_purged_floors":[11,14,21,24,36,36,36,36,36,36,47,47,47,47,47],"is_endless":false,"potions_floor_spawned":[1,8,16,19,25,28,30,31,33,35,37,38,39,40,42,45,46,48,54],"ascension_level":0}}