{"host":"5m2js577gj4e7pak","time":1613672411,"event":{"mods":["AchievementEnabler","Act Like it!","BaseMod","Better Match","Better Note","Better Third Choice","BetterRewards","Colored Map","Colored Powertips","Highlight Path","Lobotomy","LobotomyExtend","Minty Spire (QoL Compilation)","Quick Restart","Relic Filter","Relic Sorter","Remove Card Discount Mod","Ruina","Shop Mod","Spicy Shops","StSLib"],"gold_per_floor":[115,115,115,11,11,11,41,41,41,375,392,29,29,48,48,146,146,156,175,187,198,21,21,21,21,21,21,32,44,44,44,44,144,144,158,158,208,253,269,300,314,345,345,371,35,54,74,85,85,85],"floor_reached":51,"language":"ENG","playtime":1279,"items_purged":["BodiesMountain","SpecialBullet","SpecialBullet","SpecialBullet","Woodsman","InformationCode","Variant","ShyLook","SpecialBullet","SpecialBullet","SpecialBullet","SpecialBullet","SpecialBullet","LaLuna"],"score":1745,"play_id":"26e27179-33da-41a1-b41b-8f54c45d635b","local_time":"20210218192011","is_ascension_mode":true,"campfire_choices":[{"data":"1","floor":49,"key":"LIFT"}],"circlet_count":0,"master_deck":["DespairKnight","DespairKnight","BodiesMountain","BigBird","ControlCode","SecurityCode","CUTE","Apotheosis+1","Penitence+1","OSAHOGD","Moonlight","Penitence+1","WallGazer","GoldRush","Hypocrisy+1","Reverberation","GoldRush","TrainingCode","Moonlight+1","RedEyes+1","TT2Protocol","Gaze+1","GoldRush","Wingbeat+1","Madness+1","Madness+1","Horn+1","Reverberation","SummonCall","Noise+1","LongBird","Noise+1","WelfareCode","LittleHelper","SwordSharpenedByTears+1","WristCuter","Regret_ego+1","Wingbeat+1","Regret_ego+1","WhiteNight","Beak+1"],"relics":["CogitoBucket","LetterFromLob","MagicBullet_r","Toxic Egg 2","Mummified Hand","Omamori","Bottled Lightning","Old Coin","FossilizedHelix","Bag of Preparation","Coffee Dripper","BehaviorAdjustment","Shuriken","LaetitiaHeart","Letter Opener","GremlinMask","Amita_r","Cursed Key","StoneCalendar","Logging_r","Lamp_r","Girya","SkinProphecy","AtMidnight","Mango","TheSmile_r","HornCleat","Pear","Sundial","Bronze Scales","Happy Flower","SwordSharpenedByTears_r"],"acts_visited":["Exordium","TheCity","TheBeyond"],"potions_floor_usage":[16,16,16,33,33,50,50,51],"damage_taken":[{"damage":11,"enemies":"Jaw Worm","floor":1,"turns":2},{"damage":26,"enemies":"Lagavulin","floor":7,"turns":5},{"damage":38,"enemies":"3 Sentries","floor":10,"turns":10},{"damage":2,"enemies":"2 Louse","floor":11,"turns":2},{"damage":0,"enemies":"Cultist","floor":14,"turns":2},{"damage":27,"enemies":"The Guardian","floor":16,"turns":9},{"damage":20,"enemies":"Spheric Guardian","floor":18,"turns":4},{"damage":7,"enemies":"3 Byrds","floor":19,"turns":4},{"damage":0,"enemies":"Sentry and Sphere","floor":20,"turns":1},{"damage":26,"enemies":"Snake Plant","floor":21,"turns":2},{"damage":0,"enemies":"Centurion and Healer","floor":24,"turns":1},{"damage":0,"enemies":"Centurion and Healer","floor":24,"turns":1},{"damage":0,"enemies":"Centurion and Healer","floor":28,"turns":1},{"damage":0,"enemies":"Cultist and Chosen","floor":29,"turns":1},{"damage":10,"enemies":"Champ","floor":33,"turns":7},{"damage":17,"enemies":"Orb Walker","floor":35,"turns":2},{"damage":8,"enemies":"Mind Bloom Boss Battle","floor":37,"turns":4},{"damage":10,"enemies":"2 Orb Walkers","floor":38,"turns":4},{"damage":22,"enemies":"3 Shapes","floor":39,"turns":4},{"damage":20,"enemies":"Nemesis","floor":40,"turns":3},{"damage":0,"enemies":"Jaw Worm Horde","floor":41,"turns":2},{"damage":10,"enemies":"Giant Head","floor":42,"turns":3},{"damage":0,"enemies":"Reptomancer","floor":44,"turns":3},{"damage":0,"enemies":"4 Shapes","floor":46,"turns":1},{"damage":0,"enemies":"3 Darklings","floor":47,"turns":1},{"damage":34,"enemies":"Writhing Mass","floor":48,"turns":2},{"damage":62,"enemies":"Awakened One","floor":50,"turns":7},{"damage":2,"enemies":"Malkuth","floor":51,"turns":3},{"damage":57,"enemies":"Yesod","floor":51,"turns":5}],"seed_played":"7465275519049287088","potions_obtained":[{"floor":7,"key":"FearPotion"},{"floor":10,"key":"EntropicBrew"},{"floor":16,"key":"LiquidMemories"},{"floor":19,"key":"EssenceOfSteel"},{"floor":29,"key":"Strength Potion"},{"floor":30,"key":"Strength Potion"},{"floor":33,"key":"Block Potion"},{"floor":40,"key":"Strength Potion"}],"is_trial":false,"path_per_floor":["M","?","?","$","T","R","E","R","T","E","M","$","R","M","R","B",null,"M","M","M","M","$","R","M","R","T","R","M","M","?","?","R","B",null,"M","?","?","?","M","E","M","E","T","E","$","M","M","M","R","B",null],"character_chosen":"Angela","items_purchased":["Toxic Egg 2","FossilizedHelix","Bag of Preparation","Shuriken","RedEyes+1","Bronze Scales","Happy Flower"],"campfire_rested":0,"item_purchase_floors":[4,12,12,22,22,45,45],"current_hp_per_floor":[74,74,74,74,74,74,56,56,56,29,43,43,43,63,63,54,77,75,77,77,69,69,69,77,77,77,77,77,75,75,75,75,78,78,79,69,80,84,88,105,112,115,125,129,129,135,143,146,146,117],"gold":85,"neow_bonus":"TEN_PERCENT_HP_BONUS","is_daily":false,"chose_seed":false,"campfire_upgraded":0,"win_rate":0.0,"timestamp":1613672411,"path_taken":["M","?","?","$","?","R","E","R","T","E","M","$","R","?","R","BOSS","M","M","M","M","$","R","?","R","T","R","M","M","?","?","R","BOSS","M","?","?","?","M","E","?","E","T","E","$","M","M","M","R","BOSS"],"items_purchased_type":["Relic","Relic","Relic","Relic","Card","Relic","Relic"],"build_version":"2020-12-22","purchased_purges":14,"victory":true,"max_hp_per_floor":[77,77,77,77,77,77,77,77,77,77,77,77,77,77,77,77,77,77,77,77,77,77,77,77,77,77,77,77,77,77,77,77,78,78,79,79,80,84,88,105,112,115,125,129,129,135,143,146,146,170],"card_choices":[{"not_picked":["BodiesMountain","OldLady"],"picked":"ShyLook","floor":1},{"not_picked":["Lantern"],"picked":"CUTE","floor":1},{"not_picked":["Justitia"],"picked":"Penitence+1","floor":7},{"not_picked":["MHz","OldLady"],"picked":"OSAHOGD","floor":10},{"not_picked":["Lantern"],"picked":"Moonlight","floor":10},{"not_picked":["Horn"],"picked":"Wingbeat+1","floor":11},{"not_picked":["TodaysExpression+1"],"picked":"Penitence+1","floor":14},{"not_picked":["Bloodbath","LittlePrince"],"picked":"WallGazer","floor":16},{"not_picked":["SoundOfStar+1"],"picked":"GoldRush","floor":16},{"not_picked":["SilentOrchestra","WhiteNight"],"picked":"Variant","floor":18},{"not_picked":["SomewhereSpear+1"],"picked":"Hypocrisy+1","floor":18},{"not_picked":["SnowQueen","SpiderBud"],"picked":"DespairKnight","floor":19},{"not_picked":["Regret_ego"],"picked":"Reverberation","floor":19},{"not_picked":["Pleasure+1"],"picked":"GoldRush","floor":20},{"not_picked":["RapturousDream+1"],"picked":"Moonlight+1","floor":21},{"not_picked":["TodaysExpression+1"],"picked":"GreenStem","floor":28},{"not_picked":["CUTE+1"],"picked":"Gaze+1","floor":29},{"not_picked":["QueenOfHatred","GalaxyChild"],"picked":"BigBird","floor":33},{"not_picked":["Mimicry"],"picked":"GoldRush","floor":33},{"not_picked":["CUTE+1"],"picked":"Wingbeat+1","floor":35},{"not_picked":["FairyFestival","Freischutz"],"picked":"Woodsman","floor":37},{"not_picked":["TodaysExpression+1"],"picked":"Horn+1","floor":37},{"not_picked":["Discord+1"],"picked":"Reverberation","floor":38},{"not_picked":["LongBird","PunishingBird"],"picked":"BodiesMountain","floor":39},{"not_picked":["Regret_ego"],"picked":"Noise+1","floor":39},{"not_picked":["BeautyBeast","Laetitia"],"picked":"LongBird","floor":40},{"not_picked":["Pleasure+1"],"picked":"Noise+1","floor":40},{"not_picked":["CrumblingArmor","Scarecrow"],"picked":"LittleHelper","floor":41},{"not_picked":["Spore+1"],"picked":"SwordSharpenedByTears+1","floor":41},{"not_picked":["BearPaw+1"],"picked":"WristCuter","floor":42},{"not_picked":["LittlePrince","FairyFestival"],"picked":"LaLuna","floor":44},{"not_picked":["Lantern+1"],"picked":"Regret_ego+1","floor":44},{"not_picked":["FrostShard+1"],"picked":"Wingbeat+1","floor":46},{"not_picked":["RapturousDream+1"],"picked":"Regret_ego+1","floor":47},{"not_picked":["SingingMachine","Funeral"],"picked":"WhiteNight","floor":48},{"not_picked":["Reverberation"],"picked":"Beak+1","floor":48}],"player_experience":90966,"relics_obtained":[{"floor":1,"key":"LetterFromLob"},{"floor":5,"key":"Mummified Hand"},{"floor":7,"key":"Omamori"},{"floor":9,"key":"Bottled Lightning"},{"floor":10,"key":"Old Coin"},{"floor":26,"key":"Letter Opener"},{"floor":37,"key":"StoneCalendar"},{"floor":38,"key":"Girya"},{"floor":39,"key":"AtMidnight"},{"floor":40,"key":"Mango"},{"floor":42,"key":"HornCleat"},{"floor":43,"key":"Pear"},{"floor":44,"key":"Sundial"}],"event_choices":[{"damage_healed":74,"gold_gain":0,"player_choice":"Embrace","damage_taken":0,"max_hp_gain":0,"max_hp_loss":77,"event_name":"betterThird:BetterShining","floor":2,"gold_loss":0},{"damage_healed":0,"gold_gain":0,"player_choice":"Got Potions","damage_taken":0,"max_hp_gain":0,"max_hp_loss":0,"event_name":"Lab","floor":30,"gold_loss":0},{"damage_healed":0,"gold_gain":0,"player_choice":"Trade","damage_taken":0,"relics_obtained":["GremlinMask"],"max_hp_gain":0,"max_hp_loss":0,"event_name":"FaceTrader","floor":31,"gold_loss":0},{"damage_healed":0,"gold_gain":0,"player_choice":"Embrace Madness","damage_taken":10,"max_hp_gain":0,"max_hp_loss":0,"event_name":"Winding Halls","floor":36,"gold_loss":0,"cards_obtained":["Madness","Madness"]},{"damage_healed":0,"gold_gain":0,"player_choice":"Fight","damage_taken":0,"max_hp_gain":0,"max_hp_loss":0,"event_name":"MindBloom","floor":37,"gold_loss":0},{"damage_healed":0,"gold_gain":0,"player_choice":"Fight","damage_taken":0,"max_hp_gain":0,"max_hp_loss":0,"event_name":"Mysterious Sphere","floor":38,"gold_loss":0}],"is_beta":false,"boss_relics":[{"not_picked":["Runic Dome","Empty Cage"],"picked":"Coffee Dripper"},{"not_picked":["SacredBark","Velvet Choker"],"picked":"Cursed Key"}],"items_purged_floors":[45,45,45,45,45,45,45,45,45,45,45,45,45,45],"is_endless":false,"potions_floor_spawned":[7,10,16,19,24,29,33,40,44,47,48],"ascension_level":1}}