{"host":"js2su9tbbk4rmjfl","time":1613681304,"event":{"mods":["AchievementEnabler","BaseMod","Block Reminder","Colored Map","Colored Powertips","Highlight Path","Minty Spire (QoL Compilation)","Relic Stats"],"gold_per_floor":[114,125,68,86,86,86,46,46,46,46,64,99,99,110,110,110,110],"floor_reached":16,"language":"ENG","playtime":595,"items_purged":[],"score":190,"play_id":"d611ee5c-a2e9-4a56-aa3d-eb73fb9d46c6","local_time":"20210218214824","is_ascension_mode":true,"campfire_choices":[{"data":"Feed","floor":6,"key":"SMITH"},{"data":"Whirlwind","floor":8,"key":"SMITH"},{"data":"Inflame","floor":13,"key":"SMITH"},{"data":"Rampage","floor":15,"key":"SMITH"}],"circlet_count":0,"master_deck":["AscendersBane","Strike_R","Strike_R","Strike_R","Strike_R","Strike_R","Defend_R","Defend_R","Defend_R","Defend_R","Bash","Pommel Strike","Whirlwind+1","Feed+1","Rampage+1","Inflame+1"],"relics":["Burning Blood","Vajra","PreservedInsect","TungstenRod","Calipers"],"acts_visited":["Exordium"],"potions_floor_usage":[11,11,11,11,12],"damage_taken":[{"damage":11,"enemies":"Small Slimes","floor":1,"turns":5},{"damage":2,"enemies":"Jaw Worm","floor":2,"turns":5},{"damage":0,"enemies":"2 Louse","floor":4,"turns":1},{"damage":2,"enemies":"Looter","floor":7,"turns":4},{"damage":13,"enemies":"Exordium Thugs","floor":11,"turns":6},{"damage":26,"enemies":"Lagavulin","floor":12,"turns":5},{"damage":8,"enemies":"2 Fungi Beasts","floor":14,"turns":2},{"damage":30,"enemies":"Hexaghost","floor":16,"turns":8}],"seed_played":"-7516573389216217284","potions_obtained":[{"floor":1,"key":"EntropicBrew"},{"floor":2,"key":"DistilledChaos"},{"floor":11,"key":"EssenceOfSteel"}],"is_trial":false,"path_per_floor":["M","M","?","M","?","R","M","R","T","$","M","E","R","M","R","B"],"character_chosen":"IRONCLAD","items_purchased":[],"campfire_rested":0,"item_purchase_floors":[],"current_hp_per_floor":[63,67,67,73,55,55,59,59,59,59,52,32,32,30,30,0,0],"gold":110,"neow_bonus":"RANDOM_COMMON_RELIC","is_daily":false,"chose_seed":false,"campfire_upgraded":4,"win_rate":0.0,"timestamp":1613681304,"path_taken":["M","M","?","M","?","R","M","R","T","?","M","E","R","M","R","BOSS"],"items_purchased_type":[],"build_version":"2020-12-22","purchased_purges":0,"victory":false,"max_hp_per_floor":[75,75,75,75,75,75,75,75,75,75,75,75,75,75,75,75,75],"relic_stats":{"counters":[8,36],"PreservedInsect":28,"obtain_stats":[{"Calipers":12,"Vajra":0,"PreservedInsect":5,"Burning Blood":0,"TungstenRod":9},{"Calipers":6,"Vajra":0,"PreservedInsect":3,"Burning Blood":0,"TungstenRod":4},{"Calipers":26,"Vajra":0,"PreservedInsect":11,"Burning Blood":0,"TungstenRod":15}],"Burning Blood":42,"TungstenRod":16},"card_choices":[{"not_picked":["Sentinel","Armaments"],"picked":"Pommel Strike","floor":1},{"not_picked":["Perfected Strike","Blood for Blood"],"picked":"Whirlwind","floor":2},{"not_picked":["Carnage","Sword Boomerang"],"picked":"Feed","floor":4},{"not_picked":["Anger","Shrug It Off"],"picked":"Rampage","floor":7},{"not_picked":["Sword Boomerang","Cleave","Whirlwind"],"picked":"SKIP","floor":11},{"not_picked":["True Grit","Fiend Fire"],"picked":"Inflame","floor":12},{"not_picked":["Thunderclap","Sentinel","Armaments"],"picked":"SKIP","floor":14}],"player_experience":842417,"relics_obtained":[{"floor":9,"key":"TungstenRod"},{"floor":12,"key":"Calipers"}],"event_choices":[{"damage_healed":0,"gold_gain":0,"player_choice":"Left Gold","damage_taken":0,"max_hp_gain":0,"max_hp_loss":0,"event_name":"World of Goop","floor":3,"gold_loss":57},{"damage_healed":0,"gold_gain":0,"player_choice":"Success","damage_taken":18,"relics_obtained":["PreservedInsect"],"max_hp_gain":0,"max_hp_loss":0,"event_name":"Scrap Ooze","floor":5,"gold_loss":0}],"is_beta":false,"boss_relics":[],"items_purged_floors":[],"is_endless":false,"potions_floor_spawned":[1,2,4,11],"killed_by":"Hexaghost","ascension_level":18}}