{"host":"89iuq2p5kwriuwfq","time":1613647449,"event":{"mods":["BaseMod","Curses Come First","Minty Spire (QoL Compilation)","Permanent Neow","StSLib"],"gold_per_floor":[116,116,130,140,155,155,165,190,214,214,239,253,264,44,44,116,116,127,144,155,32,32,32,32],"floor_reached":23,"language":"ENG","playtime":1265,"items_purged":["Defend_B"],"score":338,"play_id":"f2062e02-d6e1-4e8f-a0d9-4a51cff22f3c","local_time":"20210218112409","is_ascension_mode":true,"campfire_choices":[{"data":"Self Repair","floor":6.0,"key":"SMITH"},{"data":"Defragment","floor":15.0,"key":"SMITH"}],"circlet_count":0,"master_deck":["AscendersBane","Strike_B","Strike_B","Strike_B","Defend_B","Defend_B+1","Defend_B+1","Zap","Dualcast","Self Repair+1","Ball Lightning","Genetic Algorithm","Loop","Force Field","Defragment+1","Doom and Gloom","Machine Learning","Machine Learning","Loop","White Noise","Defragment+1","Defragment","Coolheaded"],"relics":["Cracked Core","Cables","Blood Vial","Boot","PreservedInsect","Sozu"],"acts_visited":["Exordium","TheCity"],"potions_floor_usage":[],"damage_taken":[{"damage":11.0,"enemies":"Small Slimes","floor":1.0,"turns":5.0},{"damage":7.0,"enemies":"Jaw Worm","floor":3.0,"turns":3.0},{"damage":0.0,"enemies":"Cultist","floor":4.0,"turns":4.0},{"damage":22.0,"enemies":"Exordium Wildlife","floor":5.0,"turns":5.0},{"damage":1.0,"enemies":"Large Slime","floor":7.0,"turns":5.0},{"damage":19.0,"enemies":"3 Sentries","floor":8.0,"turns":6.0},{"damage":26.0,"enemies":"Gremlin Nob","floor":11.0,"turns":4.0},{"damage":0.0,"enemies":"2 Fungi Beasts","floor":12.0,"turns":4.0},{"damage":3.0,"enemies":"Blue Slaver","floor":13.0,"turns":4.0},{"damage":21.0,"enemies":"The Guardian","floor":16.0,"turns":7.0},{"damage":10.0,"enemies":"2 Thieves","floor":18.0,"turns":4.0},{"damage":22.0,"enemies":"Spheric Guardian","floor":19.0,"turns":4.0},{"damage":12.0,"enemies":"Centurion and Healer","floor":20.0,"turns":6.0},{"damage":68,"enemies":"Slavers","floor":23,"turns":2}],"seed_played":"-8851204980184400555","potions_obtained":[{"floor":4.0,"key":"EssenceOfDarkness"},{"floor":11.0,"key":"FearPotion"},{"floor":13.0,"key":"Explosive Potion"}],"is_trial":false,"path_per_floor":["M","?","M","M","M","R","M","E","T","?","E","M","M","$","R","B",null,"M","M","M","$","?","E"],"character_chosen":"DEFECT","items_purchased":["Machine Learning","Defragment","Coolheaded"],"campfire_rested":0,"item_purchase_floors":[14,21,21],"current_hp_per_floor":[64,49,49,56,41,41,50,41,41,38,24,36,45,45,45,36,65,67,57,57,57,57,0,0],"gold":32,"neow_bonus":"TRANSFORM_CARD","is_daily":false,"chose_seed":false,"campfire_upgraded":2,"win_rate":0.0,"timestamp":1613647449,"path_taken":["M","?","M","M","M","R","M","E","T","?","E","M","M","$","R","BOSS","M","M","M","$","?","E"],"items_purchased_type":["Card","Card","Card"],"build_version":"2020-12-22","purchased_purges":1,"victory":false,"max_hp_per_floor":[75,75,75,75,75,75,75,75,75,75,75,75,75,75,75,75,75,75,75,75,75,75,75,75],"card_choices":[{"not_picked":["Turbo","Chill"],"picked":"Ball Lightning","floor":1.0},{"not_picked":["Heatsinks","Undo"],"picked":"Genetic Algorithm","floor":3.0},{"not_picked":["Conserve Battery","Steam","Lockon"],"picked":"SKIP","floor":4.0},{"not_picked":["Barrage","Cold Snap"],"picked":"Loop","floor":5.0},{"not_picked":["Barrage","Scrape"],"picked":"Force Field","floor":7.0},{"not_picked":["FTL","Steam Power"],"picked":"Defragment","floor":8.0},{"not_picked":["Double Energy","Turbo"],"picked":"Doom and Gloom","floor":11.0},{"not_picked":["Redo","FTL","Tempest"],"picked":"SKIP","floor":12.0},{"not_picked":["Conserve Battery","Go for the Eyes","Double Energy"],"picked":"SKIP","floor":13.0},{"not_picked":["All For One","Rainbow"],"picked":"Machine Learning","floor":16.0},{"not_picked":["Scrape","Go for the Eyes"],"picked":"Loop","floor":18.0},{"not_picked":["Leap","Rebound+1"],"picked":"White Noise","floor":19.0},{"not_picked":["Tempest","Conserve Battery"],"picked":"Defragment","floor":20.0}],"player_experience":713129,"relics_obtained":[{"floor":8.0,"key":"Cables"},{"floor":9.0,"key":"Blood Vial"},{"floor":11.0,"key":"PreservedInsect"}],"event_choices":[{"damage_healed":0.0,"max_hp_gain":0.0,"max_hp_loss":0.0,"gold_gain":0.0,"event_name":"Shining Light","player_choice":"Entered Light","floor":2.0,"gold_loss":0.0,"damage_taken":15.0,"cards_upgraded":["Defend_B","Defend_B"]},{"damage_healed":0.0,"max_hp_gain":0.0,"max_hp_loss":0.0,"gold_gain":0.0,"event_name":"Scrap Ooze","player_choice":"Success","floor":10.0,"gold_loss":0.0,"damage_taken":3.0,"relics_obtained":["Boot"]},{"damage_healed":0.0,"max_hp_gain":0.0,"max_hp_loss":0.0,"gold_gain":0.0,"event_name":"Upgrade Shrine","player_choice":"Upgraded","floor":22.0,"gold_loss":0.0,"damage_taken":0.0,"cards_upgraded":["Defragment"]}],"is_beta":false,"boss_relics":[{"not_picked":["SacredBark","Astrolabe"],"picked":"Sozu"}],"items_purged_floors":[14],"is_endless":false,"potions_floor_spawned":[4,11,13,18],"killed_by":"Slavers","ascension_level":13}}