{"host":"ilxricga2547gmyy","time":1613664528,"event":{"mods":["AchievementEnabler","BaseMod","Minty Spire (QoL Compilation)","Quick Restart","StSLib"],"gold_per_floor":[155,188,238,292,267,360,360,420,501,501,501,501,3,41,41,141,141,185,224,243,288,328,383,383,126,126,152,191,251,77,117,117,117,117],"floor_reached":33,"language":"ENG","playtime":1845,"items_purged":["Strike_G","Strike_G"],"score":353,"play_id":"144e8a9c-f661-481f-b6f5-9c1d7e7776f4","local_time":"20210218170848","is_ascension_mode":true,"campfire_choices":[{"floor":7.0,"key":"REST"},{"data":"Cloak And Dagger","floor":12.0,"key":"SMITH"},{"data":"Storm of Steel","floor":15.0,"key":"SMITH"},{"floor":24.0,"key":"REST"},{"floor":32.0,"key":"REST"}],"circlet_count":0,"master_deck":["Strike_G","Strike_G","Strike_G","Defend_G","Defend_G","Defend_G","Defend_G","Defend_G","Survivor","Neutralize","HandOfGreed+1","Well Laid Plans+1","Dagger Throw","PiercingWail","Cloak And Dagger+1","PiercingWail","Prepared","Cloak And Dagger","Sucker Punch","Storm of Steel+1","Night Terror","Quick Slash","Outmaneuver+1","PiercingWail","Reflex","Backflip+1","Slice+1","Footwork","Backflip","Adrenaline","Deflect+1"],"relics":["Ring of the Snake","Mummified Hand","Bottled Tornado","Mercury Hourglass","Frozen Eye","WristBlade","Du-Vu Doll","Orichalcum","Blue Candle"],"acts_visited":["Exordium","TheCity"],"potions_floor_usage":[33],"damage_taken":[{"damage":0.0,"enemies":"Small Slimes","floor":1.0,"turns":5.0},{"damage":0.0,"enemies":"Cultist","floor":2.0,"turns":4.0},{"damage":6.0,"enemies":"2 Louse","floor":3.0,"turns":5.0},{"damage":6.0,"enemies":"2 Fungi Beasts","floor":4.0,"turns":4.0},{"damage":21.0,"enemies":"3 Sentries","floor":6.0,"turns":15.0},{"damage":0.0,"enemies":"3 Louse","floor":8.0,"turns":4.0},{"damage":6.0,"enemies":"Exordium Wildlife","floor":14.0,"turns":5.0},{"damage":24.0,"enemies":"Hexaghost","floor":16.0,"turns":12.0},{"damage":1.0,"enemies":"3 Byrds","floor":18.0,"turns":4.0},{"damage":2.0,"enemies":"Spheric Guardian","floor":19.0,"turns":3.0},{"damage":0.0,"enemies":"Snecko","floor":20.0,"turns":3.0},{"damage":17.0,"enemies":"Snake Plant","floor":21.0,"turns":4.0},{"damage":0.0,"enemies":"3 Cultists","floor":22.0,"turns":5.0},{"damage":14.0,"enemies":"Slavers","floor":23.0,"turns":6.0},{"damage":20.0,"enemies":"Book of Stabbing","floor":27.0,"turns":6.0},{"damage":15.0,"enemies":"Cultist and Chosen","floor":28.0,"turns":5.0},{"damage":0.0,"enemies":"Gremlin Leader","floor":29.0,"turns":3.0},{"damage":4.0,"enemies":"Snecko","floor":31.0,"turns":4.0},{"damage":42,"enemies":"Collector","floor":33,"turns":10}],"seed_played":"-4542035435296024442","potions_obtained":[{"floor":3.0,"key":"Dexterity Potion"},{"floor":4.0,"key":"PowerPotion"},{"floor":8.0,"key":"SteroidPotion"},{"floor":19.0,"key":"Dexterity Potion"},{"floor":22.0,"key":"DistilledChaos"},{"floor":23.0,"key":"DistilledChaos"}],"is_trial":false,"path_per_floor":["M","M","M","M","?","E","R","M","T","?","?","R","$","M","R","B",null,"M","M","M","M","M","E","R","$","T","E","M","E","$","M","R","B"],"character_chosen":"THE_SILENT","items_purchased":["Cloak And Dagger","Mercury Hourglass","Frozen Eye","Sucker Punch","Footwork","Backflip","EntropicBrew","Regen Potion"],"campfire_rested":3,"item_purchase_floors":[13,13,13,13,25,25,25,30],"current_hp_per_floor":[63,63,57,51,51,30,48,48,48,48,48,48,48,42,42,18,63,62,60,60,43,43,29,47,47,47,27,12,12,12,8,26,0,0],"gold":117,"neow_bonus":"RANDOM_COLORLESS_2","is_daily":false,"chose_seed":false,"campfire_upgraded":2,"win_rate":0.0,"timestamp":1613664528,"path_taken":["M","M","M","M","?","E","R","M","T","?","?","R","$","M","R","BOSS","M","M","M","M","M","E","R","$","T","E","M","E","$","M","R","BOSS"],"items_purchased_type":["Card","Relic","Relic","Card","Card","Card","Potion","Potion"],"build_version":"2020-12-22","purchased_purges":2,"victory":false,"max_hp_per_floor":[63,63,63,63,63,63,63,63,63,63,63,63,63,63,63,63,63,63,63,63,63,63,63,63,63,63,63,63,63,63,63,63,63,63],"card_choices":[{"not_picked":["Apotheosis","Chrysalis"],"picked":"HandOfGreed","floor":0.0},{"not_picked":["Prepared","Dagger Throw"],"picked":"Well Laid Plans","floor":1.0},{"not_picked":["Eviscerate","Dodge and Roll"],"picked":"Dagger Throw","floor":2.0},{"not_picked":["Dagger Spray","Expertise"],"picked":"PiercingWail","floor":3.0},{"not_picked":["Flying Knee","Crippling Poison"],"picked":"Cloak And Dagger","floor":4.0},{"not_picked":["All Out Attack","Catalyst"],"picked":"PiercingWail","floor":6.0},{"not_picked":["Terror","Poisoned Stab"],"picked":"Prepared","floor":8.0},{"not_picked":["Backflip","Prepared"],"picked":"Storm of Steel","floor":14.0},{"not_picked":["Bullet Time","Grand Finale"],"picked":"Night Terror","floor":16.0},{"not_picked":["Dagger Spray+1","Riddle With Holes"],"picked":"Quick Slash","floor":18.0},{"not_picked":["Dash+1","Dagger Spray+1"],"picked":"Outmaneuver+1","floor":19.0},{"not_picked":["Deadly Poison","Setup+1"],"picked":"PiercingWail","floor":20.0},{"not_picked":["Flying Knee+1","Dodge and Roll"],"picked":"Reflex","floor":21.0},{"not_picked":["Dagger Throw","Dagger Spray"],"picked":"Backflip+1","floor":22.0},{"not_picked":["PiercingWail+1","Underhanded Strike"],"picked":"Slice+1","floor":23.0},{"not_picked":["Accuracy+1","Slice"],"picked":"Adrenaline","floor":27.0},{"not_picked":["Underhanded Strike","Flying Knee","Bane"],"picked":"SKIP","floor":28.0},{"not_picked":["Poisoned Stab","Outmaneuver","Cloak And Dagger"],"picked":"SKIP","floor":29.0},{"not_picked":["Bane+1","Deadly Poison"],"picked":"Deflect+1","floor":31.0}],"player_experience":283580,"relics_obtained":[{"floor":6.0,"key":"Mummified Hand"},{"floor":9.0,"key":"Bottled Tornado"},{"floor":23.0,"key":"Du-Vu Doll"},{"floor":27.0,"key":"Orichalcum"},{"floor":29.0,"key":"Blue Candle"}],"event_choices":[{"damage_healed":0.0,"max_hp_gain":0.0,"max_hp_loss":0.0,"gold_gain":0.0,"event_name":"World of Goop","player_choice":"Left Gold","floor":5.0,"gold_loss":25.0,"damage_taken":0.0},{"damage_healed":0.0,"max_hp_gain":0.0,"max_hp_loss":0.0,"gold_gain":0.0,"event_name":"Living Wall","player_choice":"Grow","floor":10.0,"gold_loss":0.0,"damage_taken":0.0,"cards_upgraded":["HandOfGreed"]},{"damage_healed":0.0,"max_hp_gain":0.0,"max_hp_loss":0.0,"gold_gain":0.0,"event_name":"Upgrade Shrine","player_choice":"Upgraded","floor":11.0,"gold_loss":0.0,"damage_taken":0.0,"cards_upgraded":["Well Laid Plans"]}],"is_beta":false,"boss_relics":[{"not_picked":["Velvet Choker","Sozu"],"picked":"WristBlade"}],"items_purged_floors":[25,30],"is_endless":false,"potions_floor_spawned":[3,4,8,19,22,23,28],"killed_by":"Collector","ascension_level":1}}