{"host":"zlmf7uudqr1sj8t0","time":1613627431,"event":{"mods":["BaseMod","Colored Map","DeckTracker","Highlight Path","Minty Spire (QoL Compilation)"],"gold_per_floor":[109,127,127,127,152,196,220,232,298,340,352,393,423,467,479,586,598,626,654,686,712,724,736,761,773,839,867,911,598,627,641,641,746,746,764,511,511,234,251,262,297,297,324,357,357,369,402,419,419,419],"floor_reached":51,"language":"ENG","playtime":3493,"items_purged":["Clumsy","Defend_B","Strike_B"],"score":1166,"play_id":"ff878147-547b-490f-a42c-6368b93fd462","local_time":"20210217215031","is_ascension_mode":true,"campfire_choices":[{"data":"Static Discharge","floor":11,"key":"SMITH"},{"data":"Seek","floor":15,"key":"SMITH"},{"floor":23,"key":"REST"},{"data":"Electrodynamics","floor":32,"key":"SMITH"},{"data":"Tempest","floor":42,"key":"SMITH"},{"data":"Static Discharge","floor":45,"key":"SMITH"},{"data":"Dualcast","floor":49,"key":"SMITH"}],"circlet_count":0,"master_deck":["Strike_B","Strike_B","Defend_B","Defend_B","Zap","Dualcast+1","Static Discharge+1","Ball Lightning+1","Static Discharge+1","Lockon+1","Seek+1","Ball Lightning","Electrodynamics+1","Auto Shields","Tempest+1","Leap+1","Necronomicurse","Ghostly","Ghostly","Ghostly","Ghostly","Ghostly","Dramatic Entrance","Defragment+1","Rebound","Steam Power+1","Decay","Defragment+1"],"relics":["Cracked Core","NeowsBlessing","Meat on the Bone","MawBank","Question Card","PreservedInsect","InkBottle","Odd Mushroom","TungstenRod","Cursed Key","Necronomicon","Strawberry","Bag of Marbles","Whetstone","Pocketwatch","Empty Cage","OrangePellets","Strange Spoon","Cables","Boot","Omamori","Bird Faced Urn"],"acts_visited":["Exordium","TheCity","TheBeyond"],"potions_floor_usage":[13,16,21,47],"damage_taken":[{"damage":0,"enemies":"Jaw Worm","floor":1,"turns":1},{"damage":0,"enemies":"2 Louse","floor":2,"turns":1},{"damage":0,"enemies":"Cultist","floor":5,"turns":1},{"damage":8,"enemies":"Gremlin Nob","floor":6,"turns":3},{"damage":19,"enemies":"3 Louse","floor":7,"turns":3},{"damage":15,"enemies":"Lagavulin","floor":10,"turns":4},{"damage":21,"enemies":"The Mushroom Lair","floor":12,"turns":4},{"damage":13,"enemies":"2 Fungi Beasts","floor":13,"turns":3},{"damage":8,"enemies":"Gremlin Nob","floor":14,"turns":3},{"damage":8,"enemies":"Slime Boss","floor":16,"turns":7},{"damage":17,"enemies":"Shell Parasite","floor":18,"turns":3},{"damage":20,"enemies":"2 Thieves","floor":19,"turns":3},{"damage":29,"enemies":"Shelled Parasite and Fungi","floor":20,"turns":4},{"damage":5,"enemies":"Snake Plant","floor":21,"turns":3},{"damage":17,"enemies":"Sentry and Sphere","floor":24,"turns":4},{"damage":0,"enemies":"Snecko","floor":27,"turns":4},{"damage":0,"enemies":"Slavers","floor":28,"turns":4},{"damage":13,"enemies":"Book of Stabbing","floor":30,"turns":2},{"damage":0,"enemies":"Snake Plant","floor":31,"turns":3},{"damage":0,"enemies":"Collector","floor":33,"turns":6},{"damage":3,"enemies":"3 Shapes","floor":35,"turns":3},{"damage":0,"enemies":"3 Darklings","floor":39,"turns":3},{"damage":4,"enemies":"4 Shapes","floor":40,"turns":2},{"damage":0,"enemies":"Reptomancer","floor":41,"turns":3},{"damage":0,"enemies":"Nemesis","floor":44,"turns":3},{"damage":41,"enemies":"Jaw Worm Horde","floor":46,"turns":3},{"damage":0,"enemies":"Giant Head","floor":47,"turns":6},{"damage":0,"enemies":"Transient","floor":48,"turns":5},{"damage":0,"enemies":"Awakened One","floor":50,"turns":7}],"seed_played":"-6325906392842708107","potions_obtained":[{"floor":1,"key":"Fire Potion"},{"floor":6,"key":"Regen Potion"},{"floor":12,"key":"PowerPotion"},{"floor":14,"key":"Explosive Potion"},{"floor":16,"key":"Dexterity Potion"},{"floor":19,"key":"FairyPotion"},{"floor":20,"key":"Block Potion"},{"floor":28,"key":"SpeedPotion"},{"floor":31,"key":"Regen Potion"},{"floor":46,"key":"FairyPotion"}],"is_trial":false,"path_per_floor":["M","M","?","?","M","E","M","?","T","E","R","?","M","E","R","B",null,"M","M","M","M","?","R","M","?","T","M","E","$","E","M","R","B",null,"M","$","?","$","M","M","E","R","T","E","R","M","E","M","R","B",null],"character_chosen":"DEFECT","items_purchased":["Whetstone","Dramatic Entrance","OrangePellets","Strange Spoon"],"campfire_rested":1,"item_purchase_floors":[29,29,36,38],"current_hp_per_floor":[75,75,57,57,57,49,42,67,67,52,52,43,42,46,46,38,75,58,38,21,28,16,38,33,33,40,40,40,40,27,27,27,27,44,41,41,41,41,41,37,37,37,37,37,37,25,40,44,44,44],"gold":419,"neow_bonus":"THREE_ENEMY_KILL","is_daily":false,"chose_seed":false,"campfire_upgraded":6,"win_rate":0.0,"timestamp":1613627431,"path_taken":["M","M","?","?","?","E","M","?","T","E","R","?","M","E","R","BOSS","M","M","M","M","?","R","M","?","T","M","E","$","E","M","R","BOSS","M","$","?","$","M","M","E","R","T","E","R","M","E","M","R","BOSS"],"items_purchased_type":["Relic","Card","Relic","Relic"],"build_version":"2020-12-22","purchased_purges":3,"victory":true,"max_hp_per_floor":[75,75,75,75,75,75,75,75,75,75,75,75,75,75,75,75,75,75,75,75,75,75,75,75,37,44,44,44,44,44,44,44,44,44,44,44,44,44,44,44,44,44,44,44,44,44,44,44,44,44],"card_choices":[{"not_picked":["Cold Snap","White Noise"],"picked":"Static Discharge","floor":1},{"not_picked":["Go for the Eyes","Streamline"],"picked":"Ball Lightning","floor":2},{"not_picked":["Capacitor","Turbo"],"picked":"Static Discharge","floor":5},{"not_picked":["Rip and Tear","Rebound"],"picked":"Lockon","floor":6},{"not_picked":["Cold Snap","Conserve Battery","Go for the Eyes","Steam"],"picked":"SKIP","floor":7},{"not_picked":["Redo","Barrage","Stack"],"picked":"Lockon","floor":10},{"not_picked":["Stack","Sunder","Hologram"],"picked":"Seek","floor":12},{"not_picked":["Coolheaded","Chaos","White Noise"],"picked":"Ball Lightning","floor":13},{"not_picked":["Blizzard","Creative AI","Beam Cell","Doom and Gloom"],"picked":"SKIP","floor":14},{"not_picked":["Multi-Cast","Echo Form","Meteor Strike"],"picked":"Electrodynamics","floor":16},{"not_picked":["Go for the Eyes+1","Rebound+1","Chaos+1","Reprogram"],"picked":"SKIP","floor":18},{"not_picked":["Leap","Scrape","Rainbow"],"picked":"Auto Shields","floor":19},{"not_picked":["Reprogram+1","Conserve Battery","Go for the Eyes+1"],"picked":"Tempest","floor":20},{"not_picked":["Blizzard+1","Streamline","Hologram"],"picked":"Leap+1","floor":21},{"not_picked":["Turbo+1","Tempest","Reprogram","Gash"],"picked":"SKIP","floor":24},{"not_picked":["Reinforced Body","Fission","Scrape","Loop"],"picked":"SKIP","floor":27},{"not_picked":["Conserve Battery","Rebound+1","Hologram","Multi-Cast"],"picked":"SKIP","floor":28},{"not_picked":["Leap+1","Fusion","Doom and Gloom","Glacier"],"picked":"SKIP","floor":30},{"not_picked":["Leap","Steam","Capacitor"],"picked":"Defragment+1","floor":31},{"not_picked":["Hologram","Hello World+1","Leap","Compile Driver"],"picked":"SKIP","floor":35},{"not_picked":["Scrape+1","Stack","Tempest"],"picked":"Steam Power+1","floor":39},{"not_picked":["Stack+1","Cold Snap+1","Conserve Battery+1","Scrape"],"picked":"SKIP","floor":40},{"not_picked":["Conserve Battery","Streamline+1","Gash","Storm"],"picked":"SKIP","floor":41},{"not_picked":["Amplify","Stack+1","Glacier","Barrage"],"picked":"SKIP","floor":44},{"not_picked":["Heatsinks+1","Streamline+1","Conserve Battery+1"],"picked":"Defragment+1","floor":46},{"not_picked":["Steam+1","Undo+1","Doom and Gloom+1","Beam Cell+1"],"picked":"SKIP","floor":47},{"not_picked":["Cold Snap","Redo+1","Steam+1","Stack"],"picked":"SKIP","floor":48}],"player_experience":175231,"relics_obtained":[{"floor":6,"key":"Question Card"},{"floor":9,"key":"PreservedInsect"},{"floor":10,"key":"InkBottle"},{"floor":12,"key":"Odd Mushroom"},{"floor":14,"key":"TungstenRod"},{"floor":22,"key":"Necronomicon"},{"floor":26,"key":"Strawberry"},{"floor":28,"key":"Bag of Marbles"},{"floor":30,"key":"Pocketwatch"},{"floor":41,"key":"Cables"},{"floor":43,"key":"Boot"},{"floor":44,"key":"Omamori"},{"floor":47,"key":"Bird Faced Urn"}],"event_choices":[{"damage_healed":0,"gold_gain":0,"player_choice":"Success","damage_taken":18,"relics_obtained":["Meat on the Bone"],"max_hp_gain":0,"max_hp_loss":0,"event_name":"Scrap Ooze","floor":3,"gold_loss":0},{"damage_healed":0,"gold_gain":0,"player_choice":"Gave Potion","damage_taken":0,"relics_obtained":["MawBank"],"max_hp_gain":0,"max_hp_loss":0,"event_name":"WeMeetAgain","floor":4,"gold_loss":0},{"damage_healed":25,"gold_gain":0,"player_choice":"Banana","damage_taken":0,"max_hp_gain":0,"max_hp_loss":0,"event_name":"Big Fish","floor":8,"gold_loss":0},{"damage_healed":0,"gold_gain":0,"player_choice":"Fought Mushrooms","damage_taken":0,"max_hp_gain":0,"max_hp_loss":0,"event_name":"Mushrooms","floor":12,"gold_loss":0},{"damage_healed":0,"gold_gain":0,"player_choice":"Obtained Book","damage_taken":16,"max_hp_gain":0,"max_hp_loss":0,"event_name":"Cursed Tome","floor":22,"gold_loss":0},{"damage_healed":0,"gold_gain":0,"player_choice":"Became a Ghost","damage_taken":0,"max_hp_gain":0,"max_hp_loss":38,"event_name":"Ghosts","floor":25,"gold_loss":0,"cards_obtained":["Ghostly","Ghostly","Ghostly","Ghostly","Ghostly"]},{"damage_healed":0,"gold_gain":0,"cards_transformed":["Strike_B"],"player_choice":"Transformed","damage_taken":0,"max_hp_gain":0,"max_hp_loss":0,"event_name":"Transmorgrifier","floor":37,"gold_loss":0,"cards_obtained":["Rebound"]}],"is_beta":false,"boss_relics":[{"not_picked":["FrozenCore","Snecko Eye"],"picked":"Cursed Key"},{"not_picked":["Busted Crown","Black Star"],"picked":"Empty Cage"}],"items_purged_floors":[29,36,38],"is_endless":false,"potions_floor_spawned":[1,6,12,14,16,19,20,28,30,31,39,40,46,48],"ascension_level":3}}