{"host":"d52brwsy6af8zvaq","time":1613628079,"event":{"mods":["AchievementEnabler","BaseMod","Bestiary","Highlight Path","Minty Spire (QoL Compilation)","Quick Restart","Relic Stats","ojb\u0027s Better Paths Mod"],"gold_per_floor":[118,128,128,108,23,23,53,53,53,65,85,105,27,27,27],"floor_reached":14,"language":"ENG","playtime":1180,"items_purged":[],"score":180,"play_id":"a300730a-bb94-4b15-a458-e4af6e4c272d","local_time":"20210217230119","is_ascension_mode":true,"campfire_choices":[{"floor":6.0,"key":"REST"},{"data":"Sunder","floor":8.0,"key":"SMITH"}],"circlet_count":0,"master_deck":["AscendersBane","Strike_B","Strike_B+1","Strike_B","Strike_B","Defend_B","Defend_B","Defend_B","Defend_B","Zap","Dualcast+1","Panacea","Cold Snap","Gash","Sunder+1","Turbo","Darkness","Coolheaded","Leap","Capacitor"],"relics":["Cracked Core","Ancient Tea Set","Art of War"],"acts_visited":["Exordium"],"potions_floor_usage":[],"damage_taken":[{"damage":8.0,"enemies":"2 Louse","floor":1.0,"turns":3.0},{"damage":0.0,"enemies":"Cultist","floor":2.0,"turns":3.0},{"damage":27.0,"enemies":"3 Sentries","floor":7.0,"turns":8.0},{"damage":12.0,"enemies":"Jaw Worm","floor":10.0,"turns":3.0},{"damage":9,"enemies":"Exordium Thugs","floor":11,"turns":4},{"damage":4,"enemies":"Blue Slaver","floor":12,"turns":4},{"damage":13,"enemies":"Lagavulin","floor":14,"turns":4}],"seed_played":"-6654360796032326534","potions_obtained":[{"floor":1.0,"key":"Energy Potion"},{"floor":2.0,"key":"SkillPotion"},{"floor":10,"key":"SpeedPotion"},{"floor":11,"key":"BlessingOfTheForge"}],"is_trial":false,"path_per_floor":["M","M","?","?","$","R","E","R","T","M","M","M","$","E"],"character_chosen":"DEFECT","items_purchased":["Sunder","Capacitor"],"campfire_rested":1,"item_purchase_floors":[5,13],"current_hp_per_floor":[56,56,35,35,35,56,29,29,29,17,8,4,4,0,0],"gold":27,"neow_bonus":"RANDOM_COLORLESS","is_daily":false,"chose_seed":false,"campfire_upgraded":1,"win_rate":0.0,"timestamp":1613628079,"path_taken":["M","M","?","?","$","R","E","R","T","M","?","M","$","E"],"items_purchased_type":["Card","Card"],"build_version":"2020-12-22","purchased_purges":0,"victory":false,"max_hp_per_floor":[71,71,71,71,71,71,71,71,71,71,71,71,71,71,71],"relic_stats":{"counters":[7,29],"Art of War":[1],"obtain_stats":[{"Art of War":9,"Cracked Core":0,"Ancient Tea Set":7},{"Art of War":3,"Cracked Core":0,"Ancient Tea Set":3},{"Art of War":14,"Cracked Core":0,"Ancient Tea Set":14}]},"card_choices":[{"not_picked":["Blind","Purity"],"picked":"Panacea","floor":0.0},{"not_picked":["Chill","BootSequence"],"picked":"Cold Snap","floor":1.0},{"not_picked":["Rebound","Conserve Battery"],"picked":"Gash","floor":2.0},{"not_picked":["Scrape","Hologram"],"picked":"Turbo","floor":7.0},{"not_picked":["Rebound","Streamline"],"picked":"Darkness","floor":10},{"not_picked":["Ball Lightning","Tempest"],"picked":"Coolheaded","floor":11},{"not_picked":["Coolheaded","Barrage"],"picked":"Leap","floor":12}],"player_experience":2306796,"relics_obtained":[{"floor":7.0,"key":"Ancient Tea Set"},{"floor":9.0,"key":"Art of War"}],"event_choices":[{"damage_healed":0.0,"max_hp_gain":0.0,"max_hp_loss":0.0,"gold_gain":0.0,"event_name":"Shining Light","player_choice":"Entered Light","floor":3.0,"gold_loss":0.0,"damage_taken":21.0,"cards_upgraded":["Dualcast","Strike_B"]},{"damage_healed":0.0,"max_hp_gain":0.0,"max_hp_loss":0.0,"gold_gain":0.0,"event_name":"The Woman in Blue","player_choice":"Bought 1 Potion","floor":4.0,"gold_loss":0.0,"damage_taken":0.0}],"is_beta":false,"boss_relics":[],"items_purged_floors":[],"is_endless":false,"potions_floor_spawned":[1,2,10,11],"killed_by":"Lagavulin","ascension_level":20}}