{"host":"t81nzcd9m7brb0qe","time":1613686344,"event":{"mods":["2.2 Compatiblity","BaseMod","Colored Map","Dark Map","DeckTracker","Highlight Path","Minty Spire (QoL Compilation)","StSLib"],"gold_per_floor":[111,286,297,247,259,286,286,319,370,393,439,451,463,501,513,629,641,672,702,714,726,161,161,181,213,213,213,226,226,226],"floor_reached":29,"language":"ENG","playtime":1327,"items_purged":["Strike_G"],"score":285,"play_id":"bf399c03-6082-442d-8ec9-d6066a8296bb","local_time":"20210218141224","is_ascension_mode":true,"campfire_choices":[{"floor":7,"key":"REST"},{"floor":12,"key":"REST"},{"floor":15,"key":"REST"},{"floor":23,"key":"REST"},{"floor":27,"key":"REST"}],"circlet_count":0,"master_deck":["Strike_G","Strike_G","Strike_G","Strike_G+1","Defend_G","Defend_G","Defend_G","Defend_G","Defend_G","Survivor","Neutralize","Catalyst+1","Poisoned Stab","Cloak And Dagger","Quick Slash+1","Cloak And Dagger+1","Catalyst+1","Dagger Throw","Outmaneuver+1","Wraith Form v2","Footwork","Backflip+1","Flying Knee+1","Dodge and Roll+1","PiercingWail+1","Deflect+1","Leg Sweep+1"],"relics":["Ring of the Serpent","NeowsBlessing","Toxic Egg 2","Bag of Preparation","MawBank","Bag of Marbles","Molten Egg 2","Enchiridion","Bottled Flame","Happy Flower","Whetstone","Juzu Bracelet"],"acts_visited":["Exordium","TheCity"],"potions_floor_usage":[14],"damage_taken":[{"damage":0,"enemies":"Jaw Worm","floor":1,"turns":1},{"damage":0,"enemies":"2 Louse","floor":3,"turns":1},{"damage":0,"enemies":"Small Slimes","floor":5,"turns":1},{"damage":33,"enemies":"Gremlin Nob","floor":6,"turns":5},{"damage":35,"enemies":"3 Sentries","floor":8,"turns":11},{"damage":2,"enemies":"2 Fungi Beasts","floor":10,"turns":4},{"damage":6,"enemies":"Gremlin Nob","floor":11,"turns":3},{"damage":20,"enemies":"3 Sentries","floor":14,"turns":9},{"damage":11,"enemies":"Hexaghost","floor":16,"turns":8},{"damage":3,"enemies":"Chosen","floor":18,"turns":6},{"damage":24,"enemies":"3 Byrds","floor":19,"turns":9},{"damage":23,"enemies":"Centurion and Healer","floor":24,"turns":7},{"damage":20,"enemies":"Slavers","floor":25,"turns":15},{"damage":11,"enemies":"Snecko","floor":28,"turns":5},{"damage":19,"enemies":"Gremlin Leader","floor":29,"turns":6}],"seed_played":"5512610703366884893","potions_obtained":[{"floor":3,"key":"Block Potion"},{"floor":6,"key":"Swift Potion"},{"floor":11,"key":"GhostInAJar"},{"floor":14,"key":"SmokeBomb"}],"is_trial":false,"path_per_floor":["M","?","M","?","M","E","R","E","T","M","E","R","?","E","R","B",null,"M","M","?","?","$","R","M","E","T","R","M","E"],"character_chosen":"THE_SILENT","items_purchased":["Bottled Flame","Happy Flower","Flying Knee+1","Dodge and Roll+1"],"campfire_rested":5,"item_purchase_floors":[22,22,22,22],"current_hp_per_floor":[70,70,70,70,70,37,58,23,23,21,15,36,36,16,37,26,70,67,43,43,27,27,48,25,5,5,26,15,0,0],"gold":226,"neow_bonus":"THREE_ENEMY_KILL","is_daily":false,"chose_seed":false,"campfire_upgraded":0,"win_rate":0.0,"timestamp":1613686344,"path_taken":["M","?","M","?","?","E","R","E","T","M","E","R","?","E","R","BOSS","M","M","?","?","$","R","M","E","T","R","M","E"],"items_purchased_type":["Relic","Relic","Card","Card"],"build_version":"2020-12-22","purchased_purges":1,"victory":false,"max_hp_per_floor":[70,70,70,70,70,70,70,70,70,70,70,70,70,70,70,70,70,70,70,70,70,70,70,70,70,70,70,70,70,70],"card_choices":[{"not_picked":["Quick Slash","Bouncing Flask"],"picked":"Catalyst","floor":1},{"not_picked":["Leg Sweep","Quick Slash"],"picked":"Poisoned Stab","floor":3},{"not_picked":["Deflect","Underhanded Strike"],"picked":"Cloak And Dagger","floor":5},{"not_picked":["Sucker Punch","Calculated Gamble+1"],"picked":"Quick Slash","floor":6},{"not_picked":["Bane","Slice"],"picked":"Cloak And Dagger+1","floor":8},{"not_picked":["Dagger Spray","Concentrate+1"],"picked":"Catalyst+1","floor":10},{"not_picked":["Infinite Blades","Accuracy"],"picked":"Dagger Throw","floor":11},{"not_picked":["Well Laid Plans","Escape Plan+1"],"picked":"Outmaneuver+1","floor":14},{"not_picked":["Doppelganger+1","After Image"],"picked":"Wraith Form v2","floor":16},{"not_picked":["Backflip+1","PiercingWail+1"],"picked":"Footwork","floor":18},{"not_picked":["Well Laid Plans","Expertise+1"],"picked":"Backflip+1","floor":19},{"not_picked":["Tactician+1","Bane+1"],"picked":"PiercingWail+1","floor":24},{"not_picked":["Bane+1","Acrobatics+1"],"picked":"Deflect+1","floor":25},{"not_picked":["Prepared+1","Distraction+1"],"picked":"Leg Sweep+1","floor":28}],"player_experience":131143,"relics_obtained":[{"floor":6,"key":"Toxic Egg 2"},{"floor":8,"key":"Bag of Preparation"},{"floor":9,"key":"MawBank"},{"floor":11,"key":"Bag of Marbles"},{"floor":14,"key":"Molten Egg 2"},{"floor":21,"key":"Enchiridion"},{"floor":25,"key":"Whetstone"},{"floor":26,"key":"Juzu Bracelet"}],"event_choices":[{"damage_healed":0,"gold_gain":175,"player_choice":"AGREE","damage_taken":0,"max_hp_gain":0,"max_hp_loss":0,"event_name":"Liars Game","floor":2,"gold_loss":0,"cards_obtained":["Doubt"]},{"cards_removed":["Doubt"],"damage_healed":0,"gold_gain":0,"player_choice":"Card Removal","damage_taken":0,"max_hp_gain":0,"max_hp_loss":0,"event_name":"The Cleric","floor":4,"gold_loss":50},{"damage_healed":0,"gold_gain":0,"player_choice":"Grow","damage_taken":0,"max_hp_gain":0,"max_hp_loss":0,"event_name":"Living Wall","floor":13,"gold_loss":0,"cards_upgraded":["Catalyst"]},{"damage_healed":0,"gold_gain":0,"player_choice":"Ignored","damage_taken":0,"max_hp_gain":0,"max_hp_loss":0,"event_name":"Vampires","floor":20,"gold_loss":0},{"damage_healed":0,"gold_gain":0,"player_choice":"Obtained Book","damage_taken":16,"max_hp_gain":0,"max_hp_loss":0,"event_name":"Cursed Tome","floor":21,"gold_loss":0}],"is_beta":false,"boss_relics":[{"not_picked":["SlaversCollar","Busted Crown"],"picked":"Ring of the Serpent"}],"items_purged_floors":[22],"is_endless":false,"potions_floor_spawned":[3,6,11,14,19,25],"killed_by":"Gremlin Leader","ascension_level":1}}