{"host":"3goc4eg48gs58qxk","time":1613657319,"event":{"mods":["BaseMod","Better Note","Downfall","Minty Spire (QoL Compilation)","MostiFishMod","StSLib","Waifu the Spire"],"gold_per_floor":[99,109,129,147,164,199,199,199,99,115,215,227,59,69,87,183,183,83,97,97,115,128,160,160,260,160,175,175,60,60,86,105,200,200,200,212,225,238,113,133,160,160,174,174,174,184,210,210,222,222,222,249,44,44,44,44],"floor_reached":57,"language":"ZHS","playtime":5332,"items_purged":["champ:Parry","champ:Execute","champ:TripleStrike"],"score":1430,"play_id":"31867017-c73c-49b0-8817-1cef6358a09c","local_time":"20210218220839","is_ascension_mode":false,"campfire_choices":[{"data":"champ:Taunt","floor":1.0,"key":"SMITH"},{"data":"champ:IronFortress","floor":9.0,"key":"SMITH"},{"floor":18.0,"key":"RECALL"},{"data":"champ:GladiatorForm","floor":26.0,"key":"SMITH"},{"data":"champ:BerserkersShout","floor":28.0,"key":"SMITH"},{"data":"champ:RapidStrikes","floor":30.0,"key":"SMITH"},{"data":"champ:RageSigil","floor":35.0,"key":"SMITH"},{"data":"champ:CalledShot","floor":42.0,"key":"SMITH"},{"data":"champ:EnragedBash","floor":45,"key":"SMITH"},{"data":"champ:RageSigil","floor":54,"key":"SMITH"}],"circlet_count":0,"master_deck":["champ:Taunt+1","champ:RecklessLeap","champ:DefensiveShout","champ:CrookedStrike","champ:Lariat+1","champ:TripleStrike","champ:SkillfulDodge","champ:BringItOn","champ:Backstep","champ:CalledShot+1","champ:EnragedBash+1","champ:RageSigil+1","champ:BerserkersShout+1","champ:GladiatorForm+1","champ:RapidStrikes+1","champ:Endure","champ:RageSigil+1","champ:ShieldSigil+1"],"relics":["DaveBox","BirthdayGift-Tetrahedron","Pandora\u0027s Box","Happy Flower","downfall:HeartBlessingGreen","TimeKeys","downfall:HeartBlessingBlue","Slimebound:PreparedRelic","Art of War","downfall:GremlinWheel","downfall:HeartBlessingRed","champ:FightingForDummies","StrikeDummy","Ancient Tea Set","Philosopher\u0027s Stone","sneckomod:BlankCard","Blue Candle","bronze:BronzeIdol","DaCapo","Ying"],"acts_visited":["Exordium","TheCity","TheBeyond","TheEnding"],"potions_floor_usage":[49,50,56,56],"damage_taken":[{"damage":2.0,"enemies":"Cultist","floor":2.0,"turns":2.0},{"damage":2.0,"enemies":"2 Louse","floor":3.0,"turns":2.0},{"damage":11.0,"enemies":"Jaw Worm","floor":4.0,"turns":2.0},{"damage":17.0,"enemies":"Red Slaver","floor":5.0,"turns":2.0},{"damage":27.0,"enemies":"Lagavulin","floor":6.0,"turns":2.0},{"damage":7.0,"enemies":"3 Louse","floor":10.0,"turns":2.0},{"damage":13.0,"enemies":"Lots of Slimes","floor":12.0,"turns":2.0},{"damage":42.0,"enemies":"downfall:FleeingMerchant","floor":13.0,"turns":4.0},{"damage":1.0,"enemies":"downfall:LooterAlt","floor":14.0,"turns":1.0},{"damage":17.0,"enemies":"Blue Slaver","floor":15.0,"turns":2.0},{"damage":41.0,"enemies":"DF_ARCHETYPE_STREAMLINE","floor":16.0,"turns":4.0},{"damage":27.0,"enemies":"downfall:LooterAlt2","floor":19.0,"turns":2.0},{"damage":23.0,"enemies":"Shell Parasite","floor":21.0,"turns":2.0},{"damage":41.0,"enemies":"3 Cultists","floor":22.0,"turns":4.0},{"damage":12.0,"enemies":"Slavers","floor":23.0,"turns":2.0},{"damage":44.0,"enemies":"Slavers","floor":25.0,"turns":3.0},{"damage":39.0,"enemies":"Snake Plant","floor":27.0,"turns":2.0},{"damage":42.0,"enemies":"downfall:FleeingMerchant","floor":29.0,"turns":2.0},{"damage":54.0,"enemies":"Book of Stabbing","floor":31.0,"turns":3.0},{"damage":23.0,"enemies":"Snecko","floor":32.0,"turns":2.0},{"damage":73.0,"enemies":"IC_MUSHROOM_ARCHETYPE","floor":33.0,"turns":4.0},{"damage":32.0,"enemies":"3 Darklings","floor":36.0,"turns":2.0},{"damage":11.0,"enemies":"3 Shapes","floor":37.0,"turns":4.0},{"damage":18.0,"enemies":"Writhing Mass","floor":38.0,"turns":2.0},{"damage":43.0,"enemies":"3 Darklings","floor":40.0,"turns":2.0},{"damage":57.0,"enemies":"Spire Growth","floor":43.0,"turns":2.0},{"damage":1,"enemies":"Writhing Mass","floor":46,"turns":1},{"damage":46,"enemies":"Nemesis","floor":47,"turns":4},{"damage":25,"enemies":"3 Darklings","floor":49,"turns":2},{"damage":47,"enemies":"SI_POISON_ARCHETYPE","floor":50,"turns":3},{"damage":54,"enemies":"downfall:CharBossMerchant","floor":52,"turns":3},{"damage":34,"enemies":"downfall:NeowBoss","floor":55,"turns":6},{"damage":105,"enemies":"downfall:NeowBossFinal","floor":56,"turns":4}],"seed_played":"8403783693345594239","potions_obtained":[{"floor":3.0,"key":"Strength Potion"},{"floor":5.0,"key":"Fire Potion"},{"floor":10.0,"key":"champ:CounterPotion"},{"floor":12.0,"key":"SteroidPotion"},{"floor":16.0,"key":"Regen Potion"},{"floor":21.0,"key":"DuplicationPotion"},{"floor":22.0,"key":"champ:TechniquePotion"},{"floor":37.0,"key":"Fruit Juice"},{"floor":38.0,"key":"Strength Potion"},{"floor":49,"key":"champ:OpenerPotion"},{"floor":52,"key":"champ:OpenerPotion"}],"is_trial":false,"path_per_floor":["R","M","M","M","M","E","T","?","R","M","?","M","$","M","M","B",null,"R","M","?","M","M","E","T","?","R","M","R","$","R","E","M","B",null,"R","M","M","M","$","M","T","R","M","?","R","M","E","?","M","B",null,"E","$","R","B","B",null],"character_chosen":"THE_CHAMP","items_purchased":["champ:EnragedBash","champ:RapidStrikes","StrikeDummy","Ying","PowerPotion"],"campfire_rested":0,"item_purchase_floors":[13,29,29,53,53],"current_hp_per_floor":[90,88,86,75,73,71,71,71,71,69,69,66,59,58,56,50,90,100,98,98,95,89,87,87,83,83,79,79,77,77,73,70,62,100,100,98,97,94,94,81,81,81,79,74,74,73,67,67,62,55,105,101,101,101,105,105],"gold":44,"neow_bonus":"BOSS_RELIC","is_daily":false,"chose_seed":false,"campfire_upgraded":9,"win_rate":0.0,"timestamp":1613657319,"path_taken":["R","M","M","?","M","E","T","?","R","?","?","?","$","M","M","BOSS","R","M","?","?","M","E","T","?","R","?","R","$","R","E","M","BOSS","R","M","M","M","$","?","T","R","M","?","R","M","E","?","M","BOSS","E","$","R","BOSS","BOSS"],"items_purchased_type":["Card","Card","Relic","Relic","Potion"],"build_version":"2020-12-22","purchased_purges":3,"victory":true,"max_hp_per_floor":[90,90,90,90,90,90,90,90,90,90,90,90,90,90,90,90,90,100,100,100,100,100,100,100,100,100,100,100,100,100,100,100,100,100,100,100,105,105,105,105,105,105,105,105,105,105,105,105,105,105,105,105,105,105,105,105],"card_choices":[{"not_picked":["champ:SetATrap","champ:StanceDance"],"picked":"champ:BringItOn","floor":2.0},{"not_picked":["champ:PerfectedStrike","champ:Shatter","champ:SkillfulDodge"],"picked":"SKIP","floor":3.0},{"not_picked":["champ:CrownThrow","champ:EnGarde"],"picked":"champ:Backstep","floor":4.0},{"not_picked":["champ:PerfectedStrike","champ:TornadoPunch"],"picked":"champ:IronFortress","floor":5.0},{"not_picked":["champ:HeartStrike","champ:IgnorePain","champ:PreciseThrust"],"picked":"SKIP","floor":6.0},{"not_picked":["champ:FanOfKnives","champ:BringItOn"],"picked":"champ:CalledShot","floor":10.0},{"not_picked":["champ:CrownThrow","champ:TornadoPunch","champ:ShieldSlam"],"picked":"SKIP","floor":12.0},{"not_picked":["champ:FlashCut","champ:EnchantSword","champ:TornadoPunch"],"picked":"SKIP","floor":13.0},{"not_picked":["champ:CalledShot","champ:BladeFlurry","champ:Backstep"],"picked":"SKIP","floor":14.0},{"not_picked":["champ:EndlessRage","champ:BringItOn"],"picked":"champ:RageSigil","floor":15.0},{"not_picked":["champ:GutPunch","champ:BringItOn"],"picked":"champ:BerserkersShout","floor":19.0},{"not_picked":["champ:GutPunch+1","champ:CrownThrow+1","champ:ShieldSlam"],"picked":"SKIP","floor":21.0},{"not_picked":["champ:IronFortress","champ:ViciousMockery","champ:FanOfKnives"],"picked":"SKIP","floor":22.0},{"not_picked":["champ:EnragedBash","champ:ShieldWall"],"picked":"champ:GladiatorForm","floor":23.0},{"not_picked":["champ:CrownThrow+1","champ:FalseCounter+1","champ:GutPunch"],"picked":"SKIP","floor":27.0},{"not_picked":["champ:FalseCounter","champ:Parry","champ:DefensiveShout"],"picked":"SKIP","floor":29.0},{"not_picked":["champ:CrookedStrike+1","champ:TornadoPunch"],"picked":"champ:Endure","floor":31.0},{"not_picked":["champ:CrownThrow","champ:GutPunch"],"picked":"champ:RageSigil","floor":32.0},{"not_picked":["champ:CrownThrow+1","champ:BerserkersShout+1"],"picked":"champ:ShieldSigil+1","floor":36.0},{"not_picked":["champ:PerfectedStrike+1","champ:StanceDance","champ:PreciseThrust"],"picked":"SKIP","floor":37.0},{"not_picked":["champ:CrownThrow","champ:Shatter+1","champ:HeartStrike"],"picked":"SKIP","floor":38.0},{"not_picked":["champ:GutPunch+1","champ:SkillfulDodge","champ:BringItOn"],"picked":"SKIP","floor":40.0},{"not_picked":["champ:HeartStrike","champ:FanOfKnives","champ:GladiatorStyle+1"],"picked":"SKIP","floor":43.0},{"not_picked":["champ:DancingMaster","champ:FlashCut+1","champ:Backstep+1"],"picked":"SKIP","floor":46},{"not_picked":["champ:Lariat","champ:SwordSigil","champ:Backstep"],"picked":"SKIP","floor":47},{"not_picked":["champ:BladeFlurry","champ:ViciousMockery","champ:DefensiveShout+1"],"picked":"SKIP","floor":49},{"not_picked":["champ:DefensiveShout","champ:GutPunch+1","champ:CrookedStrike+1"],"picked":"SKIP","floor":52}],"player_experience":500445,"relics_obtained":[{"floor":6.0,"key":"Happy Flower"},{"floor":23.0,"key":"Slimebound:PreparedRelic"},{"floor":24.0,"key":"Art of War"},{"floor":25.0,"key":"downfall:GremlinWheel"},{"floor":26.0,"key":"champ:FightingForDummies"},{"floor":31.0,"key":"Ancient Tea Set"},{"floor":41.0,"key":"sneckomod:BlankCard"},{"floor":47,"key":"bronze:BronzeIdol"},{"floor":52,"key":"DaCapo"}],"event_choices":[{"damage_healed":0.0,"max_hp_gain":0.0,"max_hp_loss":0.0,"gold_gain":0.0,"event_name":"betterNote:BetterNote","player_choice":"Ignored","floor":20.0,"gold_loss":0.0,"damage_taken":0.0,"cards_obtained":["Scrawl"]},{"damage_healed":0.0,"max_hp_gain":0.0,"max_hp_loss":0.0,"gold_gain":0.0,"event_name":"Wheel of Change","player_choice":"Relic","floor":26.0,"gold_loss":0.0,"damage_taken":0.0},{"cards_removed":["champ:IronFortress"],"damage_healed":0,"gold_gain":0,"player_choice":"Removed Power","damage_taken":0,"max_hp_gain":0,"max_hp_loss":0,"event_name":"Falling","floor":48,"gold_loss":0}],"is_beta":false,"boss_relics":[{"not_picked":["Cursed Key","xbg"],"picked":"TimeKeys"},{"not_picked":["PatriotShield","ExusiaiGun"],"picked":"Philosopher\u0027s Stone"}],"items_purged_floors":[13,29,39],"is_endless":false,"potions_floor_spawned":[3,5,10,12,16,21,22,27,31,32,37,38,43,49,52],"ascension_level":0}}