{"host":"17hbxmotjlknbpr0","time":1613635798,"event":{"mods":["Act Like it!","BaseMod","BetterRewards","Chat Monstrosity","Colored Powertips","Conspire","Downfall","Friendly Minions","FruityMod","Googly Eyes","GungeonMod","Hallownest","Hermit","Hero for Fun","HololiveMod","Hubris","Infinite Spire","Jorbs\u0027s Wanderer Trilogy","Lobotomy","Marisa????????","Mimic Mod","Minty Spire (QoL Compilation)","Pikachu Mod","READ ME - Snecko Mod","Random Character Button","Rare Cards Sparkle","RatMod","Shop Mod","Small Relic Pack","Somnambulant","StSLib","SuperFastMode","Td1madao Mod","The Bladedancer","The Blue Laboratory","The Bug Knight","The Clintock","The Construct","The Cursed","The Disciple","The Forsaken","The Hierophant","The IronCluck","The Mystic","The Necromancer","The Poker Player","The Problem Sleuth","The Runesmith","The Sage","The Saiyan","The Senshi","The Wild Card","Trackpad","Yuri Mod","egg","thorton"],"gold_per_floor":[78,78,3,20,57,83,102,102,140,151,151,151,163,163,163],"floor_reached":14,"language":"ENG","playtime":1050,"items_purged":[],"score":115,"play_id":"5cb8421c-ee62-419d-bf05-882757a49796","local_time":"20210218030958","is_ascension_mode":false,"campfire_choices":[{"floor":8,"key":"RECALL"},{"data":"Hololive_CallShiroganeNoel","floor":12,"key":"SMITH"}],"circlet_count":0,"master_deck":["Hololive_Strike","Hololive_Strike","Hololive_Defend","Hololive_Defend","Hololive_StrengthChampion","Hololive_CallYozoraMel","Hololive_CallTokinoSora","Hololive_CallShiroganeNoel+1","Hololive_CallMinatoAqua","Hololive_CallMoonaHoshinova","VoidDream","Hololive_Sequa","Hallownest:skillGreenpathMap","ShyLook","Hololive_StrengthChampion","Murderer","Hololive_CallYogiri","Woodsman","Hololive_Psychosis","CherryBlossoms","Hololive_StrengthChampion","UniverseFragment","Hololive_RevenueBasedLive","PunishingBird","Hololive_CallOzoraSubaru","FairyFestival","Hololive_CallYogiri"],"relics":["Hololive_TheStar","CogitoBucket","DemoMod:GlassGuonStoneRelic","Hallownest:DreamNailRelic","Nunchaku","DemoMod:MeltedRock","BehaviorAdjustment","relicPack:OneForAll"],"acts_visited":["Hallownest:Greenpath"],"potions_floor_usage":[],"damage_taken":[{"damage":0,"enemies":"Hallownest:monsterHuskWarrior","floor":1,"turns":3},{"damage":0,"enemies":"Hallownest:monsterHuskGuard","floor":4,"turns":4},{"damage":0,"enemies":"2_ Uuma","floor":5,"turns":4},{"damage":0,"enemies":"Hallownest:eliteMossKnight","floor":6,"turns":5},{"damage":0,"enemies":"2_ Uuma","floor":7,"turns":3},{"damage":0,"enemies":"Hallownest:monsterAspidMother","floor":9,"turns":5},{"damage":0,"enemies":"Hallownest:monsterAspidMother","floor":10,"turns":5},{"damage":0,"enemies":"Hallownest:monsterMossCharger","floor":13,"turns":4},{"damage":100,"enemies":"Hallownest:eliteVengeflyKing","floor":14,"turns":1}],"seed_played":"-1121034495755579930","potions_obtained":[{"floor":1,"key":"blueLaboratory:Moonshine"},{"floor":13,"key":"Energy Potion"}],"is_trial":false,"path_per_floor":["M","?","?","M","MIM","E","M","R","MIM","M","?","R","M","E"],"character_chosen":"Hololive_HololiveCharacter","items_purchased":[],"campfire_rested":0,"item_purchase_floors":[],"current_hp_per_floor":[35,35,35,35,35,35,35,35,35,35,35,35,35,0,0],"gold":163,"neow_bonus":"","is_daily":false,"chose_seed":false,"campfire_upgraded":1,"win_rate":0.0,"timestamp":1613635798,"path_taken":["M","?","?","M","?","E","M","R","MIM","M","?","R","M","E"],"items_purchased_type":[],"build_version":"2020-12-22","purchased_purges":0,"victory":false,"max_hp_per_floor":[35,35,35,35,35,35,35,35,35,35,35,35,35,35,35],"card_choices":[{"not_picked":["CrumblingArmor","UniverseFragment"],"picked":"VoidDream","floor":1},{"not_picked":["Hololive_CallManoAloe","Hololive_CallHimemoriLuna","Hololive_OvertimeWork"],"picked":"Hololive_Sequa","floor":1},{"not_picked":["Woodsman","Murderer"],"picked":"ShyLook","floor":4},{"not_picked":["Hololive_Rebound","Hololive_DurableLive","Hololive_CallNakiriAyame"],"picked":"Hololive_StrengthChampion","floor":4},{"not_picked":["FairyFestival","BlackArmy","Wellcheers"],"picked":"Singing Bowl","floor":5},{"not_picked":["QueenOfHatred","FairyFestival"],"picked":"Murderer","floor":5},{"not_picked":["Hololive_ManjiGathering","Hololive_CocoNews","Hololive_OpenUp"],"picked":"Hololive_CallYogiri","floor":5},{"not_picked":["OSAHOGD","CherryBlossoms"],"picked":"Woodsman","floor":6},{"not_picked":["Hololive_StrengthChampion","Hololive_RevenueBasedLive","Hololive_OvertimeWork"],"picked":"Hololive_Psychosis","floor":6},{"not_picked":["FieryBird","WallGazer"],"picked":"CherryBlossoms","floor":7},{"not_picked":["Hololive_CallYozoraMel","Hololive_OvertimeWork","Hololive_Trident"],"picked":"Hololive_StrengthChampion","floor":7},{"not_picked":["LongBird","OldLady","PunishingBird"],"picked":"Singing Bowl","floor":9},{"not_picked":["Freischutz","MHz"],"picked":"UniverseFragment","floor":9},{"not_picked":["Hololive_HighAtkLowDef","Hololive_StrengthChampion","Hololive_Drill"],"picked":"Hololive_RevenueBasedLive","floor":9},{"not_picked":["BigBird","MHz"],"picked":"PunishingBird","floor":10},{"not_picked":["Hololive_ManjiGathering","Hololive_Drill","Hololive_Breathe"],"picked":"Hololive_CallOzoraSubaru","floor":10},{"not_picked":["QueenBee","OldLady","Rudolta"],"picked":"Singing Bowl","floor":13},{"not_picked":["MeatLantern","MHz"],"picked":"FairyFestival","floor":13},{"not_picked":["Hololive_LuckPotion","Hololive_HighAtkLowDef","Hololive_HuntDinosaur"],"picked":"Hololive_CallYogiri","floor":13}],"player_experience":140539,"relics_obtained":[{"floor":5,"key":"Nunchaku"},{"floor":6,"key":"DemoMod:MeltedRock"}],"event_choices":[],"is_beta":false,"boss_relics":[],"items_purged_floors":[],"is_endless":false,"potions_floor_spawned":[1,13],"killed_by":"Hallownest:eliteVengeflyKing","ascension_level":0}}