{"host":"u2qrfxkm3wve0vp3","time":1613640645,"event":{"mods":["AchievementEnabler","BaseMod","Downfall","Hermit","Marisa£®ÏF”Í°°ƒß¿Ì…≥£©","Minty Spire (QoL Compilation)","Quick Restart","Shop Mod","StSLib","Td1madao Mod","The Cursed","The Marked","The Poker Player","The Senshi","The Servant 0.9.4"],"gold_per_floor":[18,118,128,19,35,35,54,66,66,14,14,14,48,48,48,151,151],"floor_reached":16,"language":"ZHS","playtime":559,"items_purged":["theMarked:Defend"],"score":150,"play_id":"371734f7-0fbc-4f63-a606-d098940d6aed","local_time":"20210218173045","is_ascension_mode":false,"campfire_choices":[{"data":"theMarked:SoldierOfQuellstein","floor":6,"key":"SMITH"},{"data":"theMarked:EmpowerWeapon","floor":11,"key":"SMITH"},{"data":"theMarked:Indomitable","floor":15,"key":"SMITH"}],"circlet_count":0,"master_deck":["theMarked:Strike","theMarked:Strike","theMarked:Strike","theMarked:Strike","theMarked:Strike","theMarked:Defend","theMarked:Defend","theMarked:Defend","theMarked:SoldierOfQuellstein+1","theMarked:Indomitable+1","theMarked:Static","theMarked:Polarize","theMarked:StartUp","theMarked:SwordAndMagic","theMarked:EmpowerWeapon+1"],"relics":["theMarked:ArtifactOfAir","Peace Pipe","Vajra","Dream Catcher"],"acts_visited":["Exordium"],"potions_floor_usage":[7],"damage_taken":[{"damage":0,"enemies":"Small Slimes","floor":1,"turns":3},{"damage":1,"enemies":"Cultist","floor":3,"turns":4},{"damage":6,"enemies":"Jaw Worm","floor":5,"turns":4},{"damage":1,"enemies":"2 Fungi Beasts","floor":7,"turns":4},{"damage":5,"enemies":"3 Louse","floor":8,"turns":4},{"damage":14,"enemies":"Gremlin Nob","floor":13,"turns":3},{"damage":53,"enemies":"The Guardian","floor":16,"turns":10}],"seed_played":"-100018415032635894","potions_obtained":[{"floor":1,"key":"Fire Potion"},{"floor":7,"key":"Fruit Juice"},{"floor":8,"key":"PowerPotion"}],"is_trial":false,"path_per_floor":["M","?","M","$","M","R","M","M","T","$","R","$","E","?","R","B"],"character_chosen":"THE_DEFAULT","items_purchased":["theMarked:Static","theMarked:EmpowerWeapon"],"campfire_rested":0,"item_purchase_floors":[4,10],"current_hp_per_floor":[72,72,71,71,65,65,69,64,64,64,64,64,50,55,55,2,2],"gold":151,"neow_bonus":"ONE_RARE_RELIC","is_daily":false,"chose_seed":false,"campfire_upgraded":3,"win_rate":0.0,"timestamp":1613640645,"path_taken":["M","?","?","?","M","R","M","M","T","$","R","$","E","?","R","BOSS"],"items_purchased_type":["Card","Card"],"build_version":"2020-12-22","purchased_purges":1,"victory":false,"max_hp_per_floor":[72,72,72,72,72,72,77,77,77,77,77,77,77,82,82,82,82],"card_choices":[{"not_picked":["theMarked:Memento","theMarked:AttractMetal"],"picked":"theMarked:Indomitable","floor":1},{"not_picked":["theMarked:Seal","theMarked:WastefulAttack","theMarked:RepellingDischarge"],"picked":"SKIP","floor":3},{"not_picked":["theMarked:Aftermath","theMarked:TwofoldDefense"],"picked":"theMarked:Polarize","floor":5},{"not_picked":["theMarked:ChainLightning","theMarked:ElectricStrings"],"picked":"theMarked:StartUp","floor":7},{"not_picked":["theMarked:TwofoldDefense","theMarked:BanishingStrike"],"picked":"theMarked:SwordAndMagic","floor":8},{"not_picked":["theMarked:Overcharge","theMarked:Opportunist","theMarked:StartUp"],"picked":"SKIP","floor":13}],"player_experience":352812,"relics_obtained":[{"floor":9,"key":"Vajra"},{"floor":13,"key":"Dream Catcher"}],"event_choices":[{"damage_healed":0,"gold_gain":100,"player_choice":"Gold","damage_taken":0,"max_hp_gain":0,"max_hp_loss":0,"event_name":"Wheel of Change","floor":2,"gold_loss":0},{"damage_healed":0,"gold_gain":0,"player_choice":"Donut","damage_taken":0,"max_hp_gain":5,"max_hp_loss":0,"event_name":"Big Fish","floor":14,"gold_loss":0}],"is_beta":false,"boss_relics":[],"items_purged_floors":[4],"is_endless":false,"potions_floor_spawned":[1,7,8],"killed_by":"The Guardian","ascension_level":0}}