{"host":"7iv10lxbxedtd0qh","time":1613679310,"event":{"mods":["100% Spire Juice","Act Like it!","BaseMod","Bestiary","Colored Map","Colored Powertips","Downfall","Minty Spire (QoL Compilation)","Spire Arcade","StSLib","The Alterego","The Marked","TheVacant"],"gold_per_floor":[117,117,117,117,135,135,163,178,178,178,213,213,248,261,261,361,361,375,410,76,86,96,96,124,124,124,124,153,153,188,188,188,290,290,304,103,153,166,179,204,204,233,258,293,293,307,182,182,182,182,182,182,32,59,59],"floor_reached":56,"language":"ENG","playtime":4139,"items_purged":["theVacant:VacantStarterDefend","theVacant:EmbraceDarkness+1","theVacant:VacantStarterDefend+1","theVacant:VacantStarterDefend+1"],"score":1464,"play_id":"65087769-91ab-4f87-a8ce-610db7cb32ef","local_time":"20210218211510","is_ascension_mode":true,"campfire_choices":[{"data":"theVacant:Voidstone","floor":6.0,"key":"SMITH"},{"data":"theVacant:Release","floor":12.0,"key":"SMITH"},{"data":"theVacant:Spinshield","floor":15.0,"key":"SMITH"},{"data":"theVacant:Crunch","floor":23.0,"key":"SMITH"},{"data":"theVacant:EmbraceDarkness","floor":25.0,"key":"SMITH"},{"data":"theVacant:ForgeSoul","floor":29.0,"key":"SMITH"},{"data":"theVacant:Reconnect","floor":32.0,"key":"SMITH"},{"floor":41.0,"key":"RECALL"},{"data":"theVacant:VoidForm","floor":45.0,"key":"SMITH"},{"data":"theVacant:Rejection","floor":49,"key":"SMITH"},{"data":"Madness","floor":52,"key":"SMITH"}],"circlet_count":0,"master_deck":["theVacant:Release+1","theVacant:Crunch+1","theVacant:Voidstone+1","theVacant:Reconnect+1","theVacant:Spinshield+1","theVacant:ForgeSoul+1","theVacant:Carve+1","theVacant:Rejection+1","theVacant:Reconnect+1","theVacant:TwistFate+1","theVacant:VoidForm+1","Madness","Madness+1"],"relics":["theVacant:BrassGoblet","NeowsBlessing","Gremlin Horn","Question Card","Akabeko","Sundial","Empty Cage","Red Mask","Kunai","Molten Egg 2","Letter Opener","Bird Faced Urn","War Paint","Busted Crown","Ice Cream","Bronze Scales","Strawberry","Singing Bowl","Oddly Smooth Stone"],"acts_visited":["Exordium","TheCity","TheBeyond","TheEnding"],"potions_floor_usage":[50,55,55],"damage_taken":[{"damage":0.0,"enemies":"Small Slimes","floor":1.0,"turns":1.0},{"damage":0.0,"enemies":"Jaw Worm","floor":5.0,"turns":1.0},{"damage":0.0,"enemies":"Lagavulin","floor":7.0,"turns":1.0},{"damage":4.0,"enemies":"Cultist","floor":8.0,"turns":4.0},{"damage":19.0,"enemies":"Gremlin Nob","floor":11.0,"turns":4.0},{"damage":0.0,"enemies":"Lagavulin","floor":13.0,"turns":8.0},{"damage":2.0,"enemies":"Looter","floor":14.0,"turns":4.0},{"damage":14.0,"enemies":"The Guardian","floor":16.0,"turns":10.0},{"damage":0.0,"enemies":"Spheric Guardian","floor":18.0,"turns":4.0},{"damage":0.0,"enemies":"Masked Bandits","floor":19.0,"turns":4.0},{"damage":1.0,"enemies":"3 Byrds","floor":21.0,"turns":5.0},{"damage":0.0,"enemies":"Snake Plant","floor":22.0,"turns":5.0},{"damage":7.0,"enemies":"Book of Stabbing","floor":24.0,"turns":6.0},{"damage":21.0,"enemies":"Gremlin Leader","floor":28.0,"turns":5.0},{"damage":8.0,"enemies":"Slavers","floor":30.0,"turns":3.0},{"damage":0.0,"enemies":"Collector","floor":33.0,"turns":4.0},{"damage":7.0,"enemies":"3 Darklings","floor":35.0,"turns":2.0},{"damage":0.0,"enemies":"Mind Bloom Boss Battle","floor":37.0,"turns":3.0},{"damage":0.0,"enemies":"Orb Walker","floor":38.0,"turns":3.0},{"damage":0.0,"enemies":"3 Darklings","floor":39.0,"turns":3.0},{"damage":0.0,"enemies":"Giant Head","floor":40.0,"turns":4.0},{"damage":0.0,"enemies":"Reptomancer","floor":42.0,"turns":4.0},{"damage":47.0,"enemies":"Nemesis","floor":44.0,"turns":5.0},{"damage":1,"enemies":"Sphere and 2 Shapes","floor":46,"turns":4},{"damage":25,"enemies":"Awakened One","floor":50,"turns":5},{"damage":21,"enemies":"Shield and Spear","floor":54,"turns":4},{"damage":32,"enemies":"The Heart","floor":55,"turns":6}],"seed_played":"4765409535887429260","potions_obtained":[{"floor":1.0,"key":"AttackPotion"},{"floor":13.0,"key":"Strength Potion"},{"floor":14.0,"key":"Energy Potion"},{"floor":16.0,"key":"Explosive Potion"},{"floor":18.0,"key":"sneckomod:MuddlingPotion"},{"floor":21.0,"key":"DuplicationPotion"},{"floor":24.0,"key":"SkillPotion"},{"floor":30.0,"key":"bronze:BurnAndBuffPotion"},{"floor":35.0,"key":"Energy Potion"},{"floor":38.0,"key":"Dexterity Potion"},{"floor":39.0,"key":"Strength Potion"}],"is_trial":false,"path_per_floor":["M","?","?","?","M","R","E","M","T","?","E","R","E","M","R","B",null,"M","?","$","M","M","R","E","R","T","?","E","R","E","?","R","B",null,"M","$","?","M","M","E","R","E","T","E","R","M","$","?","R","B",null,"R","$","E","B",null],"character_chosen":"THE_VACANT","items_purchased":["Kunai","Fruit Juice"],"campfire_rested":0,"item_purchase_floors":[20,36],"current_hp_per_floor":[80,73,73,73,73,73,73,69,69,69,50,50,50,48,48,34,80,80,80,80,79,79,79,72,72,72,72,51,51,45,45,45,47,80,75,80,84,85,85,85,85,92,92,47,47,52,52,40,40,21,96,96,96,77,51],"gold":59,"neow_bonus":"THREE_ENEMY_KILL","is_daily":false,"chose_seed":false,"campfire_upgraded":10,"win_rate":0.0,"timestamp":1613679310,"path_taken":["M","?","?","?","?","R","E","M","T","?","E","R","E","M","R","BOSS","M","?","$","M","M","R","E","R","T","?","E","R","E","?","R","BOSS","M","$","?","M","M","E","R","E","T","E","R","M","$","?","R","BOSS","R","$","E","BOSS"],"items_purchased_type":["Relic","Potion"],"build_version":"2020-12-22","purchased_purges":4,"victory":true,"max_hp_per_floor":[80,80,80,80,80,80,80,80,80,80,80,80,80,80,80,80,80,80,80,80,80,80,80,80,80,80,80,80,80,80,80,80,80,80,80,85,85,85,85,85,85,92,92,94,94,96,96,96,96,96,96,96,96,98,98],"card_choices":[{"not_picked":["theVacant:LashOut","theVacant:TwistFate","theVacant:Jab"],"picked":"SKIP","floor":1.0},{"not_picked":["theVacant:Dig","theVacant:OnSecondThought","theVacant:FranticBlow"],"picked":"SKIP","floor":5.0},{"not_picked":["theVacant:BrassMagnet","theVacant:Soothe"],"picked":"theVacant:Reconnect","floor":7.0},{"not_picked":["theVacant:Soothe","theVacant:Jab","theVacant:Rejection"],"picked":"SKIP","floor":8.0},{"not_picked":["theVacant:Soothe","theVacant:Jab","theVacant:Rejection"],"picked":"SKIP","floor":8.0},{"not_picked":["theVacant:Soothe","theVacant:Jab","theVacant:Rejection"],"picked":"SKIP","floor":8.0},{"not_picked":["theVacant:DarkStrike","theVacant:GraveWave","theVacant:BrassMagnet","theVacant:BattleScars"],"picked":"SKIP","floor":11.0},{"not_picked":["theVacant:Barrage","theVacant:Thoughtseize","theVacant:Enrage","theVacant:Fling"],"picked":"SKIP","floor":13.0},{"not_picked":["theVacant:Yeet","theVacant:CleanseSoul","theVacant:ShutAway"],"picked":"theVacant:Spinshield","floor":14.0},{"not_picked":["theVacant:Showdown","theVacant:TimeSkip","theVacant:Exorcise"],"picked":"theVacant:ForgeSoul","floor":16.0},{"not_picked":["theVacant:ShutAway","theVacant:Barrage","theVacant:Whip","theVacant:Gloom+1"],"picked":"SKIP","floor":18.0},{"not_picked":["theVacant:Spinshield+1","theVacant:Enrage+1","theVacant:IntoTheAbyss+1","theVacant:MindBreak"],"picked":"SKIP","floor":21.0},{"not_picked":["theVacant:Whip","theVacant:FranticBlow","theVacant:WaitInWrath","theVacant:Barrage"],"picked":"SKIP","floor":22.0},{"not_picked":["theVacant:BurdenBreak","theVacant:BrassMagnet+1","theVacant:LichStrike+1","theVacant:Recover"],"picked":"SKIP","floor":24.0},{"not_picked":["theVacant:Unearth","theVacant:SurpriseAttack+1","theVacant:Fortify","theVacant:EyePoke+1"],"picked":"SKIP","floor":28.0},{"not_picked":["theVacant:Immaterialize","theVacant:GraveWave+1","theVacant:Acceptance+1","theVacant:Throttle+1"],"picked":"SKIP","floor":30.0},{"not_picked":["theVacant:Prevent","theVacant:FiendFrost+1","theVacant:Exorcise"],"picked":"theVacant:Rejection","floor":33.0},{"not_picked":["theVacant:GraveWave+1","theVacant:BattleScars+1"],"picked":"SKIP","floor":35.0},{"not_picked":["theVacant:EyePoke+1"],"picked":"theVacant:Reconnect+1","floor":37.0},{"not_picked":["theVacant:Fling+1"],"picked":"theVacant:TwistFate+1","floor":38.0},{"not_picked":["theVacant:Thoughtseize+1","theVacant:Jab+1"],"picked":"SKIP","floor":39.0},{"not_picked":["theVacant:GraveDigger+1","theVacant:CursedBlast+1"],"picked":"SKIP","floor":40.0},{"not_picked":["theVacant:Unearth+1"],"picked":"theVacant:VoidForm","floor":42.0},{"not_picked":["theVacant:Return","theVacant:Whip+1"],"picked":"Singing Bowl","floor":44.0},{"not_picked":["theVacant:Whip+1","theVacant:Spinshield"],"picked":"Singing Bowl","floor":46},{"not_picked":["theVacant:Acceptance+1","theVacant:Whip+1"],"picked":"Singing Bowl","floor":54}],"player_experience":858812,"relics_obtained":[{"floor":7.0,"key":"Gremlin Horn"},{"floor":9.0,"key":"Question Card"},{"floor":11.0,"key":"Akabeko"},{"floor":13.0,"key":"Sundial"},{"floor":19.0,"key":"Red Mask"},{"floor":24.0,"key":"Molten Egg 2"},{"floor":26.0,"key":"Letter Opener"},{"floor":28.0,"key":"Bird Faced Urn"},{"floor":30.0,"key":"War Paint"},{"floor":37.0,"key":"Ice Cream"},{"floor":40.0,"key":"Bronze Scales"},{"floor":42.0,"key":"Strawberry"},{"floor":44.0,"key":"Singing Bowl"},{"floor":54,"key":"Oddly Smooth Stone"}],"event_choices":[{"cards_removed":["theVacant:VacantStarterStrike"],"damage_healed":0.0,"max_hp_gain":0.0,"max_hp_loss":0.0,"gold_gain":0.0,"event_name":"Golden Wing","player_choice":"Card Removal","floor":2.0,"gold_loss":0.0,"damage_taken":7.0},{"damage_healed":0.0,"max_hp_gain":0.0,"max_hp_loss":0.0,"gold_gain":0.0,"cards_transformed":["theVacant:VacantStarterStrike"],"event_name":"Living Wall","player_choice":"Change","floor":3.0,"gold_loss":0.0,"damage_taken":0.0,"cards_obtained":["theVacant:EmbraceDarkness"]},{"damage_healed":0.0,"max_hp_gain":0.0,"max_hp_loss":0.0,"gold_gain":0.0,"cards_transformed":["theVacant:VacantStarterDefend"],"event_name":"Transmorgrifier","player_choice":"Transformed","floor":4.0,"gold_loss":0.0,"damage_taken":0.0,"cards_obtained":["theVacant:Voidstone"]},{"damage_healed":0.0,"max_hp_gain":0.0,"max_hp_loss":0.0,"gold_gain":0.0,"event_name":"Masked Bandits","player_choice":"Fought Bandits","floor":19.0,"gold_loss":0.0,"damage_taken":0.0},{"damage_healed":0.0,"max_hp_gain":0.0,"max_hp_loss":0.0,"gold_gain":0.0,"event_name":"The Library","player_choice":"Read","floor":27.0,"gold_loss":0.0,"damage_taken":0.0,"cards_obtained":["theVacant:Carve"]},{"damage_healed":0.0,"max_hp_gain":0.0,"max_hp_loss":0.0,"gold_gain":0.0,"event_name":"Ghosts","player_choice":"Ignored","floor":31.0,"gold_loss":0.0,"damage_taken":0.0},{"damage_healed":0.0,"max_hp_gain":0.0,"max_hp_loss":0.0,"gold_gain":0.0,"event_name":"MindBloom","player_choice":"Fight","floor":37.0,"gold_loss":0.0,"damage_taken":0.0},{"damage_healed":0,"gold_gain":0,"player_choice":"Embrace Madness","damage_taken":12,"max_hp_gain":0,"max_hp_loss":0,"event_name":"Winding Halls","floor":48,"gold_loss":0,"cards_obtained":["Madness","Madness"]}],"is_beta":false,"boss_relics":[{"not_picked":["Fusion Hammer","Pandora\u0027s Box"],"picked":"Empty Cage"},{"not_picked":["Runic Pyramid","Snecko Eye"],"picked":"Busted Crown"}],"items_purged_floors":[20,36,47,53],"is_endless":false,"potions_floor_spawned":[1,13,14,16,18,21,24,30,35,38,39],"ascension_level":1}}