{"host":"eaiphzh066bwqdh7","time":1613682370,"event":{"mods":["AchievementEnabler","Aspiration","BaseMod","Better Note","Colored Powertips","Halation","Highlight Path","Hubris","Infinite Spire","Minty Spire (QoL Compilation)","Quick Restart","Reliquary","Replay The Spire","StSLib"],"gold_per_floor":[116,126,51,51,51,76,76,76,76,76,94,94,165,193,193,294,294,309,4,14,14,14,14],"floor_reached":22,"language":"ENG","playtime":517,"items_purged":["Defend_P"],"score":258,"play_id":"b709f79b-7761-45a0-b937-dc0d19d882da","local_time":"20210218160610","is_ascension_mode":true,"campfire_choices":[{"data":"Study","floor":8,"key":"SMITH"},{"data":"Worship","floor":10,"key":"SMITH"},{"floor":15,"key":"REST"}],"circlet_count":0,"master_deck":["Strike_P","Strike_P","Strike_P","Strike_P","Defend_P","Defend_P","Defend_P","Eruption","Vigilance","Worship+1","Study+1","Establishment","Alpha","Vault"],"relics":["PureWater","NeowsBlessing","Molten Egg 2","hubris:OldNail","Shuriken","aspiration:FetidBarrel","halation:BlackBeret","aspiration:SilentSkillbook","Durian","NlothsMask"],"acts_visited":["Exordium","TheCity"],"potions_floor_usage":[6,16,16,20],"damage_taken":[{"damage":0,"enemies":"Cultist","floor":1,"turns":1},{"damage":0,"enemies":"Jaw Worm","floor":2,"turns":1},{"damage":0,"enemies":"3 Sentries","floor":6,"turns":1},{"damage":0,"enemies":"Small Slimes","floor":11,"turns":2},{"damage":62,"enemies":"Gremlin Nob","floor":14,"turns":5},{"damage":33,"enemies":"The Guardian","floor":16,"turns":9},{"damage":49,"enemies":"Shell Parasite","floor":18,"turns":5},{"damage":27,"enemies":"Chosen","floor":20,"turns":5},{"damage":11,"enemies":"Snake Plant","floor":22,"turns":1}],"seed_played":"-5755975298683074229","potions_obtained":[{"floor":1,"key":"PowerPotion"},{"floor":6,"key":"CultistPotion"},{"floor":14,"key":"Death Potion"},{"floor":18,"key":"Block Potion"}],"is_trial":false,"path_per_floor":["M","M","$","?","?","E","$","R","T","R","M","?","T","E","R","B",null,"M","$","M","?","M"],"character_chosen":"WATCHER","items_purchased":["Durian"],"campfire_rested":1,"item_purchase_floors":[19],"current_hp_per_floor":[72,72,72,72,72,72,72,72,72,72,72,75,75,13,35,2,75,26,31,4,4,0,0],"gold":14,"neow_bonus":"THREE_ENEMY_KILL","is_daily":false,"chose_seed":false,"campfire_upgraded":2,"win_rate":0.0,"timestamp":1613682370,"path_taken":["M","M","?","?","?","E","$","R","T","R","?","?","?","E","R","BOSS","M","$","?","?","M"],"items_purchased_type":["Relic"],"build_version":"2020-12-22","purchased_purges":1,"victory":false,"max_hp_per_floor":[72,72,72,72,72,72,72,72,72,72,72,75,75,75,75,75,75,75,80,80,80,80,80],"card_choices":[{"not_picked":["Wireheading","Conclude","Consecrate"],"picked":"SKIP","floor":1},{"not_picked":["BattleHymn","EmptyFist"],"picked":"Worship","floor":2},{"not_picked":["Replay:Hum","Tantrum+1"],"picked":"Study","floor":6},{"not_picked":["Evaluate","Crescendo","JustLucky+1"],"picked":"SKIP","floor":11},{"not_picked":["Worship","CarveReality+1"],"picked":"Establishment","floor":14},{"not_picked":["SpiritShield","Scrawl"],"picked":"Alpha","floor":16},{"not_picked":["Collect+1","Protect","Indignation","Tactician"],"picked":"SKIP","floor":18},{"not_picked":["EmptyBody+1","SashWhip+1","FollowUp+1"],"picked":"Vault","floor":20}],"player_experience":324048,"relics_obtained":[{"floor":6,"key":"hubris:OldNail"},{"floor":9,"key":"Shuriken"},{"floor":13,"key":"aspiration:FetidBarrel"},{"floor":14,"key":"halation:BlackBeret"}],"event_choices":[{"cards_removed":["Injury"],"damage_healed":0,"gold_gain":0,"player_choice":"Purged","damage_taken":0,"max_hp_gain":0,"max_hp_loss":0,"event_name":"Purifier","floor":5,"gold_loss":0},{"damage_healed":0,"gold_gain":0,"player_choice":"Trade","damage_taken":0,"relics_obtained":["NlothsMask"],"max_hp_gain":0,"max_hp_loss":0,"event_name":"FaceTrader","floor":21,"gold_loss":0}],"is_beta":false,"boss_relics":[{"not_picked":["reliquary:RustamsPendant","reliquary:WritOfMandamus"],"picked":"aspiration:SilentSkillbook"}],"items_purged_floors":[3],"is_endless":false,"potions_floor_spawned":[1,6,14,18],"killed_by":"Snake Plant","ascension_level":4}}