{"host":"0pyv9je0pz1gg9m7","time":1613672002,"event":{"mods":["AchievementEnabler","BaseMod","Colored Map","DeckTracker","Minty Spire (QoL Compilation)","Permanent Neow","StSLib","SuperFastMode","everything is the same but u backflip on backflip"],"gold_per_floor":[10,26,41,51,64,93,93,93,145,174,206,206,206,217,217,293,293,247,262,262,276,276,276,276,276],"floor_reached":24,"language":"KOR","playtime":802,"items_purged":[],"score":416,"play_id":"594a207b-6f0b-4fe5-a4eb-8217a8afdca4","local_time":"20210219031322","is_ascension_mode":true,"campfire_choices":[{"floor":7.0,"key":"REST"},{"data":"Sadistic Nature","floor":12.0,"key":"SMITH"},{"data":"Neutralize","floor":15.0,"key":"SMITH"},{"floor":23,"key":"REST"}],"circlet_count":0,"master_deck":["AscendersBane","Strike_G","Strike_G","Strike_G","Strike_G","Defend_G","Defend_G","Defend_G","Defend_G","Defend_G","Survivor","Neutralize+1","Sadistic Nature+1","Poisoned Stab","Dash","Dagger Spray","Deadly Poison","Deadly Poison","Leg Sweep","Backstab","Venomology","Burst","Venomology","Malaise","Neutralize","PiercingWail"],"relics":["Ring of the Snake","WingedGreaves","Tiny Chest","Odd Mushroom","Blue Candle","SacredBark","Oddly Smooth Stone"],"acts_visited":["Exordium","TheCity"],"potions_floor_usage":[21,21,24,24],"damage_taken":[{"damage":8.0,"enemies":"Cultist","floor":1.0,"turns":5.0},{"damage":8.0,"enemies":"Small Slimes","floor":2.0,"turns":4.0},{"damage":0.0,"enemies":"Jaw Worm","floor":3.0,"turns":3.0},{"damage":19.0,"enemies":"Exordium Wildlife","floor":4.0,"turns":4.0},{"damage":9.0,"enemies":"Large Slime","floor":5.0,"turns":5.0},{"damage":10.0,"enemies":"Lagavulin","floor":6.0,"turns":6.0},{"damage":11.0,"enemies":"The Mushroom Lair","floor":10.0,"turns":4.0},{"damage":10.0,"enemies":"Gremlin Nob","floor":11.0,"turns":4.0},{"damage":12.0,"enemies":"Exordium Thugs","floor":14.0,"turns":4.0},{"damage":4.0,"enemies":"Hexaghost","floor":16.0,"turns":10.0},{"damage":27.0,"enemies":"2 Thieves","floor":18.0,"turns":5.0},{"damage":5.0,"enemies":"3 Byrds","floor":19.0,"turns":6.0},{"damage":17,"enemies":"Snake Plant","floor":21,"turns":5},{"damage":23,"enemies":"Masked Bandits","floor":24,"turns":3}],"seed_played":"2055013246854843835","potions_obtained":[{"floor":1.0,"key":"Poison Potion"},{"floor":5.0,"key":"Dexterity Potion"},{"floor":6.0,"key":"GamblersBrew"},{"floor":21,"key":"SpeedPotion"}],"is_trial":false,"path_per_floor":["M","M","M","M","M","E","R","?","T","?","E","R","?","M","R","B",null,"M","M","?","M","T","R","?"],"character_chosen":"THE_SILENT","items_purchased":[],"campfire_rested":2,"item_purchase_floors":[],"current_hp_per_floor":[51,43,43,24,15,5,24,46,46,35,25,25,25,13,13,9,52,25,20,20,3,3,22,0,0],"gold":276,"neow_bonus":"RANDOM_COLORLESS_2","is_daily":false,"chose_seed":false,"campfire_upgraded":2,"win_rate":0.0,"timestamp":1613672002,"path_taken":["M","M","?","M","M","E","R","?","T","?","E","R","?","M","R","BOSS","M","M","?","M","?","R","?"],"items_purchased_type":[],"build_version":"2020-12-22","purchased_purges":0,"victory":false,"max_hp_per_floor":[66,66,66,66,66,66,66,66,66,66,66,66,66,66,66,66,66,66,66,66,66,66,66,66,66],"card_choices":[{"not_picked":["Mayhem","Metamorphosis"],"picked":"Sadistic Nature","floor":0.0},{"not_picked":["Tactician","Riddle With Holes"],"picked":"Poisoned Stab","floor":1.0},{"not_picked":["Flechettes","Underhanded Strike"],"picked":"Dash","floor":2.0},{"not_picked":["Deflect","Dagger Throw"],"picked":"Dagger Spray","floor":3.0},{"not_picked":["Dagger Throw","Riddle With Holes"],"picked":"Deadly Poison","floor":4.0},{"not_picked":["Backflip","Prepared"],"picked":"Deadly Poison","floor":5.0},{"not_picked":["Heel Hook","Accuracy"],"picked":"Leg Sweep","floor":6.0},{"not_picked":["Accuracy","Riddle With Holes"],"picked":"Backstab","floor":11.0},{"not_picked":["Bane","Deadly Poison","Unload"],"picked":"SKIP","floor":14.0},{"not_picked":["Unload","Venomology"],"picked":"Burst","floor":16.0},{"not_picked":["Bane","Accuracy","Flying Knee"],"picked":"SKIP","floor":18.0},{"not_picked":["Slice","Acrobatics"],"picked":"Venomology","floor":19.0},{"not_picked":["Bouncing Flask","Dash"],"picked":"PiercingWail","floor":21}],"player_experience":455114,"relics_obtained":[{"floor":6.0,"key":"WingedGreaves"},{"floor":9.0,"key":"Tiny Chest"},{"floor":10.0,"key":"Odd Mushroom"},{"floor":11.0,"key":"Blue Candle"},{"floor":22,"key":"Oddly Smooth Stone"}],"event_choices":[{"damage_healed":22.0,"max_hp_gain":0.0,"max_hp_loss":0.0,"gold_gain":0.0,"event_name":"Big Fish","player_choice":"Banana","floor":8.0,"gold_loss":0.0,"damage_taken":0.0},{"damage_healed":0.0,"max_hp_gain":0.0,"max_hp_loss":0.0,"gold_gain":0.0,"event_name":"Mushrooms","player_choice":"Fought Mushrooms","floor":10.0,"gold_loss":0.0,"damage_taken":0.0},{"damage_healed":0.0,"max_hp_gain":0.0,"max_hp_loss":0.0,"gold_gain":0.0,"cards_transformed":["Strike_G"],"event_name":"Living Wall","player_choice":"Change","floor":13.0,"gold_loss":0.0,"damage_taken":0.0,"cards_obtained":["Venomology"]},{"damage_healed":0,"gold_gain":0,"player_choice":"2 cards matched","damage_taken":0,"max_hp_gain":0,"max_hp_loss":0,"event_name":"Match and Keep!","floor":20,"gold_loss":0,"cards_obtained":["Malaise","Neutralize"]},{"damage_healed":0,"gold_gain":0,"player_choice":"Fought Bandits","damage_taken":0,"max_hp_gain":0,"max_hp_loss":0,"event_name":"Masked Bandits","floor":24,"gold_loss":0}],"is_beta":false,"boss_relics":[{"not_picked":["Cursed Key","Ectoplasm"],"picked":"SacredBark"}],"items_purged_floors":[],"is_endless":false,"potions_floor_spawned":[1,5,6,21],"killed_by":"Masked Bandits","ascension_level":20}}