{"host":"mithrandi","time":1613677914,"event":{"mods":["BaseMod","Colored Map","Highlight Path","Minty Spire (QoL Compilation)","SuperFastMode"],"gold_per_floor":[115,128,203,203,203,203,235,249,273,300,316,316,241,31,31,108,108,128,145,6,6,18,18,52,52,103,103,132,145,145,177,177,253,253,263,18,43,43,60,92,92,109,135,0,0,0,20,32,32,32,32,32,32,32,66,66,66],"floor_reached":56,"language":"ENG","playtime":3897,"items_purged":["Defend_R"],"score":1907,"play_id":"05780268-91b2-4689-b496-95be8d08d414","local_time":"20210218215154","is_ascension_mode":true,"campfire_choices":[{"data":"Sword Boomerang","floor":6.0,"key":"SMITH"},{"data":"True Grit","floor":12.0,"key":"SMITH"},{"data":"Uppercut","floor":15.0,"key":"SMITH"},{"data":"Sentinel","floor":23.0,"key":"SMITH"},{"data":"Pummel","floor":25.0,"key":"SMITH"},{"data":"Limit Break","floor":30.0,"key":"SMITH"},{"data":"Fire Breathing","floor":32.0,"key":"SMITH"},{"data":"1","floor":46.0,"key":"LIFT"},{"floor":49.0,"key":"RECALL"},{"data":"2","floor":53.0,"key":"LIFT"}],"circlet_count":0,"master_deck":["AscendersBane","Defend_R","Defend_R","Defend_R","Bash+1","Clothesline","Sword Boomerang+1","Regret","Uppercut+1","True Grit+1","Anger","Immolate","Combust","Fire Breathing+1","Disarm","Reaper","Cleave+1","Bloodletting+1","Battle Trance+1","Shrug It Off","Sever Soul","Wild Strike","Inflame","Sword Boomerang+1","Sentinel+1","Feel No Pain+1","Pummel+1","Necronomicurse","Limit Break+1","Reaper","Limit Break","Wild Strike+1","Shrug It Off","Feel No Pain","Whirlwind","Madness","Discovery","Thinking Ahead"],"relics":["Burning Blood","Du-Vu Doll","PreservedInsect","Prayer Wheel","Strawberry","Happy Flower","MealTicket","Bag of Preparation","Astrolabe","Bag of Marbles","Smiling Mask","Necronomicon","Vajra","Whetstone","Busted Crown","ClockworkSouvenir","Girya","Peace Pipe","Red Mask","InkBottle"],"acts_visited":["Exordium","TheCity","TheBeyond","TheEnding"],"potions_floor_usage":[56],"damage_taken":[{"damage":1.0,"enemies":"2 Louse","floor":1.0,"turns":4.0},{"damage":4.0,"enemies":"Jaw Worm","floor":2.0,"turns":3.0},{"damage":21.0,"enemies":"Lagavulin","floor":7.0,"turns":5.0},{"damage":0.0,"enemies":"Small Slimes","floor":8.0,"turns":2.0},{"damage":11.0,"enemies":"3 Sentries","floor":10.0,"turns":6.0},{"damage":4.0,"enemies":"3 Louse","floor":11.0,"turns":2.0},{"damage":22.0,"enemies":"Hexaghost","floor":16.0,"turns":8.0},{"damage":7.0,"enemies":"Chosen","floor":18.0,"turns":3.0},{"damage":21.0,"enemies":"2 Thieves","floor":19.0,"turns":2.0},{"damage":10.0,"enemies":"Snecko","floor":22.0,"turns":3.0},{"damage":7.0,"enemies":"Slavers","floor":24.0,"turns":2.0},{"damage":46.0,"enemies":"Gremlin Leader","floor":28.0,"turns":6.0},{"damage":0.0,"enemies":"Snake Plant","floor":29.0,"turns":2.0},{"damage":0.0,"enemies":"Slavers","floor":31.0,"turns":3.0},{"damage":74.0,"enemies":"Collector","floor":33.0,"turns":7.0},{"damage":0.0,"enemies":"Orb Walker","floor":35.0,"turns":1.0},{"damage":27.0,"enemies":"Mind Bloom Boss Battle","floor":37.0,"turns":4.0},{"damage":7.0,"enemies":"3 Darklings","floor":39.0,"turns":3.0},{"damage":53.0,"enemies":"Reptomancer","floor":40.0,"turns":5.0},{"damage":13.0,"enemies":"Sphere and 2 Shapes","floor":42.0,"turns":16.0},{"damage":15.0,"enemies":"4 Shapes","floor":47.0,"turns":3.0},{"damage":6.0,"enemies":"Transient","floor":48.0,"turns":6.0},{"damage":78.0,"enemies":"Donu and Deca","floor":50.0,"turns":6.0},{"damage":89.0,"enemies":"Awakened One","floor":51.0,"turns":8.0},{"damage":67.0,"enemies":"Shield and Spear","floor":55.0,"turns":4.0},{"damage":96,"enemies":"The Heart","floor":56,"turns":5}],"seed_played":"-3315419636327610142","potions_obtained":[{"floor":2.0,"key":"Weak Potion"},{"floor":10.0,"key":"BlessingOfTheForge"},{"floor":11.0,"key":"EssenceOfSteel"},{"floor":22.0,"key":"SteroidPotion"},{"floor":28.0,"key":"BloodPotion"},{"floor":39.0,"key":"SmokeBomb"},{"floor":40.0,"key":"ColorlessPotion"},{"floor":47.0,"key":"DuplicationPotion"},{"floor":48.0,"key":"Ancient Potion"}],"is_trial":false,"path_per_floor":["M","M","?","?","?","R","E","M","T","E","M","R","?","$","R","B",null,"M","M","$","?","M","R","E","R","T","?","E","M","R","E","R","B",null,"M","$","?","?","M","E","?","M","T","?","$","R","M","M","R","B","B",null,"R","$","E","B"],"character_chosen":"IRONCLAD","items_purchased":["Bag of Preparation","Disarm","Inflame","Sword Boomerang","ClockworkSouvenir","Shrug It Off"],"campfire_rested":0,"item_purchase_floors":[14,14,20,20,36,36],"current_hp_per_floor":[68,68,57,57,52,52,44,50,50,45,47,47,47,62,62,46,68,75,63,75,75,71,71,70,70,70,49,27,54,54,60,60,7,58,64,75,59,59,74,27,17,10,10,10,25,25,71,75,75,39,26,63,63,75,32,0,0],"gold":66,"neow_bonus":"ONE_RARE_RELIC","is_daily":false,"chose_seed":false,"campfire_upgraded":7,"win_rate":0.0,"timestamp":1613677914,"path_taken":["M","M","?","?","?","R","E","M","T","E","M","R","?","$","R","BOSS","M","M","$","?","M","R","E","R","T","?","E","M","R","E","R","BOSS","M","$","?","?","M","E","?","M","T","?","?","R","M","M","R","BOSS","BOSS","R","$","E","BOSS"],"items_purchased_type":["Relic","Card","Card","Card","Relic","Card"],"build_version":"2020-12-18","purchased_purges":1,"victory":false,"max_hp_per_floor":[68,68,68,68,68,68,75,75,75,75,75,75,75,75,75,75,75,75,75,75,75,75,75,75,75,75,75,75,75,75,75,75,75,75,75,75,75,75,75,75,75,75,75,75,75,75,75,75,75,75,75,75,75,75,75,75,75],"card_choices":[{"not_picked":["Clash","Iron Wave"],"picked":"Clothesline","floor":1.0},{"not_picked":["Dual Wield","Bloodletting"],"picked":"Sword Boomerang","floor":2.0},{"not_picked":["Berserk","Dropkick"],"picked":"Uppercut","floor":7.0},{"not_picked":["Clothesline","Feel No Pain"],"picked":"True Grit","floor":8.0},{"not_picked":["Flex","True Grit"],"picked":"Anger","floor":8.0},{"not_picked":["Seeing Red","Anger"],"picked":"Immolate","floor":10.0},{"not_picked":["True Grit","Ghostly Armor"],"picked":"Combust","floor":11.0},{"not_picked":["Armaments","Wild Strike"],"picked":"Fire Breathing","floor":11.0},{"not_picked":["Impervious","Immolate"],"picked":"Reaper","floor":16.0},{"not_picked":["Bloodletting","Heavy Blade"],"picked":"Shrug It Off","floor":18.0},{"not_picked":["Heavy Blade","Twin Strike"],"picked":"Sever Soul","floor":18.0},{"not_picked":["Searing Blow","Cleave"],"picked":"Feel No Pain","floor":19.0},{"not_picked":["Twin Strike","Havoc"],"picked":"Wild Strike","floor":19.0},{"not_picked":["Heavy Blade","Anger"],"picked":"Sentinel","floor":22.0},{"not_picked":["Flame Barrier","Anger"],"picked":"Feel No Pain+1","floor":22.0},{"not_picked":["Burning Pact","Clothesline"],"picked":"Pummel","floor":24.0},{"not_picked":["Hemokinesis","Rage","Headbutt"],"picked":"SKIP","floor":28.0},{"not_picked":["Warcry","Flame Barrier"],"picked":"Limit Break","floor":29.0},{"not_picked":["Clothesline","Cleave+1","Combust"],"picked":"SKIP","floor":29.0},{"not_picked":["Uppercut+1","Spot Weakness"],"picked":"Reaper","floor":31.0},{"not_picked":["Fiend Fire","Impervious"],"picked":"Limit Break","floor":33.0},{"not_picked":[],"picked":"Wild Strike+1","floor":35.0},{"not_picked":["Iron Wave"],"picked":"SKIP","floor":35.0},{"not_picked":[],"picked":"Feel No Pain","floor":37.0},{"not_picked":[],"picked":"Whirlwind","floor":39.0},{"not_picked":["Wild Strike"],"picked":"SKIP","floor":39.0},{"not_picked":["Perfected Strike"],"picked":"SKIP","floor":40.0},{"not_picked":[],"picked":"Madness","floor":41.0},{"not_picked":[],"picked":"Discovery","floor":41.0},{"not_picked":[],"picked":"Thinking Ahead","floor":41.0},{"not_picked":["Iron Wave"],"picked":"SKIP","floor":42.0},{"not_picked":["Havoc"],"picked":"SKIP","floor":42.0},{"not_picked":["Anger"],"picked":"SKIP","floor":47.0},{"not_picked":["Havoc"],"picked":"SKIP","floor":47.0},{"not_picked":["Rampage"],"picked":"SKIP","floor":48.0},{"not_picked":["Iron Wave"],"picked":"SKIP","floor":48.0},{"not_picked":["Wild Strike"],"picked":"SKIP","floor":55.0}],"player_experience":2999572,"relics_obtained":[{"floor":7.0,"key":"Strawberry"},{"floor":9.0,"key":"Happy Flower"},{"floor":10.0,"key":"MealTicket"},{"floor":24.0,"key":"Bag of Marbles"},{"floor":26.0,"key":"Smiling Mask"},{"floor":27.0,"key":"Necronomicon"},{"floor":28.0,"key":"Vajra"},{"floor":31.0,"key":"Whetstone"},{"floor":37.0,"key":"Girya"},{"floor":40.0,"key":"Peace Pipe"},{"floor":55.0,"key":"InkBottle"}],"event_choices":[{"damage_healed":0.0,"max_hp_gain":0.0,"max_hp_loss":0.0,"gold_gain":75.0,"event_name":"World of Goop","player_choice":"Gather Gold","floor":3.0,"gold_loss":0.0,"damage_taken":11.0},{"damage_healed":0.0,"max_hp_gain":0.0,"max_hp_loss":0.0,"gold_gain":0.0,"event_name":"Big Fish","player_choice":"Box","floor":4.0,"gold_loss":0.0,"damage_taken":0.0,"relics_obtained":["PreservedInsect"],"cards_obtained":["Regret"]},{"damage_healed":0.0,"max_hp_gain":0.0,"max_hp_loss":0.0,"gold_gain":0.0,"event_name":"Scrap Ooze","player_choice":"Success","floor":5.0,"gold_loss":0.0,"damage_taken":5.0,"relics_obtained":["Prayer Wheel"]},{"cards_removed":["Strike_R"],"damage_healed":0.0,"max_hp_gain":0.0,"max_hp_loss":0.0,"gold_gain":0.0,"event_name":"The Cleric","player_choice":"Card Removal","floor":13.0,"gold_loss":75.0,"damage_taken":0.0},{"cards_removed":["Strike_R"],"damage_healed":0.0,"max_hp_gain":0.0,"max_hp_loss":0.0,"gold_gain":0.0,"event_name":"Back to Basics","player_choice":"Elegance","floor":21.0,"gold_loss":0.0,"damage_taken":0.0},{"damage_healed":0.0,"max_hp_gain":0.0,"max_hp_loss":0.0,"gold_gain":0.0,"event_name":"Cursed Tome","player_choice":"Obtained Book","floor":27.0,"gold_loss":0.0,"damage_taken":21.0},{"damage_healed":0.0,"max_hp_gain":0.0,"max_hp_loss":0.0,"gold_gain":0.0,"event_name":"MindBloom","player_choice":"Fight","floor":37.0,"gold_loss":0.0,"damage_taken":0.0},{"cards_removed":["Feel No Pain"],"damage_healed":0.0,"max_hp_gain":0.0,"max_hp_loss":0.0,"gold_gain":0.0,"event_name":"Falling","player_choice":"Removed Power","floor":38.0,"gold_loss":0.0,"damage_taken":0.0},{"damage_healed":0.0,"max_hp_gain":0.0,"max_hp_loss":0.0,"gold_gain":0.0,"event_name":"SensoryStone","player_choice":"Memory 3","floor":41.0,"gold_loss":0.0,"damage_taken":10.0},{"damage_healed":0.0,"max_hp_gain":0.0,"max_hp_loss":0.0,"gold_gain":0.0,"event_name":"Tomb of Lord Red Mask","player_choice":"Paid","floor":44.0,"gold_loss":135.0,"damage_taken":0.0,"relics_obtained":["Red Mask"]}],"is_beta":true,"boss_relics":[{"not_picked":["Snecko Eye","Pandora\u0027s Box"],"picked":"Astrolabe"},{"not_picked":["SacredBark","Fusion Hammer"],"picked":"Busted Crown"}],"items_purged_floors":[36],"is_endless":false,"potions_floor_spawned":[2,10,11,16,19,22,28,29,39,40,47,48],"killed_by":"The Heart","ascension_level":20}}