{"host":"9nqlpswyo8o6ezw3","time":1613692691,"event":{"mods":["Act Like it!","BaseMod","Colored Powertips","Downfall","Hallownest","Hermit","Lobotomy","LobotomyExtend","Marisa????????","Minty Spire (QoL Compilation)","StSLib","The Bug Knight","The Cursed","The Jungle"],"gold_per_floor":[115,127,127,127,127,127,139,139,139,159,39,97,97,107,107,202,202,216,228,228,238,263,275,306,318,330,342,354,383,395,395],"floor_reached":30,"language":"ENG","playtime":2035,"items_purged":[],"score":320,"play_id":"0c586582-73fe-4a9f-b856-6b485e021e00","local_time":"20210218185811","is_ascension_mode":false,"campfire_choices":[{"data":"hermit:Snapshot","floor":6,"key":"SMITH"},{"data":"hermit:EyeOfTheStorm","floor":8,"key":"SMITH"},{"data":"hermit:Combo","floor":13,"key":"SMITH"},{"data":"hermit:TakeAim","floor":15,"key":"SMITH"},{"floor":23,"key":"DIG"},{"data":"hermit:LoneWolf","floor":25,"key":"SMITH"}],"circlet_count":0,"master_deck":["hermit:Strike_Hermit","hermit:Strike_Hermit","hermit:Strike_Hermit","hermit:Strike_Hermit","hermit:Defend_Hermit","hermit:Defend_Hermit","hermit:Defend_Hermit","hermit:Defend_Hermit","hermit:Snapshot+1","hermit:Covet","OldLady","hermit:Dive","hermit:EyeOfTheStorm+1","UniverseFragment","Regret","ShyLook","hermit:BigShot","Wellcheers","hermit:Combo+1","hermit:PistolWhip","DreamingCurrent","hermit:Deadeye","OSAHOGD","hermit:TakeAim+1","hermit:FatalDesire","hermit:LoneWolf+1","hermit:CursedWeapon","Writhe","hermit:GoldenBullet","Normality","hermit:Headshot","Writhe","Writhe","hermit:Spite+1"],"relics":["hermit:Momento","CogitoBucket","RabbitCall","LetterFromLob","Eternal Feather","hermit:RedScarf","Meat on the Bone","Cursed Key","Shovel","MawBank","Bottled Lightning","AspirationHeart","hermit:Horseshoe","HollowMod:StagPassRelic"],"acts_visited":["Exordium","Exordium"],"potions_floor_usage":[16,21,29,30],"damage_taken":[{"damage":0,"enemies":"Cultist","floor":1,"turns":3},{"damage":1,"enemies":"2 Louse","floor":2,"turns":2},{"damage":2,"enemies":"Small Slimes","floor":7,"turns":5},{"damage":1,"enemies":"Blue Slaver","floor":10,"turns":3},{"damage":21,"enemies":"3 Sentries","floor":12,"turns":9},{"damage":35,"enemies":"Gremlin Gang","floor":14,"turns":6},{"damage":74,"enemies":"Hexaghost","floor":16,"turns":11},{"damage":37,"enemies":"theJungle:Flameango_and_Byrd","floor":18,"turns":7},{"damage":17,"enemies":"theJungle:MUSHROOMGANG","floor":19,"turns":4},{"damage":21,"enemies":"theJungle:JungleHuntersEncounter","floor":21,"turns":6},{"damage":86,"enemies":"Snake Plant","floor":24,"turns":10},{"damage":65,"enemies":"theJungle:2_Snecko_Cultists","floor":29,"turns":6},{"damage":87,"enemies":"theJungle:Cassacara","floor":30,"turns":8}],"seed_played":"809784403076519181","potions_obtained":[{"floor":7,"key":"BlessingOfTheForge"},{"floor":10,"key":"AttackPotion"},{"floor":12,"key":"Weak Potion"},{"floor":16,"key":"GamblersBrew"},{"floor":18,"key":"Energy Potion"},{"floor":21,"key":"Slimebound:ThreeZeroPotion"}],"is_trial":false,"path_per_floor":["M","M","?","?","?","R","M","R","T","M","$","?","R","M","R","B",null,"M","M","?","M","T","R","M","R","T","?","T","M","E"],"character_chosen":"HERMIT","items_purchased":["hermit:Combo","hermit:PistolWhip"],"campfire_rested":0,"item_purchase_floors":[11,11],"current_hp_per_floor":[75,74,74,74,74,75,73,75,75,74,74,59,71,57,69,60,75,67,74,74,75,75,75,51,69,69,71,71,31,0,0],"gold":395,"neow_bonus":"","is_daily":false,"chose_seed":false,"campfire_upgraded":5,"win_rate":0.0,"timestamp":1613692691,"path_taken":["M","?","?","?","?","R","M","R","T","M","$","?","R","M","R","BOSS","M","?","?","M","?","R","?","R","T","?","?","M","E"],"items_purchased_type":["Card","Card"],"build_version":"2020-12-22","purchased_purges":0,"victory":false,"max_hp_per_floor":[75,75,75,75,75,75,75,75,75,75,75,75,75,75,75,75,75,75,75,75,75,75,75,85,85,85,85,85,85,85,85],"card_choices":[{"not_picked":["SpiderBud","OSAHOGD","CherryBlossoms"],"picked":"Singing Bowl","floor":1},{"not_picked":["VoidDream","FairyFestival"],"picked":"OldLady","floor":1},{"not_picked":["hermit:Midnight","hermit:HighCaliber"],"picked":"hermit:Dive","floor":1},{"not_picked":["hermit:Spite","hermit:Feint"],"picked":"hermit:EyeOfTheStorm","floor":2},{"not_picked":["WallGazer","FairyFestival","Murderer"],"picked":"Singing Bowl","floor":2},{"not_picked":["GreedKing","GalaxyChild"],"picked":"UniverseFragment","floor":2},{"not_picked":["PunishingBird","DreamingCurrent","MeatLantern"],"picked":"Singing Bowl","floor":7},{"not_picked":["Murderer","CherryBlossoms"],"picked":"ShyLook","floor":7},{"not_picked":["hermit:Snipe","hermit:ItchyTrigger"],"picked":"hermit:BigShot","floor":7},{"not_picked":["hermit:Horror","hermit:LowProfile"],"picked":"hermit:Roughhouse","floor":10},{"not_picked":["BigBadWolf","LittlePrince","GalaxyChild"],"picked":"Singing Bowl","floor":10},{"not_picked":["FairyFestival","MHz"],"picked":"Wellcheers","floor":10},{"not_picked":["WallGazer","SpiderBud"],"picked":"DreamingCurrent","floor":12},{"not_picked":["hermit:Ricochet","hermit:Desperado"],"picked":"hermit:Deadeye","floor":12},{"not_picked":["BodiesMountain","VoidDream","WhitesApple"],"picked":"Singing Bowl","floor":14},{"not_picked":["SpiderBud","BigBadWolf"],"picked":"OSAHOGD","floor":14},{"not_picked":["hermit:WideOpen","hermit:TrackingShot"],"picked":"hermit:TakeAim","floor":14},{"not_picked":["hermit:Magnum","hermit:RoundhouseKick"],"picked":"hermit:FatalDesire","floor":16},{"not_picked":["BigBadWolf","CherryBlossoms","MHz"],"picked":"Singing Bowl","floor":16},{"not_picked":["Murderer","Bloodbath","PunishingBird"],"picked":"Singing Bowl","floor":18},{"not_picked":["hermit:WideOpen+1","hermit:FullyLoaded+1"],"picked":"hermit:LoneWolf","floor":18},{"not_picked":["VoidDream","BeautyBeast","CrumblingArmor"],"picked":"Singing Bowl","floor":19},{"not_picked":["hermit:Scavenge","hermit:LuckOfTheDraw"],"picked":"hermit:CursedWeapon","floor":19},{"not_picked":["MHz","FairyFestival"],"picked":"Yin","floor":21},{"not_picked":["hermit:Shortfuse","hermit:Roulette"],"picked":"hermit:GoldenBullet","floor":21},{"not_picked":["hermit:Quickdraw","hermit:Roulette"],"picked":"hermit:Headshot","floor":24},{"not_picked":["Laetitia","NothingThere","NakedNest"],"picked":"Singing Bowl","floor":29},{"not_picked":["hermit:TrackingShot+1","hermit:Misfire"],"picked":"hermit:Spite+1","floor":29}],"player_experience":67805,"relics_obtained":[{"floor":1,"key":"LetterFromLob"},{"floor":9,"key":"hermit:RedScarf"},{"floor":12,"key":"Meat on the Bone"},{"floor":22,"key":"MawBank"},{"floor":23,"key":"Bottled Lightning"},{"floor":26,"key":"hermit:Horseshoe"},{"floor":28,"key":"HollowMod:StagPassRelic"}],"event_choices":[{"damage_healed":0,"gold_gain":0,"player_choice":"Box","damage_taken":0,"relics_obtained":["Eternal Feather"],"max_hp_gain":0,"max_hp_loss":0,"event_name":"Big Fish","floor":3,"gold_loss":0,"cards_obtained":["Regret"]},{"damage_healed":0,"gold_gain":0,"player_choice":"Leave","damage_taken":0,"max_hp_gain":0,"max_hp_loss":0,"event_name":"The Cleric","floor":5,"gold_loss":0},{"damage_healed":0,"gold_gain":0,"player_choice":"Searched \u00272\u0027 times","damage_taken":0,"max_hp_gain":0,"max_hp_loss":0,"event_name":"Dead Adventurer","floor":12,"gold_loss":0}],"is_beta":false,"boss_relics":[{"not_picked":["SacredBark","hermit:ClaspedLocket"],"picked":"Cursed Key"}],"items_purged_floors":[],"is_endless":false,"potions_floor_spawned":[7,10,12,16,18,21],"killed_by":"theJungle:Cassacara","ascension_level":0}}