{"host":"mr1ctipv0dcr6y8g","time":1613692588,"event":{"mods":["BaseMod","Beaked The Cultist","DeckTracker","Downfall","Energized Spire","Minty Spire (QoL Compilation)","READ ME - Guardian Mod","Shop Mod","StSLib","The Construct"],"gold_per_floor":[99,116,116,416,7,26,26,46,46,63,73,73,88,103,118,220,220,220,230,248,248,248,248,248,267,300,100,129,141,141,151,163,258,258,258,278,293,313,338,372,399,399,411,411,429,429,329,348,358,358,358,387,4,4,4,4,4,4],"floor_reached":56,"language":"ENG","playtime":12464,"items_purged":["downfall:Icky"],"score":722,"play_id":"f10ef83f-2f05-48d2-a29d-2694193d955a","local_time":"20210218165628","is_ascension_mode":false,"campfire_choices":[{"data":"Guardian:TwinSlam","floor":1.0,"key":"SMITH"},{"data":"expansioncontent:QuickStudy","floor":12.0,"key":"SMITH"},{"data":"Guardian:FierceBash","floor":18.0,"key":"SMITH"},{"data":"Guardian:ChargeCore","floor":23.0,"key":"SMITH"},{"data":"Guardian:ShieldCharger","floor":27.0,"key":"SMITH"},{"data":"Guardian:PiercingHide","floor":30.0,"key":"SMITH"},{"floor":35.0,"key":"RECALL"},{"floor":47,"key":"REST"},{"floor":54,"key":"REST"}],"circlet_count":0,"master_deck":["Guardian:Strike_Guardian","Guardian:Strike_Guardian","Guardian:Strike_Guardian","Guardian:Defend_Guardian","Guardian:Defend_Guardian","Guardian:Defend_Guardian","Guardian:Defend_Guardian","Guardian:CurlUp","Guardian:TwinSlam+1","Guardian:TimeCapacitor","expansioncontent:QuickStudy+1","Guardian:ChargeCore+1","Guardian:FierceBash+1","Guardian:ShieldCharger+1","Guardian:TimeBomb","Guardian:EvasiveProtocol","Guardian:PiercingHide+1","Guardian:ShieldSpikes","Guardian:HyperBeam_Guardian","Guardian:DonusPower+1","Guardian:ShieldCharger+1","Guardian:ShieldCharger+1","Guardian:Emergency","expansioncontent:Chronoboost","expansioncontent:PolyBeam","Guardian:Clone","Parasite","Guardian:Incinerate+1","Guardian:PiercingHide","Guardian:ChargeUp"],"relics":["Guardian:StasisSlotReductionRelic","downfall:ShatteredFragment","Guardian:PocketSentry","Matryoshka","beaked:MawFillet","Bag of Preparation","Bag of Marbles","downfall:HeartBlessingBlue","downfall:HeartBlessingGreen","Bottled Tornado","Fusion Hammer","construct:FoamFinger","HornCleat","Smiling Mask","Vajra","Shuriken","downfall:HeartBlessingRed","Mercury Hourglass","Ornamental Fan"],"acts_visited":["Exordium","TheCity","TheBeyond","TheEnding"],"potions_floor_usage":[50,50,50,50,50,50,55],"damage_taken":[{"damage":0.0,"enemies":"Small Slimes","floor":2.0,"turns":3.0},{"damage":5.0,"enemies":"downfall:FleeingMerchant","floor":5.0,"turns":4.0},{"damage":0.0,"enemies":"Jaw Worm","floor":6.0,"turns":2.0},{"damage":0.0,"enemies":"2 Louse","floor":8.0,"turns":2.0},{"damage":0.0,"enemies":"Blue Slaver","floor":10.0,"turns":2.0},{"damage":4.0,"enemies":"Red Slaver","floor":11.0,"turns":3.0},{"damage":4.0,"enemies":"2 Fungi Beasts","floor":13.0,"turns":2.0},{"damage":3.0,"enemies":"3 Louse","floor":14.0,"turns":2.0},{"damage":2.0,"enemies":"Exordium Thugs","floor":15.0,"turns":3.0},{"damage":15.0,"enemies":"WA_ARCHETYPE_RETAIN","floor":16.0,"turns":6.0},{"damage":6.0,"enemies":"downfall:LooterAlt2","floor":19.0,"turns":3.0},{"damage":0.0,"enemies":"Spheric Guardian","floor":20.0,"turns":3.0},{"damage":16.0,"enemies":"Snake Plant","floor":25.0,"turns":4.0},{"damage":11.0,"enemies":"Slavers","floor":26.0,"turns":5.0},{"damage":18.0,"enemies":"Gremlin Leader","floor":28.0,"turns":5.0},{"damage":3.0,"enemies":"Shelled Parasite and Fungi","floor":29.0,"turns":4.0},{"damage":0.0,"enemies":"Chosen and Byrds","floor":31.0,"turns":3.0},{"damage":0.0,"enemies":"Centurion and Healer","floor":32.0,"turns":4.0},{"damage":15.0,"enemies":"DF_ARCHETYPE_CLAW","floor":33.0,"turns":8.0},{"damage":9.0,"enemies":"3 Shapes","floor":36.0,"turns":4.0},{"damage":0.0,"enemies":"3 Darklings","floor":37.0,"turns":3.0},{"damage":8.0,"enemies":"4 Shapes","floor":38.0,"turns":3.0},{"damage":6.0,"enemies":"Nemesis","floor":39.0,"turns":5.0},{"damage":20.0,"enemies":"Giant Head","floor":40.0,"turns":7.0},{"damage":0,"enemies":"Spire Growth","floor":43,"turns":4},{"damage":0,"enemies":"Writhing Mass","floor":45,"turns":6},{"damage":7,"enemies":"Sphere and 2 Shapes","floor":48,"turns":4},{"damage":0,"enemies":"3 Darklings","floor":49,"turns":1},{"damage":50,"enemies":"IC_BLOCK_ARCHETYPE","floor":50,"turns":12},{"damage":27,"enemies":"downfall:CharBossMerchant","floor":52,"turns":8},{"damage":1,"enemies":"downfall:NeowBoss","floor":55,"turns":17},{"damage":111,"enemies":"downfall:NeowBossFinal","floor":56,"turns":11}],"seed_played":"6776776748843850467","potions_obtained":[{"floor":6.0,"key":"Swift Potion"},{"floor":8.0,"key":"PowerPotion"},{"floor":14.0,"key":"DuplicationPotion"},{"floor":29.0,"key":"Strength Potion"},{"floor":33.0,"key":"champ:CounterPotion"},{"floor":37.0,"key":"Ancient Potion"},{"floor":43,"key":"bronze:BurnAndBuffPotion"},{"floor":45,"key":"AttackPotion"},{"floor":49,"key":"EntropicBrew"}],"is_trial":false,"path_per_floor":["R","M","?","?","$","M","T","M","?","M","M","R","M","M","M","B",null,"R","M","M","?","?","R","T","M","E","R","E","M","R","M","M","B",null,"R","M","M","M","E","E","T","?","M","?","M","T","R","M","M","B",null,"E","$","R","B","B"],"character_chosen":"GUARDIAN","items_purchased":["expansioncontent:QuickStudy","Guardian:PocketSentry","Guardian:Gem_Cyan","Ornamental Fan","Ancient Potion"],"campfire_rested":2,"item_purchase_floors":[5,5,5,53,53],"current_hp_per_floor":[80,80,56,56,51,51,51,51,39,39,35,35,41,38,46,31,80,80,74,74,74,74,74,74,58,47,57,39,36,36,36,36,31,90,90,81,81,73,67,47,47,42,42,42,42,42,69,62,62,12,90,63,63,90,89,0,0,0],"gold":4,"neow_bonus":"BOSS_RELIC","is_daily":false,"chose_seed":false,"campfire_upgraded":6,"win_rate":0.0,"timestamp":1613692588,"path_taken":["R","M","?","?","$","M","T","?","?","M","M","R","M","M","M","BOSS","R","M","M","?","?","R","T","?","E","R","E","M","R","M","M","BOSS","R","M","M","M","E","E","T","?","M","?","?","?","R","M","M","BOSS","E","$","R","BOSS","BOSS"],"items_purchased_type":["Card","Relic","Card","Relic","Potion"],"build_version":"2020-12-22","purchased_purges":1,"victory":false,"max_hp_per_floor":[80,80,80,80,80,80,80,80,80,80,80,80,80,80,80,80,80,80,80,80,80,80,80,80,80,80,90,90,90,90,90,90,90,90,90,90,90,90,90,90,90,90,90,90,90,90,90,90,90,90,90,90,90,90,90,90,90,90],"card_choices":[{"not_picked":["Guardian:VentSteam","Guardian:TemporalShield"],"picked":"Guardian:Gem_Fragmented","floor":2.0},{"not_picked":["Guardian:TimeBomb","Guardian:FloatingOrbs"],"picked":"Guardian:TimeCapacitor","floor":5.0},{"not_picked":["Guardian:PiercingHide","Guardian:Gem_Lightblue"],"picked":"Guardian:ChargeCore","floor":6.0},{"not_picked":["Guardian:CrystalBeam","Guardian:SentryBeam","Guardian:TemporalShield"],"picked":"SKIP","floor":8.0},{"not_picked":["Guardian:Recover","Guardian:SpikerProtocol","Guardian:Reroute"],"picked":"SKIP","floor":10.0},{"not_picked":["Guardian:BodySlam","Guardian:RollAttack","Guardian:CrystalBeam"],"picked":"SKIP","floor":11.0},{"not_picked":["Guardian:Gem_Cyan","Guardian:RollAttack","Guardian:Gem_Lightblue"],"picked":"SKIP","floor":13.0},{"not_picked":["Guardian:CrystalBeam","Guardian:BodySlam","Guardian:PiercingHide"],"picked":"SKIP","floor":14.0},{"not_picked":["Guardian:WalkerClaw","Guardian:BaubleBeam","Guardian:Gem_Lightblue"],"picked":"SKIP","floor":15.0},{"not_picked":["Guardian:ConstructionForm","Guardian:GemFinder"],"picked":"Guardian:FierceBash","floor":16.0},{"not_picked":["Guardian:Recover+1","Guardian:BodySlam"],"picked":"Guardian:ShieldCharger","floor":19.0},{"not_picked":["Guardian:Incinerate","Guardian:Gem_White"],"picked":"Guardian:TimeBomb","floor":20.0},{"not_picked":["Guardian:PrismaticBarrier","Guardian:Planning","Guardian:Gem_Red"],"picked":"SKIP","floor":25.0},{"not_picked":["Guardian:Suspension","Guardian:Repulse","Guardian:MultiBeam"],"picked":"SKIP","floor":26.0},{"not_picked":["Guardian:RollAttack+1","Guardian:PolyBeam"],"picked":"Guardian:Gem_Orange","floor":28.0},{"not_picked":["Guardian:RollAttack","Guardian:VentSteam"],"picked":"Guardian:PiercingHide","floor":29.0},{"not_picked":["Guardian:Clone","Guardian:SpikerProtocol","Guardian:Suspension"],"picked":"SKIP","floor":31.0},{"not_picked":["Guardian:Recover","Guardian:Gem_Blue"],"picked":"Guardian:ShieldSpikes","floor":32.0},{"not_picked":["Guardian:GemFire","Guardian:RevengeProtocol"],"picked":"Guardian:HyperBeam_Guardian","floor":33.0},{"not_picked":["Guardian:Planning","Guardian:Emergency+1"],"picked":"Guardian:DonusPower+1","floor":36.0},{"not_picked":["Guardian:WalkerClaw","Guardian:TimeCapacitor"],"picked":"Guardian:ShieldCharger+1","floor":37.0},{"not_picked":["Guardian:TemporalStrike+1","Guardian:ChargeCore"],"picked":"Guardian:ShieldCharger+1","floor":38.0},{"not_picked":["Guardian:Harden+1","Guardian:MultiBeam"],"picked":"Guardian:Emergency","floor":39.0},{"not_picked":["Guardian:ChargeCore","Guardian:Gem_Cyan","Guardian:WalkerClaw"],"picked":"SKIP","floor":40.0},{"not_picked":["expansioncontent:YouAreMine","expansioncontent:LastStand"],"picked":"expansioncontent:Chronoboost","floor":42},{"not_picked":["expansioncontent:YouAreMine","expansioncontent:LastStand"],"picked":"expansioncontent:PolyBeam","floor":42},{"not_picked":["Guardian:ShieldCharger","Guardian:PiercingHide+1"],"picked":"Guardian:Clone","floor":43},{"not_picked":["Guardian:Gem_Red","Guardian:ChargeCore","Guardian:CrystalBeam+1"],"picked":"SKIP","floor":45},{"not_picked":["Guardian:Suspension","Guardian:AncientConstruct"],"picked":"Guardian:Incinerate+1","floor":48},{"not_picked":["Guardian:PrimingBeam+1","Guardian:ShieldCharger+1"],"picked":"Guardian:PiercingHide","floor":49},{"not_picked":["Guardian:Reroute","Guardian:RollAttack+1"],"picked":"Guardian:ChargeUp","floor":52}],"player_experience":1744814,"relics_obtained":[{"floor":7.0,"key":"Matryoshka"},{"floor":24.0,"key":"Bag of Preparation"},{"floor":26.0,"key":"Bag of Marbles"},{"floor":28.0,"key":"Bottled Tornado"},{"floor":39.0,"key":"construct:FoamFinger"},{"floor":40.0,"key":"HornCleat"},{"floor":41.0,"key":"Smiling Mask"},{"floor":41.0,"key":"Vajra"},{"floor":46,"key":"Shuriken"},{"floor":52,"key":"Mercury Hourglass"}],"event_choices":[],"is_beta":false,"boss_relics":[{"not_picked":["energizedSpire:CursedPentagram","SlaversCollar"],"picked":"beaked:MawFillet"},{"not_picked":["Tiny House","Calling Bell"],"picked":"Fusion Hammer"}],"items_purged_floors":[53],"is_endless":false,"potions_floor_spawned":[6,8,14,15,25,28,29,31,33,37,43,45,48,49],"killed_by":"downfall:NeowBossFinal","ascension_level":0}}