{"host":"phapnj0danpxvjlm","time":1613614454,"event":{"mods":["BaseMod","Better Note","Better Third Choice","Bossed Relics","Colored Powertips","Downfall","Hermit","Minty Spire (QoL Compilation)","Permanent Neow","Quick Restart","Rare Cards Sparkle","Spire Arcade","StSLib","The Animator","The Necromancer","The Wild Card"],"gold_per_floor":[114,126,126,126,126,138,138,156,210,210,54,54,54,64,64,163,163,177,177,177,22,42,71,71,71,153,153,153,165,165,182,182,283,283,296,146,165,165,94,94,110,110,110,125,125,125,125,142,142,142,142],"floor_reached":50,"language":"ENG","playtime":1748,"items_purged":["hermit:OverwhelmingPower","hermit:ItchyTrigger"],"score":448,"play_id":"b36053d0-9899-4a43-a525-ca00872fecbc","local_time":"20210218031414","is_ascension_mode":false,"campfire_choices":[{"floor":7.0,"key":"REST"},{"data":"hermit:GoldenBullet","floor":10.0,"key":"SMITH"},{"data":"hermit:Roughhouse","floor":12.0,"key":"SMITH"},{"data":"hermit:EyeOfTheStorm","floor":15.0,"key":"SMITH"},{"floor":25,"key":"REST"},{"data":"hermit:Maintenance","floor":28,"key":"SMITH"},{"floor":30,"key":"REST"},{"floor":32,"key":"REST"},{"floor":40,"key":"REST"},{"floor":46,"key":"REST"},{"floor":49,"key":"REST"}],"circlet_count":0,"master_deck":["hermit:Strike_Hermit","hermit:Strike_Hermit","hermit:Strike_Hermit","hermit:Defend_Hermit","hermit:Defend_Hermit+1","hermit:Defend_Hermit+1","hermit:Defend_Hermit+1","hermit:Snapshot","hermit:Covet+1","hermit:EyeOfTheStorm+1","hermit:Shortfuse+1","hermit:GoldenBullet+1","hermit:Roughhouse+1","hermit:Maintenance+1","hermit:Combo","hermit:Headshot","hermit:Quickdraw","hermit:Roughhouse","hermit:Glare","hermit:CursedWeapon+1","hermit:Virtue+1"],"relics":["hermit:Momento","Ancient Tea Set","Anchor","War Paint","Tiny House","Pocketwatch","Bottled Lightning","hermit:BartenderGlass","Blood Vial"],"acts_visited":["Exordium","TheCity","TheBeyond"],"potions_floor_usage":[16,16,33,35,35,37,41,41,41,44,44,44,50,50,50],"damage_taken":[{"damage":1.0,"enemies":"Cultist","floor":1.0,"turns":3.0},{"damage":0.0,"enemies":"Small Slimes","floor":2.0,"turns":3.0},{"damage":0.0,"enemies":"2 Louse","floor":6.0,"turns":2.0},{"damage":6.0,"enemies":"Exordium Wildlife","floor":8.0,"turns":4.0},{"damage":0.0,"enemies":"Looter","floor":14.0,"turns":1.0},{"damage":18,"enemies":"Slime Boss","floor":16,"turns":5},{"damage":5,"enemies":"2 Thieves","floor":18,"turns":3},{"damage":0,"enemies":"Chosen","floor":22,"turns":3},{"damage":23,"enemies":"Slavers","floor":23,"turns":7},{"damage":21,"enemies":"Snake Plant","floor":29,"turns":3},{"damage":22,"enemies":"Centurion and Healer","floor":31,"turns":7},{"damage":53,"enemies":"Collector","floor":33,"turns":10},{"damage":40,"enemies":"3 Darklings","floor":35,"turns":8},{"damage":3,"enemies":"3 Shapes","floor":37,"turns":5},{"damage":4,"enemies":"Sphere and 2 Shapes","floor":41,"turns":5},{"damage":8,"enemies":"4 Shapes","floor":44,"turns":7},{"damage":33,"enemies":"Writhing Mass","floor":48,"turns":6},{"damage":65,"enemies":"Donu and Deca","floor":50,"turns":10}],"seed_played":"6385669523843190533","potions_obtained":[{"floor":1.0,"key":"Explosive Potion"},{"floor":2.0,"key":"Slimebound:ThreeZeroPotion"},{"floor":6.0,"key":"FearPotion"},{"floor":23,"key":"Strength Potion"},{"floor":33,"key":"BlessingOfTheForge"},{"floor":35,"key":"Swift Potion"}],"is_trial":false,"path_per_floor":["M","M","?","?","?","M","R","M","T","R","$","R","$","M","R","B",null,"M","?","?","$","M","E","?","R","T","?","R","M","R","M","R","B",null,"M","$","M","?","$","R","M","?","T","M","?","R","$","M","R","B"],"character_chosen":"HERMIT","items_purchased":["War Paint","hermit:Combo","Fire Potion","hermit:CursedWeapon"],"campfire_rested":7,"item_purchase_floors":[11,21,36,39],"current_hp_per_floor":[74,74,59,59,56,56,75,69,69,69,69,69,69,69,69,51,75,70,70,70,70,70,47,47,69,69,63,63,42,64,42,64,11,75,35,35,32,32,32,54,50,50,50,44,44,66,66,35,57,0,0],"gold":142,"neow_bonus":"RANDOM_COMMON_RELIC","is_daily":false,"chose_seed":false,"campfire_upgraded":4,"win_rate":0.0,"timestamp":1613614454,"path_taken":["M","?","?","?","?","M","R","M","T","R","$","R","$","M","R","BOSS","M","?","?","$","?","E","?","R","T","?","R","M","R","M","R","BOSS","M","$","M","?","$","R","M","?","T","?","?","R","?","M","R","BOSS"],"items_purchased_type":["Relic","Card","Potion","Card"],"build_version":"2020-12-22","purchased_purges":2,"victory":false,"max_hp_per_floor":[75,75,75,75,75,75,75,75,75,75,75,75,75,75,75,75,75,75,75,75,75,75,75,75,75,75,75,75,75,75,75,75,75,75,75,75,75,75,75,75,75,75,75,75,75,75,75,75,75,75,75],"card_choices":[{"not_picked":["hermit:DeadMansHand","hermit:Manifest"],"picked":"hermit:EyeOfTheStorm","floor":1.0},{"not_picked":["hermit:Coalescence","hermit:BodyArmor"],"picked":"hermit:Shortfuse","floor":2.0},{"not_picked":["hermit:Malice","hermit:Roulette"],"picked":"hermit:GoldenBullet","floor":6.0},{"not_picked":["hermit:Snipe","hermit:Misfire"],"picked":"hermit:Roughhouse","floor":8.0},{"not_picked":["hermit:HoleUp","hermit:Enervate"],"picked":"hermit:Maintenance","floor":14.0},{"not_picked":["hermit:BodyArmor+1","hermit:HighCaliber","hermit:EyeOfTheStorm"],"picked":"SKIP","floor":18},{"not_picked":["hermit:LowProfile","hermit:TrackingShot"],"picked":"hermit:ItchyTrigger","floor":22},{"not_picked":["hermit:TrackingShot","hermit:LoneWolf+1"],"picked":"hermit:Headshot","floor":23},{"not_picked":["hermit:ItchyTrigger","hermit:Headshot","hermit:TakeCover"],"picked":"SKIP","floor":29},{"not_picked":["hermit:Snipe+1","hermit:BodyArmor"],"picked":"hermit:Quickdraw","floor":31},{"not_picked":["hermit:FatalDesire","hermit:Reprieve"],"picked":"hermit:Roughhouse","floor":33},{"not_picked":["hermit:GhostlyPresence+1","hermit:NoHoldsBarred"],"picked":"hermit:Glare","floor":35},{"not_picked":["hermit:Manifest","hermit:Coalescence","hermit:TrackingShot+1"],"picked":"SKIP","floor":37},{"not_picked":["hermit:Shortfuse","hermit:Magnum","hermit:CalledShot"],"picked":"SKIP","floor":41},{"not_picked":["hermit:EyeOfTheStorm+1","hermit:Headshot"],"picked":"hermit:Virtue+1","floor":44},{"not_picked":["hermit:Headshot+1","hermit:TakeCover+1","hermit:Snipe"],"picked":"SKIP","floor":48}],"player_experience":568392,"relics_obtained":[{"floor":23,"key":"Pocketwatch"},{"floor":26,"key":"Bottled Lightning"},{"floor":43,"key":"Blood Vial"}],"event_choices":[{"damage_healed":74.0,"max_hp_gain":0.0,"max_hp_loss":75.0,"gold_gain":0.0,"event_name":"betterThird:BetterShining","player_choice":"Upgrade","floor":3.0,"gold_loss":0.0,"damage_taken":15.0,"cards_upgraded":["hermit:Defend_Hermit","hermit:Defend_Hermit"]},{"damage_healed":0.0,"max_hp_gain":0.0,"max_hp_loss":0.0,"gold_gain":0.0,"event_name":"Living Wall","player_choice":"Grow","floor":4.0,"gold_loss":0.0,"damage_taken":0.0,"cards_upgraded":["hermit:Shortfuse"]},{"damage_healed":0.0,"max_hp_gain":0.0,"max_hp_loss":0.0,"gold_gain":0.0,"event_name":"betterThird:BetterScrap","player_choice":"Relic ","floor":5.0,"gold_loss":0.0,"damage_taken":3.0,"cards_obtained":["Machine Learning"]},{"damage_healed":0,"gold_gain":0,"player_choice":"1 cards matched","damage_taken":0,"max_hp_gain":0,"max_hp_loss":0,"event_name":"Match and Keep!","floor":19,"gold_loss":0,"cards_obtained":["hermit:OverwhelmingPower"]},{"damage_healed":0,"gold_gain":0,"player_choice":"Ignored","damage_taken":0,"max_hp_gain":0,"max_hp_loss":0,"event_name":"Transmorgrifier","floor":20,"gold_loss":0},{"damage_healed":0,"gold_gain":0,"player_choice":"Ignored","damage_taken":0,"max_hp_gain":0,"max_hp_loss":0,"event_name":"betterNote:BetterNote","floor":24,"gold_loss":0,"cards_obtained":["Slimebound:MassRepurpose"]},{"damage_healed":0,"gold_gain":0,"player_choice":"","damage_taken":6,"max_hp_gain":0,"max_hp_loss":0,"event_name":"Knowing Skull","floor":27,"potions_obtained":[],"gold_loss":0,"cards_obtained":[]},{"damage_healed":0,"gold_gain":0,"player_choice":"Ignored","damage_taken":0,"max_hp_gain":0,"max_hp_loss":0,"event_name":"Mysterious Sphere","floor":38,"gold_loss":0},{"damage_healed":0,"gold_gain":0,"player_choice":"Forge","damage_taken":0,"max_hp_gain":0,"max_hp_loss":0,"event_name":"Accursed Blacksmith","floor":42,"gold_loss":0,"cards_upgraded":["hermit:CursedWeapon"]},{"cards_removed":["hermit:Strike_Hermit"],"damage_healed":0,"gold_gain":0,"player_choice":"Removed Attack","damage_taken":0,"max_hp_gain":0,"max_hp_loss":0,"event_name":"Falling","floor":45,"gold_loss":0}],"is_beta":false,"boss_relics":[{"not_picked":["Coffee Dripper","hermit:DentedPlate"],"picked":"Tiny House"},{"not_picked":["SacredBark","Empty Cage"],"picked":"hermit:BartenderGlass"}],"items_purged_floors":[21,36],"is_endless":false,"potions_floor_spawned":[1,2,6,23,33,35],"killed_by":"Donu and Deca","ascension_level":0}}