{"host":"0ucmu30xnqs1j0i5","time":1613658955,"event":{"mods":["AchievementEnabler","BaseMod","Colored Map","Colored Powertips","Minty Spire (QoL Compilation)","Quick Restart"],"gold_per_floor":[5000,5020,5034,5053,4405,4405,4424,3669,3669,2551,2566,2566,2566,2576,2576,2679,2679,2679,1500,1500,1500,1500,1455,1455,1455,1455,1370,1370,1370,1370,1370,1370,1370,1370,1370,1370,1370,1370,1370,1370,1370,1370,1370,1370,1370,508,120,120,120,120],"floor_reached":51,"language":"ZHS","playtime":4360,"items_purged":["Strike_R","Defend_R","Defend_R","Defend_R","Strike_R","Bash"],"score":744,"play_id":"7a9892d5-3df3-4941-8e7a-2cbc6ed48873","local_time":"20210218223555","is_ascension_mode":false,"campfire_choices":[{"data":"Flex","floor":6,"key":"SMITH"},{"data":"Limit Break","floor":12,"key":"SMITH"},{"data":"Flex","floor":15,"key":"SMITH"},{"data":"Heavy Blade","floor":29,"key":"SMITH"},{"data":"Transmutation","floor":32,"key":"SMITH"},{"data":"Limit Break","floor":42,"key":"SMITH"},{"data":"Limit Break","floor":44,"key":"SMITH"},{"data":"Heavy Blade","floor":49,"key":"SMITH"}],"circlet_count":0,"master_deck":["Strike_R","Strike_R","Flex+1","Shrug It Off","Flex+1","Sword Boomerang","Shrug It Off","Flex+1","Headbutt","Limit Break+1","Secret Weapon","Sword Boomerang","Impervious+1","Limit Break+1","Heavy Blade+1","Transmutation+1","Twin Strike","Twin Strike","Limit Break+1","Offering+1","CurseOfTheBell","Heavy Blade+1","Master of Strategy+1","Battle Trance+1"],"relics":["Burning Blood","Toy Ornithopter","DollysMirror","Tiny Chest","Sling","White Beast Statue","MealTicket","Bottled Lightning","Matryoshka","HandDrill","Darkstone Periapt","Happy Flower","Ectoplasm","TheAbacus","Mango","Incense Burner","Red Mask","Mummified Hand","PreservedInsect","Orichalcum","Bottled Flame","Centennial Puzzle","Toxic Egg 2","Calling Bell","Strawberry","Paper Frog","TungstenRod","Unceasing Top","Calipers","Ornamental Fan","War Paint","Frozen Egg 2","Torii","Chemical X"],"acts_visited":["Exordium","TheCity","TheBeyond"],"potions_floor_usage":[20,24,25,33,33,33,50,50],"damage_taken":[{"damage":8,"enemies":"Cultist","floor":1,"turns":5},{"damage":5,"enemies":"Jaw Worm","floor":2,"turns":4},{"damage":1,"enemies":"Small Slimes","floor":3,"turns":4},{"damage":9,"enemies":"Blue Slaver","floor":4,"turns":4},{"damage":5,"enemies":"Looter","floor":7,"turns":2},{"damage":0,"enemies":"2 Fungi Beasts","floor":11,"turns":2},{"damage":2,"enemies":"Blue Slaver","floor":14,"turns":2},{"damage":47,"enemies":"Hexaghost","floor":16,"turns":6},{"damage":0,"enemies":"Shell Parasite","floor":18,"turns":3},{"damage":27,"enemies":"Masked Bandits","floor":20,"turns":5},{"damage":12,"enemies":"2 Thieves","floor":23,"turns":3},{"damage":9,"enemies":"Snake Plant","floor":24,"turns":2},{"damage":0,"enemies":"Sentry and Sphere","floor":25,"turns":3},{"damage":0,"enemies":"Cultist and Chosen","floor":30,"turns":3},{"damage":0,"enemies":"Chosen and Byrds","floor":31,"turns":3},{"damage":5,"enemies":"Collector","floor":33,"turns":3},{"damage":13,"enemies":"3 Darklings","floor":35,"turns":6},{"damage":14,"enemies":"Mind Bloom Boss Battle","floor":36,"turns":4},{"damage":5,"enemies":"Orb Walker","floor":39,"turns":2},{"damage":0,"enemies":"Nemesis","floor":40,"turns":3},{"damage":15,"enemies":"Writhing Mass","floor":45,"turns":3},{"damage":0,"enemies":"Transient","floor":48,"turns":5},{"damage":18,"enemies":"Donu and Deca","floor":50,"turns":3}],"seed_played":"-6548923411521958446","potions_obtained":[{"floor":2,"key":"SteroidPotion"},{"floor":3,"key":"ElixirPotion"},{"floor":7,"key":"PowerPotion"},{"floor":20,"key":"Energy Potion"},{"floor":24,"key":"SneckoOil"},{"floor":25,"key":"Ancient Potion"},{"floor":31,"key":"PowerPotion"},{"floor":33,"key":"HeartOfIron"},{"floor":35,"key":"Weak Potion"},{"floor":36,"key":"Fire Potion"},{"floor":40,"key":"GamblersBrew"}],"is_trial":false,"path_per_floor":["M","M","M","M","$","R","M","$","T","$","M","R","?","M","R","B",null,"M","$","?","T","?","M","M","M","T","?","T","R","M","M","R","B",null,"M","?","?","?","M","E","T","R","T","R","M","$","$","M","R","B",null],"character_chosen":"IRONCLAD","items_purchased":["Toy Ornithopter","Shrug It Off","DollysMirror","Headbutt","Tiny Chest","SkillPotion","Sling","White Beast Statue","MealTicket","BlessingOfTheForge","BlessingOfTheForge","Limit Break","Secret Weapon","Matryoshka","HandDrill","Darkstone Periapt","Limit Break","TheAbacus","Mango","Incense Burner","Heavy Blade","Transmutation","Frozen Egg 2","Torii","Chemical X","Master of Strategy+1"],"campfire_rested":0,"item_purchase_floors":[5,5,5,5,5,5,8,8,8,8,8,10,10,10,10,10,19,19,19,19,19,19,46,46,46,47],"current_hp_per_floor":[86,87,88,85,85,85,86,86,86,88,88,88,76,80,80,39,88,88,102,81,81,81,75,77,88,88,88,88,88,94,100,100,102,115,108,100,100,100,101,107,107,107,107,107,98,109,109,109,109,102],"gold":120,"neow_bonus":"TEN_PERCENT_HP_BONUS","is_daily":false,"chose_seed":false,"campfire_upgraded":8,"win_rate":0.0,"timestamp":1613658955,"path_taken":["M","M","M","M","$","R","?","$","T","$","M","R","?","M","R","BOSS","M","$","?","?","?","?","M","M","T","?","?","R","M","M","R","BOSS","M","?","?","?","M","E","?","R","T","R","?","?","$","M","R","BOSS"],"items_purchased_type":["Relic","Card","Relic","Card","Relic","Potion","Relic","Relic","Relic","Potion","Potion","Card","Card","Relic","Relic","Relic","Card","Relic","Relic","Relic","Card","Card","Relic","Relic","Relic","Card"],"build_version":"2020-12-22","purchased_purges":6,"victory":true,"max_hp_per_floor":[88,88,88,88,88,88,88,88,88,88,88,88,88,88,88,88,88,88,102,102,102,102,102,102,102,102,102,102,102,102,102,102,102,115,115,115,109,109,109,109,109,109,109,109,109,109,109,109,109,109],"card_choices":[{"not_picked":["True Grit","Shockwave"],"picked":"Flex","floor":1},{"not_picked":["Iron Wave","True Grit"],"picked":"Shrug It Off","floor":2},{"not_picked":["Heavy Blade","Rupture"],"picked":"Flex","floor":3},{"not_picked":["Pummel","Twin Strike"],"picked":"Sword Boomerang","floor":4},{"not_picked":["Hemokinesis","Rage","Body Slam"],"picked":"SKIP","floor":7},{"not_picked":["Combust","Cleave"],"picked":"Sword Boomerang","floor":11},{"not_picked":["Fire Breathing","True Grit","Rage"],"picked":"SKIP","floor":14},{"not_picked":["Juggernaut","Berserk"],"picked":"Impervious","floor":16},{"not_picked":["Reckless Charge+1","Sever Soul","Searing Blow"],"picked":"SKIP","floor":18},{"not_picked":["Rupture","Armaments"],"picked":"Twin Strike","floor":20},{"not_picked":["Armaments","Iron Wave"],"picked":"Twin Strike","floor":23},{"not_picked":["Clothesline+1","Evolve","Warcry"],"picked":"SKIP","floor":24},{"not_picked":["Headbutt","Anger"],"picked":"Limit Break","floor":25},{"not_picked":["Armaments+1","Iron Wave","Headbutt"],"picked":"SKIP","floor":30},{"not_picked":["Bloodletting+1","Headbutt","Armaments+1"],"picked":"SKIP","floor":31},{"not_picked":["Barricade","Corruption"],"picked":"Offering+1","floor":33},{"not_picked":["Dark Embrace+1","Hemokinesis","Pommel Strike"],"picked":"SKIP","floor":35},{"not_picked":["Hemokinesis","Clothesline+1"],"picked":"Heavy Blade","floor":36},{"not_picked":["Cleave","Carnage","Dropkick"],"picked":"SKIP","floor":39},{"not_picked":["Blood for Blood+1","Intimidate+1","Flame Barrier+1"],"picked":"SKIP","floor":40},{"not_picked":["Rupture","Body Slam+1","Shrug It Off+1"],"picked":"SKIP","floor":45},{"not_picked":["Headbutt","Warcry+1"],"picked":"Battle Trance+1","floor":48}],"player_experience":43665,"relics_obtained":[{"floor":9,"key":"Bottled Lightning"},{"floor":20,"key":"Red Mask"},{"floor":21,"key":"Mummified Hand"},{"floor":21,"key":"PreservedInsect"},{"floor":26,"key":"Orichalcum"},{"floor":26,"key":"Bottled Flame"},{"floor":28,"key":"Toxic Egg 2"},{"floor":34,"key":"Strawberry"},{"floor":34,"key":"Paper Frog"},{"floor":34,"key":"TungstenRod"},{"floor":36,"key":"Unceasing Top"},{"floor":40,"key":"Calipers"},{"floor":41,"key":"Ornamental Fan"},{"floor":43,"key":"War Paint"}],"event_choices":[{"damage_healed":0,"gold_gain":0,"player_choice":"Success","damage_taken":12,"relics_obtained":["Happy Flower"],"max_hp_gain":0,"max_hp_loss":0,"event_name":"Scrap Ooze","floor":13,"gold_loss":0},{"damage_healed":0,"gold_gain":0,"player_choice":"Fought Bandits","damage_taken":0,"max_hp_gain":0,"max_hp_loss":0,"event_name":"Masked Bandits","floor":20,"gold_loss":0},{"cards_removed":["Defend_R"],"damage_healed":0,"gold_gain":0,"player_choice":"Elegance","damage_taken":0,"max_hp_gain":0,"max_hp_loss":0,"event_name":"Back to Basics","floor":22,"gold_loss":0},{"damage_healed":0,"gold_gain":0,"player_choice":"Obtained Relic","damage_taken":0,"relics_obtained":["Centennial Puzzle"],"max_hp_gain":0,"max_hp_loss":0,"event_name":"Addict","floor":27,"gold_loss":85},{"damage_healed":0,"gold_gain":0,"player_choice":"Fight","damage_taken":0,"max_hp_gain":0,"max_hp_loss":0,"event_name":"MindBloom","floor":36,"gold_loss":0},{"damage_healed":0,"gold_gain":0,"player_choice":"Max HP","damage_taken":0,"max_hp_gain":0,"max_hp_loss":6,"event_name":"Winding Halls","floor":37,"gold_loss":0},{"cards_removed":["Strike_R"],"damage_healed":0,"gold_gain":0,"player_choice":"Removed Attack","damage_taken":0,"max_hp_gain":0,"max_hp_loss":0,"event_name":"Falling","floor":38,"gold_loss":0}],"is_beta":false,"boss_relics":[{"not_picked":["Tiny House","Fusion Hammer"],"picked":"Ectoplasm"},{"not_picked":["Busted Crown","Black Star"],"picked":"Calling Bell"}],"items_purged_floors":[5,8,10,19,46,47],"is_endless":false,"potions_floor_spawned":[2,3,7,11,14,16,18,20,23,24,25,30,31,33,35,36,39,40,45,48],"ascension_level":0}}