{"host":"00olc56ucl6mk3pv","time":1613613987,"event":{"mods":["AchievementEnabler","BaseMod","Keyboard Shortcuts","Minty Spire (QoL Compilation)","Quick Restart","SuperFastMode"],"gold_per_floor":[117,131,131,56,56,83,95,130,156,172,172,18,93,103,103,176,176,188,203,203,203,32,32,65,65,65,96,96,96],"floor_reached":28,"language":"KOR","playtime":651,"items_purged":["Strike_B"],"score":542,"play_id":"4d71a092-268d-4a18-9023-9eee8629028a","local_time":"20210218110627","is_ascension_mode":true,"campfire_choices":[{"data":"Turbo","floor":11.0,"key":"SMITH"},{"floor":15.0,"key":"REST"},{"data":"Fusion","floor":23.0,"key":"SMITH"}],"circlet_count":0,"master_deck":["AscendersBane","Strike_B","Defend_B","Defend_B","Defend_B","Defend_B","Zap","Dualcast","Doom and Gloom+1","Auto Shields","Sweeping Beam+1","Glacier","Turbo+1","Cold Snap","Blizzard","Compile Driver","Electrodynamics","Go for the Eyes","Storm+1","Storm","Cold Snap","Fusion+1","BootSequence","Double Energy"],"relics":["Cracked Core","NeowsBlessing","PreservedInsect","Whetstone","Ancient Tea Set","Philosopher\u0027s Stone","Orrery","Red Mask","Regal Pillow","Question Card"],"acts_visited":["Exordium","TheCity"],"potions_floor_usage":[],"damage_taken":[{"damage":0.0,"enemies":"Small Slimes","floor":1.0,"turns":1.0},{"damage":0.0,"enemies":"Jaw Worm","floor":2.0,"turns":1.0},{"damage":0.0,"enemies":"3 Sentries","floor":6.0,"turns":1.0},{"damage":3.0,"enemies":"2 Louse","floor":7.0,"turns":3.0},{"damage":33.0,"enemies":"Gremlin Nob","floor":8.0,"turns":4.0},{"damage":0.0,"enemies":"Exordium Wildlife","floor":10.0,"turns":2.0},{"damage":0.0,"enemies":"Exordium Thugs","floor":14.0,"turns":3.0},{"damage":26.0,"enemies":"Slime Boss","floor":16.0,"turns":6.0},{"damage":0.0,"enemies":"Spheric Guardian","floor":18.0,"turns":3.0},{"damage":33.0,"enemies":"Shell Parasite","floor":19.0,"turns":7.0},{"damage":0.0,"enemies":"Snake Plant","floor":20.0,"turns":1.0},{"damage":10.0,"enemies":"Masked Bandits","floor":24.0,"turns":3.0},{"damage":46.0,"enemies":"Gremlin Leader","floor":27.0,"turns":5.0},{"damage":12,"enemies":"Cultist and Chosen","floor":28,"turns":3}],"seed_played":"5555351177386267047","potions_obtained":[{"floor":8.0,"key":"FearPotion"},{"floor":10.0,"key":"SmokeBomb"},{"floor":19.0,"key":"Explosive Potion"}],"is_trial":false,"path_per_floor":["M","M","?","?","?","E","M","E","T","M","R","$","?","M","R","B",null,"M","M","M","?","$","R","?","$","T","E","M"],"character_chosen":"DEFECT","items_purchased":["Blizzard","Orrery"],"campfire_rested":1,"item_purchase_floors":[12,22],"current_hp_per_floor":[64,64,64,64,57,57,54,21,21,21,21,21,10,10,31,5,55,55,22,22,71,71,71,61,61,61,15,3,3],"gold":96,"neow_bonus":"THREE_ENEMY_KILL","is_daily":false,"chose_seed":false,"campfire_upgraded":2,"win_rate":0.0,"timestamp":1613613987,"path_taken":["M","M","?","?","?","E","M","E","T","M","R","$","?","M","R","BOSS","M","M","M","?","?","R","?","$","T","E","M"],"items_purchased_type":["Card","Relic"],"build_version":"2020-12-22","purchased_purges":1,"victory":false,"max_hp_per_floor":[71,71,71,71,71,71,71,71,71,71,71,71,71,71,71,71,71,71,71,71,71,71,71,71,71,71,71,71,71],"card_choices":[{"not_picked":["Turbo","Redo"],"picked":"Doom and Gloom","floor":1.0},{"not_picked":["Turbo","Buffer"],"picked":"Auto Shields","floor":2.0},{"not_picked":["Steam","Darkness"],"picked":"Sweeping Beam","floor":6.0},{"not_picked":["Barrage","Cold Snap"],"picked":"Glacier","floor":7.0},{"not_picked":["Core Surge","Amplify"],"picked":"Turbo","floor":8.0},{"not_picked":["Rebound","Streamline"],"picked":"Cold Snap","floor":10.0},{"not_picked":["Sweeping Beam","Heatsinks"],"picked":"Compile Driver","floor":14.0},{"not_picked":["Creative AI","Core Surge"],"picked":"Electrodynamics","floor":16.0},{"not_picked":["Sweeping Beam","Compile Driver+1"],"picked":"Loop","floor":18.0},{"not_picked":["Barrage+1","Redo","Turbo"],"picked":"SKIP","floor":19.0},{"not_picked":["Melter+1","Fusion"],"picked":"Go for the Eyes","floor":22.0},{"not_picked":["Recycle","Leap"],"picked":"Storm+1","floor":22.0},{"not_picked":["Sweeping Beam","Undo"],"picked":"Storm","floor":22.0},{"not_picked":["Compile Driver+1","Gash"],"picked":"Cold Snap","floor":22.0},{"not_picked":["Leap","Steam"],"picked":"Fusion","floor":22.0},{"not_picked":["Ball Lightning","Self Repair"],"picked":"BootSequence","floor":24.0},{"not_picked":["Electrodynamics","Recycle"],"picked":"Double Energy","floor":27.0}],"player_experience":594399,"relics_obtained":[{"floor":6.0,"key":"PreservedInsect"},{"floor":8.0,"key":"Whetstone"},{"floor":9.0,"key":"Ancient Tea Set"},{"floor":24.0,"key":"Red Mask"},{"floor":26.0,"key":"Regal Pillow"},{"floor":27.0,"key":"Question Card"}],"event_choices":[{"damage_healed":0.0,"max_hp_gain":0.0,"max_hp_loss":0.0,"gold_gain":0.0,"event_name":"Liars Game","player_choice":"Ignored","floor":3.0,"gold_loss":0.0,"damage_taken":0.0},{"cards_removed":["Strike_B"],"damage_healed":0.0,"max_hp_gain":0.0,"max_hp_loss":0.0,"gold_gain":0.0,"event_name":"The Cleric","player_choice":"Card Removal","floor":4.0,"gold_loss":75.0,"damage_taken":0.0},{"cards_removed":["Strike_B"],"damage_healed":0.0,"max_hp_gain":0.0,"max_hp_loss":0.0,"gold_gain":0.0,"event_name":"Golden Wing","player_choice":"Card Removal","floor":5.0,"gold_loss":0.0,"damage_taken":7.0},{"damage_healed":0.0,"max_hp_gain":0.0,"max_hp_loss":0.0,"gold_gain":75.0,"event_name":"World of Goop","player_choice":"Gather Gold","floor":13.0,"gold_loss":0.0,"damage_taken":11.0},{"cards_removed":["Loop"],"damage_healed":49.0,"max_hp_gain":0.0,"max_hp_loss":0.0,"gold_gain":0.0,"event_name":"Bonfire Elementals","player_choice":"Offered Uncommon","floor":21.0,"gold_loss":0.0,"damage_taken":0.0},{"damage_healed":0.0,"max_hp_gain":0.0,"max_hp_loss":0.0,"gold_gain":0.0,"event_name":"Masked Bandits","player_choice":"Fought Bandits","floor":24.0,"gold_loss":0.0,"damage_taken":0.0}],"is_beta":false,"boss_relics":[{"not_picked":["Astrolabe","Cursed Key"],"picked":"Philosopher\u0027s Stone"}],"items_purged_floors":[12],"is_endless":false,"potions_floor_spawned":[8,10,19,20],"killed_by":"Cultist and Chosen","ascension_level":20}}