{"host":"rb2p2z6v6vieend5","time":1613613033,"event":{"mods":["BaseMod","Block Reminder","Colored Map","DeckTracker","Highlight Path","Minty Spire (QoL Compilation)","Random Character Button","Relic Stats"],"gold_per_floor":[111,111,36,36,36,36,63,63,63,77,77,77,97,109,109,183,183,201,101,16,35,52,52,70,0,0,0,0],"floor_reached":27,"language":"ENG","playtime":1170,"items_purged":["Strike_R","Clash"],"score":496,"play_id":"44290905-d501-45d7-8df6-9239fa96f293","local_time":"20210218025033","is_ascension_mode":true,"campfire_choices":[{"data":"Bash","floor":6,"key":"SMITH"},{"floor":15,"key":"REST"},{"data":"Rampage","floor":23,"key":"SMITH"}],"circlet_count":0,"master_deck":["AscendersBane","Bash+1","Evolve+1","Rampage+1","Fire Breathing","Dropkick","Burning Pact","Impervious","Second Wind","Reckless Charge","Rage","Feel No Pain","Flame Barrier","Ghostly Armor"],"relics":["Burning Blood","Pen Nib","Magic Flower","Pandora\u0027s Box","Lantern","Regal Pillow"],"acts_visited":["Exordium","TheCity"],"potions_floor_usage":[7,13,14,27,27],"damage_taken":[{"damage":4,"enemies":"Small Slimes","floor":1,"turns":4},{"damage":24,"enemies":"Gremlin Nob","floor":7,"turns":4},{"damage":8,"enemies":"2 Louse","floor":10,"turns":2},{"damage":0,"enemies":"Jaw Worm","floor":13,"turns":3},{"damage":9,"enemies":"Red Slaver","floor":14,"turns":4},{"damage":0,"enemies":"Slime Boss","floor":16,"turns":5},{"damage":29,"enemies":"Spheric Guardian","floor":18,"turns":6},{"damage":14,"enemies":"Shell Parasite","floor":21,"turns":7},{"damage":30,"enemies":"Snake Plant","floor":22,"turns":4},{"damage":17,"enemies":"Centurion and Healer","floor":24,"turns":7},{"damage":0,"enemies":"Colosseum Slavers","floor":27,"turns":4},{"damage":32,"enemies":"Colosseum Nobs","floor":27,"turns":4}],"seed_played":"-272142649369145346","potions_obtained":[{"floor":1,"key":"Ancient Potion"},{"floor":10,"key":"ColorlessPotion"},{"floor":13,"key":"DistilledChaos"},{"floor":18,"key":"LiquidMemories"},{"floor":21,"key":"LiquidMemories"}],"is_trial":false,"path_per_floor":["M","?","$","?","?","R","E","?","T","M","$","?","M","M","R","B",null,"M","$","?","M","M","R","M","?","T","?"],"character_chosen":"IRONCLAD","items_purchased":[],"campfire_rested":1,"item_purchase_floors":[],"current_hp_per_floor":[52,57,57,33,33,33,15,15,15,16,16,16,25,25,49,58,75,55,55,55,50,29,29,21,21,21,0,0],"gold":0,"neow_bonus":"REMOVE_TWO","is_daily":false,"chose_seed":false,"campfire_upgraded":2,"win_rate":0.0,"timestamp":1613613033,"path_taken":["M","?","$","?","?","R","E","?","T","M","?","?","?","M","R","BOSS","M","$","?","M","M","R","M","?","T","?"],"items_purchased_type":[],"build_version":"2020-12-22","purchased_purges":2,"victory":false,"max_hp_per_floor":[75,80,80,80,80,80,80,80,80,80,80,80,80,80,80,80,80,80,80,80,80,80,80,80,80,80,80,80],"relic_stats":{"Regal Pillow":0,"counters":[12,54],"Magic Flower":[27],"Pandora\u0027s Box":["Second Wind","Clash","Reckless Charge","Rage","Feel No Pain"],"Pen Nib":[7],"obtain_stats":[{"Lantern":20,"Regal Pillow":26,"Magic Flower":9,"Pandora\u0027s Box":17,"Pen Nib":7,"Burning Blood":0},{"Lantern":7,"Regal Pillow":10,"Magic Flower":2,"Pandora\u0027s Box":6,"Pen Nib":2,"Burning Blood":0},{"Lantern":28,"Regal Pillow":46,"Magic Flower":8,"Pandora\u0027s Box":22,"Pen Nib":8,"Burning Blood":0}],"Burning Blood":93},"card_choices":[{"not_picked":["Sword Boomerang","Bloodletting"],"picked":"Evolve","floor":1},{"not_picked":["Carnage","Burning Pact"],"picked":"Rampage","floor":7},{"not_picked":["Iron Wave","Carnage"],"picked":"Fire Breathing","floor":10},{"not_picked":["Perfected Strike","Twin Strike"],"picked":"Dropkick","floor":13},{"not_picked":["Pommel Strike","Cleave"],"picked":"Burning Pact","floor":14},{"not_picked":["Brutality","Demon Form"],"picked":"Impervious","floor":16},{"not_picked":["Wild Strike","True Grit"],"picked":"Flame Barrier","floor":18},{"not_picked":["Havoc","Thunderclap+1"],"picked":"Ghostly Armor","floor":21},{"not_picked":["Cleave","Clothesline","Dropkick"],"picked":"SKIP","floor":22},{"not_picked":["Headbutt","Iron Wave+1","Power Through"],"picked":"SKIP","floor":24}],"player_experience":773891,"relics_obtained":[{"floor":7,"key":"Pen Nib"},{"floor":9,"key":"Magic Flower"},{"floor":26,"key":"Regal Pillow"}],"event_choices":[{"damage_healed":0,"gold_gain":0,"player_choice":"Donut","damage_taken":0,"max_hp_gain":5,"max_hp_loss":0,"event_name":"Big Fish","floor":2,"gold_loss":0},{"damage_healed":0,"gold_gain":0,"player_choice":"Entered Light","damage_taken":24,"max_hp_gain":0,"max_hp_loss":0,"event_name":"Shining Light","floor":4,"gold_loss":0,"cards_upgraded":["Evolve","Strike_R"]},{"damage_healed":0,"gold_gain":0,"player_choice":"Ignored","damage_taken":0,"max_hp_gain":0,"max_hp_loss":0,"event_name":"Liars Game","floor":5,"gold_loss":0},{"cards_removed":["Strike_R"],"damage_healed":0,"gold_gain":0,"player_choice":"Forget","damage_taken":0,"max_hp_gain":0,"max_hp_loss":0,"event_name":"Living Wall","floor":8,"gold_loss":0},{"damage_healed":0,"gold_gain":0,"player_choice":"Searched \u00270\u0027 times","damage_taken":0,"max_hp_gain":0,"max_hp_loss":0,"event_name":"Dead Adventurer","floor":12,"gold_loss":0},{"damage_healed":0,"gold_gain":0,"player_choice":"Obtained Relic","damage_taken":0,"relics_obtained":["Lantern"],"max_hp_gain":0,"max_hp_loss":0,"event_name":"Addict","floor":20,"gold_loss":85},{"damage_healed":0,"gold_gain":0,"player_choice":"Paid Fearfully","damage_taken":0,"max_hp_gain":0,"max_hp_loss":0,"event_name":"Masked Bandits","floor":25,"gold_loss":70},{"damage_healed":0,"gold_gain":0,"player_choice":"Fight","damage_taken":0,"max_hp_gain":0,"max_hp_loss":0,"event_name":"Colosseum","floor":27,"gold_loss":0},{"damage_healed":0,"gold_gain":0,"player_choice":"Fought Nobs","damage_taken":0,"max_hp_gain":0,"max_hp_loss":0,"event_name":"Colosseum","floor":27,"gold_loss":0}],"is_beta":false,"boss_relics":[{"not_picked":["Busted Crown","SlaversCollar"],"picked":"Pandora\u0027s Box"}],"items_purged_floors":[3,19],"is_endless":false,"potions_floor_spawned":[1,10,13,18,21],"killed_by":"Colosseum Nobs","ascension_level":18}}