{"host":"f7915vm1ahl7kex1","time":1613683411,"event":{"mods":["BaseMod","Colored Map","Downfall","Minty Spire (QoL Compilation)","Quick Restart","StSLib"],"gold_per_floor":[99,116,133,133,143,143,143,143,43,56,74,107,22,42,52,52,52,52],"floor_reached":16,"language":"ENG","playtime":419,"items_purged":[],"score":104,"play_id":"be729009-2840-483f-8a5f-047211e0c3c8","local_time":"20210218152331","is_ascension_mode":false,"campfire_choices":[{"floor":1,"key":"RECALL"},{"data":"bronze:BugBarrage","floor":9,"key":"SMITH"}],"circlet_count":0,"master_deck":["bronze:Strike","bronze:Strike","bronze:Strike","bronze:Strike","bronze:Defend","bronze:Defend","bronze:Defend","bronze:Defend","bronze:Replicate","bronze:Goto","bronze:BugBarrage","bronze:BugBarrage+1","bronze:WildBeam","Pain","bronze:ItsAFeature","bronze:WildBeam"],"relics":["bronze:BronzeCore","downfall:ShatteredFragment","Blood Vial","WarpedTongs","downfall:HeartBlessingRed","Peace Pipe"],"acts_visited":["Exordium"],"potions_floor_usage":[14,15,16,16],"damage_taken":[{"damage":0,"enemies":"Jaw Worm","floor":2,"turns":4},{"damage":4,"enemies":"Small Slimes","floor":3,"turns":4},{"damage":1,"enemies":"Cultist","floor":5,"turns":3},{"damage":12,"enemies":"Red Slaver","floor":10,"turns":2},{"damage":1,"enemies":"Exordium Wildlife","floor":11,"turns":2},{"damage":22,"enemies":"Gremlin Nob","floor":12,"turns":3},{"damage":9,"enemies":"downfall:FleeingMerchant","floor":13,"turns":4},{"damage":4,"enemies":"2 Fungi Beasts","floor":14,"turns":2},{"damage":4,"enemies":"Large Slime","floor":15,"turns":2},{"damage":21,"enemies":"IC_STATUS_ARCHETYPE","floor":16,"turns":2}],"seed_played":"-8310268958078024109","potions_obtained":[{"floor":3,"key":"GamblersBrew"},{"floor":12,"key":"Fruit Juice"},{"floor":14,"key":"Fire Potion"},{"floor":15,"key":"BlessingOfTheForge"}],"is_trial":false,"path_per_floor":["R","M","M","?","M","?","T","?","R","M","M","E","$","M","M","B"],"character_chosen":"THE_AUTOMATON","items_purchased":["bronze:ItsAFeature"],"campfire_rested":0,"item_purchase_floors":[13],"current_hp_per_floor":[70,70,66,71,70,49,49,49,49,39,40,20,13,11,9,0,0,0],"gold":52,"neow_bonus":"THREE_CARDS","is_daily":false,"chose_seed":false,"campfire_upgraded":1,"win_rate":0.0,"timestamp":1613683411,"path_taken":["R","M","M","?","M","?","T","?","R","M","?","E","$","M","M","BOSS"],"items_purchased_type":["Card"],"build_version":"2020-12-22","purchased_purges":0,"victory":false,"max_hp_per_floor":[70,70,70,75,75,75,75,75,75,75,75,75,75,75,75,80,80,80],"card_choices":[{"not_picked":["bronze:Safeguard","bronze:Invalidate"],"picked":"bronze:BugBarrage","floor":0},{"not_picked":["bronze:Deprecate","bronze:DelayedGuard","bronze:Invalidate"],"picked":"SKIP","floor":2},{"not_picked":["bronze:FineTuning","bronze:Deprecate"],"picked":"bronze:BugBarrage","floor":3},{"not_picked":["bronze:GetLatest","bronze:BugBarrage"],"picked":"bronze:WildBeam","floor":5},{"not_picked":["bronze:CutThrough","bronze:Deprecate","bronze:BronzeOrb"],"picked":"SKIP","floor":10},{"not_picked":["bronze:DelayedGuard","bronze:FineTuning","bronze:ForceShield"],"picked":"SKIP","floor":11},{"not_picked":["bronze:AlphaBuild","bronze:Invalidate","bronze:Return"],"picked":"SKIP","floor":12},{"not_picked":["bronze:ChildClass","bronze:Frontload","bronze:FineTuning"],"picked":"SKIP","floor":13},{"not_picked":["bronze:Boost","bronze:FineTuning"],"picked":"bronze:WildBeam","floor":14},{"not_picked":["bronze:FollowUp","bronze:DelayedGuard","bronze:Overload"],"picked":"SKIP","floor":15}],"player_experience":1202731,"relics_obtained":[{"floor":7,"key":"Blood Vial"},{"floor":12,"key":"Peace Pipe"}],"event_choices":[{"damage_healed":0,"gold_gain":0,"player_choice":"Donut","damage_taken":0,"max_hp_gain":5,"max_hp_loss":0,"event_name":"Big Fish","floor":4,"gold_loss":0}],"is_beta":false,"boss_relics":[],"items_purged_floors":[],"is_endless":false,"potions_floor_spawned":[3,12,14,15],"killed_by":"IC_STATUS_ARCHETYPE","ascension_level":0}}