{"host":"v9duy90nce28uent","time":1613615545,"event":{"mods":["BaseMod","Colored Map","Colored Powertips","Conspire","Downfall","Hermit","Highlight Path","Hubris","Infinite Spire","Jorbs\u0027s Wanderer Trilogy","Minty Spire (QoL Compilation)","Quick Restart","Rare Cards Sparkle","Replay The Spire","StSLib","The Cursed","The Disciple","The Hierophant","The Jungle","The Runesmith","slay the spire mod where everything is the same but ironclad has a cowboy hat"],"gold_per_floor":[114,41,116,29,47,76,76,91,118,129,147,161,161,171,171,267,267,279,261,261,278,203,203,228,228,251,268,284,284,284,284,284],"floor_reached":30,"language":"ENG","playtime":3012,"items_purged":["bronze:Defend"],"score":259,"play_id":"9b42eaa0-dd31-4bbb-b11c-68b84edb53a9","local_time":"20210217213225","is_ascension_mode":false,"campfire_choices":[{"data":"hubris:DuctTapeCard","floor":15,"key":"SMITH"},{"data":"bronze:BuggyMess","floor":23,"key":"SMITH"},{"floor":25,"key":"REST"}],"circlet_count":0,"master_deck":["bronze:Strike","bronze:Strike","bronze:Strike","bronze:Defend","bronze:Defend","bronze:Defend","bronze:Replicate","bronze:Goto","bronze:BugBarrage","bronze:Shield","bronze:BugBarrage","bronze:Turbo","hubris:DuctTapeCard+2","bronze:HyperBeam","stsjorbsmod:DemonicCoup","stsjorbsmod:ShrapnelBloom","bronze:BuggyMess+1","bronze:MaxOutput+1","bronze:BuggyMess+1","bronze:Turbo+1","Pot Of Greed","Pot Of Greed"],"relics":["stsjorbsmod:BookOfTrialsRelic","NeowsBlessing","Runesmith:Nanobots","infinitespire:Cubic Diamond","Anchor","hubris:DuctTape","hubris:RunicObelisk","hubris:Towel","FossilizedHelix","Grinning Jar"],"acts_visited":["Exordium","TheCity"],"potions_floor_usage":[24,24,24,28],"damage_taken":[{"damage":0,"enemies":"Small Slimes","floor":1,"turns":1},{"damage":0,"enemies":"Cultist","floor":5,"turns":1},{"damage":0,"enemies":"Gremlin Nob","floor":6,"turns":1},{"damage":0,"enemies":"Jaw Worm","floor":8,"turns":3},{"damage":1,"enemies":"Blue Slaver","floor":10,"turns":4},{"damage":0,"enemies":"Looter","floor":11,"turns":3},{"damage":0,"enemies":"3 Louse","floor":12,"turns":3},{"damage":12,"enemies":"Red Slaver","floor":14,"turns":5},{"damage":16,"enemies":"Slime Boss","floor":16,"turns":8},{"damage":0,"enemies":"Spheric Guardian","floor":18,"turns":3},{"damage":0,"enemies":"2 Thieves","floor":19,"turns":4},{"damage":0,"enemies":"Centurion and Healer","floor":21,"turns":6},{"damage":43,"enemies":"conspire:MimicChest","floor":24,"turns":7},{"damage":30,"enemies":"Cultist and Chosen","floor":27,"turns":8},{"damage":16,"enemies":"Snecko","floor":28,"turns":6},{"damage":9,"enemies":"Centurion and Healer","floor":30,"turns":4}],"seed_played":"-2292511045811472187","potions_obtained":[{"floor":5,"key":"hexamod:SoulburnPotion"},{"floor":6,"key":"Strength Potion"},{"floor":8,"key":"SteroidPotion"},{"floor":11,"key":"LifebloodPotion"},{"floor":24,"key":"Elixir"},{"floor":27,"key":"Dexterity Potion"}],"is_trial":false,"path_per_floor":["M","$","?","$","M","E","?","M","T","M","M","M","T","M","R","B",null,"M","M","?","M","$","R","?","R","T","M","M","?","M"],"character_chosen":"THE_AUTOMATON","items_purchased":["bronze:Allocate","bronze:Shield","bronze:BugBarrage"],"campfire_rested":1,"item_purchase_floors":[2,4,4],"current_hp_per_floor":[70,70,63,63,63,63,63,63,63,62,62,62,62,50,50,34,70,70,70,70,70,70,70,27,48,48,18,2,2,0,0,0],"gold":284,"neow_bonus":"THREE_ENEMY_KILL","is_daily":false,"chose_seed":false,"campfire_upgraded":2,"win_rate":0.0,"timestamp":1613615545,"path_taken":["M","$","?","$","?","E","?","M","T","M","M","M","?","M","R","BOSS","M","M","?","M","$","R","?","R","T","M","M","?","M"],"items_purchased_type":["Card","Card","Card"],"build_version":"2020-12-22","purchased_purges":1,"victory":false,"max_hp_per_floor":[70,70,70,70,70,70,70,70,70,70,70,70,70,70,70,70,70,70,70,70,70,70,70,70,70,70,70,70,70,70,70,70],"card_choices":[{"not_picked":["bronze:Backtrace","bronze:NullPointer"],"picked":"bronze:BugBarrage","floor":1},{"not_picked":["bronze:FollowUp","bronze:Iterate","bronze:Frontload"],"picked":"SKIP","floor":5},{"not_picked":["bronze:DigitalCarnage","bronze:WhirlingStrike"],"picked":"bronze:Turbo","floor":6},{"not_picked":["bronze:Overload","bronze:Overheat","bronze:HardenedForm"],"picked":"SKIP","floor":8},{"not_picked":["bronze:Fortify","bronze:CutThrough","bronze:Branch"],"picked":"SKIP","floor":10},{"not_picked":["bronze:Frontload","bronze:CutThrough","bronze:WhirlingStrike"],"picked":"SKIP","floor":11},{"not_picked":["bronze:Return","bronze:DarkDash","bronze:Optimize"],"picked":"SKIP","floor":12},{"not_picked":["bronze:DelayedSlice","bronze:Repair","bronze:WildBeam"],"picked":"SKIP","floor":14},{"not_picked":["bronze:Format","bronze:RecursiveStrike"],"picked":"bronze:HyperBeam","floor":16},{"not_picked":["bronze:Turbo","bronze:Constructor"],"picked":"bronze:BuggyMess+1","floor":18},{"not_picked":["bronze:ChosenStrike","bronze:Turbo+1"],"picked":"bronze:MaxOutput+1","floor":19},{"not_picked":["bronze:Deprecate","bronze:ChildClass"],"picked":"bronze:BuggyMess","floor":21},{"not_picked":["bronze:Overheat","bronze:BuggyMess+1"],"picked":"bronze:Turbo+1","floor":24},{"not_picked":["bronze:DelayedGuard","bronze:Terminator","bronze:WildBeam"],"picked":"SKIP","floor":27},{"not_picked":["bronze:ForLoop","bronze:Iterate","bronze:BitShift"],"picked":"SKIP","floor":28}],"player_experience":137822,"relics_obtained":[{"floor":6,"key":"Runesmith:Nanobots"},{"floor":9,"key":"Anchor"},{"floor":13,"key":"hubris:DuctTape"},{"floor":24,"key":"FossilizedHelix"},{"floor":26,"key":"Grinning Jar"}],"event_choices":[{"damage_healed":0,"gold_gain":75,"player_choice":"Touch","damage_taken":7,"max_hp_gain":0,"max_hp_loss":0,"event_name":"FaceTrader","floor":3,"gold_loss":0},{"cards_removed":["bronze:Strike"],"damage_healed":0,"gold_gain":0,"player_choice":"Offered Basic","damage_taken":0,"max_hp_gain":0,"max_hp_loss":0,"event_name":"Bonfire Elementals","floor":29,"gold_loss":0}],"is_beta":false,"boss_relics":[{"not_picked":["Cursed Key","Busted Crown"],"picked":"hubris:RunicObelisk"}],"items_purged_floors":[22],"is_endless":false,"potions_floor_spawned":[5,6,8,11,21,24,27],"killed_by":"Centurion and Healer","ascension_level":0}}