{"host":"fxrgx7wt2cpkbhka","time":1613630693,"event":{"mods":["AchievementEnabler","BaseMod","Colored Powertips","Dark Map","Minty Spire (QoL Compilation)","Permanent Neow","Quick Restart","Slay-I","StSLib","Waifu the Spire"],"gold_per_floor":[110,35,47,47,62,93,93,124,124,124,137,137,137,152,152,229,229,240,240,254,16,32,32,65,65,117,117,77,77,103,122,122,122,122],"floor_reached":33,"language":"ENG","playtime":1077,"items_purged":[],"score":498,"play_id":"032f080f-0e63-4693-9f8b-787769d9a3fb","local_time":"20210217224453","is_ascension_mode":true,"campfire_choices":[{"floor":7,"key":"REST"},{"data":"Dualcast","floor":10,"key":"SMITH"},{"data":"Zap","floor":12,"key":"SMITH"},{"data":"Ball Lightning","floor":15,"key":"SMITH"},{"data":"Conserve Battery","floor":23,"key":"SMITH"},{"data":"FTL","floor":25,"key":"SMITH"},{"data":"Conserve Battery","floor":27,"key":"SMITH"},{"data":"Defragment","floor":32,"key":"SMITH"}],"circlet_count":0,"master_deck":["AscendersBane","Strike_B","Strike_B","Defend_B","Defend_B","Defend_B","Zap+1","Dualcast+1","Go for the Eyes+1","Chill+1","Conserve Battery+1","Ball Lightning+1","Compile Driver+1","Conserve Battery+1","Scrape+1","Echo Form+1","Doom and Gloom+1","Defragment+1","Coolheaded+1","FTL+1","Defragment+1"],"relics":["Cracked Core","Lantern","Ornamental Fan","Darkstone Periapt","DataDisk","Eternal Feather","Astrolabe","Toxic Egg 2","Torii","Smiling Mask","Anchor"],"acts_visited":["Exordium","TheCity"],"potions_floor_usage":[8,8,16,20,31],"damage_taken":[{"damage":15,"enemies":"2 Louse","floor":1,"turns":2},{"damage":0,"enemies":"Cultist","floor":3,"turns":3},{"damage":0,"enemies":"Jaw Worm","floor":5,"turns":4},{"damage":21,"enemies":"Lagavulin","floor":6,"turns":8},{"damage":38,"enemies":"Gremlin Nob","floor":8,"turns":6},{"damage":0,"enemies":"Lots of Slimes","floor":11,"turns":3},{"damage":16,"enemies":"Looter","floor":14,"turns":3},{"damage":19,"enemies":"Hexaghost","floor":16,"turns":9},{"damage":8,"enemies":"Spheric Guardian","floor":18,"turns":5},{"damage":0,"enemies":"3 Byrds","floor":20,"turns":3},{"damage":0,"enemies":"Snecko","floor":22,"turns":4},{"damage":7,"enemies":"Gremlin Leader","floor":24,"turns":5},{"damage":39,"enemies":"Slavers","floor":30,"turns":6},{"damage":0,"enemies":"Centurion and Healer","floor":31,"turns":5},{"damage":41,"enemies":"Collector","floor":33,"turns":5}],"seed_played":"-3833463288553031026","potions_obtained":[{"floor":3,"key":"Regen Potion"},{"floor":6,"key":"AttackPotion"},{"floor":11,"key":"AttackPotion"},{"floor":16,"key":"EssenceOfSteel"},{"floor":20,"key":"LiquidBronze"},{"floor":31,"key":"Fruit Juice"}],"is_trial":false,"path_per_floor":["M","?","M","?","M","E","R","E","T","R","M","R","?","M","R","B",null,"M","?","M","$","M","R","E","R","T","R","?","$","E","M","R","B"],"character_chosen":"DEFECT","items_purchased":["Toxic Egg 2"],"campfire_rested":1,"item_purchase_floors":[21],"current_hp_per_floor":[49,49,49,49,49,28,49,25,25,34,34,43,43,27,36,17,58,50,37,37,37,37,46,39,51,51,63,63,63,24,29,41,0,0],"gold":122,"neow_bonus":"RANDOM_COMMON_RELIC","is_daily":false,"chose_seed":false,"campfire_upgraded":7,"win_rate":0.0,"timestamp":1613630693,"path_taken":["M","?","?","?","?","E","R","E","T","R","M","R","?","M","R","BOSS","M","?","M","$","M","R","E","R","T","R","?","$","E","?","R","BOSS"],"items_purchased_type":["Relic"],"build_version":"2020-12-22","purchased_purges":0,"victory":false,"max_hp_per_floor":[71,71,71,71,71,71,71,71,71,71,71,71,71,71,71,71,71,71,76,76,76,76,76,76,76,76,76,76,76,76,81,81,81,81],"card_choices":[{"not_picked":["Coolheaded","Steam"],"picked":"Go for the Eyes","floor":1},{"not_picked":["Streamline","Conserve Battery"],"picked":"Chill","floor":3},{"not_picked":["BootSequence","Compile Driver"],"picked":"Conserve Battery","floor":5},{"not_picked":["Skim","Scrape"],"picked":"Ball Lightning","floor":6},{"not_picked":["Biased Cognition","Darkness"],"picked":"Compile Driver","floor":8},{"not_picked":["Sweeping Beam","Aggregate","Steam"],"picked":"SKIP","floor":11},{"not_picked":["Double Energy","Scrape"],"picked":"Conserve Battery","floor":14},{"not_picked":["Hologram","Turbo"],"picked":"Defragment+1","floor":18},{"not_picked":["Gash+1","Undo+1","Hologram"],"picked":"SKIP","floor":20},{"not_picked":["Turbo+1","Stack+1"],"picked":"Coolheaded+1","floor":22},{"not_picked":["Steam+1","Gash"],"picked":"FTL","floor":24},{"not_picked":["Compile Driver+1","Gash+1","Rainbow+1"],"picked":"SKIP","floor":30},{"not_picked":["Rebound+1","FTL"],"picked":"Defragment","floor":31}],"player_experience":792241,"relics_obtained":[{"floor":6,"key":"Darkstone Periapt"},{"floor":8,"key":"DataDisk"},{"floor":9,"key":"Eternal Feather"},{"floor":24,"key":"Torii"},{"floor":26,"key":"Smiling Mask"},{"floor":30,"key":"Anchor"}],"event_choices":[{"damage_healed":0,"gold_gain":0,"player_choice":"Paid Gold","damage_taken":0,"relics_obtained":["Ornamental Fan"],"max_hp_gain":0,"max_hp_loss":0,"event_name":"WeMeetAgain","floor":2,"gold_loss":75},{"damage_healed":0,"gold_gain":0,"player_choice":"Upgraded","damage_taken":0,"max_hp_gain":0,"max_hp_loss":0,"event_name":"Upgrade Shrine","floor":4,"gold_loss":0,"cards_upgraded":["Chill"]},{"damage_healed":0,"gold_gain":0,"player_choice":"Grow","damage_taken":0,"max_hp_gain":0,"max_hp_loss":0,"event_name":"Living Wall","floor":13,"gold_loss":0,"cards_upgraded":["Go for the Eyes"]},{"damage_healed":0,"gold_gain":0,"player_choice":"Shed Blood","damage_taken":18,"max_hp_gain":5,"max_hp_loss":0,"event_name":"Forgotten Altar","floor":19,"gold_loss":0},{"damage_healed":0,"gold_gain":0,"player_choice":"Upgrade","damage_taken":0,"max_hp_gain":0,"max_hp_loss":0,"event_name":"Designer","floor":28,"gold_loss":40,"cards_upgraded":["Compile Driver"]}],"is_beta":false,"boss_relics":[{"not_picked":["Coffee Dripper","Tiny House"],"picked":"Astrolabe"}],"items_purged_floors":[],"is_endless":false,"potions_floor_spawned":[3,6,11,16,20,31],"killed_by":"Collector","ascension_level":14}}