{"host":"c3mohl8225ccym5l","time":1613612846,"event":{"mods":["Act Like it!","BaseMod","Beaked The Cultist","BetterRewards","Card Forge","Downfall","Duelist Mod","Glutton Mod","GungeonMod","Hallownest","Hermit","Ironclad Rager","Jorbs\u0027s Wanderer Trilogy","Koishi","Marisa????????","Marked Mod","Minty Spire (QoL Compilation)","Pikachu Mod","Shade Mod","Shop Mod","StSLib","Td1madao Mod","The Administrix","The Blackbeard","The Bladedancer","The Bug Knight","The Clintock","The Construct","The Cursed","The Disciple","The Hierophant","The Jungle","The Kombatant","The Marked","The Necromancer","The Poker Player","The Senshi","The Servant 0.9.4","The Wild Card","TheBandit","TheFirefly","TheVacant","Yuri Mod"],"gold_per_floor":[119,132,143,156,171,171,205,205,231,231,262,262,296,3,3,3,3],"floor_reached":16,"language":"ENG","playtime":701,"items_purged":[],"score":145,"play_id":"bdccba27-360a-4aae-b895-78a8c73d6a27","local_time":"20210217194726","is_ascension_mode":false,"campfire_choices":[{"data":"Glutton:Feed","floor":6,"key":"SMITH"},{"floor":15,"key":"REST"}],"circlet_count":0,"master_deck":["Glutton:Strike","Glutton:Strike","Glutton:Strike","Glutton:Strike","Glutton:Strike","Glutton:Strike","Glutton:Defend","Glutton:Defend","Glutton:Defend","Glutton:Flail","Glutton:Feed+1","Glutton:Rest","Glutton:BloodyKnuckle","Glutton:DecrepitStrike","Glutton:Voracity","Glutton:Yearn","Glutton:Treat","Injury","Glutton:Revivification","Glutton:GuardStance"],"relics":["Hammer of Thor","Seething Fire","Anvil of the Gods","beaked:SacredDeck","Calipers","Bottled Flame","Toy Ornithopter","Golden Idol","Kunai","Strawberry","Membership Card","DemoMod:Antibody"],"acts_visited":["Exordium"],"potions_floor_usage":[11,11,13],"damage_taken":[{"damage":4,"enemies":"Cultist","floor":1,"turns":4},{"damage":5,"enemies":"Small Slimes","floor":2,"turns":3},{"damage":9,"enemies":"2 Louse","floor":3,"turns":3},{"damage":30,"enemies":"Exordium Thugs","floor":4,"turns":4},{"damage":14,"enemies":"Red Slaver","floor":5,"turns":3},{"damage":48,"enemies":"3 Sentries","floor":7,"turns":8},{"damage":71,"enemies":"Lagavulin","floor":11,"turns":9},{"damage":20,"enemies":"3 Sentries","floor":13,"turns":4},{"damage":106,"enemies":"The Guardian","floor":16,"turns":10}],"seed_played":"2095297750229104295","potions_obtained":[{"floor":1,"key":"Weak Potion"},{"floor":5,"key":"Explosive Potion"},{"floor":7,"key":"Block Potion"}],"is_trial":false,"path_per_floor":["M","M","M","M","M","R","E","T","T","?","E","?","E","$","R","B"],"character_chosen":"GLUTTON","items_purchased":["Membership Card","DemoMod:Antibody"],"campfire_rested":1,"item_purchase_floors":[14,14],"current_hp_per_floor":[119,126,120,103,89,89,65,65,65,65,24,24,33,33,77,0,0],"gold":3,"neow_bonus":"BOSS_RELIC","is_daily":false,"chose_seed":false,"campfire_upgraded":1,"win_rate":0.0,"timestamp":1613612846,"path_taken":["M","M","M","M","M","R","E","?","T","?","E","?","E","$","R","BOSS"],"items_purchased_type":["Relic","Relic"],"build_version":"2020-12-22","purchased_purges":0,"victory":false,"max_hp_per_floor":[123,126,129,132,132,132,136,136,136,136,136,136,147,147,147,147,147],"card_choices":[{"not_picked":["Glutton:Chomp","Glutton:Brace"],"picked":"Glutton:Rest","floor":1},{"not_picked":["Glutton:Borborygmi","Glutton:LashOut"],"picked":"Glutton:BloodyKnuckle","floor":2},{"not_picked":["Glutton:Rest","Glutton:Devour"],"picked":"Glutton:DecrepitStrike","floor":3},{"not_picked":["Glutton:Yearn","Glutton:Treat"],"picked":"Glutton:Voracity","floor":4},{"not_picked":["Glutton:Devour","Glutton:PainMeditation"],"picked":"Glutton:Yearn","floor":5},{"not_picked":["Glutton:GoldenArmor","Glutton:Regurgitate"],"picked":"Glutton:Treat","floor":7},{"not_picked":["Glutton:Rapacity","Glutton:FragileMight"],"picked":"Glutton:Revivification","floor":11},{"not_picked":["Glutton:Scab","Glutton:Dispepsia"],"picked":"Glutton:GuardStance","floor":13}],"player_experience":202690,"relics_obtained":[{"floor":7,"key":"Calipers"},{"floor":8,"key":"Bottled Flame"},{"floor":9,"key":"Toy Ornithopter"},{"floor":11,"key":"Kunai"},{"floor":13,"key":"Strawberry"}],"event_choices":[{"damage_healed":0,"gold_gain":0,"player_choice":"Take Wound","damage_taken":0,"relics_obtained":["Golden Idol"],"max_hp_gain":0,"max_hp_loss":0,"event_name":"Golden Idol","floor":10,"gold_loss":0,"cards_obtained":["Injury"]},{"damage_healed":0,"gold_gain":0,"player_choice":"Ignored","damage_taken":0,"max_hp_gain":0,"max_hp_loss":0,"event_name":"NoteForYourself","floor":12,"gold_loss":0}],"is_beta":false,"boss_relics":[],"items_purged_floors":[],"is_endless":false,"potions_floor_spawned":[1,5,7],"killed_by":"The Guardian","ascension_level":0}}