{"host":"vk2xyavtylxbvrfq","time":1613678170,"event":{"mods":["Bard","BaseMod","Bestiary","Better Altar","Better Match","Better Note","Better Sensory Stone","Better Skull","Better Vampires","Block Reminder","Bossed Relics","Colored Map","Curses Come First","Displayed Cursed Tome","Downfall","Fox Events","Hermit","Ironclad Rager","Marked Mod","Minty Spire (QoL Compilation)","Quick Restart","Rare Cards Sparkle","Relic Sorter","Reliquary","Robot Space Explorer","StSLib","The Hayseed","The Runesmith","TheSurvivalist","Unceasing Turn Reminder"],"gold_per_floor":[125,198,198,198,298,332,332,346,393,418,418,446,463,3,3,99,99,112,137,148,148,148,175,175,175,175,175,190,190,215,215,215,310,310,328,355,388,388,403,403,13,13,36,86,100,100,6,6,6,6,6,6,6,66,66,66],"floor_reached":55,"language":"ENG","playtime":2236,"items_purged":[],"score":1070,"play_id":"e60bdf8e-8a39-400f-8590-700dcbbbbe24","local_time":"20210218145610","is_ascension_mode":true,"campfire_choices":[{"floor":7.0,"key":"REST"},{"floor":11.0,"key":"REST"},{"floor":15.0,"key":"REST"},{"floor":24.0,"key":"REST"},{"floor":32.0,"key":"REST"},{"floor":40.0,"key":"RECALL"},{"data":"Apotheosis","floor":42.0,"key":"SMITH"},{"data":"hermit:Reprieve","floor":46.0,"key":"SMITH"},{"data":"hermit:Covet","floor":49.0,"key":"SMITH"},{"data":"hermit:GhostlyPresence","floor":52.0,"key":"SMITH"}],"circlet_count":0,"master_deck":["hermit:Strike_Hermit","hermit:Strike_Hermit","hermit:Strike_Hermit","hermit:Strike_Hermit","hermit:Defend_Hermit","hermit:Defend_Hermit","hermit:Defend_Hermit","hermit:Defend_Hermit","hermit:Snapshot","hermit:Covet+1","hermit:DeadOrAlive","hermit:Showdown+1","downfall:Haunted","downfall:Haunted","Regret","hermit:Gambit","Doubt","Parasite","hermit:Spite","hermit:Midnight","hermit:Deadeye","hermit:RoundhouseKick","hermit:SprayPray","hermit:Reprieve","hermit:Glare","hermit:LowProfile+1","hermit:Deadeye+1","Mayhem+1","RitualDagger","hermit:Malice","hermit:GhostlyPresence+1","hermit:Coalescence","hermit:Spite+1","Madness+1","hermit:Determination","hermit:Reprieve+1","CurseOfTheBell","hermit:GhostlyPresence+1","hermit:Determination+1","hermit:Enervate+1","Writhe","hermit:Reprieve","Apotheosis+1","hermit:Determination+1","hermit:Coalescence+1","hermit:Snipe+1","Trip","hermit:OverwhelmingPower+1"],"relics":["hermit:Momento","Darkstone Periapt","reliquary:SilkGlove","Centennial Puzzle","Mummified Hand","Eternal Feather","Chemical X","Shuriken","Sozu","Dream Catcher","reliquary:Sod","Runesmith:Nanobots","Oddly Smooth Stone","Calling Bell","reliquary:Knoch","Frozen Egg 2","StoneCalendar","Bronze Scales","Lizard Tail","reliquary:OuijaBoard","reliquary:QuartzCube"],"acts_visited":["Exordium","TheCity","TheBeyond","TheEnding"],"potions_floor_usage":[],"damage_taken":[{"damage":0.0,"enemies":"Small Slimes","floor":1.0,"turns":3.0},{"damage":41.0,"enemies":"Lagavulin","floor":6.0,"turns":8.0},{"damage":13.0,"enemies":"Jaw Worm","floor":8.0,"turns":4.0},{"damage":19.0,"enemies":"Gremlin Nob","floor":10.0,"turns":3.0},{"damage":70.0,"enemies":"Lagavulin","floor":12.0,"turns":7.0},{"damage":6.0,"enemies":"Cultist","floor":13.0,"turns":3.0},{"damage":29.0,"enemies":"Slime Boss","floor":16.0,"turns":8.0},{"damage":8.0,"enemies":"Chosen","floor":18.0,"turns":3.0},{"damage":11.0,"enemies":"2 Thieves","floor":19.0,"turns":2.0},{"damage":4.0,"enemies":"Centurion and Healer","floor":20.0,"turns":3.0},{"damage":48.0,"enemies":"Slavers","floor":23.0,"turns":5.0},{"damage":0.0,"enemies":"Snecko","floor":28.0,"turns":3.0},{"damage":18.0,"enemies":"Gremlin Leader","floor":30.0,"turns":3.0},{"damage":29.0,"enemies":"Collector","floor":33.0,"turns":7.0},{"damage":11.0,"enemies":"Orb Walker","floor":35.0,"turns":2.0},{"damage":34.0,"enemies":"3 Shapes","floor":36.0,"turns":3.0},{"damage":16.0,"enemies":"Sphere and 2 Shapes","floor":37.0,"turns":4.0},{"damage":3.0,"enemies":"Maw","floor":39.0,"turns":6.0},{"damage":2.0,"enemies":"Mind Bloom Boss Battle","floor":44.0,"turns":7.0},{"damage":34.0,"enemies":"4 Shapes","floor":45.0,"turns":2.0},{"damage":73.0,"enemies":"Awakened One","floor":50.0,"turns":8.0},{"damage":116,"enemies":"Shield and Spear","floor":54,"turns":6},{"damage":124,"enemies":"The Heart","floor":55,"turns":5}],"seed_played":"-431302440700358744","potions_obtained":[{"floor":1.0,"key":"GamblersBrew"},{"floor":8.0,"key":"Strength Potion"},{"floor":12.0,"key":"hermit:Tonic"}],"is_trial":false,"path_per_floor":["M","?","?","?","?","E","R","M","T","E","R","E","M","$","R","B",null,"M","M","M","?","?","E","R","?","T","T","M","?","E","?","R","B",null,"M","M","M","?","M","R","$","R","T","?","M","R","$","T","R","B",null,"R","$","E","B"],"character_chosen":"HERMIT","items_purchased":["Chemical X","Shuriken","Swift Potion","Bronze Scales","Apotheosis","hermit:Determination+1","Trip"],"campfire_rested":5,"item_purchase_floors":[14,14,14,41,41,41,47],"current_hp_per_floor":[68,68,73,73,108,67,101,88,88,69,103,33,27,27,73,44,97,93,82,90,90,84,40,92,92,92,92,108,108,90,67,115,86,114,103,69,61,97,114,127,127,127,127,125,91,118,118,118,127,78,115,127,127,27,0,0],"gold":66,"neow_bonus":"ONE_RANDOM_RARE_CARD","is_daily":false,"chose_seed":false,"campfire_upgraded":4,"win_rate":0.0,"timestamp":1613678170,"path_taken":["M","?","?","?","?","E","R","M","T","E","R","E","M","$","R","BOSS","M","M","M","?","?","E","R","?","T","?","?","?","E","?","R","BOSS","M","M","M","?","M","R","$","R","T","?","M","R","?","?","R","BOSS","R","$","E","BOSS"],"items_purchased_type":["Relic","Relic","Potion","Relic","Card","Card","Card"],"build_version":"2020-12-22","purchased_purges":0,"victory":false,"max_hp_per_floor":[75,75,80,80,115,115,115,115,115,115,115,115,115,115,115,115,115,115,115,115,115,115,115,115,115,115,115,115,115,115,115,115,115,121,121,121,121,127,127,127,127,127,127,127,127,127,127,127,127,127,127,127,127,127,127,127],"card_choices":[{"not_picked":["hermit:HighCaliber","hermit:Ricochet"],"picked":"hermit:Showdown","floor":1.0},{"not_picked":["hermit:Desperado","hermit:GhostlyPresence"],"picked":"hermit:Spite","floor":6.0},{"not_picked":["hermit:Shortfuse","hermit:Vantage"],"picked":"hermit:Midnight","floor":8.0},{"not_picked":["hermit:HighCaliber","hermit:Headshot"],"picked":"hermit:Deadeye","floor":10.0},{"not_picked":["hermit:HighCaliber","hermit:Virtue"],"picked":"hermit:RoundhouseKick","floor":12.0},{"not_picked":["hermit:Dive","hermit:Feint"],"picked":"hermit:SprayPray","floor":13.0},{"not_picked":["hermit:Roughhouse","hermit:Gambit"],"picked":"hermit:Reprieve","floor":16.0},{"not_picked":["hermit:Quickdraw","hermit:TrackingShot+1"],"picked":"hermit:Glare","floor":18.0},{"not_picked":["hermit:Misfire","hermit:Snipe"],"picked":"hermit:LowProfile+1","floor":19.0},{"not_picked":["hermit:HoleUp+1","hermit:ItchyTrigger"],"picked":"hermit:Deadeye+1","floor":20.0},{"not_picked":["hermit:FullyLoaded+1","hermit:HeroicBravado"],"picked":"hermit:Malice","floor":23.0},{"not_picked":["hermit:Coalescence","hermit:BodyArmor"],"picked":"hermit:GhostlyPresence+1","floor":24.0},{"not_picked":["hermit:LuckOfTheDraw+1","hermit:BodyArmor"],"picked":"hermit:Coalescence","floor":28.0},{"not_picked":["hermit:Vantage","hermit:HeroicBravado"],"picked":"hermit:Spite+1","floor":30.0},{"not_picked":["hermit:LoneWolf","hermit:LowProfile"],"picked":"hermit:Determination","floor":32.0},{"not_picked":["hermit:Adapt","hermit:DeadOrAlive"],"picked":"hermit:Reprieve","floor":33.0},{"not_picked":["hermit:Scavenge+1","hermit:EyeOfTheStorm"],"picked":"hermit:GhostlyPresence","floor":35.0},{"not_picked":["hermit:Headshot+1","hermit:SprayPray+1"],"picked":"hermit:Determination+1","floor":36.0},{"not_picked":["hermit:Roulette","hermit:SprayPray"],"picked":"hermit:Enervate+1","floor":37.0},{"not_picked":["hermit:HighCaliber+1","hermit:Snipe+1"],"picked":"hermit:Reprieve","floor":39.0},{"not_picked":["hermit:HighCaliber","hermit:Manifest"],"picked":"hermit:Coalescence+1","floor":44.0},{"not_picked":["hermit:Scavenge+1","hermit:GhostlyPresence"],"picked":"hermit:Snipe+1","floor":45.0},{"not_picked":["hermit:TakeCover+1","hermit:Horror+1"],"picked":"hermit:OverwhelmingPower+1","floor":54}],"player_experience":1421238,"relics_obtained":[{"floor":6.0,"key":"reliquary:SilkGlove"},{"floor":9.0,"key":"Centennial Puzzle"},{"floor":10.0,"key":"Mummified Hand"},{"floor":12.0,"key":"Eternal Feather"},{"floor":23.0,"key":"Dream Catcher"},{"floor":26.0,"key":"reliquary:Sod"},{"floor":27.0,"key":"Runesmith:Nanobots"},{"floor":30.0,"key":"Oddly Smooth Stone"},{"floor":34.0,"key":"reliquary:Knoch"},{"floor":34.0,"key":"Frozen Egg 2"},{"floor":34.0,"key":"StoneCalendar"},{"floor":44.0,"key":"Lizard Tail"},{"floor":48.0,"key":"reliquary:OuijaBoard"},{"floor":54,"key":"reliquary:QuartzCube"}],"event_choices":[{"damage_healed":0.0,"max_hp_gain":0.0,"max_hp_loss":0.0,"gold_gain":73.0,"event_name":"Golden Wing","player_choice":"Gained Gold","floor":2.0,"gold_loss":0.0,"damage_taken":0.0},{"damage_healed":0.0,"max_hp_gain":5.0,"max_hp_loss":0.0,"gold_gain":0.0,"event_name":"Big Fish","player_choice":"Donut","floor":3.0,"gold_loss":0.0,"damage_taken":0.0},{"damage_healed":0.0,"max_hp_gain":0.0,"max_hp_loss":0.0,"gold_gain":0.0,"event_name":"Living Wall","player_choice":"Grow","floor":4.0,"gold_loss":0.0,"damage_taken":0.0,"cards_upgraded":["hermit:Showdown"]},{"cards_removed":["hermit:Reprieve"],"damage_healed":0.0,"max_hp_gain":0.0,"max_hp_loss":0.0,"gold_gain":0.0,"event_name":"betterNote:BetterNote","player_choice":"Take \u0026 Give","floor":21.0,"gold_loss":0.0,"damage_taken":0.0,"cards_obtained":["Mayhem"]},{"damage_healed":0.0,"max_hp_gain":0.0,"max_hp_loss":0.0,"gold_gain":0.0,"event_name":"Nest","player_choice":"Joined the Cult","floor":22.0,"gold_loss":0.0,"damage_taken":6.0,"cards_obtained":["RitualDagger"]},{"damage_healed":0.0,"max_hp_gain":0.0,"max_hp_loss":0.0,"gold_gain":0.0,"event_name":"Vampires","player_choice":"Ignored","floor":25.0,"gold_loss":0.0,"damage_taken":0.0},{"damage_healed":0.0,"max_hp_gain":0.0,"max_hp_loss":23.0,"gold_gain":2.0,"event_name":"betterStone:BetterStone","player_choice":"2","floor":31.0,"gold_loss":0.0,"damage_taken":0.0},{"damage_healed":30.0,"max_hp_gain":0.0,"max_hp_loss":0.0,"gold_gain":0.0,"event_name":"Winding Halls","player_choice":"Writhe","floor":38.0,"gold_loss":0.0,"damage_taken":0.0,"cards_obtained":["Writhe"]},{"damage_healed":0.0,"max_hp_gain":0.0,"max_hp_loss":0.0,"gold_gain":0.0,"event_name":"MindBloom","player_choice":"Fight","floor":44.0,"gold_loss":0.0,"damage_taken":0.0}],"is_beta":false,"boss_relics":[{"not_picked":["Tiny House","Fusion Hammer"],"picked":"Sozu"},{"not_picked":["Coffee Dripper","reliquary:Ember"],"picked":"Calling Bell"}],"items_purged_floors":[],"is_endless":false,"potions_floor_spawned":[1,8,12,18,19,28,30,35,45],"killed_by":"The Heart","ascension_level":6}}