{"host":"anox4050deqdcqoh","time":1613659204,"event":{"mods":["BaseMod","Colored Map","Displayed Cursed Tome","Highlight Path","Minty Spire (QoL Compilation)","Quick Restart","Rare Cards Sparkle","everything is the same but u backflip on backflip"],"gold_per_floor":[112,112,129,139,157,174,174,190,236,236,255,355,375,387,387,483,483,494,507,518,538,61,61,61],"floor_reached":23,"language":"ENG","playtime":1098,"items_purged":["Decay"],"score":254,"play_id":"8cb83087-7419-4ac1-af9f-b56fe6fabc0f","local_time":"20210218094004","is_ascension_mode":true,"campfire_choices":[{"data":"Metallicize","floor":7,"key":"SMITH"},{"floor":15,"key":"REST"}],"circlet_count":0,"master_deck":["Strike_R","Strike_R","Strike_R","Strike_R","Strike_R","Defend_R","Defend_R","Defend_R","Defend_R","Bash","Whirlwind","Metallicize+1","Anger","Anger","Rage","Sword Boomerang","Heavy Blade","Shockwave","Reaper","Flex","Thunderclap+1","Infernal Blade","Inflame+1","Armaments+1","Headbutt","Warcry+1","Panache","Madness"],"relics":["Burning Blood","Shuriken","MealTicket","Mark of Pain","Orrery"],"acts_visited":["Exordium","TheCity"],"potions_floor_usage":[8,11,14,16,18,20],"damage_taken":[{"damage":8,"enemies":"Cultist","floor":1,"turns":4},{"damage":6,"enemies":"2 Louse","floor":3,"turns":2},{"damage":10,"enemies":"Jaw Worm","floor":4,"turns":6},{"damage":15,"enemies":"2 Fungi Beasts","floor":5,"turns":5},{"damage":13,"enemies":"Blue Slaver","floor":6,"turns":5},{"damage":22,"enemies":"Exordium Thugs","floor":8,"turns":5},{"damage":6,"enemies":"Gremlin Gang","floor":11,"turns":5},{"damage":0,"enemies":"Lots of Slimes","floor":13,"turns":1},{"damage":0,"enemies":"2 Fungi Beasts","floor":14,"turns":1},{"damage":21,"enemies":"Slime Boss","floor":16,"turns":9},{"damage":54,"enemies":"2 Thieves","floor":18,"turns":4},{"damage":27,"enemies":"Shell Parasite","floor":19,"turns":6},{"damage":19,"enemies":"Snake Plant","floor":20,"turns":4},{"damage":25,"enemies":"Snecko","floor":21,"turns":5},{"damage":50,"enemies":"Book of Stabbing","floor":23,"turns":4}],"seed_played":"-7284797145700358415","potions_obtained":[{"floor":1,"key":"GamblersBrew"},{"floor":3,"key":"DuplicationPotion"},{"floor":8,"key":"Block Potion"},{"floor":11,"key":"SteroidPotion"},{"floor":13,"key":"SkillPotion"},{"floor":16,"key":"DuplicationPotion"},{"floor":19,"key":"BlessingOfTheForge"}],"is_trial":false,"path_per_floor":["M","?","M","M","M","M","R","M","T","?","M","?","M","M","R","B",null,"M","M","M","M","$","E"],"character_chosen":"IRONCLAD","items_purchased":["Orrery","Panache","Madness"],"campfire_rested":1,"item_purchase_floors":[22,22,22],"current_hp_per_floor":[94,61,61,57,48,41,41,25,25,25,25,25,31,37,65,50,96,65,44,41,28,43,0,0],"gold":61,"neow_bonus":"TWENTY_PERCENT_HP_BONUS","is_daily":false,"chose_seed":false,"campfire_upgraded":1,"win_rate":0.0,"timestamp":1613659204,"path_taken":["M","?","M","M","M","M","R","M","T","?","M","?","M","M","R","BOSS","M","?","M","M","$","E"],"items_purchased_type":["Relic","Card","Card"],"build_version":"2020-12-22","purchased_purges":1,"victory":false,"max_hp_per_floor":[96,96,96,96,96,96,96,96,96,96,96,96,96,96,96,96,96,96,96,96,96,96,96,96],"card_choices":[{"not_picked":["Warcry","Armaments"],"picked":"Whirlwind","floor":1},{"not_picked":["Bloodletting","Perfected Strike"],"picked":"Metallicize","floor":3},{"not_picked":["Perfected Strike","Limit Break","Cleave"],"picked":"SKIP","floor":4},{"not_picked":["Perfected Strike","Limit Break","Cleave"],"picked":"SKIP","floor":4},{"not_picked":["True Grit","Power Through"],"picked":"Anger","floor":5},{"not_picked":["Power Through","Havoc"],"picked":"Anger","floor":6},{"not_picked":["Perfected Strike","Iron Wave"],"picked":"Rage","floor":8},{"not_picked":["Warcry","Dropkick"],"picked":"Sword Boomerang","floor":11},{"not_picked":["Anger","Combust"],"picked":"Heavy Blade","floor":13},{"not_picked":["Flame Barrier","Evolve"],"picked":"Shockwave","floor":14},{"not_picked":["Juggernaut","Brutality"],"picked":"Reaper","floor":16},{"not_picked":["Headbutt","Clash"],"picked":"Flex","floor":18},{"not_picked":["Body Slam+1","Iron Wave"],"picked":"Thunderclap+1","floor":19},{"not_picked":["Thunderclap","Second Wind","Dark Embrace"],"picked":"SKIP","floor":20},{"not_picked":["Cleave","Shockwave"],"picked":"Infernal Blade","floor":21},{"not_picked":["Power Through","Perfected Strike"],"picked":"Inflame+1","floor":22},{"not_picked":["Warcry+1","Searing Blow"],"picked":"Armaments+1","floor":22},{"not_picked":["Barricade","Rampage+1"],"picked":"Headbutt","floor":22},{"not_picked":["Armaments","Body Slam"],"picked":"Warcry+1","floor":22}],"player_experience":467454,"relics_obtained":[{"floor":9,"key":"MealTicket"}],"event_choices":[{"damage_healed":0,"gold_gain":0,"player_choice":"Success","damage_taken":33,"relics_obtained":["Shuriken"],"max_hp_gain":0,"max_hp_loss":0,"event_name":"Scrap Ooze","floor":2,"gold_loss":0},{"damage_healed":0,"gold_gain":0,"player_choice":"Ignored","damage_taken":0,"max_hp_gain":0,"max_hp_loss":0,"event_name":"Shining Light","floor":10,"gold_loss":0},{"damage_healed":0,"gold_gain":100,"player_choice":"Pray","damage_taken":0,"max_hp_gain":0,"max_hp_loss":0,"event_name":"Golden Shrine","floor":12,"gold_loss":0}],"is_beta":false,"boss_relics":[{"not_picked":["SacredBark","Busted Crown"],"picked":"Mark of Pain"}],"items_purged_floors":[22],"is_endless":false,"potions_floor_spawned":[1,3,8,11,13,16,19],"killed_by":"Book of Stabbing","ascension_level":4}}