{"host":"p4yrwepmrl4g8pul","time":1613619456,"event":{"mods":["Act Like it!","BaseMod","BetterRewards","Colored Map","Custom Start","Gensokyo","Marisa£®ÏF”Í°°ƒß¿Ì…≥£©","Minty Spire (QoL Compilation)","Quick Restart","Rare Cards Sparkle","Reimu£®≤©¿ˆ¡È√Œ£©","Remilia£®¿Ÿ√◊¿Ú—«£©","Remove Card Discount Mod","Shop Mod","StSLib","The Jungle","Thieving Mod"],"gold_per_floor":[18,28,28,41,54,87,14,43,118,118,130,147,147,12,12,86,86,104,4,4,4,22,22,56,56,102,131,131,9,9,23,23,94,94,107,107,107,31,31,66,66,66,66,92,92,124,124,135,135,135,135,135,135,19,44,44],"floor_reached":57,"language":"ZHS","playtime":2276,"items_purged":["Strike_G","Defend_G","Strike_G","Defend_G","Strike_G","Strike_G","Tools of the Trade","Sucker Punch","Flying Knee","Defend_G","Defend_G","Escape Plan","Defend_G","Blade Dance","Dagger Spray","Deep Breath","Survivor","Blade Dance"],"score":3924,"play_id":"4bf24d18-5416-4af0-baee-394451ad5672","local_time":"20210218113736","is_ascension_mode":true,"campfire_choices":[{"floor":10.0,"key":"REST"},{"data":"Accuracy","floor":13.0,"key":"SMITH"},{"data":"Cloak And Dagger","floor":15.0,"key":"SMITH"},{"data":"Doppelganger","floor":23.0,"key":"SMITH"},{"data":"Footwork","floor":25.0,"key":"SMITH"},{"data":"Neutralize","floor":30.0,"key":"SMITH"},{"data":"Cloak And Dagger","floor":32.0,"key":"SMITH"},{"data":"Skewer","floor":42.0,"key":"SMITH"},{"floor":47.0,"key":"RECALL"},{"data":"Accuracy","floor":49.0,"key":"SMITH"},{"data":"Finesse","floor":53.0,"key":"SMITH"}],"circlet_count":0,"master_deck":["AscendersBane","Neutralize+1","Cloak And Dagger+1","Accuracy+1","Finesse+1","Doppelganger+1","Skewer+1","Cloak And Dagger+1","Footwork+1","Adrenaline+1","Good Instincts","Adrenaline+1","CurseOfTheBell","Accuracy+1","PiercingWail"],"relics":["Ring of the Serpent","Membership Card","Mastiff:ReiMu","Calipers","Chemical X","Orichalcum","MerchantsRug","Gambling Chip","Singing Bowl","Anchor","Lantern","The Courier","Mummified Hand","RuthlessExorcism:ReiMu","Kunai","Shuriken","Paper Crane","Bottled Lightning","PreservedInsect","HandDrill","Gremlin Horn","Art of War","Du-Vu Doll"],"acts_visited":["Exordium","TheCity","Gensokyo:Gensokyoest","TheEnding"],"potions_floor_usage":[56],"damage_taken":[{"damage":2.0,"enemies":"Small Slimes","floor":1.0,"turns":4.0},{"damage":0.0,"enemies":"Cultist","floor":2.0,"turns":3.0},{"damage":0.0,"enemies":"2 Louse","floor":4.0,"turns":2.0},{"damage":3.0,"enemies":"Blue Slaver","floor":5.0,"turns":4.0},{"damage":12.0,"enemies":"Lagavulin","floor":6.0,"turns":7.0},{"damage":4.0,"enemies":"Gremlin Nob","floor":8.0,"turns":3.0},{"damage":0.0,"enemies":"Large Slime","floor":11.0,"turns":3.0},{"damage":0.0,"enemies":"Looter","floor":12.0,"turns":3.0},{"damage":1.0,"enemies":"The Guardian","floor":16.0,"turns":9.0},{"damage":0.0,"enemies":"Chosen","floor":18.0,"turns":2.0},{"damage":0.0,"enemies":"3 Byrds","floor":22.0,"turns":3.0},{"damage":0.0,"enemies":"Book of Stabbing","floor":24.0,"turns":3.0},{"damage":0.0,"enemies":"Gremlin Leader","floor":27.0,"turns":3.0},{"damage":0.0,"enemies":"Cultist and Chosen","floor":31.0,"turns":3.0},{"damage":0.0,"enemies":"Automaton","floor":33.0,"turns":7.0},{"damage":0.0,"enemies":"Gensokyo:3_Bats","floor":35.0,"turns":2.0},{"damage":4.0,"enemies":"Gensokyo:Marisa","floor":40.0,"turns":2.0},{"damage":0.0,"enemies":"Gensokyo:Kasen","floor":44.0,"turns":4.0},{"damage":0.0,"enemies":"Gensokyo:Marisa","floor":46.0,"turns":2.0},{"damage":0.0,"enemies":"Gensokyo:3_Boulders","floor":48.0,"turns":3.0},{"damage":0.0,"enemies":"Gensokyo:Shinki","floor":50.0,"turns":5.0},{"damage":0.0,"enemies":"Gensokyo:Yuyuko","floor":51.0,"turns":2.0},{"damage":0,"enemies":"Shield and Spear","floor":55,"turns":3},{"damage":72,"enemies":"The Heart","floor":56,"turns":7}],"seed_played":"-7118136065264690444","potions_obtained":[{"floor":4.0,"key":"Strength Potion"},{"floor":6.0,"key":"ZuzhouPotion:ReiMu"},{"floor":16.0,"key":"AttackPotion"},{"floor":18.0,"key":"AttackPotion"},{"floor":24.0,"key":"Energy Potion"},{"floor":35.0,"key":"Dexterity Potion"},{"floor":46.0,"key":"CunningPotion"},{"floor":48.0,"key":"Regen Potion"},{"floor":55,"key":"SmokeBomb"}],"is_trial":false,"path_per_floor":["M","M","?","M","M","E","$","E","T","R","M","M","R","$","R","B",null,"M","$","?","?","M","R","E","R","T","E","T","$","R","M","R","B",null,"M","?","?","$","?","E","$","R","T","E","$","E","R","M","R","B","B",null,"R","$","E","B",null],"character_chosen":"THE_SILENT","items_purchased":["Membership Card","Mastiff:ReiMu","Deep Breath","Calipers","Sucker Punch","Dagger Spray","Chemical X","Orichalcum","Flying Knee","MerchantsRug","Accuracy","Finesse","Anchor","Skewer","Cloak And Dagger","Footwork","Good Instincts","Lee\u0027s Waffle","Mummified Hand","Shuriken","Paper Crane","Accuracy","PiercingWail","HandDrill","Gremlin Horn","Art of War"],"campfire_rested":1,"item_purchase_floors":[0,0,0,0,0,0,0,0,0,7,7,14,14,19,19,19,29,29,29,38,38,38,54,54,54,54],"current_hp_per_floor":[26,26,26,26,23,11,11,7,7,26,28,30,30,30,30,29,60,62,62,62,62,64,64,66,66,66,66,66,83,83,85,85,85,85,87,87,87,87,89,87,87,87,87,89,89,91,91,93,93,93,93,96,96,96,98,38],"gold":44,"neow_bonus":"","is_daily":false,"chose_seed":false,"campfire_upgraded":9,"win_rate":0.0,"timestamp":1613619456,"path_taken":["M","M","?","M","?","E","$","E","T","R","M","M","R","$","R","BOSS","M","$","?","?","M","R","E","R","T","E","?","$","R","M","R","BOSS","M","?","?","$","?","E","$","R","T","E","?","E","R","M","R","BOSS","BOSS","R","$","E","BOSS"],"items_purchased_type":["Relic","Relic","Card","Relic","Card","Card","Relic","Relic","Card","Relic","Card","Card","Relic","Card","Card","Card","Card","Relic","Relic","Relic","Relic","Card","Card","Relic","Relic","Relic"],"build_version":"2020-12-22","purchased_purges":18,"victory":true,"max_hp_per_floor":[66,66,66,66,66,66,66,66,66,66,68,70,70,70,70,70,70,72,72,72,72,74,74,76,76,76,76,76,83,83,85,85,85,85,87,87,87,87,89,91,91,91,91,93,93,95,95,97,97,97,97,97,97,97,99,99],"card_choices":[{"not_picked":["Dodge and Roll","Flying Knee","Dash"],"picked":"SKIP","floor":1.0},{"not_picked":["Dagger Throw","PiercingWail"],"picked":"Blade Dance","floor":2.0},{"not_picked":["Underhanded Strike","Dagger Spray"],"picked":"Cloak And Dagger","floor":4.0},{"not_picked":["Deadly Poison","Sucker Punch"],"picked":"Tools of the Trade","floor":5.0},{"not_picked":["Dagger Throw","All Out Attack"],"picked":"Escape Plan","floor":6.0},{"not_picked":["Dodge and Roll","Predator"],"picked":"Blade Dance","floor":8.0},{"not_picked":["Dagger Spray","Expertise","Predator"],"picked":"Singing Bowl","floor":11.0},{"not_picked":["Deflect","Outmaneuver","Masterful Stab"],"picked":"Singing Bowl","floor":12.0},{"not_picked":["Bullet Time","Envenom"],"picked":"Doppelganger","floor":16.0},{"not_picked":["Backstab","Eviscerate","Acrobatics"],"picked":"Singing Bowl","floor":18.0},{"not_picked":["Dodge and Roll","Cloak And Dagger","Acrobatics"],"picked":"Singing Bowl","floor":22.0},{"not_picked":["Blade Dance","Dagger Throw","Dagger Spray"],"picked":"Singing Bowl","floor":24.0},{"not_picked":["Escape Plan+1","Dash"],"picked":"Adrenaline","floor":27.0},{"not_picked":["Dodge and Roll","Crippling Poison","Deflect"],"picked":"Singing Bowl","floor":31.0},{"not_picked":["A Thousand Cuts","Die Die Die"],"picked":"Adrenaline","floor":33.0},{"not_picked":["Underhanded Strike","Caltrops","Flechettes+1"],"picked":"Singing Bowl","floor":35.0},{"not_picked":["Gensokyo:NewMoon","Gensokyo:UnlikelyAid","Gensokyo:EverlastingLife"],"picked":"Singing Bowl","floor":39.0},{"not_picked":["Reflex","Die Die Die","Flying Knee+1"],"picked":"Singing Bowl","floor":40.0},{"not_picked":["Catalyst","Backflip","Riddle With Holes+1"],"picked":"Singing Bowl","floor":44.0},{"not_picked":["Blade Dance","Quick Slash+1","Prepared+1"],"picked":"Singing Bowl","floor":46.0},{"not_picked":["Terror","Slice+1","Blur+1"],"picked":"Singing Bowl","floor":48.0},{"not_picked":["Bane","Infinite Blades","Dodge and Roll+1"],"picked":"Singing Bowl","floor":55}],"player_experience":807620,"relics_obtained":[{"floor":6.0,"key":"Bottled Tornado"},{"floor":8.0,"key":"Gambling Chip"},{"floor":9.0,"key":"Singing Bowl"},{"floor":24.0,"key":"Lantern"},{"floor":27.0,"key":"Thread and Needle"},{"floor":28.0,"key":"The Courier"},{"floor":34.0,"key":"RuthlessExorcism:ReiMu"},{"floor":34.0,"key":"Kunai"},{"floor":34.0,"key":"Pocketwatch"},{"floor":40.0,"key":"Bottled Lightning"},{"floor":43.0,"key":"Molten Egg 2"},{"floor":44.0,"key":"PreservedInsect"},{"floor":46.0,"key":"Tingsha"},{"floor":55,"key":"Du-Vu Doll"}],"event_choices":[{"cards_removed":["Strike_G"],"damage_healed":0.0,"max_hp_gain":0.0,"max_hp_loss":0.0,"gold_gain":0.0,"event_name":"Purifier","player_choice":"Purged","floor":3.0,"gold_loss":0.0,"damage_taken":0.0},{"damage_healed":0.0,"max_hp_gain":0.0,"max_hp_loss":0.0,"gold_gain":0.0,"event_name":"Back to Basics","player_choice":"Simplicity","floor":20.0,"gold_loss":0.0,"damage_taken":0.0,"cards_upgraded":[]}],"is_beta":false,"boss_relics":[{"not_picked":["Velvet Choker","Black Star"],"picked":"Ring of the Serpent"},{"not_picked":["Runic Pyramid","Sozu"],"picked":"Calling Bell"}],"items_purged_floors":[0,0,0,0,0,0,7,7,7,7,14,14,19,19,19,19,29,29],"is_endless":false,"potions_floor_spawned":[4,6,16,18,22,24,35,46,48,55],"ascension_level":20}}