{"host":"y2ptgajoxt8nh64w","time":1613647173,"event":{"mods":["100% Spire Juice","AchievementEnabler","Act Like it!","Arknights","Aspiration","BaseMod","Better Vampires","Colored Map","Colored Powertips","Conspire","DeckTracker","Friendly Minions","Gensokyo","GifTheSpireLib","Hallownest","Highlight Path","KinomotoSakuraMod(木之本樱)","Minty Spire (QoL Compilation)","Quick Restart","Rare Cards Sparkle","Relic Stats","Remilia（蕾米莉亚）","RumiaBox-露米娅的神秘盒子","Ryuuou龙王","Small Relic Pack","StSLib","The Animator","Wide Potions","Youmu（魂魄妖梦）","【功能Mod】混沌之环修复补丁","【功能Mod】聪明的最终Boss","【遗物卡牌】REMEMod"],"gold_per_floor":[126,126,146,146,170,170,200,200,200,45,45,45,74,97,97,159,159],"floor_reached":16,"language":"ZHS","playtime":1744,"items_purged":["animator:Strike"],"score":133,"play_id":"6d02423b-50e6-424f-b6d3-effb36e9fb68","local_time":"20210218191933","is_ascension_mode":false,"campfire_choices":[{"floor":6.0,"key":"RECALL"},{"floor":8.0,"key":"REST"},{"data":"animator:Aqua","floor":11.0,"key":"SMITH"},{"data":"animator:ChlammyZell","floor":15.0,"key":"SMITH"}],"circlet_count":0,"master_deck":["animator:Strike_Konosuba","animator:Defend_Konosuba","animator:Strike","animator:Strike","animator:Defend","animator:Defend","animator:Defend","animator:Kazuma","animator:Aqua+1","REME_HeartOfCthun","animator:Mitsurugi","animator:Megumin+2","animator:TukaLunaMarceau","animator:Shalltear","animator:ChlammyZell+1","animator:Mikaela","animator:Rimuru","animator:IzunaHatsuse","animator:Chris"],"relics":["animator:LivingPicture","animator:TheMissingPiece","REME_ComplimentaryCards","Baka","relicPack:OneForAll","PreservedInsect","Nunchaku"],"acts_visited":["Exordium"],"potions_floor_usage":[16,16],"damage_taken":[{"damage":10.0,"enemies":"conspire:RoseBush","floor":1.0,"turns":4.0},{"damage":0.0,"enemies":"2 Louse","floor":3.0,"turns":1.0},{"damage":14.0,"enemies":"ats:Genji","floor":5.0,"turns":4.0},{"damage":31.0,"enemies":"Gremlin Nob","floor":7.0,"turns":5.0},{"damage":0.0,"enemies":"Lagavulin","floor":13.0,"turns":4.0},{"damage":7.0,"enemies":"Gremlin Gang","floor":14.0,"turns":1.0},{"damage":54,"enemies":"Hexaghost","floor":16,"turns":16}],"seed_played":"-3676768505304589799","potions_obtained":[{"floor":3.0,"key":"animator:FalseLifePotion"},{"floor":7.0,"key":"SkillPotion"},{"floor":13.0,"key":"GamblersBrew"},{"floor":14.0,"key":"REME_GoldPotion"}],"is_trial":false,"path_per_floor":["M","?","M","?","M","R","E","R","T","$","R","?","E","M","R","B"],"character_chosen":"THE_ANIMATOR","items_purchased":["animator:ChlammyZell"],"campfire_rested":1,"item_purchase_floors":[10],"current_hp_per_floor":[64,64,73,73,61,61,32,53,53,53,53,53,56,49,49,0,0],"gold":159,"neow_bonus":"TEN_PERCENT_HP_BONUS","is_daily":false,"chose_seed":false,"campfire_upgraded":2,"win_rate":0.0,"timestamp":1613647173,"path_taken":["M","?","M","?","M","R","E","R","T","?","R","?","E","?","R","BOSS"],"items_purchased_type":["Card"],"build_version":"2020-12-22","purchased_purges":1,"victory":false,"max_hp_per_floor":[72,72,73,73,73,73,73,73,73,73,73,73,73,73,73,73,73],"relic_stats":{"Nunchaku":[2],"counters":[7,35],"PreservedInsect":28,"obtain_stats":[{"relicPack:OneForAll":2,"Nunchaku":13,"animator:TheMissingPiece":0,"animator:LivingPicture":0,"PreservedInsect":7,"Baka":1,"REME_ComplimentaryCards":0},{"relicPack:OneForAll":1,"Nunchaku":5,"animator:TheMissingPiece":0,"animator:LivingPicture":0,"PreservedInsect":4,"Baka":1,"REME_ComplimentaryCards":0},{"relicPack:OneForAll":4,"Nunchaku":18,"animator:TheMissingPiece":0,"animator:LivingPicture":0,"PreservedInsect":14,"Baka":4,"REME_ComplimentaryCards":0}]},"card_choices":[{"not_picked":["animator:FielNirvalen","animator:ElricAlphonse"],"picked":"animator:Mitsurugi","floor":1.0},{"not_picked":["animator:Sloth","animator:Kuribayashi"],"picked":"animator:Megumin","floor":3.0},{"not_picked":["animator:ElricAlphonse","animator:Mitsurugi"],"picked":"animator:TukaLunaMarceau","floor":5.0},{"not_picked":["animator:Sebas","animator:Cocytus"],"picked":"animator:Shalltear","floor":7.0},{"not_picked":["animator:ElricAlphonse","animator:Arpeggio"],"picked":"animator:IzunaHatsuse","floor":13.0},{"not_picked":["animator:Scar","animator:Entoma"],"picked":"animator:Chris","floor":14.0}],"player_experience":3336,"relics_obtained":[{"floor":1.0,"key":"Baka"},{"floor":7.0,"key":"PreservedInsect"},{"floor":13.0,"key":"Nunchaku"}],"event_choices":[{"damage_healed":0.0,"max_hp_gain":0.0,"max_hp_loss":0.0,"gold_gain":0.0,"event_name":"conspire:Investor","player_choice":"Leave","floor":4.0,"gold_loss":0.0,"damage_taken":0.0},{"damage_healed":0.0,"max_hp_gain":0.0,"max_hp_loss":0.0,"gold_gain":0.0,"event_name":"Match and Keep!","player_choice":"2 cards matched","floor":12.0,"gold_loss":0.0,"damage_taken":0.0,"cards_obtained":["animator:Mikaela","animator:Rimuru"]}],"is_beta":false,"boss_relics":[],"items_purged_floors":[10],"is_endless":false,"potions_floor_spawned":[3,7,13,14],"killed_by":"Hexaghost","ascension_level":0}}