{"host":"j4g6ia6asvpyu2b0","time":1613663800,"event":{"mods":["BaseMod","Colored Map","Infinite Spire","Minty Spire (QoL Compilation)","Permanent Neow","Quick Restart","Relic Stats","StSLib","Unceasing Turn Reminder"],"gold_per_floor":[114,131,131,206,221,221,221,221,271,312,328,368,393,96,96,219,219,240,240,240,264,288,288,319,319,319,319,333,374,395,409,409,537,537,552,552,552],"floor_reached":36,"language":"ENG","playtime":1105,"items_purged":[],"score":563,"play_id":"acc58040-9951-4a0b-a859-5256e6223c1c","local_time":"20210218085640","is_ascension_mode":true,"campfire_choices":[{"data":"infinitespire:Collect","floor":6.0,"key":"SMITH"},{"floor":8.0,"key":"REST"},{"data":"Juggernaut","floor":15.0,"key":"SMITH"},{"data":"infinitespire:FinalStrike","floor":23,"key":"SMITH"},{"data":"infinitespire:UltimateForm","floor":25,"key":"SMITH"},{"data":"Corruption","floor":27,"key":"SMITH"},{"data":"Intimidate","floor":32,"key":"SMITH"}],"circlet_count":0,"master_deck":["Strike_R","Strike_R","Strike_R","Strike_R","Strike_R","Defend_R","Defend_R","Defend_R","Defend_R","Bash","Inflame","Twin Strike","infinitespire:Collect+1","Rage","Twin Strike","Headbutt","Juggernaut+1","Battle Trance","Corruption+1","infinitespire:FinalStrike+1","Flex+1","Intimidate+1","infinitespire:UltimateForm+1","Cleave","Flame Barrier","Twin Strike","Twin Strike","Pommel Strike","Berserk","Warcry+1","Flex+1"],"relics":["Philosopher\u0027s Stone","Golden Idol","Omamori","infinitespire:Satchel","Orichalcum","PreservedInsect","ClockworkSouvenir","Busted Crown","Prayer Wheel","Coffee Dripper","Regal Pillow","Oddly Smooth Stone","Cursed Key"],"acts_visited":["Exordium","TheCity","TheBeyond"],"potions_floor_usage":[33,36,36],"damage_taken":[{"damage":3.0,"enemies":"2 Louse","floor":1.0,"turns":3.0},{"damage":8.0,"enemies":"Jaw Worm","floor":2.0,"turns":2.0},{"damage":0.0,"enemies":"Small Slimes","floor":5.0,"turns":2.0},{"damage":5.0,"enemies":"3 Sentries","floor":10.0,"turns":6.0},{"damage":0.0,"enemies":"Exordium Wildlife","floor":11.0,"turns":2.0},{"damage":0.0,"enemies":"Gremlin Nob","floor":12.0,"turns":2.0},{"damage":7.0,"enemies":"Lots of Slimes","floor":13.0,"turns":3.0},{"damage":16.0,"enemies":"Hexaghost","floor":16.0,"turns":6.0},{"damage":0,"enemies":"Spheric Guardian","floor":18,"turns":3},{"damage":0,"enemies":"3 Byrds","floor":21,"turns":3},{"damage":6,"enemies":"Snecko","floor":22,"turns":3},{"damage":0,"enemies":"Nightmare","floor":24,"turns":2},{"damage":9,"enemies":"Cultist and Chosen","floor":28,"turns":3},{"damage":2,"enemies":"Gremlin Leader","floor":29,"turns":3},{"damage":29,"enemies":"Snake Plant","floor":30,"turns":4},{"damage":7,"enemies":"Shelled Parasite and Fungi","floor":31,"turns":3},{"damage":21,"enemies":"Collector","floor":33,"turns":5},{"damage":31,"enemies":"3 Darklings","floor":35,"turns":3},{"damage":29,"enemies":"infinitespire:Three Voidlings","floor":36,"turns":3},{"damage":27,"enemies":"Nightmare_Alpha","floor":36,"turns":3}],"seed_played":"19298598011416437","potions_obtained":[{"floor":11.0,"key":"BlessingOfTheForge"},{"floor":12.0,"key":"Explosive Potion"},{"floor":13.0,"key":"Explosive Potion"},{"floor":22,"key":"Energy Potion"},{"floor":28,"key":"ElixirPotion"},{"floor":31,"key":"GamblersBrew"},{"floor":33,"key":"SkillPotion"}],"is_trial":false,"path_per_floor":["M","M","?","?","M","R","?","R","T","E","M","E","M","$","R","B",null,"M","?","AVR","M","M","R","NM","R","T","R","M","E","M","M","R","B",null,"M","?"],"character_chosen":"IRONCLAD","items_purchased":["PreservedInsect","ClockworkSouvenir"],"campfire_rested":1,"item_purchase_floors":[14,14],"current_hp_per_floor":[77,69,49,38,38,38,18,42,42,37,37,37,30,30,30,14,80,80,80,80,80,74,74,74,74,74,74,65,63,34,27,27,6,80,49,0,0],"gold":552,"neow_bonus":"BOSS_RELIC","is_daily":false,"chose_seed":false,"campfire_upgraded":6,"win_rate":0.0,"timestamp":1613663800,"path_taken":["M","M","?","?","M","R","?","R","T","E","M","E","M","$","R","BOSS","M","?","AVR","?","M","R","NM","R","T","R","M","E","M","M","R","BOSS","M","?"],"items_purchased_type":["Relic","Relic"],"build_version":"2020-12-22","purchased_purges":0,"victory":false,"max_hp_per_floor":[80,80,80,80,80,80,80,80,80,80,80,80,80,80,80,80,80,80,80,80,80,80,80,80,80,80,80,80,80,80,80,80,80,80,80,80,80],"relic_stats":{"Regal Pillow":0,"Busted Crown":42,"counters":[20,64],"Golden Idol":141,"Prayer Wheel":6,"PreservedInsect":220,"Orichalcum":[54],"Cursed Key":0,"obtain_stats":[{"Regal Pillow":24,"Golden Idol":7,"Oddly Smooth Stone":29,"PreservedInsect":14,"Omamori":9,"Orichalcum":12,"Cursed Key":34,"Burning Blood":0,"ClockworkSouvenir":14,"Busted Crown":17,"infinitespire:Satchel":10,"Philosopher\u0027s Stone":0,"Prayer Wheel":19,"Coffee Dripper":20},{"Regal Pillow":12,"Golden Idol":3,"Oddly Smooth Stone":14,"PreservedInsect":7,"Omamori":3,"Orichalcum":6,"Cursed Key":17,"Burning Blood":0,"ClockworkSouvenir":7,"Busted Crown":8,"infinitespire:Satchel":4,"Philosopher\u0027s Stone":0,"Prayer Wheel":9,"Coffee Dripper":9},{"Regal Pillow":37,"Golden Idol":7,"Oddly Smooth Stone":43,"PreservedInsect":20,"Omamori":7,"Orichalcum":17,"Cursed Key":55,"Burning Blood":0,"ClockworkSouvenir":20,"Busted Crown":26,"infinitespire:Satchel":13,"Philosopher\u0027s Stone":0,"Prayer Wheel":29,"Coffee Dripper":29}]},"card_choices":[{"not_picked":["Cleave","True Grit"],"picked":"Inflame","floor":1.0},{"not_picked":["Flex","Headbutt"],"picked":"Twin Strike","floor":2.0},{"not_picked":["infinitespire:Execution","infinitespire:Oblivion"],"picked":"infinitespire:Collect","floor":3.0},{"not_picked":["Havoc","Dark Embrace"],"picked":"Rage","floor":5.0},{"not_picked":["Armaments","Warcry"],"picked":"Twin Strike","floor":10.0},{"not_picked":["Cleave","Power Through"],"picked":"Headbutt","floor":11.0},{"not_picked":["Body Slam","Cleave"],"picked":"Juggernaut","floor":12.0},{"not_picked":["Heavy Blade","Wild Strike"],"picked":"Battle Trance","floor":13.0},{"not_picked":["Exhume","Fiend Fire"],"picked":"Corruption","floor":16.0},{"not_picked":["Searing Blow"],"picked":"SKIP","floor":18},{"not_picked":[],"picked":"Flex+1","floor":21},{"not_picked":["Wild Strike+1"],"picked":"SKIP","floor":21},{"not_picked":[],"picked":"Intimidate","floor":22},{"not_picked":["Heavy Blade"],"picked":"SKIP","floor":22},{"not_picked":["infinitespire:SealOfDarkness+","infinitespire:NeuralNetwork"],"picked":"infinitespire:UltimateForm","floor":24},{"not_picked":[],"picked":"Cleave","floor":24},{"not_picked":[],"picked":"Flame Barrier","floor":28},{"not_picked":["True Grit"],"picked":"SKIP","floor":28},{"not_picked":[],"picked":"Twin Strike","floor":29},{"not_picked":[],"picked":"Twin Strike","floor":30},{"not_picked":["Flex"],"picked":"SKIP","floor":30},{"not_picked":[],"picked":"Pommel Strike","floor":31},{"not_picked":["Armaments"],"picked":"SKIP","floor":31},{"not_picked":["Armaments"],"picked":"SKIP","floor":31},{"not_picked":[],"picked":"Berserk","floor":33},{"not_picked":[],"picked":"Warcry+1","floor":35},{"not_picked":[],"picked":"Flex+1","floor":35}],"player_experience":1261214,"relics_obtained":[{"floor":9.0,"key":"Omamori"},{"floor":10.0,"key":"infinitespire:Satchel"},{"floor":12.0,"key":"Orichalcum"},{"floor":24,"key":"Regal Pillow"},{"floor":29,"key":"Oddly Smooth Stone"}],"event_choices":[{"damage_healed":0.0,"max_hp_gain":0.0,"max_hp_loss":0.0,"gold_gain":75.0,"event_name":"World of Goop","player_choice":"Gather Gold","floor":4.0,"gold_loss":0.0,"damage_taken":11.0},{"damage_healed":0.0,"max_hp_gain":0.0,"max_hp_loss":0.0,"gold_gain":0.0,"event_name":"Golden Idol","player_choice":"Take Damage","floor":7.0,"gold_loss":0.0,"damage_taken":20.0,"relics_obtained":["Golden Idol"]},{"damage_healed":0,"gold_gain":0,"player_choice":"Gave Potion","damage_taken":0,"relics_obtained":["Prayer Wheel"],"max_hp_gain":0,"max_hp_loss":0,"event_name":"WeMeetAgain","floor":19,"gold_loss":0}],"is_beta":false,"boss_relics":[{"not_picked":["Velvet Choker","Snecko Eye"],"picked":"Busted Crown"},{"not_picked":["Sozu","SacredBark"],"picked":"Cursed Key"}],"items_purged_floors":[],"is_endless":false,"potions_floor_spawned":[11,12,13,22,28,31,33,36],"killed_by":"Nightmare_Alpha","ascension_level":2}}