{"host":"szcsc05p6ieg5q76","time":1613689616,"event":{"mods":["ATMod(阿瑾Mod)","Act Like it!","Arknights","BaseMod","Minty Spire (QoL Compilation)","Reimu（博丽灵梦）","SOS（斯巴达之子）","StSLib","The Servant 0.9.4","【功能Mod】聪明的最终Boss"],"gold_per_floor":[117,134,144,158,158,158,188,188,188,188,206,216,228,153,153,251,251,267,280,307,357,54,54,65,65,65,65,90,108,108,127,127,227,227,238,238,88,88,88,121,140,165,165,165,177,177,177,177,177,177,177,177,20,20,20],"floor_reached":54,"language":"ZHS","playtime":3778,"items_purged":["Defend_Lin:ReiMu"],"score":765,"play_id":"43fbf9ba-1007-47fc-b90b-0000c4e2ddcd","local_time":"20210219000656","is_ascension_mode":false,"campfire_choices":[{"data":"MikOfLucky:ReiMu","floor":6.0,"key":"SMITH"},{"data":"Meditation:ReiMu","floor":8.0,"key":"SMITH"},{"floor":10.0,"key":"REST"},{"floor":15.0,"key":"REST"},{"data":"SpreadBorder2:ReiMu","floor":23.0,"key":"SMITH"},{"data":"NineCharacters:ReiMu","floor":25,"key":"SMITH"},{"floor":27,"key":"REST"},{"floor":30,"key":"REST"},{"data":"KamiRite:ReiMu","floor":32,"key":"SMITH"},{"floor":44,"key":"REST"},{"floor":46,"key":"RECALL"},{"data":"YinYangSange:ReiMu","floor":49,"key":"SMITH"},{"data":"OctopathBindingBorder2:ReiMu","floor":52,"key":"SMITH"}],"circlet_count":0,"master_deck":["Strike_Lin:ReiMu","Defend_Lin:ReiMu","Defend_Lin:ReiMu","Defend_Lin:ReiMu","NB:ReiMu","Stagnation:ReiMu","AT_DarkMatter","Amulet:ReiMu","SpreadBorder2:ReiMu+1","MikOfLucky:ReiMu+1","AirStrike:ReiMu","SpiritualOutbreak2:ReiMu","Meditation:ReiMu+1","PrepareRite:ReiMu","Dreaming:ReiMu","Conquer:ReiMu","CleanRite:ReiMu","SpringWay:ReiMu+1","Amulet:ReiMu+1","Intuition:ReiMu","NineCharacters:ReiMu+1","WonderfulDomain:ReiMu","Revelation:ReiMu+1","KamiRite:ReiMu+1","DependentForm:ReiMu+1","PrepareRite:ReiMu","OctopathBindingBorder2:ReiMu+1","YinYangSange:ReiMu+1","ManaGlint:ReiMu","UniversalSpiritual:ReiMu"],"relics":["FlyPower:ReiMu","AT_ATBox","NeowsBlessing","AT_GuinsooRageblade","Question Card","RedLine:ReiMu","Red Mask","White Beast Statue","AT_TimeSand","Shuriken","DonationBox:ReiMu","Mastiff:ReiMu","WingedGreaves","Sundial","AT_ImmortalShieldbow"],"acts_visited":["Exordium","TheCity","TheBeyond","TheEnding"],"potions_floor_usage":[28,28,29,33,40,40,41,45,50,54,54],"damage_taken":[{"damage":0.0,"enemies":"Jaw Worm","floor":1.0,"turns":1.0},{"damage":0.0,"enemies":"Cultist","floor":2.0,"turns":2.0},{"damage":0.0,"enemies":"Small Slimes","floor":3.0,"turns":1.0},{"damage":17.0,"enemies":"Exordium Wildlife","floor":4.0,"turns":7.0},{"damage":21.0,"enemies":"Gremlin Nob","floor":7.0,"turns":6.0},{"damage":5.0,"enemies":"Lots of Slimes","floor":11.0,"turns":6.0},{"damage":0.0,"enemies":"2 Fungi Beasts","floor":12.0,"turns":4.0},{"damage":14.0,"enemies":"Exordium Thugs","floor":13.0,"turns":5.0},{"damage":31.0,"enemies":"The Guardian","floor":16.0,"turns":12.0},{"damage":3.0,"enemies":"Chosen","floor":18.0,"turns":5.0},{"damage":25.0,"enemies":"Spheric Guardian","floor":19.0,"turns":6.0},{"damage":0.0,"enemies":"Masked Bandits","floor":20.0,"turns":5.0},{"damage":8,"enemies":"Snecko","floor":24,"turns":7},{"damage":35,"enemies":"Slavers","floor":28,"turns":7},{"damage":9,"enemies":"Sentry and Sphere","floor":29,"turns":6},{"damage":0,"enemies":"Centurion and Healer","floor":31,"turns":8},{"damage":0,"enemies":"Automaton","floor":33,"turns":8},{"damage":3,"enemies":"3 Shapes","floor":35,"turns":6},{"damage":0,"enemies":"Nemesis","floor":40,"turns":7},{"damage":12,"enemies":"Orb Walker","floor":41,"turns":5},{"damage":17,"enemies":"Giant Head","floor":42,"turns":8},{"damage":0,"enemies":"Maw","floor":45,"turns":8},{"damage":16,"enemies":"Time Eater","floor":50,"turns":9},{"damage":107,"enemies":"Shield and Spear","floor":54,"turns":6}],"seed_played":"-859569825374898626","potions_obtained":[{"floor":1.0,"key":"BlessingOfTheForge"},{"floor":11.0,"key":"DistilledChaos"},{"floor":13.0,"key":"ColorlessPotion"},{"floor":16.0,"key":"SkillPotion"},{"floor":18.0,"key":"AttackPotion"},{"floor":19.0,"key":"EssenceOfSteel"},{"floor":20.0,"key":"ZuzhouPotion:ReiMu"},{"floor":24,"key":"Regen Potion"},{"floor":28,"key":"Explosive Potion"},{"floor":29,"key":"Weak Potion"},{"floor":31,"key":"Dexterity Potion"},{"floor":33,"key":"Weak Potion"},{"floor":35,"key":"Dexterity Potion"},{"floor":40,"key":"SneckoOil"},{"floor":41,"key":"Explosive Potion"},{"floor":42,"key":"Dexterity Potion"},{"floor":45,"key":"Fruit Juice"}],"is_trial":false,"path_per_floor":["M","M","M","M","?","R","E","R","T","R","M","M","M","$","R","B",null,"M","M","?","?","$","R","M","R","T","R","E","M","R","M","R","B",null,"M","?","$","?","$","E","M","E","T","R","M","R","T","?","R","B",null,"R","$","E"],"character_chosen":"REIMU","items_purchased":["White Beast Statue","Intuition:ReiMu","Mastiff:ReiMu","ManaGlint:ReiMu","UniversalSpiritual:ReiMu","Energy Potion"],"campfire_rested":5,"item_purchase_floors":[22,22,37,53,53,53],"current_hp_per_floor":[65,65,65,48,48,48,27,27,27,46,41,41,27,27,46,15,65,62,37,37,37,37,37,29,29,29,48,28,19,38,38,38,38,65,62,62,62,62,62,62,50,33,33,52,57,57,57,57,57,41,70,70,70,0,0],"gold":20,"neow_bonus":"THREE_ENEMY_KILL","is_daily":false,"chose_seed":false,"campfire_upgraded":7,"win_rate":0.0,"timestamp":1613689616,"path_taken":["M","M","M","M","?","R","E","R","T","R","M","?","M","$","R","BOSS","M","M","?","?","$","R","?","R","T","R","E","M","R","M","R","BOSS","M","?","?","?","$","E","?","E","T","R","M","R","?","?","R","BOSS","R","$","E"],"items_purchased_type":["Relic","Card","Relic","Card","Card","Potion"],"build_version":"2020-12-22","purchased_purges":1,"victory":false,"max_hp_per_floor":[65,65,65,65,65,65,65,65,65,65,65,65,65,65,65,65,65,65,65,65,65,65,65,65,65,65,65,65,65,65,65,65,65,65,65,65,65,65,65,65,65,65,65,65,70,70,70,70,70,70,70,70,70,70,70],"card_choices":[{"not_picked":["SubAcupoint:ReiMu","KamiSacrifice:ReiMu"],"picked":"Amulet:ReiMu","floor":1.0},{"not_picked":["AlertArray:ReiMu","Intuition:ReiMu"],"picked":"SpreadBorder2:ReiMu","floor":2.0},{"not_picked":["MountainWay:ReiMu","SealNeedle:ReiMu"],"picked":"MikOfLucky:ReiMu","floor":3.0},{"not_picked":["SpiritualOutbreak2:ReiMu","TightArray:ReiMu"],"picked":"AirStrike:ReiMu","floor":4.0},{"not_picked":["Enchanting:ReiMu","Crusade:ReiMu"],"picked":"Meditation:ReiMu","floor":7.0},{"not_picked":["Meditation:ReiMu","AlertArray:ReiMu","ManaGlint:ReiMu"],"picked":"PrepareRite:ReiMu","floor":11.0},{"not_picked":["SpringWay:ReiMu","UniversalSpiritual:ReiMu","OrbThrow:ReiMu"],"picked":"Dreaming:ReiMu","floor":12.0},{"not_picked":["UpKicking:ReiMu","Crusade:ReiMu","Enchanting:ReiMu"],"picked":"Conquer:ReiMu","floor":13.0},{"not_picked":["YinYang:ReiMu","Dreaming:ReiMu","HakureiPhantom:ReiMu"],"picked":"CleanRite:ReiMu","floor":16.0},{"not_picked":["AlertArray:ReiMu+1","YinYangSign:ReiMu+1","SpiritualOutbreak2:ReiMu","MountainWay:ReiMu+1"],"picked":"SKIP","floor":18.0},{"not_picked":["FineLineFantasy:ReiMu","SealNeedle:ReiMu","TightArray:ReiMu"],"picked":"SpringWay:ReiMu+1","floor":19.0},{"not_picked":["TightArray:ReiMu","FantasyMoon:ReiMu","ShadowOfCrow2:ReiMu"],"picked":"Amulet:ReiMu+1","floor":20.0},{"not_picked":["AlertArray:ReiMu","SpreadBorder2:ReiMu+1","EmergencyTakeOff:ReiMu"],"picked":"NineCharacters:ReiMu","floor":24},{"not_picked":["ShadowOfCrow2:ReiMu","Enchanting:ReiMu","LearningPray:ReiMu"],"picked":"WonderfulDomain:ReiMu","floor":28},{"not_picked":["SpringWay:ReiMu+1","MountainWay:ReiMu","RainPray2:ReiMu"],"picked":"Revelation:ReiMu+1","floor":29},{"not_picked":["WonderfulDomain:ReiMu","FantasyMoon:ReiMu","PrepareRite:ReiMu+1"],"picked":"KamiRite:ReiMu","floor":31},{"not_picked":["OctopathSalyBorderN:ReiMu","CardOfSanctity:ReiMu","CeremonyResonance:ReiMu"],"picked":"DependentForm:ReiMu","floor":33},{"not_picked":["SealNeedle:ReiMu","AlertArray:ReiMu","SubcavityInstant:ReiMu+1"],"picked":"PrepareRite:ReiMu","floor":35},{"not_picked":["KyokaiOfKami:ReiMu","Mountainwind:ReiMu+1","EmergencyTakeOff:ReiMu+1"],"picked":"OctopathBindingBorder2:ReiMu","floor":40},{"not_picked":["PassingAway:ReiMu+1","CareerPray:ReiMu+1","CollectionFlower2:ReiMu"],"picked":"YinYangSange:ReiMu","floor":41},{"not_picked":["InherentArray:ReiMu+1","DependentForm:ReiMu","LovePray:ReiMu","EmergencyTakeOff:ReiMu+1"],"picked":"SKIP","floor":42},{"not_picked":["SpiritualOutbreak2:ReiMu+1","CollectionFlower2:ReiMu+1","WonderfulDomain:ReiMu","Enchanting:ReiMu"],"picked":"SKIP","floor":45}],"player_experience":180706,"relics_obtained":[{"floor":7.0,"key":"AT_GuinsooRageblade"},{"floor":9.0,"key":"Question Card"},{"floor":20.0,"key":"Red Mask"},{"floor":26,"key":"AT_TimeSand"},{"floor":28,"key":"Shuriken"},{"floor":40,"key":"WingedGreaves"},{"floor":42,"key":"Sundial"},{"floor":47,"key":"AT_ImmortalShieldbow"}],"event_choices":[{"damage_healed":0.0,"max_hp_gain":0.0,"max_hp_loss":0.0,"gold_gain":0.0,"cards_transformed":["Strike_Lin:ReiMu"],"event_name":"Transmorgrifier","player_choice":"Transformed","floor":5.0,"gold_loss":0.0,"damage_taken":0.0,"cards_obtained":["SpiritualOutbreak2:ReiMu"]},{"damage_healed":0.0,"max_hp_gain":0.0,"max_hp_loss":0.0,"gold_gain":0.0,"event_name":"Masked Bandits","player_choice":"Fought Bandits","floor":20.0,"gold_loss":0.0,"damage_taken":0.0},{"damage_healed":0.0,"max_hp_gain":0.0,"max_hp_loss":0.0,"gold_gain":100.0,"event_name":"The Joust","player_choice":"Bet on Murderer","floor":21.0,"gold_loss":50.0,"damage_taken":0.0},{"cards_removed":["Strike_Lin:ReiMu"],"damage_healed":0,"gold_gain":0,"player_choice":"Offered Basic","damage_taken":0,"max_hp_gain":0,"max_hp_loss":0,"event_name":"Bonfire Elementals","floor":36,"gold_loss":0},{"damage_healed":0,"gold_gain":0,"player_choice":"Forge","damage_taken":0,"max_hp_gain":0,"max_hp_loss":0,"event_name":"Accursed Blacksmith","floor":38,"gold_loss":0,"cards_upgraded":["DependentForm:ReiMu"]},{"cards_removed":["Strike_Lin:ReiMu"],"damage_healed":0,"gold_gain":0,"player_choice":"Removed Attack","damage_taken":0,"max_hp_gain":0,"max_hp_loss":0,"event_name":"Falling","floor":48,"gold_loss":0}],"is_beta":false,"boss_relics":[{"not_picked":["Snecko Eye","Sozu"],"picked":"RedLine:ReiMu"},{"not_picked":["Tiny House","AT_TrinityForce"],"picked":"DonationBox:ReiMu"}],"items_purged_floors":[14],"is_endless":false,"potions_floor_spawned":[1,11,13,16,18,19,20,24,28,29,31,33,35,40,41,42,45],"killed_by":"Shield and Spear","ascension_level":0}}