{"host":"prxrhpgaxnj4om9r","time":1613637803,"event":{"mods":["AchievementEnabler","BaseMod","Colored Map","DeckTracker","Minty Spire (QoL Compilation)"],"gold_per_floor":[113,78,90,265,265,298,312,346,346,365,382,397,397,411,411,510,510,523,538,148,163,163,163,163,175,175,203,219,219,219,234,234,329,329,342,342,392,392,8,8,25,0,27,27,27,27,73,73,73,73,73,73,22,47,47,47],"floor_reached":55,"language":"KOR","playtime":3684,"items_purged":["Doubt"],"score":722,"play_id":"ce9c3f4f-0b99-443f-ba64-587c00de99f5","local_time":"20210218174323","is_ascension_mode":false,"campfire_choices":[{"data":"Zap","floor":13,"key":"SMITH"},{"floor":15,"key":"REST"},{"data":"Genetic Algorithm","floor":23,"key":"SMITH"},{"floor":30,"key":"REST"},{"floor":32,"key":"REST"},{"floor":40,"key":"REST"},{"floor":44,"key":"RECALL"},{"data":"Defragment","floor":46,"key":"SMITH"},{"floor":49,"key":"REST"},{"data":"Hologram","floor":52,"key":"SMITH"}],"circlet_count":0,"master_deck":["Strike_B","Strike_B","Zap+1","Dualcast","Hologram+1","Auto Shields","Streamline","Conserve Battery","Turbo","Go for the Eyes","Genetic Algorithm+1","Stack","Sunder","Sweeping Beam","Glacier","Undo","Leap","Buffer","Chill","Streamline","Gash+1","Gash","Defragment+1","Capacitor","Reinforced Body","Chaos","Chaos","Cold Snap+1","Scrape","Doom and Gloom","Cold Snap+1","Steam+1","Coolheaded+1","All For One","Force Field+1","Capacitor+1","Go for the Eyes+1","Static Discharge+1","Reprogram+1","Madness","Gash+1","Writhe","Core Surge"],"relics":["Cracked Core","NeowsBlessing","Prayer Wheel","Question Card","DataDisk","Mummified Hand","Philosopher\u0027s Stone","StoneCalendar","White Beast Statue","Lizard Tail","Toy Ornithopter","Astrolabe","WingedGreaves","Emotion Chip","Red Mask","TungstenRod","Calipers"],"acts_visited":["Exordium","TheCity","TheBeyond","TheEnding"],"potions_floor_usage":[8,16,21,27,27,31,31,33,37,37,47,48,50,50,50,50,50,54],"damage_taken":[{"damage":0,"enemies":"Jaw Worm","floor":1,"turns":1},{"damage":0,"enemies":"Small Slimes","floor":3,"turns":1},{"damage":0,"enemies":"Gremlin Nob","floor":6,"turns":1},{"damage":0,"enemies":"Cultist","floor":7,"turns":2},{"damage":24,"enemies":"Lagavulin","floor":8,"turns":8},{"damage":0,"enemies":"Blue Slaver","floor":10,"turns":4},{"damage":10,"enemies":"Exordium Thugs","floor":11,"turns":5},{"damage":4,"enemies":"2 Fungi Beasts","floor":12,"turns":3},{"damage":0,"enemies":"Large Slime","floor":14,"turns":5},{"damage":48,"enemies":"The Guardian","floor":16,"turns":14},{"damage":0,"enemies":"Chosen","floor":18,"turns":6},{"damage":11,"enemies":"3 Byrds","floor":19,"turns":7},{"damage":0,"enemies":"Snake Plant","floor":21,"turns":3},{"damage":21,"enemies":"Sentry and Sphere","floor":25,"turns":6},{"damage":0,"enemies":"Gremlin Leader","floor":27,"turns":7},{"damage":23,"enemies":"Centurion and Healer","floor":28,"turns":7},{"damage":9,"enemies":"Snake Plant","floor":31,"turns":5},{"damage":58,"enemies":"Champ","floor":33,"turns":14},{"damage":39,"enemies":"3 Darklings","floor":35,"turns":7},{"damage":12,"enemies":"Mind Bloom Boss Battle","floor":37,"turns":6},{"damage":0,"enemies":"Orb Walker","floor":41,"turns":4},{"damage":54,"enemies":"2 Orb Walkers","floor":47,"turns":6},{"damage":0,"enemies":"Sphere and 2 Shapes","floor":48,"turns":1},{"damage":56,"enemies":"Awakened One","floor":50,"turns":12},{"damage":47,"enemies":"Shield and Spear","floor":54,"turns":9},{"damage":109,"enemies":"The Heart","floor":55,"turns":8}],"seed_played":"-7202207566409087799","potions_obtained":[{"floor":3,"key":"ColorlessPotion"},{"floor":10,"key":"Ancient Potion"},{"floor":14,"key":"Weak Potion"},{"floor":19,"key":"SneckoOil"},{"floor":21,"key":"FocusPotion"},{"floor":25,"key":"FocusPotion"},{"floor":27,"key":"LiquidBronze"},{"floor":28,"key":"GamblersBrew"},{"floor":31,"key":"SmokeBomb"},{"floor":33,"key":"Dexterity Potion"},{"floor":35,"key":"Fire Potion"},{"floor":37,"key":"Explosive Potion"},{"floor":41,"key":"Strength Potion"},{"floor":47,"key":"EntropicBrew"},{"floor":54,"key":"FairyPotion"}],"is_trial":false,"path_per_floor":["M","$","M","?","?","E","M","E","T","M","M","M","R","M","R","B",null,"M","M","$","M","?","R","?","M","T","E","M","?","R","M","R","B",null,"M","?","?","?","$","R","M","?","T","R","?","R","?","M","R","B",null,"R","$","E","B"],"character_chosen":"DEFECT","items_purchased":["Auto Shields","StoneCalendar","Defragment","Emotion Chip","PowerPotion"],"campfire_rested":5,"item_purchase_floors":[2,20,20,39,53],"current_hp_per_floor":[75,75,75,75,75,75,75,51,51,51,41,37,37,37,59,11,75,75,64,64,64,64,64,64,43,43,43,20,20,42,43,65,12,75,36,36,34,34,34,56,56,56,56,56,75,75,26,31,53,22,75,75,75,31,0,0],"gold":47,"neow_bonus":"THREE_ENEMY_KILL","is_daily":false,"chose_seed":false,"campfire_upgraded":4,"win_rate":0.0,"timestamp":1613637803,"path_taken":["M","$","M","?","?","E","M","E","T","M","M","M","R","?","R","BOSS","M","M","$","M","?","R","?","M","T","E","?","?","R","M","R","BOSS","M","?","?","?","$","R","M","?","T","R","?","R","?","M","R","BOSS","R","$","E","BOSS"],"items_purchased_type":["Card","Relic","Card","Relic","Potion"],"build_version":"2020-12-22","purchased_purges":1,"victory":false,"max_hp_per_floor":[75,75,75,75,75,75,75,75,75,75,75,75,75,75,75,75,75,75,75,75,75,75,75,75,75,75,75,75,75,75,75,75,75,75,75,75,75,75,75,75,75,75,75,75,75,75,75,75,75,75,75,75,75,75,75,75],"card_choices":[{"not_picked":["Stack","Compile Driver"],"picked":"Hologram","floor":1},{"not_picked":["Hologram","Steam"],"picked":"Streamline","floor":3},{"not_picked":["Rebound","Chill"],"picked":"Conserve Battery","floor":6},{"not_picked":["Steam","Machine Learning","White Noise"],"picked":"Turbo","floor":7},{"not_picked":["Rebound","Lockon","Gash"],"picked":"Go for the Eyes","floor":7},{"not_picked":["Cold Snap","Streamline","Ball Lightning"],"picked":"Genetic Algorithm","floor":8},{"not_picked":["Compile Driver","Recycle","Turbo"],"picked":"Stack","floor":10},{"not_picked":["Redo","Darkness","Leap"],"picked":"Sunder","floor":10},{"not_picked":["Loop","Beam Cell","Cold Snap"],"picked":"Sweeping Beam","floor":11},{"not_picked":["Doom and Gloom","FTL","Storm"],"picked":"Beam Cell","floor":11},{"not_picked":["Amplify","Coolheaded","Streamline"],"picked":"Glacier","floor":12},{"not_picked":["Go for the Eyes","Auto Shields","Tempest","Barrage"],"picked":"SKIP","floor":12},{"not_picked":["Rebound","Coolheaded","Gash"],"picked":"Undo","floor":14},{"not_picked":["Barrage","Streamline","Lockon"],"picked":"Leap","floor":14},{"not_picked":["Seek","Reboot","Fission"],"picked":"Buffer","floor":16},{"not_picked":["Tempest","Hello World","Streamline"],"picked":"Chill","floor":18},{"not_picked":["Beam Cell+1","Turbo","Rebound"],"picked":"Streamline","floor":18},{"not_picked":["Stack","Turbo","Darkness"],"picked":"Gash+1","floor":19},{"not_picked":["Genetic Algorithm","Fusion","Coolheaded"],"picked":"Gash","floor":19},{"not_picked":["Compile Driver","Undo","Storm+1"],"picked":"Capacitor","floor":21},{"not_picked":["Coolheaded","Barrage","Ball Lightning"],"picked":"Reinforced Body","floor":21},{"not_picked":["Conserve Battery","Go for the Eyes+1","Rainbow"],"picked":"Cold Snap+1","floor":25},{"not_picked":["Doom and Gloom","Compile Driver+1","Stack"],"picked":"Scrape","floor":25},{"not_picked":["Biased Cognition","Glacier","Leap","Blizzard"],"picked":"SKIP","floor":27},{"not_picked":["Undo+1","Leap+1","Turbo+1"],"picked":"Doom and Gloom","floor":28},{"not_picked":["Redo","Tempest","Coolheaded"],"picked":"Cold Snap+1","floor":28},{"not_picked":["Rebound","Barrage","Leap"],"picked":"Steam+1","floor":31},{"not_picked":["Compile Driver","Sweeping Beam","Rebound"],"picked":"Coolheaded+1","floor":31},{"not_picked":["Meteor Strike","Core Surge","Hyperbeam"],"picked":"All For One","floor":33},{"not_picked":["Capacitor","Stack+1","Conserve Battery"],"picked":"Static Discharge+1","floor":35},{"not_picked":["Sweeping Beam+1","Conserve Battery","Leap","Rebound+1"],"picked":"SKIP","floor":35},{"not_picked":["Blizzard+1","Leap+1","Rebound"],"picked":"Reprogram+1","floor":37},{"not_picked":["PanicButton","Forethought","Trip"],"picked":"Madness","floor":38},{"not_picked":["Redo","Conserve Battery+1","Go for the Eyes+1"],"picked":"Gash+1","floor":41},{"not_picked":["Auto Shields","Rebound","Streamline","Sunder+1"],"picked":"SKIP","floor":41},{"not_picked":["Stack+1","FTL","Skim+1"],"picked":"Core Surge","floor":54}],"player_experience":516391,"relics_obtained":[{"floor":5,"key":"Prayer Wheel"},{"floor":6,"key":"Question Card"},{"floor":8,"key":"DataDisk"},{"floor":9,"key":"Mummified Hand"},{"floor":24,"key":"White Beast Statue"},{"floor":26,"key":"Lizard Tail"},{"floor":27,"key":"Toy Ornithopter"},{"floor":37,"key":"WingedGreaves"},{"floor":47,"key":"TungstenRod"},{"floor":54,"key":"Calipers"}],"event_choices":[{"damage_healed":0,"gold_gain":175,"player_choice":"AGREE","damage_taken":0,"max_hp_gain":0,"max_hp_loss":0,"event_name":"Liars Game","floor":4,"gold_loss":0,"cards_obtained":["Doubt"]},{"damage_healed":0,"gold_gain":0,"player_choice":"Relic","damage_taken":0,"max_hp_gain":0,"max_hp_loss":0,"event_name":"Wheel of Change","floor":5,"gold_loss":0},{"damage_healed":0,"gold_gain":0,"cards_transformed":["Defend_B","Defend_B"],"player_choice":"Became Test Subject","damage_taken":0,"max_hp_gain":0,"max_hp_loss":0,"event_name":"Drug Dealer","floor":22,"gold_loss":0,"cards_obtained":["Chaos","Chaos"]},{"damage_healed":0,"gold_gain":0,"player_choice":"Relic","damage_taken":0,"max_hp_gain":0,"max_hp_loss":0,"event_name":"Wheel of Change","floor":24,"gold_loss":0},{"cards_removed":["Strike_B"],"damage_healed":0,"gold_gain":0,"player_choice":"Elegance","damage_taken":0,"max_hp_gain":0,"max_hp_loss":0,"event_name":"Back to Basics","floor":29,"gold_loss":0},{"cards_removed":["Beam Cell"],"damage_healed":0,"gold_gain":0,"player_choice":"Removed Attack","damage_taken":0,"max_hp_gain":0,"max_hp_loss":0,"event_name":"Falling","floor":36,"gold_loss":0},{"damage_healed":0,"gold_gain":0,"player_choice":"Fight","damage_taken":0,"max_hp_gain":0,"max_hp_loss":0,"event_name":"MindBloom","floor":37,"gold_loss":0},{"damage_healed":0,"gold_gain":0,"player_choice":"Memory 1","damage_taken":0,"max_hp_gain":0,"max_hp_loss":0,"event_name":"SensoryStone","floor":38,"gold_loss":0},{"damage_healed":0,"gold_gain":0,"player_choice":"Paid","damage_taken":0,"relics_obtained":["Red Mask"],"max_hp_gain":0,"max_hp_loss":0,"event_name":"Tomb of Lord Red Mask","floor":42,"gold_loss":25},{"damage_healed":19,"gold_gain":0,"player_choice":"Writhe","damage_taken":0,"max_hp_gain":0,"max_hp_loss":0,"event_name":"Winding Halls","floor":45,"gold_loss":0,"cards_obtained":["Writhe"]},{"damage_healed":0,"gold_gain":0,"player_choice":"Fight","damage_taken":0,"max_hp_gain":0,"max_hp_loss":0,"event_name":"Mysterious Sphere","floor":47,"gold_loss":0}],"is_beta":false,"boss_relics":[{"not_picked":["Empty Cage","Black Star"],"picked":"Philosopher\u0027s Stone"},{"not_picked":["Nuclear Battery","SlaversCollar"],"picked":"Astrolabe"}],"items_purged_floors":[39],"is_endless":false,"potions_floor_spawned":[3,10,14,19,21,25,27,28,31,33,35,37,41,47,48,54],"killed_by":"The Heart","ascension_level":0}}