{"host":"vk2xyavtylxbvrfq","time":1613659931,"event":{"mods":["Bard","BaseMod","Bestiary","Better Altar","Better Match","Better Note","Better Sensory Stone","Better Skull","Better Vampires","Block Reminder","Bossed Relics","Colored Map","Curses Come First","Displayed Cursed Tome","Downfall","Fox Events","Hermit","Ironclad Rager","Marked Mod","Minty Spire (QoL Compilation)","Quick Restart","Rare Cards Sparkle","Relic Sorter","Reliquary","Robot Space Explorer","StSLib","The Hayseed","The Runesmith","TheSurvivalist","Unceasing Turn Reminder"],"gold_per_floor":[16,16,26,26,40,65,65,96,164,164,189,189,199,154,154,257,257,257,257],"floor_reached":18,"language":"ENG","playtime":840,"items_purged":[],"score":231,"play_id":"1e371eb6-421c-407a-937b-3fd13e56dd32","local_time":"20210218095211","is_ascension_mode":true,"campfire_choices":[{"floor":7,"key":"REST"},{"floor":10,"key":"REST"},{"floor":15,"key":"REST"}],"circlet_count":0,"master_deck":["hermit:Strike_Hermit","hermit:Strike_Hermit","hermit:Strike_Hermit","hermit:Strike_Hermit","hermit:Defend_Hermit","hermit:Defend_Hermit","hermit:Defend_Hermit","hermit:Defend_Hermit","hermit:Snapshot","hermit:Covet","hermit:HighNoon+1","hermit:Maintenance","hermit:Cheat","hermit:TakeCover","hermit:Manifest","hermit:Malice","hermit:ShadowCloak","hermit:Cheat","hermit:Manifest","hermit:Enervate","hermit:FatalDesire","hermit:OverwhelmingPower"],"relics":["hermit:Momento","Bottled Tornado","Bronze Scales","Prayer Wheel","reliquary:Sod","Shovel","reliquary:Craggleroot"],"acts_visited":["Exordium","TheCity"],"potions_floor_usage":[6,13,14],"damage_taken":[{"damage":1,"enemies":"Cultist","floor":1,"turns":3},{"damage":2,"enemies":"Small Slimes","floor":3,"turns":4},{"damage":15,"enemies":"Jaw Worm","floor":5,"turns":4},{"damage":32,"enemies":"Gremlin Nob","floor":6,"turns":4},{"damage":18,"enemies":"Lagavulin","floor":8,"turns":9},{"damage":26,"enemies":"3 Sentries","floor":11,"turns":10},{"damage":0,"enemies":"3 Louse","floor":13,"turns":2},{"damage":0,"enemies":"Looter","floor":14,"turns":5},{"damage":17,"enemies":"Hexaghost","floor":16,"turns":15},{"damage":0,"enemies":"3 Byrds","floor":18,"turns":2}],"seed_played":"4036791527832479860","potions_obtained":[{"floor":1,"key":"AttackPotion"},{"floor":5,"key":"Swift Potion"},{"floor":11,"key":"DuplicationPotion"}],"is_trial":false,"path_per_floor":["M","$","M","T","M","E","R","E","T","R","E","?","M","M","R","B",null,"M"],"character_chosen":"HERMIT","items_purchased":[],"campfire_rested":3,"item_purchase_floors":[],"current_hp_per_floor":[67,67,65,65,50,18,40,22,22,44,18,18,18,18,40,23,62,62,62],"gold":257,"neow_bonus":"THREE_RARE_CARDS","is_daily":false,"chose_seed":false,"campfire_upgraded":0,"win_rate":0.0,"timestamp":1613659931,"path_taken":["M","?","?","?","M","E","R","E","T","R","E","?","?","M","R","BOSS","M"],"items_purchased_type":[],"build_version":"2020-12-22","purchased_purges":0,"victory":false,"max_hp_per_floor":[75,75,75,75,75,75,75,75,75,75,75,75,75,75,75,75,75,75,75],"card_choices":[{"not_picked":["hermit:OverwhelmingPower","hermit:BlackWind"],"picked":"hermit:HighNoon","floor":0},{"not_picked":["hermit:CalledShot","hermit:TrackingShot"],"picked":"hermit:Maintenance","floor":1},{"not_picked":["hermit:Dive","hermit:TakeCover"],"picked":"hermit:Cheat","floor":3},{"not_picked":["hermit:LowProfile","hermit:Gestalt"],"picked":"hermit:TakeCover","floor":5},{"not_picked":["hermit:Quickdraw","hermit:CursedWeapon"],"picked":"hermit:Manifest","floor":6},{"not_picked":["hermit:SprayPray","hermit:DeadMansHand"],"picked":"hermit:Malice","floor":8},{"not_picked":["hermit:Headshot","hermit:Brawl"],"picked":"hermit:ShadowCloak","floor":11},{"not_picked":["hermit:SprayPray","hermit:HoleUp"],"picked":"hermit:Cheat","floor":13},{"not_picked":["hermit:GoldenBullet","hermit:TrackingShot"],"picked":"hermit:Manifest","floor":13},{"not_picked":["hermit:Quickdraw","hermit:LowProfile"],"picked":"hermit:Enervate","floor":14},{"not_picked":["hermit:Quickdraw","hermit:ItchyTrigger"],"picked":"hermit:FatalDesire","floor":14},{"not_picked":["hermit:Gambit","hermit:BlackWind"],"picked":"hermit:OverwhelmingPower","floor":16}],"player_experience":1417703,"relics_obtained":[{"floor":4,"key":"Bottled Tornado"},{"floor":6,"key":"Bronze Scales"},{"floor":8,"key":"Prayer Wheel"},{"floor":9,"key":"reliquary:Sod"},{"floor":11,"key":"Shovel"}],"event_choices":[{"damage_healed":0,"gold_gain":0,"player_choice":"Grow","damage_taken":0,"max_hp_gain":0,"max_hp_loss":0,"event_name":"Living Wall","floor":12,"gold_loss":0,"cards_upgraded":["hermit:HighNoon"]}],"is_beta":false,"boss_relics":[{"not_picked":["SacredBark","hermit:BartenderGlass"],"picked":"reliquary:Craggleroot"}],"items_purged_floors":[],"is_endless":false,"potions_floor_spawned":[1,5,11],"killed_by":"3 Byrds","ascension_level":6}}