{"host":"sav7uxregyirlf69","time":1613627745,"event":{"mods":["AchievementEnabler","BaseMod","Colored Map","DeckTracker","Keyboard Shortcuts","Minty Spire (QoL Compilation)","READ ME - Guardian Mod","StSLib","SuperFastMode"],"gold_per_floor":[117,133,133,146,221,221,251,268,322,347,61,61,61,18,18,94,94,106,156,173,184,198,198,198,198],"floor_reached":24,"language":"KOR","playtime":425,"items_purged":[],"score":412,"play_id":"fb838372-e0bb-4e8d-9508-2c40061a5b72","local_time":"20210218145545","is_ascension_mode":true,"campfire_choices":[{"data":"Blood for Blood","floor":6,"key":"SMITH"},{"data":"Apotheosis","floor":13,"key":"SMITH"},{"floor":15,"key":"REST"},{"floor":23,"key":"REST"}],"circlet_count":0,"master_deck":["AscendersBane","Strike_R","Strike_R","Strike_R","Defend_R","Defend_R","Defend_R","Defend_R","Bash","Clash","Blood for Blood+1","Whirlwind","Hemokinesis","Rage","Evolve","Rupture","Apotheosis+1","Fire Breathing","Barricade","Shrug It Off","Seeing Red"],"relics":["Burning Blood","Letter Opener","Anchor","Sozu"],"acts_visited":["Exordium","TheCity"],"potions_floor_usage":[7,22,24],"damage_taken":[{"damage":6,"enemies":"Small Slimes","floor":1,"turns":4},{"damage":2,"enemies":"2 Louse","floor":2,"turns":2},{"damage":7,"enemies":"Cultist","floor":4,"turns":4},{"damage":10,"enemies":"3 Sentries","floor":7,"turns":4},{"damage":13,"enemies":"Blue Slaver","floor":8,"turns":3},{"damage":36,"enemies":"Gremlin Nob","floor":10,"turns":4},{"damage":29,"enemies":"Slime Boss","floor":16,"turns":7},{"damage":2,"enemies":"Chosen","floor":18,"turns":5},{"damage":35,"enemies":"Spheric Guardian","floor":20,"turns":5},{"damage":13,"enemies":"Centurion and Healer","floor":21,"turns":8},{"damage":25,"enemies":"3 Cultists","floor":22,"turns":5},{"damage":34,"enemies":"Slavers","floor":24,"turns":2}],"seed_played":"-4950892624966135710","potions_obtained":[{"floor":1,"key":"PowerPotion"},{"floor":2,"key":"Strength Potion"},{"floor":16,"key":"AttackPotion"}],"is_trial":false,"path_per_floor":["M","M","?","M","?","R","E","M","T","E","$","?","R","$","R","B",null,"M","?","M","M","M","R","E"],"character_chosen":"IRONCLAD","items_purchased":["Rupture","Apotheosis","Fire Breathing"],"campfire_rested":2,"item_purchase_floors":[11,11,14],"current_hp_per_floor":[68,72,72,71,60,60,56,49,49,19,19,19,19,19,41,18,61,65,65,36,29,10,32,0,0],"gold":198,"neow_bonus":"TRANSFORM_CARD","is_daily":false,"chose_seed":false,"campfire_upgraded":2,"win_rate":0.0,"timestamp":1613627745,"path_taken":["M","M","?","M","?","R","E","M","T","E","$","?","R","$","R","BOSS","M","?","M","M","M","R","E"],"items_purchased_type":["Card","Card","Card"],"build_version":"2020-12-22","purchased_purges":0,"victory":false,"max_hp_per_floor":[75,75,75,75,75,75,75,75,75,75,75,75,75,75,75,75,75,75,75,75,75,75,75,75,75],"card_choices":[{"not_picked":["Spot Weakness","Wild Strike"],"picked":"Blood for Blood","floor":1},{"not_picked":["Body Slam","Wild Strike"],"picked":"Whirlwind","floor":2},{"not_picked":["Cleave","Sword Boomerang"],"picked":"Hemokinesis","floor":4},{"not_picked":["True Grit","Impervious"],"picked":"Rage","floor":7},{"not_picked":["Entrench","Heavy Blade","Uppercut"],"picked":"SKIP","floor":8},{"not_picked":["Clash","Inflame"],"picked":"Evolve","floor":10},{"not_picked":["Limit Break","Demon Form"],"picked":"Barricade","floor":16},{"not_picked":["Reckless Charge","True Grit","Uppercut"],"picked":"SKIP","floor":18},{"not_picked":["Cleave","Burning Pact"],"picked":"Shrug It Off","floor":20},{"not_picked":["Heavy Blade","Pummel","Inflame"],"picked":"SKIP","floor":21},{"not_picked":["Wild Strike","Shrug It Off"],"picked":"Seeing Red","floor":22}],"player_experience":1609067,"relics_obtained":[{"floor":7,"key":"Letter Opener"},{"floor":10,"key":"Anchor"}],"event_choices":[{"damage_healed":0,"gold_gain":0,"player_choice":"Ignored","damage_taken":0,"max_hp_gain":0,"max_hp_loss":0,"event_name":"Liars Game","floor":3,"gold_loss":0},{"damage_healed":0,"gold_gain":75,"player_choice":"Gather Gold","damage_taken":11,"max_hp_gain":0,"max_hp_loss":0,"event_name":"World of Goop","floor":5,"gold_loss":0},{"cards_removed":["Strike_R"],"damage_healed":0,"gold_gain":0,"player_choice":"Purged","damage_taken":0,"max_hp_gain":0,"max_hp_loss":0,"event_name":"Purifier","floor":12,"gold_loss":0},{"damage_healed":0,"gold_gain":50,"player_choice":"Stole From Cult","damage_taken":0,"max_hp_gain":0,"max_hp_loss":0,"event_name":"Nest","floor":19,"gold_loss":0}],"is_beta":false,"boss_relics":[{"not_picked":["Runic Cube","Velvet Choker"],"picked":"Sozu"}],"items_purged_floors":[],"is_endless":false,"potions_floor_spawned":[1,2,16,18,21],"killed_by":"Slavers","ascension_level":20}}