{"host":"iv5atf0fne3n7zmv","time":1613664800,"event":{"mods":["BaseMod","Minty Spire (QoL Compilation)","StSLib"],"gold_per_floor":[114,125,200,200,4,39,39,51,76,25,25,25,44,56,56,156,156,169,189,189,189],"floor_reached":20,"language":"ENG","playtime":2203,"items_purged":["Defend_G"],"score":191,"play_id":"df8c4e7e-1db8-4f5f-8b9f-2d025701772a","local_time":"20210218081320","is_ascension_mode":true,"campfire_choices":[{"floor":7,"key":"REST"},{"data":"Noxious Fumes","floor":12,"key":"SMITH"},{"data":"Infinite Blades","floor":15,"key":"SMITH"}],"circlet_count":0,"master_deck":["Strike_G","Strike_G","Strike_G","Strike_G","Strike_G","Defend_G","Defend_G","Defend_G","Defend_G","Survivor+1","Neutralize","Bullet Time","Dagger Spray","Quick Slash","Noxious Fumes+1","Poisoned Stab","Tools of the Trade","Prepared","Acrobatics","Endless Agony","Infinite Blades+1","A Thousand Cuts","Outmaneuver+1","Backstab"],"relics":["Ring of the Snake","Art of War","Blood Vial","Pear","Sozu"],"acts_visited":["Exordium","TheCity"],"potions_floor_usage":[14,16],"damage_taken":[{"damage":0,"enemies":"2 Louse","floor":1,"turns":3},{"damage":11,"enemies":"Jaw Worm","floor":2,"turns":4},{"damage":19,"enemies":"3 Sentries","floor":6,"turns":6},{"damage":4,"enemies":"Cultist","floor":8,"turns":4},{"damage":8,"enemies":"Exordium Thugs","floor":13,"turns":5},{"damage":12,"enemies":"Lots of Slimes","floor":14,"turns":3},{"damage":22,"enemies":"Hexaghost","floor":16,"turns":10},{"damage":39,"enemies":"3 Byrds","floor":18,"turns":4},{"damage":33,"enemies":"Spheric Guardian","floor":19,"turns":5},{"damage":16,"enemies":"Snake Plant","floor":20,"turns":3}],"seed_played":"467232720776405044","potions_obtained":[{"floor":2,"key":"Block Potion"},{"floor":8,"key":"ColorlessPotion"},{"floor":13,"key":"Energy Potion"}],"is_trial":false,"path_per_floor":["M","M","?","?","$","E","R","M","T","$","?","R","M","M","R","B",null,"M","M","M"],"character_chosen":"THE_SILENT","items_purchased":["Noxious Fumes","Poisoned Stab","Acrobatics"],"campfire_rested":1,"item_purchase_floors":[5,5,10],"current_hp_per_floor":[70,59,48,48,48,29,50,46,46,46,56,56,50,40,40,20,80,41,10,0,0],"gold":189,"neow_bonus":"ONE_RANDOM_RARE_CARD","is_daily":false,"chose_seed":false,"campfire_upgraded":2,"win_rate":0.0,"timestamp":1613664800,"path_taken":["M","M","?","?","?","E","R","?","T","$","?","R","?","M","R","BOSS","M","M","M"],"items_purchased_type":["Card","Card","Card"],"build_version":"2020-12-22","purchased_purges":1,"victory":false,"max_hp_per_floor":[70,70,70,70,70,70,70,70,70,70,80,80,80,80,80,80,80,80,80,80,80],"card_choices":[{"not_picked":["Bane","Deflect"],"picked":"Dagger Spray","floor":1},{"not_picked":["Dagger Spray","Outmaneuver"],"picked":"Quick Slash","floor":2},{"not_picked":["Setup","Distraction"],"picked":"Tools of the Trade","floor":6},{"not_picked":["Slice","Crippling Poison"],"picked":"Prepared","floor":8},{"not_picked":["Flying Knee","Dagger Spray"],"picked":"Endless Agony","floor":13},{"not_picked":["Dagger Throw","Underhanded Strike"],"picked":"Infinite Blades","floor":14},{"not_picked":["Die Die Die","Adrenaline"],"picked":"A Thousand Cuts","floor":16},{"not_picked":["Dagger Spray","Cloak And Dagger"],"picked":"Outmaneuver+1","floor":18},{"not_picked":["Crippling Poison","Underhanded Strike"],"picked":"Backstab","floor":19}],"player_experience":352598,"relics_obtained":[{"floor":6,"key":"Art of War"},{"floor":9,"key":"Blood Vial"}],"event_choices":[{"damage_healed":0,"gold_gain":75,"player_choice":"Gather Gold","damage_taken":11,"max_hp_gain":0,"max_hp_loss":0,"event_name":"World of Goop","floor":3,"gold_loss":0},{"damage_healed":0,"gold_gain":0,"player_choice":"Grow","damage_taken":0,"max_hp_gain":0,"max_hp_loss":0,"event_name":"Living Wall","floor":4,"gold_loss":0,"cards_upgraded":["Survivor"]},{"damage_healed":0,"gold_gain":0,"player_choice":"Gave Potion","damage_taken":0,"relics_obtained":["Pear"],"max_hp_gain":0,"max_hp_loss":0,"event_name":"WeMeetAgain","floor":11,"gold_loss":0}],"is_beta":false,"boss_relics":[{"not_picked":["Runic Dome","SacredBark"],"picked":"Sozu"}],"items_purged_floors":[5],"is_endless":false,"potions_floor_spawned":[2,8,13,18,19],"killed_by":"Snake Plant","ascension_level":2}}