{"host":"6jrd8fn9k88n08be","time":1613634470,"event":{"mods":["BaseMod","Minty Spire (QoL Compilation)","StSLib"],"gold_per_floor":[359,309,328,328,328,328,343,343,343,362,378,390,419,97,97,193,193,205,223,237,47,0,27,27,59,59,59,59,72,72,87,87,87,87],"floor_reached":33,"language":"ENG","playtime":2117,"items_purged":["Strike_P","Strike_P"],"score":411,"play_id":"b876fd04-7ef9-45c9-b292-ecfbf32f7f4b","local_time":"20210218024750","is_ascension_mode":true,"campfire_choices":[{"data":"Eruption","floor":6,"key":"SMITH"},{"data":"FlyingSleeves","floor":8,"key":"SMITH"},{"floor":15,"key":"REST"},{"floor":24,"key":"REST"},{"floor":32,"key":"REST"}],"circlet_count":0,"master_deck":["Strike_P+1","Defend_P+1","Defend_P+1","Defend_P+1","Defend_P+1","Eruption+1","Vigilance","FlyingSleeves+1","FearNoEvil+1","Sanctity+1","EmptyFist","Crescendo+1","EmptyMind","FlyingSleeves","BowlingBash","LessonLearned","Indignation","WindmillStrike+1","JustLucky","Tantrum","FlurryOfBlows","Adaptation","JustLucky","Swivel","Collect"],"relics":["PureWater","Anchor","Happy Flower","Yang","Whetstone","Fusion Hammer","War Paint","Ancient Tea Set","Matryoshka"],"acts_visited":["Exordium","TheCity"],"potions_floor_usage":[13,23,27],"damage_taken":[{"damage":0,"enemies":"Cultist","floor":1,"turns":4},{"damage":5,"enemies":"Small Slimes","floor":3,"turns":4},{"damage":0,"enemies":"2 Louse","floor":7,"turns":2},{"damage":0,"enemies":"2 Fungi Beasts","floor":10,"turns":2},{"damage":0,"enemies":"Blue Slaver","floor":11,"turns":2},{"damage":2,"enemies":"Large Slime","floor":12,"turns":2},{"damage":40,"enemies":"Lagavulin","floor":13,"turns":4},{"damage":0,"enemies":"Slime Boss","floor":16,"turns":6},{"damage":10,"enemies":"Shell Parasite","floor":18,"turns":6},{"damage":0,"enemies":"3 Byrds","floor":19,"turns":4},{"damage":25,"enemies":"Shelled Parasite and Fungi","floor":20,"turns":6},{"damage":41,"enemies":"Book of Stabbing","floor":23,"turns":3},{"damage":17,"enemies":"Gremlin Leader","floor":25,"turns":4},{"damage":12,"enemies":"Slavers","floor":27,"turns":2},{"damage":0,"enemies":"Colosseum Slavers","floor":28,"turns":2},{"damage":0,"enemies":"Centurion and Healer","floor":29,"turns":3},{"damage":0,"enemies":"Snecko","floor":31,"turns":3},{"damage":39,"enemies":"Champ","floor":33,"turns":7}],"seed_played":"8655706730922938997","potions_obtained":[{"floor":3,"key":"Regen Potion"},{"floor":10,"key":"DuplicationPotion"},{"floor":11,"key":"FairyPotion"},{"floor":19,"key":"SmokeBomb"}],"is_trial":false,"path_per_floor":["M","?","M","?","?","R","M","R","T","M","M","M","E","$","R","B",null,"M","M","M","$","?","E","R","E","T","E","?","M","?","M","R","B"],"character_chosen":"WATCHER","items_purchased":["FlyingSleeves","BowlingBash","Whetstone","Tantrum","FlurryOfBlows"],"campfire_rested":3,"item_purchase_floors":[14,14,14,21,21],"current_hp_per_floor":[65,65,60,60,60,60,60,60,60,60,60,58,18,18,37,37,65,55,55,30,30,30,19,38,21,21,9,9,9,9,9,28,0,0],"gold":87,"neow_bonus":"TWO_FIFTY_GOLD","is_daily":false,"chose_seed":false,"campfire_upgraded":2,"win_rate":0.0,"timestamp":1613634470,"path_taken":["M","?","M","?","?","R","M","R","T","M","M","M","E","?","R","BOSS","M","M","M","$","?","E","R","E","T","E","?","M","?","M","R","BOSS"],"items_purchased_type":["Card","Card","Relic","Card","Card"],"build_version":"2020-12-22","purchased_purges":2,"victory":false,"max_hp_per_floor":[65,65,65,65,65,65,65,65,65,65,65,65,65,65,65,65,65,65,65,65,65,65,65,65,65,65,65,65,65,65,65,65,65,65],"card_choices":[{"not_picked":["Consecrate","Protect"],"picked":"FlyingSleeves","floor":1},{"not_picked":["FlyingSleeves","ClearTheMind"],"picked":"FearNoEvil","floor":3},{"not_picked":["PathToVictory","Fasting2"],"picked":"Sanctity","floor":7},{"not_picked":["CutThroughFate","Consecrate"],"picked":"EmptyFist","floor":10},{"not_picked":["EmptyFist","CrushJoints"],"picked":"Crescendo","floor":11},{"not_picked":["BowlingBash","FollowUp"],"picked":"EmptyMind","floor":12},{"not_picked":["CarveReality","Vault","JustLucky"],"picked":"SKIP","floor":13},{"not_picked":["SpiritShield","Scrawl"],"picked":"LessonLearned","floor":16},{"not_picked":["FollowUp","Crescendo+1"],"picked":"Indignation","floor":18},{"not_picked":["ReachHeaven","CrushJoints"],"picked":"WindmillStrike+1","floor":19},{"not_picked":["Omniscience","Nirvana"],"picked":"JustLucky","floor":20},{"not_picked":["Prostrate","Wish"],"picked":"Adaptation","floor":23},{"not_picked":["Study","EmptyFist"],"picked":"JustLucky","floor":25},{"not_picked":["Evaluate","CrushJoints"],"picked":"Swivel","floor":29},{"not_picked":["WaveOfTheHand","Perseverance"],"picked":"Collect","floor":31}],"player_experience":189664,"relics_obtained":[{"floor":9,"key":"Happy Flower"},{"floor":13,"key":"Yang"},{"floor":23,"key":"War Paint"},{"floor":25,"key":"Ancient Tea Set"},{"floor":26,"key":"Matryoshka"}],"event_choices":[{"cards_removed":["Strike_P"],"damage_healed":0,"gold_gain":0,"player_choice":"Card Removal","damage_taken":0,"max_hp_gain":0,"max_hp_loss":0,"event_name":"The Cleric","floor":2,"gold_loss":50},{"damage_healed":0,"gold_gain":0,"player_choice":"Box","damage_taken":0,"relics_obtained":["Anchor"],"max_hp_gain":0,"max_hp_loss":0,"event_name":"Big Fish","floor":4,"gold_loss":0,"cards_obtained":["Regret"]},{"cards_removed":["Regret"],"damage_healed":0,"gold_gain":0,"player_choice":"Forget","damage_taken":0,"max_hp_gain":0,"max_hp_loss":0,"event_name":"Living Wall","floor":5,"gold_loss":0},{"damage_healed":0,"gold_gain":0,"player_choice":"Paid Fearfully","damage_taken":0,"max_hp_gain":0,"max_hp_loss":0,"event_name":"Masked Bandits","floor":22,"gold_loss":47},{"damage_healed":0,"gold_gain":0,"player_choice":"Fight","damage_taken":0,"max_hp_gain":0,"max_hp_loss":0,"event_name":"Colosseum","floor":28,"gold_loss":0},{"damage_healed":0,"gold_gain":0,"player_choice":"Fled From Nobs","damage_taken":0,"max_hp_gain":0,"max_hp_loss":0,"event_name":"Colosseum","floor":28,"gold_loss":0},{"damage_healed":0,"gold_gain":0,"player_choice":"Ignored","damage_taken":0,"max_hp_gain":0,"max_hp_loss":0,"event_name":"Ghosts","floor":30,"gold_loss":0}],"is_beta":false,"boss_relics":[{"not_picked":["Velvet Choker","Coffee Dripper"],"picked":"Fusion Hammer"}],"items_purged_floors":[14,21],"is_endless":false,"potions_floor_spawned":[3,10,11,19,20,27],"killed_by":"Champ","ascension_level":3}}