{"host":"y0i0tbisecj7yjyn","time":1613622877,"event":{"mods":["2.2 Compatiblity","AchievementEnabler","AlwaysNeverKeys","BaseMod","Better Third Choice","BetterRewards","Colored Map","Colored Powertips","Curses Come First","Disable Question Mark Monsters","Displayed Cursed Tome","Highlight Path","Keyboard Shortcuts","Minty Spire (QoL Compilation)","Quick Restart","Random Character Button","Rare Cards Sparkle","Relic Stats","Reliquary","Smile Girya","StSLib","SuperFastMode","The Marked","Transform Curses","Weighted Paths"],"gold_per_floor":[119,130,143,143,153,153,153,153],"floor_reached":7,"language":"ENG","playtime":314,"items_purged":[],"score":52,"play_id":"bf741dbb-ceed-4358-af74-23709018451b","local_time":"20210217223437","is_ascension_mode":true,"campfire_choices":[{"floor":6,"key":"REST"}],"circlet_count":0,"master_deck":["Strike_B","Strike_B","Strike_B","Strike_B","Defend_B","Defend_B","Defend_B","Defend_B","Zap","Dualcast","Creative AI","BootSequence","Chill","Echo Form"],"relics":["Cracked Core"],"acts_visited":["Exordium"],"potions_floor_usage":[7],"damage_taken":[{"damage":28,"enemies":"Jaw Worm","floor":1,"turns":5},{"damage":6,"enemies":"Cultist","floor":2,"turns":3},{"damage":17,"enemies":"2 Louse","floor":3,"turns":3},{"damage":7,"enemies":"Large Slime","floor":5,"turns":7},{"damage":20,"enemies":"Gremlin Nob","floor":7,"turns":4}],"seed_played":"-480511892870968187","potions_obtained":[{"floor":1,"key":"Block Potion"},{"floor":3,"key":"FocusPotion"}],"is_trial":false,"path_per_floor":["M","M","M","?","M","R","E"],"character_chosen":"DEFECT","items_purchased":[],"campfire_rested":1,"item_purchase_floors":[],"current_hp_per_floor":[47,41,24,24,17,39,19,19],"gold":153,"neow_bonus":"THREE_RARE_CARDS","is_daily":false,"chose_seed":false,"campfire_upgraded":0,"win_rate":0.0,"timestamp":1613622877,"path_taken":["M","M","M","?","?","R","E"],"items_purchased_type":[],"build_version":"2020-12-22","purchased_purges":0,"victory":false,"max_hp_per_floor":[75,75,75,75,75,75,75,75],"relic_stats":{"counters":[16,58],"obtain_stats":[{"reliquary:TridentHead":4,"NeowsBlessing":0,"Ornamental Fan":9,"Orrery":19,"Enchiridion":24,"Runic Capacitor":12,"reliquary:Vitrine":7,"Toxic Egg 2":10,"Orichalcum":26,"Cracked Core":0,"Cursed Key":17},{"reliquary:TridentHead":1,"NeowsBlessing":0,"Ornamental Fan":3,"Orrery":8,"Enchiridion":10,"Runic Capacitor":5,"reliquary:Vitrine":3,"Toxic Egg 2":4,"Orichalcum":10,"Cracked Core":0,"Cursed Key":7},{"reliquary:TridentHead":1,"NeowsBlessing":0,"Ornamental Fan":3,"Orrery":26,"Enchiridion":34,"Runic Capacitor":13,"reliquary:Vitrine":3,"Toxic Egg 2":10,"Orichalcum":34,"Cracked Core":0,"Cursed Key":22}]},"card_choices":[{"not_picked":["Amplify","Core Surge"],"picked":"Creative AI","floor":0},{"not_picked":["Streamline","Leap","BootSequence"],"picked":"SKIP","floor":1},{"not_picked":["Cold Snap","Steam Power"],"picked":"BootSequence","floor":2},{"not_picked":["Coolheaded","Compile Driver"],"picked":"Chill","floor":3},{"not_picked":["Sweeping Beam","Consume"],"picked":"Echo Form","floor":5}],"player_experience":476532,"relics_obtained":[],"event_choices":[{"cards_removed":["Normality"],"damage_healed":0,"gold_gain":0,"player_choice":"Removed Curses","damage_taken":0,"max_hp_gain":0,"max_hp_loss":0,"event_name":"Fountain of Cleansing","floor":4,"gold_loss":0}],"is_beta":false,"boss_relics":[],"items_purged_floors":[],"is_endless":false,"potions_floor_spawned":[1,3],"killed_by":"Gremlin Nob","ascension_level":4}}