{"host":"pvf7uj918he10jir","time":1613629050,"event":{"mods":["AchievementEnabler","BaseMod","Colored Map","Colored Powertips","Highlight Path","Minty Spire (QoL Compilation)","Relic Stats","Slay the Relics Exporter","everything is the same but u backflip on backflip"],"gold_per_floor":[109,122,134,150,4,30,30,55,79,95,112,112,130,158,158,266,266,294,322,237,237,246,246,260,271,295,336,355,355,392,136,136,243,243,257,316,12,39,39,39,79,79,79,91,116,144,144,187,187,187,187,187,35,63,63,63],"floor_reached":55,"language":"ENG","playtime":3710,"items_purged":["Strike_B","Strike_B"],"score":1159,"play_id":"5046f797-15f1-4286-9d13-99164fcb6c3d","local_time":"20210218011730","is_ascension_mode":true,"campfire_choices":[{"data":"Hologram","floor":7.0,"key":"SMITH"},{"floor":12.0,"key":"REST"},{"floor":15.0,"key":"REST"},{"data":"Zap","floor":23.0,"key":"SMITH"},{"floor":29.0,"key":"REST"},{"floor":32.0,"key":"REST"},{"floor":40.0,"key":"REST"},{"floor":49,"key":"RECALL"},{"floor":52,"key":"REST"}],"circlet_count":0,"master_deck":["Strike_B","Defend_B","Defend_B+1","Defend_B","Defend_B+1","Zap+1","Dualcast","Gash","FTL","Rebound","Conserve Battery","Scrape","Scrape","All For One","Redo+1","Go for the Eyes","Gash","Beam Cell","Chaos+1","Chrysalis+1","Echo Form","Gash+1","Gash+1","White Noise+1","Echo Form","Gash+1","Gash"],"relics":["Cracked Core","NeowsBlessing","Anchor","Bag of Marbles","Orichalcum","CeramicFish","Black Star","Incense Burner","Strawberry","Shuriken","Akabeko","Toxic Egg 2","Bag of Preparation","Fusion Hammer","Prayer Wheel","Lizard Tail","HornCleat","DataDisk","CaptainsWheel","TungstenRod","FossilizedHelix","War Paint","PreservedInsect","TheAbacus","Pen Nib","Toy Ornithopter"],"acts_visited":["Exordium","TheCity","TheBeyond","TheEnding"],"potions_floor_usage":[50,50,50],"damage_taken":[{"damage":0.0,"enemies":"Cultist","floor":1.0,"turns":1.0},{"damage":0.0,"enemies":"2 Louse","floor":2.0,"turns":1.0},{"damage":0.0,"enemies":"Jaw Worm","floor":3.0,"turns":1.0},{"damage":13.0,"enemies":"Blue Slaver","floor":4.0,"turns":3.0},{"damage":28.0,"enemies":"3 Sentries","floor":6.0,"turns":7.0},{"damage":23.0,"enemies":"Gremlin Nob","floor":8.0,"turns":4.0},{"damage":9.0,"enemies":"Exordium Wildlife","floor":10.0,"turns":5.0},{"damage":0.0,"enemies":"Looter","floor":11.0,"turns":3.0},{"damage":0.0,"enemies":"2 Fungi Beasts","floor":13.0,"turns":2.0},{"damage":18.0,"enemies":"Lagavulin","floor":14.0,"turns":4.0},{"damage":25.0,"enemies":"The Guardian","floor":16.0,"turns":11.0},{"damage":6.0,"enemies":"Spheric Guardian","floor":18.0,"turns":3.0},{"damage":2.0,"enemies":"2 Thieves","floor":19.0,"turns":3.0},{"damage":13.0,"enemies":"3 Cultists","floor":24.0,"turns":5.0},{"damage":8.0,"enemies":"Centurion and Healer","floor":25.0,"turns":5.0},{"damage":15.0,"enemies":"Gremlin Leader","floor":27.0,"turns":5.0},{"damage":3.0,"enemies":"Snake Plant","floor":28.0,"turns":2.0},{"damage":18.0,"enemies":"Slavers","floor":30.0,"turns":5.0},{"damage":17.0,"enemies":"Automaton","floor":33.0,"turns":7.0},{"damage":5.0,"enemies":"Orb Walker","floor":35.0,"turns":3.0},{"damage":19.0,"enemies":"Mind Bloom Boss Battle","floor":36.0,"turns":4.0},{"damage":16.0,"enemies":"3 Shapes","floor":38.0,"turns":3.0},{"damage":20.0,"enemies":"Giant Head","floor":41.0,"turns":6.0},{"damage":10,"enemies":"Jaw Worm Horde","floor":44,"turns":3},{"damage":0,"enemies":"Nemesis","floor":45,"turns":4},{"damage":0,"enemies":"Sphere and 2 Shapes","floor":46,"turns":3},{"damage":0,"enemies":"Reptomancer","floor":48,"turns":4},{"damage":17,"enemies":"Donu and Deca","floor":50,"turns":6},{"damage":0,"enemies":"Shield and Spear","floor":54,"turns":2},{"damage":124,"enemies":"The Heart","floor":55,"turns":9}],"seed_played":"-7319191085116046844","potions_obtained":[{"floor":3.0,"key":"AttackPotion"},{"floor":4.0,"key":"ColorlessPotion"},{"floor":8.0,"key":"ColorlessPotion"},{"floor":10.0,"key":"AttackPotion"},{"floor":19.0,"key":"LiquidMemories"},{"floor":24.0,"key":"SpeedPotion"},{"floor":30.0,"key":"PowerPotion"},{"floor":33.0,"key":"Block Potion"},{"floor":36.0,"key":"PowerPotion"}],"is_trial":false,"path_per_floor":["M","M","M","M","$","E","R","E","T","M","M","R","M","E","R","B",null,"M","M","?","?","?","R","M","M","T","E","M","R","E","$","R","B",null,"M","?","$","M","?","R","E","T","T","M","E","M","?","E","R","B",null,"R","$","E","B"],"character_chosen":"DEFECT","items_purchased":["Hologram","Conserve Battery","Chrysalis+1","Lizard Tail","TheAbacus"],"campfire_rested":6,"item_purchase_floors":[5,5,31,37,53],"current_hp_per_floor":[75,75,75,62,62,34,34,11,11,2,2,24,24,6,28,3,57,51,49,49,49,49,49,36,28,35,20,17,41,23,23,47,30,69,64,45,45,29,29,53,33,33,33,23,23,23,23,23,23,6,63,82,82,82,0,0],"gold":63,"neow_bonus":"THREE_ENEMY_KILL","is_daily":false,"chose_seed":false,"campfire_upgraded":2,"win_rate":0.0,"timestamp":1613629050,"path_taken":["M","?","?","M","$","E","R","E","T","M","M","R","M","E","R","BOSS","M","M","?","?","?","R","M","M","T","E","M","R","E","$","R","BOSS","M","?","$","M","?","R","E","?","T","?","E","M","?","E","R","BOSS","R","$","E","BOSS"],"items_purchased_type":["Card","Card","Card","Relic","Relic"],"build_version":"2020-12-22","purchased_purges":2,"victory":false,"max_hp_per_floor":[75,75,75,75,75,75,75,75,75,75,75,75,75,75,75,75,75,75,75,75,75,75,75,75,75,82,82,82,82,82,82,82,82,82,82,82,82,82,82,82,82,82,82,82,82,82,82,82,82,82,82,82,82,82,82,82],"relic_stats":{"counters":[30,124],"CeramicFish":126,"PreservedInsect":68,"Pen Nib":[3],"Bag of Preparation":[24],"Orichalcum":[42],"War Paint":["Defend_B","Defend_B"],"Lizard Tail":41,"TheAbacus":[6],"Shuriken":[67],"Prayer Wheel":3,"Black Star":6,"obtain_stats":[{"CeramicFish":14,"Incense Burner":20,"Bag of Preparation":30,"Lizard Tail":37,"HornCleat":41,"TheAbacus":53,"Strawberry":26,"Prayer Wheel":36,"Fusion Hammer":34,"Toxic Egg 2":30,"Cracked Core":0,"NeowsBlessing":0,"PreservedInsect":48,"Pen Nib":54,"Orichalcum":9,"War Paint":48,"Akabeko":27,"Anchor":6,"DataDisk":41,"CaptainsWheel":42,"Shuriken":27,"Bag of Marbles":8,"Black Star":17,"TungstenRod":45,"FossilizedHelix":45,"Toy Ornithopter":54},{"CeramicFish":10,"Incense Burner":13,"Bag of Preparation":18,"Lizard Tail":21,"HornCleat":23,"TheAbacus":28,"Strawberry":15,"Prayer Wheel":21,"Fusion Hammer":19,"Toxic Egg 2":18,"Cracked Core":0,"NeowsBlessing":0,"PreservedInsect":27,"Pen Nib":29,"Orichalcum":6,"War Paint":27,"Akabeko":16,"Anchor":5,"DataDisk":23,"CaptainsWheel":23,"Shuriken":16,"Bag of Marbles":6,"Black Star":11,"TungstenRod":25,"FossilizedHelix":25,"Toy Ornithopter":29},{"CeramicFish":31,"Incense Burner":48,"Bag of Preparation":70,"Lizard Tail":84,"HornCleat":93,"TheAbacus":113,"Strawberry":58,"Prayer Wheel":84,"Fusion Hammer":77,"Toxic Egg 2":70,"Cracked Core":0,"NeowsBlessing":0,"PreservedInsect":107,"Pen Nib":115,"Orichalcum":17,"War Paint":107,"Akabeko":63,"Anchor":13,"DataDisk":93,"CaptainsWheel":93,"Shuriken":63,"Bag of Marbles":17,"Black Star":42,"TungstenRod":100,"FossilizedHelix":100,"Toy Ornithopter":115}],"TungstenRod":40,"Toy Ornithopter":0},"card_choices":[{"not_picked":["Turbo","Go for the Eyes","Cold Snap"],"picked":"SKIP","floor":1.0},{"not_picked":["Cold Snap","Conserve Battery"],"picked":"Gash","floor":2.0},{"not_picked":["Sweeping Beam","Skim"],"picked":"FTL","floor":3.0},{"not_picked":["Stack","Hologram"],"picked":"Rebound","floor":4.0},{"not_picked":["Redo","Rip and Tear","Go for the Eyes"],"picked":"SKIP","floor":6.0},{"not_picked":["Leap","Meteor Strike"],"picked":"Scrape","floor":8.0},{"not_picked":["Melter","Recycle","Lockon"],"picked":"SKIP","floor":10.0},{"not_picked":["Rebound","Aggregate"],"picked":"Scrape","floor":11.0},{"not_picked":["Force Field","Rebound","Double Energy"],"picked":"SKIP","floor":13.0},{"not_picked":["Hello World","Sunder","Cold Snap"],"picked":"SKIP","floor":14.0},{"not_picked":["Creative AI","Fission"],"picked":"All For One","floor":16.0},{"not_picked":["Blizzard+1","Steam"],"picked":"Redo+1","floor":18.0},{"not_picked":["Aggregate+1","Tempest"],"picked":"Go for the Eyes","floor":19.0},{"not_picked":["Cold Snap","Compile Driver","Leap"],"picked":"SKIP","floor":24.0},{"not_picked":["Skim+1","Go for the Eyes","Loop"],"picked":"SKIP","floor":25.0},{"not_picked":["Auto Shields","Blizzard"],"picked":"Beam Cell","floor":27.0},{"not_picked":["Hello World","Cold Snap","Scrape"],"picked":"SKIP","floor":28.0},{"not_picked":["Beam Cell","Fusion+1"],"picked":"Chaos+1","floor":30.0},{"not_picked":["Reboot+1","Creative AI"],"picked":"Echo Form","floor":33.0},{"not_picked":["Skim+1","Capacitor+1","Reprogram+1"],"picked":"SKIP","floor":35.0},{"not_picked":["Self Repair","Go for the Eyes"],"picked":"Gash+1","floor":36.0},{"not_picked":["Ball Lightning+1","Leap+1"],"picked":"Gash+1","floor":38.0},{"not_picked":["Fusion+1","Rip and Tear+1","Steam+1"],"picked":"SKIP","floor":38.0},{"not_picked":["Coolheaded+1","Chaos+1"],"picked":"White Noise+1","floor":41.0},{"not_picked":["Turbo+1","Melter","Cold Snap"],"picked":"SKIP","floor":44},{"not_picked":["Hello World","Coolheaded+1","Compile Driver+1"],"picked":"SKIP","floor":44},{"not_picked":["Turbo+1","Streamline","Stack+1"],"picked":"SKIP","floor":45},{"not_picked":["FTL+1","Steam+1"],"picked":"Echo Form","floor":46},{"not_picked":["Capacitor+1","Steam+1"],"picked":"Gash+1","floor":46},{"not_picked":["Go for the Eyes","Conserve Battery+1"],"picked":"Gash","floor":48},{"not_picked":["Capacitor","Double Energy+1","Cold Snap"],"picked":"SKIP","floor":54}],"player_experience":175993,"relics_obtained":[{"floor":6.0,"key":"Anchor"},{"floor":8.0,"key":"Bag of Marbles"},{"floor":9.0,"key":"Orichalcum"},{"floor":14.0,"key":"CeramicFish"},{"floor":26.0,"key":"Strawberry"},{"floor":27.0,"key":"Shuriken"},{"floor":27.0,"key":"Akabeko"},{"floor":30.0,"key":"Toxic Egg 2"},{"floor":30.0,"key":"Bag of Preparation"},{"floor":36.0,"key":"Prayer Wheel"},{"floor":41.0,"key":"HornCleat"},{"floor":41.0,"key":"DataDisk"},{"floor":42.0,"key":"CaptainsWheel"},{"floor":45,"key":"TungstenRod"},{"floor":45,"key":"FossilizedHelix"},{"floor":48,"key":"War Paint"},{"floor":48,"key":"PreservedInsect"},{"floor":54,"key":"Pen Nib"},{"floor":54,"key":"Toy Ornithopter"}],"event_choices":[{"damage_healed":0.0,"max_hp_gain":0.0,"max_hp_loss":0.0,"gold_gain":0.0,"event_name":"Addict","player_choice":"Obtained Relic","floor":20.0,"gold_loss":85.0,"damage_taken":0.0,"relics_obtained":["Incense Burner"]},{"cards_removed":["Strike_B"],"damage_healed":0.0,"max_hp_gain":0.0,"max_hp_loss":0.0,"gold_gain":0.0,"event_name":"Back to Basics","player_choice":"Elegance","floor":21.0,"gold_loss":0.0,"damage_taken":0.0},{"damage_healed":0.0,"max_hp_gain":0.0,"max_hp_loss":0.0,"gold_gain":0.0,"event_name":"The Library","player_choice":"Read","floor":22.0,"gold_loss":0.0,"damage_taken":0.0,"cards_obtained":["Gash"]},{"damage_healed":0.0,"max_hp_gain":0.0,"max_hp_loss":0.0,"gold_gain":0.0,"event_name":"MindBloom","player_choice":"Fight","floor":36.0,"gold_loss":0.0,"damage_taken":0.0},{"cards_removed":["Hologram"],"damage_healed":0.0,"max_hp_gain":0.0,"max_hp_loss":0.0,"gold_gain":0.0,"event_name":"Falling","player_choice":"Removed Skill","floor":39.0,"gold_loss":0.0,"damage_taken":0.0},{"damage_healed":0,"gold_gain":0,"player_choice":"Memory 1","damage_taken":0,"max_hp_gain":0,"max_hp_loss":0,"event_name":"SensoryStone","floor":47,"gold_loss":0}],"is_beta":false,"boss_relics":[{"not_picked":["Busted Crown","SlaversCollar"],"picked":"Black Star"},{"not_picked":["Sozu","Runic Dome"],"picked":"Fusion Hammer"}],"items_purged_floors":[5,31],"is_endless":false,"potions_floor_spawned":[3,4,8,10,19,24,30,33,36,38,44,45,46],"killed_by":"The Heart","ascension_level":5}}