{"host":"to2s10i0cynxbiqz","time":1613624778,"event":{"mods":["BaseMod","Colored Powertips","Minty Spire (QoL Compilation)","Quick Restart","StSLib"],"gold_per_floor":[119,136,155,173,191,191,223,223,249,260,274,290,320,334,334,432,432,445,222,240,240,263,275,275],"floor_reached":23,"language":"ZHS","playtime":932,"items_purged":["Strike_B"],"score":285,"play_id":"e1bf8689-5452-4f58-bdd2-5f34522a5be1","local_time":"20210218130618","is_ascension_mode":true,"campfire_choices":[{"data":"Scrape","floor":6.0,"key":"SMITH"},{"floor":8.0,"key":"REST"},{"floor":15.0,"key":"REST"}],"circlet_count":0,"master_deck":["Strike_B","Strike_B","Strike_B","Defend_B","Defend_B","Zap","Dualcast","Consume","Scrape+1","Beam Cell","Go for the Eyes","Seek","Beam Cell","Beam Cell","Machine Learning","Gash","Hologram","Writhe","BootSequence"],"relics":["Cracked Core","Bag of Marbles","Blood Vial","Nunchaku","Oddly Smooth Stone","Empty Cage","Juzu Bracelet","MawBank"],"acts_visited":["Exordium","TheCity"],"potions_floor_usage":[23,23],"damage_taken":[{"damage":4.0,"enemies":"Jaw Worm","floor":1.0,"turns":3.0},{"damage":8.0,"enemies":"Small Slimes","floor":2.0,"turns":3.0},{"damage":1.0,"enemies":"Cultist","floor":3.0,"turns":4.0},{"damage":10.0,"enemies":"Large Slime","floor":4.0,"turns":5.0},{"damage":0.0,"enemies":"Exordium Wildlife","floor":5.0,"turns":2.0},{"damage":13.0,"enemies":"3 Sentries","floor":7.0,"turns":6.0},{"damage":1.0,"enemies":"Looter","floor":10.0,"turns":2.0},{"damage":8.0,"enemies":"Large Slime","floor":11.0,"turns":4.0},{"damage":4.0,"enemies":"Blue Slaver","floor":12.0,"turns":3.0},{"damage":31.0,"enemies":"Lagavulin","floor":13.0,"turns":5.0},{"damage":6.0,"enemies":"Exordium Wildlife","floor":14.0,"turns":2.0},{"damage":0.0,"enemies":"Slime Boss","floor":16.0,"turns":7.0},{"damage":21.0,"enemies":"Shell Parasite","floor":18.0,"turns":3.0},{"damage":2.0,"enemies":"Chosen","floor":20.0,"turns":3.0},{"damage":32.0,"enemies":"Shelled Parasite and Fungi","floor":22.0,"turns":4.0},{"damage":12,"enemies":"Book of Stabbing","floor":23,"turns":3}],"seed_played":"1457659444823337914","potions_obtained":[{"floor":1.0,"key":"EssenceOfSteel"},{"floor":3.0,"key":"Block Potion"},{"floor":7.0,"key":"ColorlessPotion"},{"floor":11.0,"key":"SneckoOil"},{"floor":13.0,"key":"Block Potion"},{"floor":16.0,"key":"Strength Potion"},{"floor":20.0,"key":"FearPotion"},{"floor":22.0,"key":"AttackPotion"}],"is_trial":false,"path_per_floor":["M","M","M","M","M","R","E","R","T","M","M","M","E","M","R","B",null,"M","$","M","?","M","E"],"character_chosen":"DEFECT","items_purchased":["Juzu Bracelet"],"campfire_rested":2,"item_purchase_floors":[19],"current_hp_per_floor":[71,63,62,52,52,52,39,61,61,62,56,54,25,21,43,45,75,54,54,54,54,24,14,14],"gold":275,"neow_bonus":"RANDOM_COMMON_RELIC","is_daily":false,"chose_seed":false,"campfire_upgraded":1,"win_rate":0.0,"timestamp":1613624778,"path_taken":["M","M","M","M","M","R","E","R","T","M","M","M","E","M","R","BOSS","M","$","M","?","M","E"],"items_purchased_type":["Relic"],"build_version":"2020-12-22","purchased_purges":1,"victory":false,"max_hp_per_floor":[75,75,75,75,75,75,75,75,75,75,75,75,75,75,75,75,75,75,75,75,75,75,75,75],"card_choices":[{"not_picked":["Go for the Eyes","Blizzard"],"picked":"Consume","floor":1.0},{"not_picked":["Force Field","Reprogram"],"picked":"Scrape","floor":2.0},{"not_picked":["Leap","Conserve Battery"],"picked":"Beam Cell","floor":3.0},{"not_picked":["Redo","Cold Snap"],"picked":"Go for the Eyes","floor":4.0},{"not_picked":["Turbo","Redo","Barrage"],"picked":"SKIP","floor":5.0},{"not_picked":["Storm","Rebound","Darkness"],"picked":"SKIP","floor":7.0},{"not_picked":["Chaos","Steam"],"picked":"Seek","floor":10.0},{"not_picked":["Storm","Barrage","Conserve Battery"],"picked":"SKIP","floor":11.0},{"not_picked":["Force Field","Compile Driver","Defragment"],"picked":"SKIP","floor":12.0},{"not_picked":["Chaos","Genetic Algorithm"],"picked":"Beam Cell","floor":13.0},{"not_picked":["Stack","Streamline"],"picked":"Beam Cell","floor":14.0},{"not_picked":["Echo Form","Meteor Strike"],"picked":"Machine Learning","floor":16.0},{"not_picked":["Steam+1","Sweeping Beam"],"picked":"Gash","floor":18.0},{"not_picked":["Barrage+1","Rip and Tear"],"picked":"Hologram","floor":20.0},{"not_picked":["Storm","Hologram"],"picked":"BootSequence","floor":22.0}],"player_experience":245995,"relics_obtained":[{"floor":7.0,"key":"Blood Vial"},{"floor":9.0,"key":"Nunchaku"},{"floor":13.0,"key":"Oddly Smooth Stone"}],"event_choices":[{"damage_healed":0.0,"max_hp_gain":0.0,"max_hp_loss":0.0,"gold_gain":0.0,"event_name":"The Mausoleum","player_choice":"Opened","floor":21.0,"gold_loss":0.0,"damage_taken":0.0,"relics_obtained":["MawBank"],"cards_obtained":["Writhe"]}],"is_beta":false,"boss_relics":[{"not_picked":["SacredBark","Coffee Dripper"],"picked":"Empty Cage"}],"items_purged_floors":[19],"is_endless":false,"potions_floor_spawned":[1,3,7,11,13,16,20,22],"killed_by":"Book of Stabbing","ascension_level":2}}