{"host":"6z6y4ky8uzsz1dpj","time":1613660640,"event":{"mods":["AchievementEnabler","BaseMod","BetterRewards","Challenge The Spire","Colored Map","Hubris","Minty Spire (QoL Compilation)","Quick Restart","Relic Stats","Replay The Spire","StSLib"],"gold_per_floor":[112,112,61,81,5,40,40,40,40],"floor_reached":8,"language":"ENG","playtime":312,"items_purged":["Strike_B"],"score":76,"play_id":"046b609b-2850-421a-a068-8cf26f9a61a0","local_time":"20210218100400","is_ascension_mode":true,"campfire_choices":[],"circlet_count":0,"master_deck":["Strike_B","Strike_B","Strike_B","Defend_B","Defend_B","Defend_B","Defend_B","Zap","Dualcast","Capacitor","Consume","Hologram","Leap","Defragment","Chaos","ReplayTheSpireMod:Calculation Training"],"relics":["Cracked Core","DataDisk","TungstenRod","hubris:Teleporter"],"acts_visited":["Exordium"],"potions_floor_usage":[6],"damage_taken":[{"damage":6,"enemies":"Jaw Worm","floor":1,"turns":4},{"damage":3,"enemies":"2 Louse","floor":4,"turns":3},{"damage":19,"enemies":"Lagavulin","floor":6,"turns":5},{"damage":41,"enemies":"3 Sentries","floor":8,"turns":6}],"seed_played":"1807504739795546622","potions_obtained":[{"floor":1,"key":"Fire Potion"},{"floor":6,"key":"Regen Potion"}],"is_trial":false,"path_per_floor":["M","?","$","M","$","E","?","E"],"character_chosen":"DEFECT","items_purchased":["DataDisk","Capacitor","Hologram","Defragment"],"campfire_rested":0,"item_purchase_floors":[0,0,3,5],"current_hp_per_floor":[54,59,59,56,56,37,37,0,0],"gold":40,"neow_bonus":"","is_daily":false,"chose_seed":false,"campfire_upgraded":0,"win_rate":0.0,"timestamp":1613660640,"path_taken":["M","?","$","M","$","E","?","E"],"items_purchased_type":["Relic","Card","Card","Card"],"build_version":"2020-12-22","purchased_purges":1,"victory":false,"max_hp_per_floor":[75,80,80,80,80,80,80,80,80],"relic_stats":{"counters":[125,556],"obtain_stats":[{"hubris:BallOfYels":8,"Tiny House":17,"Calipers":0,"Gremlin Horn":23,"CeramicFish":23,"hubris:VirtuousBlindfold":17,"Raider\u0027s Mask":0,"Boot":8,"HornCleat":38,"hubris:AstralHammer":12,"Replay:Bronze Core":17,"Iron Hammer":9,"Kunai":43,"Toxic Egg 2":28,"Byrd Skull":0,"Replay:Bottled Steam":26,"Girya":43,"hubris:Teleporter":6,"Counterbalance":0,"Oddly Smooth Stone":25,"hubris:SphereOfDissonance":48,"Akabeko":24,"Du-Vu Doll":0,"SlaversCollar":34,"ReplayTheSpireMod:Shallot":26,"Shuriken":13,"Bronze Scales":9,"hubris:PeanutButter":28,"Pandora\u0027s Box":17,"Molten Egg 2":4,"ReplayTheSpireMod:TigerMarble":23,"Abe\u0027s Treasure":17,"Lantern":28,"StoneCalendar":0,"Snake Skull":9,"Bag of Preparation":25,"hubris:SlimyHat":25,"Incense Burner":6,"Ancient Tea Set":10,"Pet Ghost":7,"Tough Bandages":41,"Nunchaku":34,"Replay:Bandana":7,"Mummified Hand":40,"Pantograph":19,"Tiny Chest":10,"Red Mask":39,"Cracked Core":0,"Ring of the Snake":0,"hubris:GlazedTorus":47,"Gremlin Food":8,"hubris:DisguiseKit":34,"ReplayTheSpireMod:Ninjato":6,"Replay:Towering Pillar of Hats":0,"Golden Idol":3,"Quantum Egg":31,"Guide Book":36,"Basket Of Snakes":0,"Thread and Needle":0,"PreservedInsect":9,"hubris:Towel":21,"Frozen Egg 2":28,"Orichalcum":29,"MawBank":26,"Calling Bell":34,"CaptainsWheel":0,"Anchor":9,"DataDisk":0,"Ectoplasm":17,"Coffee Dripper":17,"Membership Card":0,"hubris:Potato":14,"hubris:OldNail":10,"TungstenRod":14,"FossilizedHelix":0},{"hubris:BallOfYels":101,"Tiny House":8,"Calipers":16,"Gremlin Horn":12,"CeramicFish":83,"hubris:VirtuousBlindfold":25,"Raider\u0027s Mask":108,"Boot":44,"HornCleat":37,"hubris:AstralHammer":114,"Replay:Bronze Core":79,"Iron Hammer":4,"Kunai":39,"Toxic Egg 2":58,"Byrd Skull":84,"Replay:Bottled Steam":56,"Girya":65,"hubris:Teleporter":124,"Counterbalance":16,"Oddly Smooth Stone":13,"hubris:SphereOfDissonance":41,"Akabeko":29,"Du-Vu Doll":71,"SlaversCollar":35,"ReplayTheSpireMod:Shallot":13,"Shuriken":77,"Bronze Scales":89,"hubris:PeanutButter":31,"Pandora\u0027s Box":93,"Molten Egg 2":110,"ReplayTheSpireMod:TigerMarble":55,"Abe\u0027s Treasure":117,"Lantern":14,"StoneCalendar":71,"Snake Skull":76,"Bag of Preparation":30,"hubris:SlimyHat":56,"Incense Burner":112,"Ancient Tea Set":90,"Pet Ghost":4,"Tough Bandages":39,"Nunchaku":60,"Replay:Bandana":76,"Mummified Hand":63,"Pantograph":118,"Tiny Chest":102,"Red Mask":62,"Cracked Core":0,"Ring of the Snake":0,"hubris:GlazedTorus":69,"Gremlin Food":21,"hubris:DisguiseKit":60,"ReplayTheSpireMod:Ninjato":44,"Replay:Towering Pillar of Hats":96,"Golden Idol":73,"Quantum Egg":34,"Guide Book":36,"Basket Of Snakes":42,"Thread and Needle":71,"PreservedInsect":113,"hubris:Towel":11,"Frozen Egg 2":31,"Orichalcum":32,"MawBank":30,"Calling Bell":60,"CaptainsWheel":0,"Anchor":44,"DataDisk":121,"Ectoplasm":50,"Coffee Dripper":106,"Membership Card":16,"hubris:Potato":7,"hubris:OldNail":22,"TungstenRod":49,"FossilizedHelix":108},{"hubris:BallOfYels":457,"Tiny House":42,"Calipers":85,"Gremlin Horn":65,"CeramicFish":384,"hubris:VirtuousBlindfold":140,"Raider\u0027s Mask":487,"Boot":251,"HornCleat":211,"hubris:AstralHammer":510,"Replay:Bronze Core":370,"Iron Hammer":17,"Kunai":223,"Toxic Egg 2":299,"Byrd Skull":388,"Replay:Bottled Steam":294,"Girya":319,"hubris:Teleporter":550,"Counterbalance":85,"Oddly Smooth Stone":70,"hubris:SphereOfDissonance":235,"Akabeko":162,"Du-Vu Doll":332,"SlaversCollar":201,"ReplayTheSpireMod:Shallot":70,"Shuriken":359,"Bronze Scales":409,"hubris:PeanutButter":173,"Pandora\u0027s Box":429,"Molten Egg 2":491,"ReplayTheSpireMod:TigerMarble":291,"Abe\u0027s Treasure":525,"Lantern":76,"StoneCalendar":332,"Snake Skull":355,"Bag of Preparation":168,"hubris:SlimyHat":294,"Incense Burner":497,"Ancient Tea Set":415,"Pet Ghost":17,"Tough Bandages":223,"Nunchaku":305,"Replay:Bandana":355,"Mummified Hand":313,"Pantograph":529,"Tiny Chest":461,"Red Mask":310,"Cracked Core":0,"Ring of the Snake":0,"hubris:GlazedTorus":327,"Gremlin Food":113,"hubris:DisguiseKit":305,"ReplayTheSpireMod:Ninjato":251,"Replay:Towering Pillar of Hats":441,"Golden Idol":338,"Quantum Egg":190,"Guide Book":206,"Basket Of Snakes":243,"Thread and Needle":332,"PreservedInsect":503,"hubris:Towel":56,"Frozen Egg 2":173,"Orichalcum":179,"MawBank":168,"Calling Bell":305,"CaptainsWheel":0,"Anchor":251,"DataDisk":538,"Ectoplasm":271,"Coffee Dripper":481,"Membership Card":85,"hubris:Potato":31,"hubris:OldNail":121,"TungstenRod":265,"FossilizedHelix":487}],"TungstenRod":11},"card_choices":[{"not_picked":["Reinforced Body","Redo"],"picked":"Consume","floor":1},{"not_picked":["Panic Button","hubris:PowerSurge"],"picked":"Leap","floor":4},{"not_picked":["Force Field","Fusion"],"picked":"Chaos","floor":6}],"player_experience":638177,"relics_obtained":[{"floor":6,"key":"hubris:Teleporter"}],"event_choices":[{"damage_healed":0,"gold_gain":0,"player_choice":"Donut","damage_taken":0,"max_hp_gain":5,"max_hp_loss":0,"event_name":"Big Fish","floor":2,"gold_loss":0}],"is_beta":false,"boss_relics":[],"items_purged_floors":[0],"is_endless":false,"potions_floor_spawned":[1,6],"killed_by":"3 Sentries","ascension_level":8}}