{"host":"97k3n5kp0psabqmo","time":1613671985,"event":{"mods":["BaseMod","Colored Powertips","Minty Spire (QoL Compilation)"],"gold_per_floor":[118,118,133,133,133,133,156,181,181,181,225,101,114,142,142,265,265,288,22,37,58,58,94,94,125,179,222,222,222,235,38,38,169,169,187,202,202,265,27,27,42,61,88,126,459,486,498,511,511,511,511,511,31,58,58,58],"floor_reached":55,"language":"ENG","playtime":2539,"items_purged":["Defend_R","Defend_R","Defend_R","Defend_R"],"score":933,"play_id":"73f6df0c-3af4-4325-a017-d06d8000e55a","local_time":"20210218131305","is_ascension_mode":true,"campfire_choices":[{"data":"Perfected Strike","floor":6,"key":"SMITH"},{"floor":10,"key":"REST"},{"data":"Perfected Strike","floor":15,"key":"SMITH"},{"floor":24,"key":"REST"},{"floor":29,"key":"REST"},{"floor":32,"key":"RECALL"},{"floor":40,"key":"REST"},{"floor":49,"key":"REST"},{"floor":52,"key":"REST"}],"circlet_count":0,"master_deck":["Strike_R","Strike_R","Strike_R","Strike_R","Strike_R","Bash","Perfected Strike+1","Perfected Strike+1","Pommel Strike","Shrug It Off","Shrug It Off","Impervious","True Grit","Metallicize","Twin Strike","Wild Strike+1","Perfected Strike+1","Barricade","Flame Barrier+1","True Grit+1","Entrench+1","Metallicize","Evolve","Shrug It Off","Pommel Strike+1","Flame Barrier+1","Shrug It Off","Wild Strike+1","Fire Breathing","Infernal Blade+1","Burning Pact+1"],"relics":["Burning Blood","Omamori","Eternal Feather","Paper Frog","HornCleat","Odd Mushroom","Fusion Hammer","Art of War","Matryoshka","Lizard Tail","Juzu Bracelet","Red Mask","The Courier","Gambling Chip","Centennial Puzzle","Mark of Pain","Ginger","Boot","Bottled Lightning","Dream Catcher","Mango","Pen Nib"],"acts_visited":["Exordium","TheCity","TheBeyond","TheEnding"],"potions_floor_usage":[23,23,25,33,35,38,46,50,54,55,55],"damage_taken":[{"damage":0,"enemies":"2 Louse","floor":1,"turns":3},{"damage":28,"enemies":"Jaw Worm","floor":3,"turns":4},{"damage":1,"enemies":"Cultist","floor":7,"turns":3},{"damage":10,"enemies":"Exordium Wildlife","floor":8,"turns":3},{"damage":38,"enemies":"3 Sentries","floor":11,"turns":6},{"damage":13,"enemies":"Exordium Thugs","floor":13,"turns":5},{"damage":1,"enemies":"The Mushroom Lair","floor":14,"turns":4},{"damage":34,"enemies":"The Guardian","floor":16,"turns":12},{"damage":18,"enemies":"Shell Parasite","floor":18,"turns":5},{"damage":14,"enemies":"2 Thieves","floor":20,"turns":3},{"damage":0,"enemies":"Snecko","floor":21,"turns":4},{"damage":63,"enemies":"Gremlin Leader","floor":23,"turns":5},{"damage":28,"enemies":"Book of Stabbing","floor":25,"turns":5},{"damage":11,"enemies":"Masked Bandits","floor":27,"turns":4},{"damage":0,"enemies":"Centurion and Healer","floor":30,"turns":3},{"damage":61,"enemies":"Champ","floor":33,"turns":10},{"damage":30,"enemies":"3 Darklings","floor":35,"turns":7},{"damage":12,"enemies":"Orb Walker","floor":36,"turns":3},{"damage":18,"enemies":"2 Orb Walkers","floor":38,"turns":6},{"damage":1,"enemies":"Sphere and 2 Shapes","floor":41,"turns":6},{"damage":0,"enemies":"Maw","floor":42,"turns":8},{"damage":28,"enemies":"Reptomancer","floor":44,"turns":8},{"damage":103,"enemies":"Giant Head","floor":46,"turns":11},{"damage":0,"enemies":"Spire Growth","floor":47,"turns":6},{"damage":0,"enemies":"3 Darklings","floor":48,"turns":8},{"damage":65,"enemies":"Time Eater","floor":50,"turns":13},{"damage":39,"enemies":"Shield and Spear","floor":54,"turns":11},{"damage":111,"enemies":"The Heart","floor":55,"turns":8}],"seed_played":"7311009684942679182","potions_obtained":[{"floor":3,"key":"FairyPotion"},{"floor":8,"key":"LiquidBronze"},{"floor":18,"key":"FearPotion"},{"floor":21,"key":"DistilledChaos"},{"floor":25,"key":"Dexterity Potion"},{"floor":33,"key":"Regen Potion"},{"floor":36,"key":"Fruit Juice"},{"floor":41,"key":"Energy Potion"},{"floor":46,"key":"Dexterity Potion"}],"is_trial":false,"path_per_floor":["M","?","M","T","?","R","M","M","T","R","E","$","M","?","R","B",null,"M","$","M","M","?","E","R","E","T","?","T","R","M","$","R","B",null,"M","M","?","?","$","R","M","M","T","E","?","E","M","M","R","B",null,"R","$","E","B"],"character_chosen":"IRONCLAD","items_purchased":["Shrug It Off","Art of War","True Grit","Metallicize","Centennial Puzzle","Metallicize","Evolve","Shrug It Off","Mango","Strength Potion","SkillPotion","Weak Potion"],"campfire_rested":6,"item_purchase_floors":[12,19,19,19,31,39,39,39,53,53,53,53],"current_hp_per_floor":[88,63,41,41,19,25,30,26,26,58,26,26,19,24,30,32,88,76,76,68,74,74,17,52,30,30,25,25,60,66,66,75,20,88,76,70,70,63,63,89,89,89,89,67,67,21,27,33,77,18,89,89,103,70,0,0],"gold":58,"neow_bonus":"TEN_PERCENT_HP_BONUS","is_daily":false,"chose_seed":false,"campfire_upgraded":2,"win_rate":0.0,"timestamp":1613671985,"path_taken":["M","?","M","?","?","R","M","?","T","R","E","?","M","?","R","BOSS","M","$","M","M","?","E","R","E","T","?","?","R","M","$","R","BOSS","M","M","?","?","$","R","M","M","T","E","?","E","M","M","R","BOSS","R","$","E","BOSS"],"items_purchased_type":["Card","Relic","Card","Card","Relic","Card","Card","Card","Relic","Potion","Potion","Potion"],"build_version":"2020-12-22","purchased_purges":4,"victory":false,"max_hp_per_floor":[88,88,88,88,88,88,88,88,88,88,88,88,88,88,88,88,88,88,88,88,88,88,88,88,88,88,88,88,88,88,88,88,88,88,88,88,84,89,89,89,89,89,89,89,89,89,89,89,89,89,89,89,103,103,103,103],"card_choices":[{"not_picked":["Body Slam","Iron Wave"],"picked":"Perfected Strike","floor":1},{"not_picked":["Havoc","Body Slam","Rampage"],"picked":"SKIP","floor":3},{"not_picked":["Burning Pact","Power Through"],"picked":"Perfected Strike","floor":7},{"not_picked":["Anger","Flex","Clothesline"],"picked":"SKIP","floor":8},{"not_picked":["Dual Wield","Reaper"],"picked":"Pommel Strike","floor":11},{"not_picked":["Infernal Blade","Battle Trance"],"picked":"Shrug It Off","floor":13},{"not_picked":["Reaper","Double Tap"],"picked":"Impervious","floor":16},{"not_picked":["Cleave","Body Slam","Pummel"],"picked":"SKIP","floor":18},{"not_picked":["Uppercut+1","Clash+1"],"picked":"Twin Strike","floor":20},{"not_picked":["Rampage","Carnage","Whirlwind"],"picked":"SKIP","floor":21},{"not_picked":["Limit Break","Bloodletting","Second Wind"],"picked":"SKIP","floor":23},{"not_picked":["Rage+1","Clash+1","Havoc+1"],"picked":"SKIP","floor":25},{"not_picked":["Cleave","Disarm"],"picked":"Wild Strike+1","floor":27},{"not_picked":["Shrug It Off","Heavy Blade"],"picked":"Perfected Strike+1","floor":30},{"not_picked":["Impervious","Bludgeon"],"picked":"Barricade","floor":33},{"not_picked":["Uppercut+1","Wild Strike"],"picked":"Flame Barrier+1","floor":35},{"not_picked":["Inflame","Reckless Charge+1"],"picked":"True Grit+1","floor":36},{"not_picked":["Spot Weakness","Dark Embrace"],"picked":"Entrench+1","floor":38},{"not_picked":["Body Slam+1","Thunderclap+1"],"picked":"Pommel Strike+1","floor":41},{"not_picked":["Pommel Strike","Body Slam"],"picked":"Flame Barrier+1","floor":42},{"not_picked":["Twin Strike+1","Shrug It Off","Hemokinesis"],"picked":"SKIP","floor":44},{"not_picked":["Twin Strike+1","Hemokinesis"],"picked":"Shrug It Off","floor":44},{"not_picked":["Clothesline","Iron Wave","Disarm"],"picked":"SKIP","floor":46},{"not_picked":["Shockwave+1","Reckless Charge+1"],"picked":"Wild Strike+1","floor":47},{"not_picked":["Inflame+1","Bloodletting"],"picked":"Fire Breathing","floor":48},{"not_picked":["Disarm+1","Headbutt"],"picked":"Infernal Blade+1","floor":49},{"not_picked":["Blood for Blood+1","Battle Trance"],"picked":"Burning Pact+1","floor":54}],"player_experience":97339,"relics_obtained":[{"floor":4,"key":"Eternal Feather"},{"floor":9,"key":"Paper Frog"},{"floor":11,"key":"HornCleat"},{"floor":14,"key":"Odd Mushroom"},{"floor":23,"key":"Matryoshka"},{"floor":25,"key":"Lizard Tail"},{"floor":26,"key":"Juzu Bracelet"},{"floor":27,"key":"Red Mask"},{"floor":28,"key":"The Courier"},{"floor":28,"key":"Gambling Chip"},{"floor":38,"key":"Ginger"},{"floor":43,"key":"Boot"},{"floor":44,"key":"Bottled Lightning"},{"floor":46,"key":"Dream Catcher"},{"floor":54,"key":"Pen Nib"}],"event_choices":[{"damage_healed":0,"gold_gain":0,"player_choice":"Success","damage_taken":25,"relics_obtained":["Omamori"],"max_hp_gain":0,"max_hp_loss":0,"event_name":"Scrap Ooze","floor":2,"gold_loss":0},{"damage_healed":0,"gold_gain":0,"player_choice":"Take Damage","damage_taken":22,"relics_obtained":["Golden Idol"],"max_hp_gain":0,"max_hp_loss":0,"event_name":"Golden Idol","floor":5,"gold_loss":0},{"damage_healed":0,"gold_gain":0,"player_choice":"Fought Mushrooms","damage_taken":0,"max_hp_gain":0,"max_hp_loss":0,"event_name":"Mushrooms","floor":14,"gold_loss":0},{"damage_healed":0,"gold_gain":0,"player_choice":"Ignored","damage_taken":0,"max_hp_gain":0,"max_hp_loss":0,"event_name":"Vampires","floor":22,"gold_loss":0},{"damage_healed":0,"gold_gain":0,"player_choice":"Fought Bandits","damage_taken":0,"max_hp_gain":0,"max_hp_loss":0,"event_name":"Masked Bandits","floor":27,"gold_loss":0},{"damage_healed":0,"gold_gain":0,"player_choice":"Max HP","damage_taken":0,"max_hp_gain":0,"max_hp_loss":4,"event_name":"Winding Halls","floor":37,"gold_loss":0},{"damage_healed":0,"gold_gain":0,"player_choice":"Fight","damage_taken":0,"max_hp_gain":0,"max_hp_loss":0,"event_name":"Mysterious Sphere","floor":38,"gold_loss":0},{"damage_healed":0,"gold_gain":333,"player_choice":"Gave Idol","damage_taken":0,"max_hp_gain":0,"max_hp_loss":0,"event_name":"The Moai Head","floor":45,"relics_lost":["Golden Idol"],"gold_loss":0}],"is_beta":false,"boss_relics":[{"not_picked":["SacredBark","Runic Cube"],"picked":"Fusion Hammer"},{"not_picked":["Astrolabe","Runic Dome"],"picked":"Mark of Pain"}],"items_purged_floors":[12,31,39,53],"is_endless":false,"potions_floor_spawned":[3,8,18,21,25,33,36,41,46],"killed_by":"The Heart","ascension_level":4}}