{"host":"pqhwp6kmk3x070f7","time":1613631927,"event":{"mods":["Act Like it!","BaseMod","Better Altar","Better Match","Better Note","Better Sensory Stone","Better Skull","Better Third Choice","Downfall","Energized Spire","Hermit","Hubris","Infinite Spire","Minty Spire (QoL Compilation)","Reliquary","Replay The Spire","Ruina","StSLib","The Marked"],"gold_per_floor":[119,133,133,308,326,15,45,45,45,45,45],"floor_reached":10,"language":"ENG","playtime":924,"items_purged":["Doubt"],"score":73,"play_id":"099a0b96-5781-4dbc-8f13-1d1149e2aaf1","local_time":"20210217230527","is_ascension_mode":true,"campfire_choices":[],"circlet_count":0,"master_deck":["Strike_B","Strike_B","Strike_B","Strike_B","Defend_B","Defend_B","Defend_B","Defend_B","Zap","Dualcast","ReplaySolidLightProjector","Consume","Skim","ReplayUltimateDefense","FIFO Queue","Turbo"],"relics":["Cracked Core","NeowsBlessing","hubris:Icosahedron","Cables","Solar Panel"],"acts_visited":["Exordium"],"potions_floor_usage":[],"damage_taken":[{"damage":0,"enemies":"infinitespire:Voidling","floor":1,"turns":1},{"damage":0,"enemies":"Small Slimes","floor":2,"turns":1},{"damage":0,"enemies":"2 Louse","floor":5,"turns":1},{"damage":47,"enemies":"3 Sentries","floor":7,"turns":8},{"damage":36,"enemies":"Lagavulin","floor":10,"turns":6}],"seed_played":"-7563697930118674765","potions_obtained":[],"is_trial":false,"path_per_floor":["M","M","?","?","M","$","E","$","T","E"],"character_chosen":"DEFECT","items_purchased":["ReplayUltimateDefense","FIFO Queue"],"campfire_rested":0,"item_purchase_floors":[6,6],"current_hp_per_floor":[75,75,75,75,75,75,28,28,28,0,0],"gold":45,"neow_bonus":"THREE_ENEMY_KILL","is_daily":false,"chose_seed":false,"campfire_upgraded":0,"win_rate":0.0,"timestamp":1613631927,"path_taken":["M","?","?","?","?","$","E","$","T","E"],"items_purchased_type":["Card","Card"],"build_version":"2020-12-22","purchased_purges":1,"victory":false,"max_hp_per_floor":[75,75,75,75,75,75,75,75,75,75,75],"card_choices":[{"not_picked":["FTL","Compile Driver"],"picked":"ReplaySolidLightProjector","floor":1},{"not_picked":["Turbo","Conserve Battery"],"picked":"Consume","floor":2},{"not_picked":["Panic Button","Redo"],"picked":"Skim","floor":5},{"not_picked":["Scrape","Barrage"],"picked":"Turbo","floor":7}],"player_experience":1378521,"relics_obtained":[{"floor":7,"key":"Cables"},{"floor":9,"key":"Solar Panel"}],"event_choices":[{"damage_healed":0,"gold_gain":175,"player_choice":"AGREE","damage_taken":133,"max_hp_gain":0,"max_hp_loss":0,"event_name":"betterThird:BetterSerpent","floor":4,"gold_loss":0}],"is_beta":false,"boss_relics":[],"items_purged_floors":[6],"is_endless":false,"potions_floor_spawned":[],"killed_by":"Lagavulin","ascension_level":2}}