{"host":"ttx8tv95o5vka1nm","time":1613618104,"event":{"mods":["AchievementEnabler","BaseMod","Better Altar","Better Sensory Stone","Better Skull","Better Vampires","BetterRewards","Colored Map","Defuse TimeMaze Blight","Energized Spire","Evolution","Hubris","Infinite Spire","Minty Spire (QoL Compilation)","Relic Filter Mod","Relic Sorter","Reliquary","Replay The Spire","Shade Mod","Shop Mod","Spicy Shops","StSLib","The Blue Laboratory","Wandering Minibosses"],"gold_per_floor":[114,114,30,105,125,125,152,162,162,191,191,46,46,57,57,153,153,164,25,44,62,62,91,91,91,91,125,135,135,135,167,167,167,167],"floor_reached":33,"language":"ENG","playtime":2090,"items_purged":["Strike_R","Defend_R"],"score":791,"play_id":"284672ec-1786-4c49-9ad8-ff9514a68d1e","local_time":"20210218131504","is_ascension_mode":true,"campfire_choices":[{"data":"ReplayTheSpireMod:Private Reserves","floor":6,"key":"SMITH"},{"data":"ReplayTheSpireMod:Muscle Training","floor":13,"key":"SMITH"},{"data":"Heavy Blade","floor":15,"key":"SMITH"},{"floor":29,"key":"REST"},{"floor":32,"key":"DIG"}],"circlet_count":0,"master_deck":["Headbutt","Defend_R","Defend_R","Defend_R","Bash","Flex","Clothesline+1","ReplayTheSpireMod:Private Reserves+1","Heavy Blade+1","ReplayTheSpireMod:Muscle Training+1","Pommel Strike","Violence","Demon Form","Iron Wave","Metallicize","Massacre+1","Offering","Pummel+1","Sword Boomerang","Armaments","Rage"],"relics":["Burning Blood","EVO:Axolotl","NeowsBlessing","Regal Pillow","infinitespire:BottledMercury","reliquary:Firecrackers","MerchantsRug","reliquary:RustamsPendant","hubris:CrackedHourglass","MealTicket","Membership Card","Centennial Puzzle","Magic Flower","Ice Cream","Replay:WaspNest","Replay:Mystery Machine","Pear","Nunchaku","infinitespire:EvilPickle"],"acts_visited":["Exordium","TheCity"],"potions_floor_usage":[10,23,33,33],"damage_taken":[{"damage":0,"enemies":"Jaw Worm","floor":1,"turns":1},{"damage":0,"enemies":"2 Louse","floor":5,"turns":1},{"damage":0,"enemies":"Lagavulin","floor":7,"turns":1},{"damage":11,"enemies":"infinitespire:Voidling","floor":8,"turns":4},{"damage":17,"enemies":"3 Sentries","floor":10,"turns":6},{"damage":4,"enemies":"2 Fungi Beasts","floor":14,"turns":2},{"damage":26,"enemies":"Fading Forest","floor":16,"turns":11},{"damage":43,"enemies":"3 Byrds","floor":18,"turns":6},{"damage":3,"enemies":"Chosen","floor":20,"turns":3},{"damage":13,"enemies":"Snake Plant","floor":21,"turns":3},{"damage":29,"enemies":"Book of Stabbing","floor":23,"turns":4},{"damage":9,"enemies":"Replay:Snechameleon","floor":27,"turns":4},{"damage":0,"enemies":"Centurion and Healer","floor":28,"turns":2},{"damage":36,"enemies":"Gremlin Leader","floor":31,"turns":3}],"seed_played":"1662587860478224721","potions_obtained":[{"floor":1,"key":"LiquidBronze"},{"floor":5,"key":"Adrenaline Potion"},{"floor":8,"key":"GamblersBrew"},{"floor":10,"key":"blueLaboratory:LimitlessPotion"},{"floor":16,"key":"blueLaboratory:FrostheartPotion"},{"floor":20,"key":"blueLaboratory:LouseDecoction"},{"floor":27,"key":"Dexterity Potion"},{"floor":31,"key":"EssenceOfSteel"}],"is_trial":false,"path_per_floor":["M","?","$","?","M","R","E","M","T","E","?","$","R","M","R","B",null,"M","$","M","M","AVR","E","?","T","T","E","M","R","?","E","R_BF","B"],"character_chosen":"IRONCLAD","items_purchased":["ReplayTheSpireMod:Private Reserves","MerchantsRug","MealTicket","Metallicize","Membership Card"],"campfire_rested":1,"item_purchase_floors":[3,12,19,19,19],"current_hp_per_floor":[78,78,78,70,76,76,80,80,80,69,69,69,69,71,71,59,75,38,38,41,34,34,11,11,11,11,11,20,59,59,42,42,0,0],"gold":167,"neow_bonus":"THREE_ENEMY_KILL","is_daily":false,"chose_seed":false,"campfire_upgraded":3,"win_rate":0.0,"timestamp":1613618104,"path_taken":["M","?","$","?","M","R","E","?","T","E","?","?","R","M","R","BOSS","M","$","M","M","AVR","E","?","?","T","E","?","R","?","E","R_BF","BOSS"],"items_purchased_type":["Card","Relic","Relic","Card","Relic"],"build_version":"2020-12-22","purchased_purges":2,"victory":false,"max_hp_per_floor":[80,80,80,80,80,80,80,80,80,80,80,80,80,80,80,80,80,80,80,80,80,80,80,80,80,80,80,80,80,80,90,90,90,90],"card_choices":[{"not_picked":["Wild Strike","Sentinel"],"picked":"Flex","floor":1},{"not_picked":["Infernal Blade","True Grit"],"picked":"Heavy Blade","floor":5},{"not_picked":["Warcry","Corruption"],"picked":"ReplayTheSpireMod:Muscle Training","floor":7},{"not_picked":["Searing Blow","Heavy Blade"],"picked":"Pommel Strike","floor":8},{"not_picked":["True Grit","Fiend Fire","Pommel Strike"],"picked":"SKIP","floor":10},{"not_picked":["Impatience","Good Instincts"],"picked":"Violence","floor":11},{"not_picked":["Flex","Body Slam","ReplayTheSpireMod:Strike From Hell"],"picked":"SKIP","floor":14},{"not_picked":["Exhume","Corruption"],"picked":"Demon Form","floor":16},{"not_picked":["Flex+1","Massacre"],"picked":"Iron Wave","floor":18},{"not_picked":["Clash","True Grit+1"],"picked":"Massacre+1","floor":20},{"not_picked":["True Grit","Clothesline"],"picked":"Offering","floor":21},{"not_picked":["hubris:SharpeningStone","Flex"],"picked":"Pummel+1","floor":23},{"not_picked":["Bloodletting","ReplayTheSpireMod:Muscle Training"],"picked":"Sword Boomerang","floor":27},{"not_picked":["Bloodletting","Perfected Strike"],"picked":"Armaments","floor":28},{"not_picked":["Shockwave","ReplayTheSpireMod:Strike From Hell+1"],"picked":"Rage","floor":31}],"player_experience":779339,"relics_obtained":[{"floor":7,"key":"Regal Pillow"},{"floor":9,"key":"infinitespire:BottledMercury"},{"floor":10,"key":"reliquary:Firecrackers"},{"floor":23,"key":"Magic Flower"},{"floor":25,"key":"Ice Cream"},{"floor":26,"key":"Replay:WaspNest"},{"floor":27,"key":"Replay:Mystery Machine"},{"floor":31,"key":"Pear"},{"floor":32,"key":"Nunchaku"}],"event_choices":[{"damage_healed":0,"gold_gain":75,"player_choice":"Touch","damage_taken":8,"max_hp_gain":0,"max_hp_loss":0,"event_name":"FaceTrader","floor":4,"gold_loss":0},{"damage_healed":0,"gold_gain":1,"player_choice":"1","damage_taken":0,"max_hp_gain":0,"max_hp_loss":0,"event_name":"betterStone:BetterStone","floor":11,"gold_loss":0},{"damage_healed":0,"gold_gain":0,"player_choice":"Ignored","damage_taken":0,"max_hp_gain":0,"max_hp_loss":0,"event_name":"Ghosts","floor":30,"gold_loss":0}],"is_beta":false,"boss_relics":[{"not_picked":["energizedSpire:CursedPentagram","hubris:BlackHole"],"picked":"Replay:Grab Bag"},{"not_picked":["Busted Crown","energizedSpire:EnergizedDie"],"picked":"reliquary:RustamsPendant"},{"not_picked":["Fusion Hammer","ReplayTheSpireMod:Onyx Gauntlets"],"picked":"hubris:CrackedHourglass"},{"not_picked":["infinitespire:Burning Sword","SacredBark"],"picked":"Empty Cage"}],"items_purged_floors":[12,22],"is_endless":false,"potions_floor_spawned":[1,5,8,10,16,20,27,31],"killed_by":"Pondfish","ascension_level":7}}