{"host":"mo4d2vii2wc3uyp7","time":1613656522,"event":{"mods":["AchievementEnabler","BaseMod","Colored Map","Highlight Path","Keyboard Shortcuts","Minty Spire (QoL Compilation)","Permanent Neow","Quick Restart","Shop Mod","StSLib","SuperFastMode","everything is the same but u backflip on backflip"],"gold_per_floor":[112,132,145,159,174,174,209,229,305,336,346,346,373,384,384,481,481,492,130,147,47,47,74,93,93,166,177,207,222,222,247,247,349,349,363,131,151,168,187,187,206,206,206,206,206,223,273,284,284,284,284],"floor_reached":50,"language":"KOR","playtime":2252,"items_purged":["Malaise+1","Bouncing Flask+1"],"score":583,"play_id":"5041cd8a-3ab4-4040-b2d6-4c4886d28d65","local_time":"20210218225522","is_ascension_mode":true,"campfire_choices":[{"data":"Madness","floor":6.0,"key":"SMITH"},{"data":"A Thousand Cuts","floor":12.0,"key":"SMITH"},{"floor":15.0,"key":"REST"},{"data":"Envenom","floor":25.0,"key":"SMITH"},{"data":"Neutralize","floor":30.0,"key":"SMITH"},{"floor":32.0,"key":"REST"},{"floor":40,"key":"REST"},{"floor":42,"key":"REST"},{"floor":44,"key":"REST"},{"data":"1","floor":49,"key":"LIFT"}],"circlet_count":0,"master_deck":["Survivor","Neutralize+1","Madness+1","Masterful Stab","Dagger Spray","Dagger Throw","A Thousand Cuts+1","Backflip","Footwork","Underhanded Strike","Calculated Gamble+1","Adrenaline+1","PiercingWail+1","Noxious Fumes","Finisher","Dagger Throw","Poisoned Stab","Choke","Phantasmal Killer+1","Backstab","Adrenaline+1","Prepared+1","Slice","Envenom+1","Venomology+1","Terror+1","Bane","Prepared+1","Die Die Die","Endless Agony","Storm of Steel+1"],"relics":["Ring of the Snake","MealTicket","Shuriken","Toxic Egg 2","Prayer Wheel","Pandora\u0027s Box","Bag of Marbles","Vajra","White Beast Statue","Blood Vial","PreservedInsect","HoveringKite","Bronze Scales","Girya","Shovel"],"acts_visited":["Exordium","TheCity","TheBeyond"],"potions_floor_usage":[33,33,33,33,38,38,38,39,41,41,46,48,50,50,50],"damage_taken":[{"damage":0.0,"enemies":"Cultist","floor":1.0,"turns":3.0},{"damage":0.0,"enemies":"2 Louse","floor":2.0,"turns":3.0},{"damage":0.0,"enemies":"Jaw Worm","floor":3.0,"turns":2.0},{"damage":2.0,"enemies":"Large Slime","floor":4.0,"turns":6.0},{"damage":6.0,"enemies":"Exordium Wildlife","floor":5.0,"turns":5.0},{"damage":22.0,"enemies":"Gremlin Nob","floor":7.0,"turns":5.0},{"damage":3.0,"enemies":"Blue Slaver","floor":8.0,"turns":4.0},{"damage":13.0,"enemies":"3 Sentries","floor":10.0,"turns":5.0},{"damage":0.0,"enemies":"Gremlin Gang","floor":11.0,"turns":3.0},{"damage":7.0,"enemies":"Lagavulin","floor":13.0,"turns":7.0},{"damage":5.0,"enemies":"Looter","floor":14.0,"turns":3.0},{"damage":2.0,"enemies":"Slime Boss","floor":16.0,"turns":6.0},{"damage":2.0,"enemies":"Spheric Guardian","floor":18.0,"turns":3.0},{"damage":5.0,"enemies":"3 Byrds","floor":20.0,"turns":3.0},{"damage":20.0,"enemies":"Gremlin Leader","floor":23.0,"turns":4.0},{"damage":0.0,"enemies":"Snake Plant","floor":24.0,"turns":2.0},{"damage":0.0,"enemies":"Centurion and Healer","floor":27.0,"turns":3.0},{"damage":9.0,"enemies":"Slavers","floor":28.0,"turns":4.0},{"damage":0.0,"enemies":"Sentry and Sphere","floor":29.0,"turns":2.0},{"damage":0.0,"enemies":"Gremlin Leader","floor":31.0,"turns":2.0},{"damage":32,"enemies":"Collector","floor":33,"turns":6},{"damage":24,"enemies":"3 Darklings","floor":35,"turns":3},{"damage":13,"enemies":"3 Shapes","floor":37,"turns":3},{"damage":37,"enemies":"Writhing Mass","floor":38,"turns":4},{"damage":2,"enemies":"Jaw Worm Horde","floor":39,"turns":2},{"damage":22,"enemies":"Spire Growth","floor":41,"turns":3},{"damage":0,"enemies":"3 Darklings","floor":46,"turns":2},{"damage":0,"enemies":"Mind Bloom Boss Battle","floor":47,"turns":2},{"damage":0,"enemies":"Jaw Worm Horde","floor":48,"turns":2},{"damage":116,"enemies":"Time Eater","floor":50,"turns":8}],"seed_played":"-9119373021188201777","potions_obtained":[{"floor":3.0,"key":"Dexterity Potion"},{"floor":4.0,"key":"EssenceOfSteel"},{"floor":5.0,"key":"Energy Potion"},{"floor":7.0,"key":"Fire Potion"},{"floor":14.0,"key":"AttackPotion"},{"floor":23.0,"key":"BlessingOfTheForge"},{"floor":24.0,"key":"Swift Potion"},{"floor":27.0,"key":"DistilledChaos"},{"floor":29.0,"key":"Weak Potion"},{"floor":33,"key":"SteroidPotion"},{"floor":35,"key":"Poison Potion"},{"floor":37,"key":"Block Potion"},{"floor":38,"key":"BlessingOfTheForge"},{"floor":39,"key":"Weak Potion"},{"floor":41,"key":"Strength Potion"},{"floor":46,"key":"FairyPotion"}],"is_trial":false,"path_per_floor":["M","M","M","M","M","R","E","M","T","E","M","R","E","M","R","B",null,"M","$","M","$","?","E","M","R","T","M","E","M","R","E","R","B",null,"M","$","M","M","M","R","M","R","T","R","?","M","?","M","R","B"],"character_chosen":"THE_SILENT","items_purchased":["Bag of Marbles","Adrenaline+1","Bronze Scales","Endless Agony"],"campfire_rested":5,"item_purchase_floors":[19,19,36,36],"current_hp_per_floor":[70,70,70,68,62,62,40,37,37,24,24,24,17,12,33,31,70,68,70,65,70,70,50,50,50,50,50,41,43,43,45,66,36,70,46,61,50,15,15,36,16,37,37,58,58,60,62,64,64,0,0],"gold":284,"neow_bonus":"RANDOM_COLORLESS","is_daily":false,"chose_seed":false,"campfire_upgraded":4,"win_rate":0.0,"timestamp":1613656522,"path_taken":["M","M","M","M","?","R","E","M","T","E","M","R","E","M","R","BOSS","M","$","?","$","?","E","M","R","T","M","E","?","R","E","R","BOSS","M","$","M","M","M","R","M","R","T","R","?","M","?","?","R","BOSS"],"items_purchased_type":["Relic","Card","Relic","Card"],"build_version":"2020-12-22","purchased_purges":2,"victory":false,"max_hp_per_floor":[70,70,70,70,70,70,70,70,70,70,70,70,70,70,70,70,70,70,70,70,70,70,70,70,70,70,70,70,70,70,70,70,70,70,70,70,70,70,70,70,70,70,70,70,70,70,70,70,70,70,70],"card_choices":[{"not_picked":["Purity","Good Instincts"],"picked":"Madness","floor":0.0},{"not_picked":["Eviscerate","Dodge and Roll"],"picked":"Masterful Stab","floor":1.0},{"not_picked":["Flying Knee","Footwork"],"picked":"Dagger Spray","floor":2.0},{"not_picked":["Dash","PiercingWail"],"picked":"Dagger Throw","floor":3.0},{"not_picked":["Cloak And Dagger","Leg Sweep","Deflect"],"picked":"SKIP","floor":4.0},{"not_picked":["Sucker Punch","Outmaneuver"],"picked":"A Thousand Cuts","floor":5.0},{"not_picked":["Cloak And Dagger","Calculated Gamble"],"picked":"Backflip","floor":7.0},{"not_picked":["Flying Knee","Backflip","Blade Dance"],"picked":"SKIP","floor":8.0},{"not_picked":["Backflip+1","Outmaneuver+1"],"picked":"Footwork","floor":10.0},{"not_picked":["PiercingWail+1","Finisher","Dash"],"picked":"SKIP","floor":11.0},{"not_picked":["Bouncing Flask+1","PiercingWail+1","Dodge and Roll+1"],"picked":"SKIP","floor":13.0},{"not_picked":["Outmaneuver+1","Glass Knife"],"picked":"Underhanded Strike","floor":14.0},{"not_picked":["Concentrate+1","Dagger Throw"],"picked":"Calculated Gamble+1","floor":14.0},{"not_picked":["Corpse Explosion+1","Die Die Die"],"picked":"Adrenaline+1","floor":16.0},{"not_picked":["Poisoned Stab","Backflip+1"],"picked":"Backstab","floor":18.0},{"not_picked":["Quick Slash","Accuracy","Underhanded Strike"],"picked":"SKIP","floor":18.0},{"not_picked":["Eviscerate","Calculated Gamble+1"],"picked":"Prepared+1","floor":20.0},{"not_picked":["Poisoned Stab+1","Dagger Throw","Dash"],"picked":"SKIP","floor":20.0},{"not_picked":["Dodge and Roll+1","Caltrops"],"picked":"Venomology+1","floor":23.0},{"not_picked":["Backflip+1","Calculated Gamble+1"],"picked":"Terror+1","floor":24.0},{"not_picked":["Dash+1","Blade Dance+1"],"picked":"Bane","floor":24.0},{"not_picked":["Deadly Poison+1","Dodge and Roll+1"],"picked":"Prepared+1","floor":27.0},{"not_picked":["Blade Dance+1","Skewer+1","Bane+1"],"picked":"SKIP","floor":27.0},{"not_picked":["Catalyst+1","Crippling Poison+1","A Thousand Cuts"],"picked":"SKIP","floor":28.0},{"not_picked":["Deflect+1","Flying Knee","Choke"],"picked":"SKIP","floor":29.0},{"not_picked":["Deflect+1","Poisoned Stab+1","Quick Slash+1"],"picked":"SKIP","floor":29.0},{"not_picked":["Slice+1","Underhanded Strike","Crippling Poison+1"],"picked":"SKIP","floor":31.0},{"not_picked":["Slice+1","Underhanded Strike","Crippling Poison+1"],"picked":"SKIP","floor":31.0},{"not_picked":["A Thousand Cuts","Night Terror+1"],"picked":"Die Die Die","floor":33},{"not_picked":["Acrobatics+1","Sucker Punch","Prepared+1"],"picked":"SKIP","floor":35},{"not_picked":["Masterful Stab","Prepared+1","Dash"],"picked":"SKIP","floor":35},{"not_picked":["Dash+1","Terror+1","Backflip+1"],"picked":"SKIP","floor":37},{"not_picked":["Backflip+1","Wraith Form v2","Flechettes"],"picked":"SKIP","floor":37},{"not_picked":["Terror+1","Accuracy","Noxious Fumes"],"picked":"SKIP","floor":38},{"not_picked":["Flying Knee","Eviscerate+1","Infinite Blades"],"picked":"SKIP","floor":38},{"not_picked":["Underhanded Strike","Deadly Poison+1","Acrobatics+1"],"picked":"SKIP","floor":39},{"not_picked":["Flying Knee","Dagger Spray+1","Acrobatics+1"],"picked":"SKIP","floor":39},{"not_picked":["Backstab","Flying Knee","Blade Dance+1"],"picked":"SKIP","floor":41},{"not_picked":["Blur+1","Sucker Punch","Predator+1"],"picked":"SKIP","floor":41},{"not_picked":["Riddle With Holes","Endless Agony+1","Poisoned Stab+1"],"picked":"SKIP","floor":46},{"not_picked":["Quick Slash+1","Deflect+1","Bane+1"],"picked":"SKIP","floor":46},{"not_picked":["Poisoned Stab+1","Quick Slash+1"],"picked":"Storm of Steel+1","floor":48},{"not_picked":["Deadly Poison+1","Blur+1","Dagger Throw"],"picked":"SKIP","floor":48}],"player_experience":633391,"relics_obtained":[{"floor":7.0,"key":"MealTicket"},{"floor":9.0,"key":"Shuriken"},{"floor":10.0,"key":"Toxic Egg 2"},{"floor":13.0,"key":"Prayer Wheel"},{"floor":23.0,"key":"Vajra"},{"floor":26.0,"key":"White Beast Statue"},{"floor":28.0,"key":"Blood Vial"},{"floor":31.0,"key":"PreservedInsect"},{"floor":43,"key":"Girya"},{"floor":47,"key":"Shovel"}],"event_choices":[{"damage_healed":0.0,"max_hp_gain":0.0,"max_hp_loss":0.0,"gold_gain":0.0,"event_name":"Match and Keep!","player_choice":"2 cards matched","floor":22.0,"gold_loss":0.0,"damage_taken":0.0,"cards_obtained":["Slice","Envenom"]},{"cards_removed":["Noxious Fumes"],"damage_healed":0,"gold_gain":0,"player_choice":"Removed Power","damage_taken":0,"max_hp_gain":0,"max_hp_loss":0,"event_name":"Falling","floor":45,"gold_loss":0},{"damage_healed":0,"gold_gain":0,"player_choice":"Fight","damage_taken":0,"max_hp_gain":0,"max_hp_loss":0,"event_name":"MindBloom","floor":47,"gold_loss":0}],"is_beta":false,"boss_relics":[{"not_picked":["Fusion Hammer","Runic Dome"],"picked":"Pandora\u0027s Box"},{"not_picked":["Astrolabe","Snecko Eye"],"picked":"HoveringKite"}],"items_purged_floors":[19,21],"is_endless":false,"potions_floor_spawned":[3,4,5,7,14,23,24,27,28,29,31,33,35,37,38,39,41,46,47,48],"killed_by":"Time Eater","ascension_level":1}}