{"host":"q6ff4ns2kep02ti6","time":1613682842,"event":{"mods":["AchievementEnabler","BaseMod","Minty Spire (QoL Compilation)","Relic Stats","StSLib","Unceasing Turn Reminder"],"gold_per_floor":[110,124,399,419,104,104,24,55,103,103,103,103,116,129,129,205,205,223,223,223,240,240,240,42,68,95,95,111,140,165,180,180,180,180],"floor_reached":33,"language":"ENG","playtime":1818,"items_purged":["Strike_R"],"score":616,"play_id":"9afba2d0-e586-4439-8abe-3973d275c2ea","local_time":"20210218221402","is_ascension_mode":true,"campfire_choices":[{"data":"Flex","floor":6,"key":"SMITH"},{"data":"Shockwave","floor":10,"key":"SMITH"},{"data":"Fire Breathing","floor":12,"key":"SMITH"},{"data":"Pummel","floor":15,"key":"SMITH"},{"floor":23,"key":"REST"},{"data":"Carnage","floor":32,"key":"SMITH"}],"circlet_count":0,"master_deck":["AscendersBane","Strike_R","Strike_R","Defend_R","Defend_R","Defend_R","Defend_R","Bash","Sword Boomerang","Shockwave+1","Regret","Shrug It Off","Panacea","Flex+1","Fire Breathing+1","Pummel+1","Feel No Pain","Regret","Carnage+1","Power Through","Offering","True Grit","Necronomicurse","Headbutt","Dual Wield","Shockwave","Second Wind","Rupture","Sever Soul","True Grit"],"relics":["Burning Blood","NeowsBlessing","Red Skull","Juzu Bracelet","Pen Nib","Runic Cube","Necronomicon","PreservedInsect","Gremlin Horn","Ancient Tea Set","Red Mask","Boot"],"acts_visited":["Exordium","TheCity"],"potions_floor_usage":[8,29,30,30,33],"damage_taken":[{"damage":0,"enemies":"Small Slimes","floor":1,"turns":2},{"damage":0,"enemies":"Cultist","floor":2,"turns":1},{"damage":0,"enemies":"2 Louse","floor":4,"turns":1},{"damage":14,"enemies":"3 Sentries","floor":8,"turns":5},{"damage":7,"enemies":"Exordium Wildlife","floor":13,"turns":3},{"damage":2,"enemies":"2 Fungi Beasts","floor":14,"turns":3},{"damage":35,"enemies":"Hexaghost","floor":16,"turns":8},{"damage":14,"enemies":"Chosen","floor":18,"turns":4},{"damage":10,"enemies":"3 Byrds","floor":21,"turns":5},{"damage":3,"enemies":"Gremlin Leader","floor":25,"turns":5},{"damage":22,"enemies":"Shelled Parasite and Fungi","floor":28,"turns":3},{"damage":10,"enemies":"Masked Bandits","floor":29,"turns":3},{"damage":6,"enemies":"Slavers","floor":30,"turns":2},{"damage":6,"enemies":"Centurion and Healer","floor":31,"turns":6},{"damage":30,"enemies":"Automaton","floor":33,"turns":4}],"seed_played":"1697419866403740882","potions_obtained":[{"floor":2,"key":"DistilledChaos"},{"floor":4,"key":"DistilledChaos"},{"floor":8,"key":"SkillPotion"},{"floor":29,"key":"Swift Potion"},{"floor":30,"key":"DuplicationPotion"}],"is_trial":false,"path_per_floor":["M","M","?","M","$","R","$","E","T","R","?","R","M","M","R","B",null,"M","?","?","M","?","R","$","E","T","?","M","?","E","M","R","B"],"character_chosen":"IRONCLAD","items_purchased":["Panacea","Flex","Fire Breathing","Pummel","PreservedInsect","Second Wind"],"campfire_rested":1,"item_purchase_floors":[5,5,5,7,24,24],"current_hp_per_floor":[74,75,75,75,75,75,75,67,67,67,67,67,66,70,70,41,67,59,38,17,13,13,37,37,40,40,40,24,20,20,20,20,0,0],"gold":180,"neow_bonus":"THREE_ENEMY_KILL","is_daily":false,"chose_seed":false,"campfire_upgraded":5,"win_rate":0.0,"timestamp":1613682842,"path_taken":["M","M","?","?","$","R","?","E","T","R","?","R","M","M","R","BOSS","M","?","?","M","?","R","$","E","T","?","M","?","E","M","R","BOSS"],"items_purchased_type":["Card","Card","Card","Card","Relic","Card"],"build_version":"2020-12-22","purchased_purges":1,"victory":false,"max_hp_per_floor":[75,75,75,75,75,75,75,75,75,75,75,75,75,75,75,75,75,75,80,80,80,80,80,80,80,80,80,80,80,80,80,80,80,80],"relic_stats":{"Gremlin Horn":[8,8],"counters":[15,55],"Pen Nib":[5],"PreservedInsect":86,"Juzu Bracelet":2,"Necronomicon":[12],"Boot":[0],"obtain_stats":[{"NeowsBlessing":0,"Gremlin Horn":25,"Pen Nib":11,"PreservedInsect":24,"Juzu Bracelet":9,"Necronomicon":20,"Red Mask":29,"Ancient Tea Set":26,"Boot":30,"Burning Blood":0,"Red Skull":8,"Runic Cube":17},{"NeowsBlessing":0,"Gremlin Horn":10,"Pen Nib":4,"PreservedInsect":9,"Juzu Bracelet":4,"Necronomicon":8,"Red Mask":12,"Ancient Tea Set":10,"Boot":13,"Burning Blood":0,"Red Skull":4,"Runic Cube":7},{"NeowsBlessing":0,"Gremlin Horn":37,"Pen Nib":9,"PreservedInsect":32,"Juzu Bracelet":9,"Necronomicon":27,"Red Mask":43,"Ancient Tea Set":37,"Boot":45,"Burning Blood":0,"Red Skull":9,"Runic Cube":23}],"Burning Blood":73,"Runic Cube":[19]},"card_choices":[{"not_picked":["Clash","Headbutt"],"picked":"Sword Boomerang","floor":1},{"not_picked":["Dropkick","Combust"],"picked":"Shockwave","floor":2},{"not_picked":["Perfected Strike","Shockwave"],"picked":"Shrug It Off","floor":4},{"not_picked":["Cleave","Pommel Strike"],"picked":"Feel No Pain","floor":8},{"not_picked":["Clash","Body Slam"],"picked":"Carnage","floor":13},{"not_picked":["Combust","Sever Soul"],"picked":"Power Through","floor":14},{"not_picked":["Juggernaut","Berserk"],"picked":"Offering","floor":16},{"not_picked":["Body Slam","Perfected Strike"],"picked":"True Grit","floor":18},{"not_picked":["Shrug It Off","Havoc"],"picked":"Headbutt","floor":21},{"not_picked":["Dark Embrace","Power Through"],"picked":"Rupture","floor":25},{"not_picked":["Heavy Blade","Evolve","Fire Breathing"],"picked":"SKIP","floor":28},{"not_picked":["Dropkick","Searing Blow"],"picked":"Sever Soul","floor":30},{"not_picked":["Clash","Havoc"],"picked":"True Grit","floor":31}],"player_experience":1075838,"relics_obtained":[{"floor":8,"key":"Red Skull"},{"floor":9,"key":"Juzu Bracelet"},{"floor":20,"key":"Necronomicon"},{"floor":25,"key":"Gremlin Horn"},{"floor":26,"key":"Ancient Tea Set"},{"floor":29,"key":"Red Mask"},{"floor":30,"key":"Boot"}],"event_choices":[{"damage_healed":0,"gold_gain":275,"player_choice":"Desecrate","damage_taken":0,"max_hp_gain":0,"max_hp_loss":0,"event_name":"Golden Shrine","floor":3,"gold_loss":0,"cards_obtained":["Regret"]},{"damage_healed":0,"gold_gain":0,"player_choice":"Box","damage_taken":0,"relics_obtained":["Pen Nib"],"max_hp_gain":0,"max_hp_loss":0,"event_name":"Big Fish","floor":11,"gold_loss":0,"cards_obtained":["Regret"]},{"damage_healed":0,"gold_gain":0,"player_choice":"Shed Blood","damage_taken":26,"max_hp_gain":5,"max_hp_loss":0,"event_name":"Forgotten Altar","floor":19,"gold_loss":0},{"damage_healed":0,"gold_gain":0,"player_choice":"Obtained Book","damage_taken":21,"max_hp_gain":0,"max_hp_loss":0,"event_name":"Cursed Tome","floor":20,"gold_loss":0},{"damage_healed":0,"gold_gain":0,"cards_transformed":["Strike_R","Strike_R"],"player_choice":"Became Test Subject","damage_taken":0,"max_hp_gain":0,"max_hp_loss":0,"event_name":"Drug Dealer","floor":22,"gold_loss":0,"cards_obtained":["Dual Wield","Shockwave"]},{"damage_healed":0,"gold_gain":0,"player_choice":"Ignored","damage_taken":0,"max_hp_gain":0,"max_hp_loss":0,"event_name":"Ghosts","floor":27,"gold_loss":0},{"damage_healed":0,"gold_gain":0,"player_choice":"Fought Bandits","damage_taken":0,"max_hp_gain":0,"max_hp_loss":0,"event_name":"Masked Bandits","floor":29,"gold_loss":0}],"is_beta":false,"boss_relics":[{"not_picked":["Runic Pyramid","SlaversCollar"],"picked":"Runic Cube"}],"items_purged_floors":[5],"is_endless":false,"potions_floor_spawned":[2,4,8,28,29,30],"killed_by":"Automaton","ascension_level":20}}