{"host":"iudiqz5bwex5meyb","time":1613659562,"event":{"mods":["AchievementEnabler","BaseMod","Block Reminder","Colored Map","Minty Spire (QoL Compilation)","StSLib","ojb\u0027s Better Paths Mod","ojb\u0027s Info Mod"],"gold_per_floor":[110,110,110,185,35,62,81,81,104,116,146,177,204,226,238,250,250],"floor_reached":16,"language":"ENG","playtime":785,"items_purged":[],"score":165,"play_id":"ed597ef0-b18c-4bdc-ae07-3aa7b3d9658d","local_time":"20210218084602","is_ascension_mode":true,"campfire_choices":[{"data":"Acrobatics","floor":8,"key":"SMITH"},{"data":"Blade Dance","floor":15,"key":"SMITH"}],"circlet_count":0,"master_deck":["Strike_G","Strike_G","Strike_G","Strike_G","Strike_G","Defend_G","Defend_G","Defend_G","Defend_G","Survivor","Neutralize","Backflip","Regret","Acrobatics+1","Blade Dance+1","Prepared","Crippling Poison"],"relics":["Ring of the Snake","NeowsBlessing","Ornamental Fan","Bronze Scales","Kunai","MawBank"],"acts_visited":["Exordium"],"potions_floor_usage":[16],"damage_taken":[{"damage":0,"enemies":"Jaw Worm","floor":1,"turns":1},{"damage":0,"enemies":"Lagavulin","floor":6,"turns":1},{"damage":0,"enemies":"Small Slimes","floor":7,"turns":1},{"damage":2,"enemies":"2 Louse","floor":11,"turns":4},{"damage":0,"enemies":"Red Slaver","floor":12,"turns":3},{"damage":4,"enemies":"3 Louse","floor":13,"turns":4},{"damage":14,"enemies":"Exordium Thugs","floor":14,"turns":5},{"damage":38,"enemies":"Slime Boss","floor":16,"turns":6}],"seed_played":"-2078738454063612996","potions_obtained":[{"floor":6,"key":"GamblersBrew"},{"floor":7,"key":"Ancient Potion"},{"floor":11,"key":"Ancient Potion"}],"is_trial":false,"path_per_floor":["M","?","?","?","$","E","M","R","T","T","M","M","M","M","R","B"],"character_chosen":"THE_SILENT","items_purchased":["Bronze Scales"],"campfire_rested":0,"item_purchase_floors":[5],"current_hp_per_floor":[63,63,63,52,52,52,52,52,52,52,50,50,46,32,32,0,0],"gold":250,"neow_bonus":"THREE_ENEMY_KILL","is_daily":false,"chose_seed":false,"campfire_upgraded":2,"win_rate":0.0,"timestamp":1613659562,"path_taken":["M","?","?","?","?","E","M","R","T","?","M","M","M","M","R","BOSS"],"items_purchased_type":["Relic"],"build_version":"2020-12-22","purchased_purges":0,"victory":false,"max_hp_per_floor":[70,70,70,70,70,70,70,70,70,70,70,70,70,70,70,70,70],"card_choices":[{"not_picked":["Caltrops","Skewer"],"picked":"Backflip","floor":1},{"not_picked":["Dagger Spray","Masterful Stab","Expertise"],"picked":"SKIP","floor":6},{"not_picked":["Poisoned Stab","Dagger Spray"],"picked":"Acrobatics","floor":7},{"not_picked":["Accuracy","Dagger Spray"],"picked":"Blade Dance","floor":11},{"not_picked":["Noxious Fumes","Riddle With Holes"],"picked":"Prepared","floor":12},{"not_picked":["Dodge and Roll","Backflip"],"picked":"Crippling Poison","floor":13},{"not_picked":["Quick Slash","Unload","Bane"],"picked":"SKIP","floor":14}],"player_experience":311923,"relics_obtained":[{"floor":6,"key":"Kunai"},{"floor":9,"key":"MawBank"}],"event_choices":[{"cards_removed":["Defend_G"],"damage_healed":0,"gold_gain":0,"player_choice":"Forget","damage_taken":0,"max_hp_gain":0,"max_hp_loss":0,"event_name":"Living Wall","floor":2,"gold_loss":0},{"damage_healed":0,"gold_gain":0,"player_choice":"Box","damage_taken":0,"relics_obtained":["Ornamental Fan"],"max_hp_gain":0,"max_hp_loss":0,"event_name":"Big Fish","floor":3,"gold_loss":0,"cards_obtained":["Regret"]},{"damage_healed":0,"gold_gain":75,"player_choice":"Gather Gold","damage_taken":11,"max_hp_gain":0,"max_hp_loss":0,"event_name":"World of Goop","floor":4,"gold_loss":0}],"is_beta":false,"boss_relics":[],"items_purged_floors":[],"is_endless":false,"potions_floor_spawned":[6,7,11],"killed_by":"Slime Boss","ascension_level":6}}