{"host":"37dk0reb6x0du8wx","time":1613625249,"event":{"mods":["BaseMod","Colored Map","DeckTracker","Minty Spire (QoL Compilation)","Quick Restart","StSLib","The Poker Player"],"gold_per_floor":[116,116,191,116,116,116,132,150,150,150,43,43,43,43,43,43,43,43],"floor_reached":16,"language":"KOR","playtime":321,"items_purged":["PokerPlayerMod:Diamond1"],"score":86,"play_id":"b7369649-822b-43fc-9a10-4546970c07b2","local_time":"20210218141409","is_ascension_mode":false,"metric_token":478,"campfire_choices":[{"data":"PokerPlayerMod:Diamond4","floor":6,"key":"SMITH"},{"data":"PokerPlayerMod:Spade4","floor":10,"key":"SMITH"},{"data":"PokerPlayerMod:Spade2","floor":15,"key":"PURGE"}],"circlet_count":0,"master_deck":["PokerPlayerMod:Diamond2","PokerPlayerMod:Diamond3","PokerPlayerMod:Diamond5","PokerPlayerMod:Diamond5","PokerPlayerMod:Spade3","PokerPlayerMod:Spade5","PokerPlayerMod:Club2","PokerPlayerMod:Heart2","PokerPlayerMod:TrumpStrike","PokerPlayerMod:BadJoker","PokerPlayerMod:Mulligan","PokerPlayerMod:Diamond6","PokerPlayerMod:Club6"],"relics":["PokerPlayerMod:DeckCase","NeowsBlessing","Shovel","Blood Vial","Peace Pipe"],"acts_visited":["Exordium"],"potions_floor_usage":[],"damage_taken":[{"damage":0,"enemies":"Small Slimes","floor":1,"turns":1},{"damage":0,"enemies":"2 Louse","floor":7,"turns":1},{"damage":0,"enemies":"Cultist","floor":8,"turns":1},{"damage":34,"enemies":"Hexaghost","floor":16,"turns":7}],"seed_played":"-57933457029321545","potions_obtained":[],"is_trial":false,"path_per_floor":["M","?","?","$","?","R","M","M","T","R","?","$","$","?","R","B"],"character_chosen":"THE_POKER_PLAYER","items_purchased":[],"campfire_rested":0,"item_purchase_floors":[],"current_hp_per_floor":[52,34,23,23,23,23,23,25,25,25,25,25,25,25,25,0,0,0],"gold":43,"neow_bonus":"THREE_ENEMY_KILL","is_daily":false,"chose_seed":false,"campfire_upgraded":2,"win_rate":0.0,"timestamp":1613625249,"path_taken":["M","?","?","$","?","R","?","M","T","R","?","?","$","?","R","BOSS"],"items_purchased_type":[],"build_version":"2020-12-22","purchased_purges":1,"victory":false,"max_hp_per_floor":[52,52,52,52,52,52,52,52,52,52,52,52,52,52,52,52,52,52],"card_choices":[{"not_picked":["PokerPlayerMod:ClubsClub","PokerPlayerMod:Fold","PokerPlayerMod:Trickery"],"picked":"SKIP","floor":1},{"not_picked":["PokerPlayerMod:Diamond2","PokerPlayerMod:Spade4"],"picked":"PokerPlayerMod:Diamond6","floor":7},{"not_picked":["PokerPlayerMod:Diamond1","PokerPlayerMod:StackedDeck","PokerPlayerMod:Configure"],"picked":"SKIP","floor":8}],"player_experience":221744,"relics_obtained":[{"floor":9,"key":"Blood Vial"}],"event_choices":[{"damage_healed":0,"gold_gain":0,"player_choice":"Success","damage_taken":18,"relics_obtained":["Shovel"],"max_hp_gain":0,"max_hp_loss":0,"event_name":"Scrap Ooze","floor":2,"gold_loss":0},{"damage_healed":0,"gold_gain":75,"player_choice":"Gather Gold","damage_taken":11,"max_hp_gain":0,"max_hp_loss":0,"event_name":"World of Goop","floor":3,"gold_loss":0},{"cards_removed":["PokerPlayerMod:Spade1"],"damage_healed":0,"gold_gain":0,"player_choice":"Purged","damage_taken":0,"max_hp_gain":0,"max_hp_loss":0,"event_name":"Purifier","floor":5,"gold_loss":0},{"damage_healed":0,"gold_gain":0,"player_choice":"Paid Gold","damage_taken":0,"relics_obtained":["Peace Pipe"],"max_hp_gain":0,"max_hp_loss":0,"event_name":"WeMeetAgain","floor":11,"gold_loss":107},{"cards_removed":["PokerPlayerMod:Club1"],"damage_healed":0,"gold_gain":0,"player_choice":"Trade","damage_taken":0,"max_hp_gain":0,"max_hp_loss":0,"event_name":"PokerPlayerMod:ExordiumClub","floor":14,"gold_loss":0,"cards_obtained":["PokerPlayerMod:Club6"]}],"is_beta":false,"boss_relics":[],"items_purged_floors":[4],"is_endless":false,"potions_floor_spawned":[],"killed_by":"Hexaghost","ascension_level":0}}