{"host":"6r762osam2bvfm66","time":1613690088,"event":{"mods":["BaseMod","Bestiary","Colored Map","Highlight Path","Minty Spire (QoL Compilation)","Relic Stats"],"gold_per_floor":[114,131,131,131,146,146,171,171,171,171,204,204,238,238,238,333,333,348,364,379,393,146,146,177,192,192,217,233,233,250,280,280,378,378,396,446,460,460,470,470,485,485,510,527,541,541,568,581,581,581,581,581,254,279,279,279],"floor_reached":55,"language":"ENG","playtime":3536,"items_purged":["Regret","Beam Cell"],"score":1218,"play_id":"d636019f-0137-4ba3-ad80-80156ce1cc13","local_time":"20210218171448","is_ascension_mode":true,"campfire_choices":[{"data":"Hologram","floor":6,"key":"SMITH"},{"data":"Streamline","floor":10,"key":"SMITH"},{"data":"Sunder","floor":12,"key":"SMITH"},{"data":"Reboot","floor":15,"key":"SMITH"},{"floor":23,"key":"REST"},{"floor":29,"key":"REST"},{"floor":32,"key":"RECALL"},{"data":"Darkness","floor":40,"key":"PURGE"},{"data":"Consume","floor":42,"key":"PURGE"},{"data":"Parasite","floor":49,"key":"PURGE"},{"data":"Ball Lightning","floor":52,"key":"PURGE"}],"circlet_count":0,"master_deck":["Zap","Dualcast","Streamline+1","Hologram+1","Reboot+1","Sunder+1","Biased Cognition+1","Self Repair+1","Echo Form+1","Capacitor+1","Hologram+1","Conserve Battery","Leap+1","Apotheosis+1","Buffer+1","Chill","Buffer+1","Consume","Biased Cognition+1","Streamline","Conserve Battery","Hologram","Force Field","Hologram+1","Loop+1","Leap+1","Creative AI+1","Storm+1","Loop+1"],"relics":["Cracked Core","NeowsBlessing","Calipers","Vajra","Kunai","Thread and Needle","Darkstone Periapt","Frozen Egg 2","Fusion Hammer","Happy Flower","StrikeDummy","Incense Burner","Juzu Bracelet","Pandora\u0027s Box","Peace Pipe","Lizard Tail","Turnip","Anchor","Eternal Feather"],"acts_visited":["Exordium","TheCity","TheBeyond","TheEnding"],"potions_floor_usage":[7,11,27,55,55,55,55,55],"damage_taken":[{"damage":0,"enemies":"2 Louse","floor":1,"turns":1},{"damage":0,"enemies":"Small Slimes","floor":2,"turns":1},{"damage":0,"enemies":"Cultist","floor":5,"turns":1},{"damage":10,"enemies":"3 Sentries","floor":7,"turns":6},{"damage":16,"enemies":"Lagavulin","floor":11,"turns":6},{"damage":17,"enemies":"3 Sentries","floor":13,"turns":6},{"damage":2,"enemies":"Slime Boss","floor":16,"turns":5},{"damage":10,"enemies":"3 Byrds","floor":18,"turns":5},{"damage":25,"enemies":"2 Thieves","floor":19,"turns":3},{"damage":12,"enemies":"Snecko","floor":20,"turns":5},{"damage":11,"enemies":"Centurion and Healer","floor":21,"turns":6},{"damage":23,"enemies":"Book of Stabbing","floor":24,"turns":5},{"damage":16,"enemies":"Snake Plant","floor":25,"turns":4},{"damage":18,"enemies":"Slavers","floor":27,"turns":7},{"damage":25,"enemies":"Shelled Parasite and Fungi","floor":28,"turns":8},{"damage":0,"enemies":"Centurion and Healer","floor":30,"turns":5},{"damage":0,"enemies":"Book of Stabbing","floor":31,"turns":7},{"damage":0,"enemies":"Automaton","floor":33,"turns":9},{"damage":0,"enemies":"3 Darklings","floor":35,"turns":7},{"damage":29,"enemies":"2 Orb Walkers","floor":36,"turns":5},{"damage":0,"enemies":"Orb Walker","floor":37,"turns":3},{"damage":2,"enemies":"3 Darklings","floor":39,"turns":7},{"damage":0,"enemies":"4 Shapes","floor":41,"turns":5},{"damage":4,"enemies":"Jaw Worm Horde","floor":44,"turns":4},{"damage":0,"enemies":"Transient","floor":45,"turns":5},{"damage":7,"enemies":"Giant Head","floor":47,"turns":7},{"damage":1,"enemies":"Writhing Mass","floor":48,"turns":5},{"damage":0,"enemies":"Time Eater","floor":50,"turns":8},{"damage":21,"enemies":"Shield and Spear","floor":54,"turns":6},{"damage":103,"enemies":"The Heart","floor":55,"turns":8}],"seed_played":"-6732637847604565904","potions_obtained":[{"floor":2,"key":"FocusPotion"},{"floor":4,"key":"PowerPotion"},{"floor":4,"key":"Fire Potion"},{"floor":13,"key":"DistilledChaos"},{"floor":16,"key":"Dexterity Potion"},{"floor":20,"key":"PotionOfCapacity"},{"floor":27,"key":"BlessingOfTheForge"},{"floor":35,"key":"EntropicBrew"}],"is_trial":false,"path_per_floor":["M","M","?","?","M","R","E","?","T","R","E","R","E","?","R","B",null,"M","M","M","M","$","R","E","M","T","E","M","R","M","E","R","B",null,"M","?","M","T","M","R","M","R","T","M","M","?","E","M","R","B",null,"R","$","E","B"],"character_chosen":"DEFECT","items_purchased":["Apotheosis","Anchor","Loop+1"],"campfire_rested":2,"item_purchase_floors":[22,53,53],"current_hp_per_floor":[75,75,63,63,63,63,53,53,53,53,37,37,20,20,20,28,63,73,48,46,55,55,75,52,56,56,48,43,65,75,75,75,75,75,75,66,75,75,75,75,75,75,75,71,75,75,75,80,78,78,78,78,78,57,0,0],"gold":279,"neow_bonus":"THREE_ENEMY_KILL","is_daily":false,"chose_seed":false,"campfire_upgraded":4,"win_rate":0.0,"timestamp":1613690088,"path_taken":["M","M","?","?","?","R","E","?","T","R","E","R","E","?","R","BOSS","M","M","?","M","$","R","E","M","T","E","M","R","M","E","R","BOSS","M","?","M","?","M","R","M","R","T","M","M","?","E","M","R","BOSS","R","$","E","BOSS"],"items_purchased_type":["Card","Relic","Card"],"build_version":"2020-12-22","purchased_purges":2,"victory":false,"max_hp_per_floor":[75,75,75,75,75,75,75,75,75,75,75,75,75,75,75,75,75,75,75,75,75,75,75,75,75,75,75,75,75,75,75,75,75,75,75,75,75,75,75,75,75,75,75,75,75,75,75,81,78,78,78,78,78,78,78,78],"relic_stats":{"Darkstone Periapt":6,"Peace Pipe":4,"Lizard Tail":39,"Happy Flower":[36],"counters":[30,159],"Pandora\u0027s Box":["Darkness","Consume","Biased Cognition","Streamline","Conserve Battery","Hologram","Force Field"],"Eternal Feather":0,"Turnip":[2],"Juzu Bracelet":1,"Kunai":[19],"obtain_stats":[{"Darkstone Periapt":11,"Calipers":3,"NeowsBlessing":0,"Happy Flower":24,"Vajra":7,"Thread and Needle":9,"Eternal Feather":54,"Incense Burner":27,"Juzu Bracelet":31,"Frozen Egg 2":13,"Peace Pipe":36,"Lizard Tail":38,"Anchor":53,"Pandora\u0027s Box":34,"Fusion Hammer":17,"Turnip":47,"Kunai":8,"Cracked Core":0,"StrikeDummy":26},{"Darkstone Periapt":5,"Calipers":2,"NeowsBlessing":0,"Happy Flower":12,"Vajra":4,"Thread and Needle":4,"Eternal Feather":29,"Incense Burner":14,"Juzu Bracelet":17,"Frozen Egg 2":6,"Peace Pipe":20,"Lizard Tail":21,"Anchor":28,"Pandora\u0027s Box":18,"Fusion Hammer":7,"Turnip":26,"Kunai":4,"Cracked Core":0,"StrikeDummy":13},{"Darkstone Periapt":15,"Calipers":2,"NeowsBlessing":0,"Happy Flower":50,"Vajra":9,"Thread and Needle":9,"Eternal Feather":151,"Incense Burner":61,"Juzu Bracelet":81,"Frozen Egg 2":21,"Peace Pipe":102,"Lizard Tail":105,"Anchor":145,"Pandora\u0027s Box":90,"Fusion Hammer":26,"Turnip":133,"Kunai":9,"Cracked Core":0,"StrikeDummy":54}]},"card_choices":[{"not_picked":["Hologram","Coolheaded"],"picked":"Streamline","floor":1},{"not_picked":["Stack","Compile Driver"],"picked":"Hologram","floor":2},{"not_picked":["Rebound","Go for the Eyes"],"picked":"Reboot","floor":5},{"not_picked":["Tempest","Gash"],"picked":"Beam Cell","floor":7},{"not_picked":["BootSequence","Rip and Tear"],"picked":"Sunder","floor":11},{"not_picked":["Coolheaded","Fusion"],"picked":"Biased Cognition+1","floor":13},{"not_picked":["Biased Cognition+1","Thunder Strike"],"picked":"Echo Form+1","floor":16},{"not_picked":["Rebound","Doom and Gloom"],"picked":"Capacitor+1","floor":18},{"not_picked":["Sunder+1","Rip and Tear+1"],"picked":"Hologram+1","floor":19},{"not_picked":["Compile Driver","Static Discharge+1"],"picked":"Conserve Battery","floor":20},{"not_picked":["Auto Shields+1","Coolheaded"],"picked":"Leap+1","floor":21},{"not_picked":["Rebound+1","Hologram"],"picked":"Buffer+1","floor":24},{"not_picked":["Gash","Sweeping Beam"],"picked":"Chill","floor":25},{"not_picked":["Conserve Battery+1","Go for the Eyes"],"picked":"Buffer+1","floor":27},{"not_picked":["Rebound","Skim","Barrage+1"],"picked":"SKIP","floor":28},{"not_picked":["Go for the Eyes+1","Cold Snap"],"picked":"Consume","floor":30},{"not_picked":["Reprogram+1","Go for the Eyes","Ball Lightning"],"picked":"SKIP","floor":31},{"not_picked":["Reprogram+1","Go for the Eyes"],"picked":"Ball Lightning","floor":31},{"not_picked":["Sweeping Beam","Barrage","Coolheaded"],"picked":"SKIP","floor":35},{"not_picked":["Capacitor+1","Cold Snap"],"picked":"Hologram+1","floor":36},{"not_picked":["Gash","Beam Cell+1"],"picked":"Loop+1","floor":37},{"not_picked":["Turbo","Compile Driver","Coolheaded"],"picked":"SKIP","floor":39},{"not_picked":["Beam Cell","Cold Snap+1","Double Energy"],"picked":"SKIP","floor":41},{"not_picked":["Turbo","FTL"],"picked":"Leap+1","floor":44},{"not_picked":["Undo+1","Gash+1"],"picked":"Creative AI+1","floor":45},{"not_picked":["Multi-Cast","Recycle+1","Redo+1"],"picked":"SKIP","floor":47},{"not_picked":["Consume","Redo"],"picked":"Storm+1","floor":48},{"not_picked":["Gash+1","Cold Snap","Redo+1"],"picked":"SKIP","floor":54}],"player_experience":109312,"relics_obtained":[{"floor":7,"key":"Vajra"},{"floor":9,"key":"Thread and Needle"},{"floor":11,"key":"Darkstone Periapt"},{"floor":13,"key":"Frozen Egg 2"},{"floor":24,"key":"Happy Flower"},{"floor":26,"key":"StrikeDummy"},{"floor":27,"key":"Incense Burner"},{"floor":31,"key":"Juzu Bracelet"},{"floor":36,"key":"Peace Pipe"},{"floor":38,"key":"Lizard Tail"},{"floor":47,"key":"Turnip"},{"floor":54,"key":"Eternal Feather"}],"event_choices":[{"damage_healed":0,"gold_gain":0,"player_choice":"Success","damage_taken":12,"relics_obtained":["Calipers"],"max_hp_gain":0,"max_hp_loss":0,"event_name":"Scrap Ooze","floor":3,"gold_loss":0},{"damage_healed":0,"gold_gain":0,"player_choice":"Got Potions","damage_taken":0,"max_hp_gain":0,"max_hp_loss":0,"event_name":"Lab","floor":4,"gold_loss":0},{"damage_healed":0,"gold_gain":0,"player_choice":"Box","damage_taken":0,"relics_obtained":["Kunai"],"max_hp_gain":0,"max_hp_loss":0,"event_name":"Big Fish","floor":8,"gold_loss":0,"cards_obtained":["Regret"]},{"damage_healed":0,"gold_gain":0,"cards_transformed":["Strike_B"],"player_choice":"Transformed","damage_taken":0,"max_hp_gain":0,"max_hp_loss":0,"event_name":"Transmorgrifier","floor":14,"gold_loss":0,"cards_obtained":["Self Repair"]},{"damage_healed":0,"gold_gain":0,"player_choice":"Fight","damage_taken":0,"max_hp_gain":0,"max_hp_loss":0,"event_name":"Mysterious Sphere","floor":36,"gold_loss":0},{"damage_healed":0,"gold_gain":0,"player_choice":"Upgraded","damage_taken":0,"max_hp_gain":0,"max_hp_loss":0,"event_name":"Upgrade Shrine","floor":46,"gold_loss":0,"cards_upgraded":["Apotheosis"]}],"is_beta":false,"boss_relics":[{"not_picked":["Calling Bell","Empty Cage"],"picked":"Fusion Hammer"},{"not_picked":["Cursed Key","Velvet Choker"],"picked":"Pandora\u0027s Box"}],"items_purged_floors":[22,53],"is_endless":false,"potions_floor_spawned":[2,13,16,20,21,27,28,33,35,36,39,44,47],"killed_by":"The Heart","ascension_level":5}}