{"host":"f5gffvlv6a66yqkd","time":1613662526,"event":{"mods":["2.2 Compatiblity","BaseMod","Colored Map","Custom Start","DeckTracker","Keyboard Shortcuts","Minty Spire (QoL Compilation)","Permanent Neow","Quick Restart","Relic Stats","StSLib","SuperFastMode"],"gold_per_floor":[119,119,138,152,171,171,198,198,268,300,30,30,30,42,42,113,113,123,123,43,60,92,92,111,49,98,98,113,13,13,23,23,23,23],"floor_reached":33,"language":"KOR","playtime":732,"items_purged":["Strike_P","Alpha+1","Judgement"],"score":549,"play_id":"3f0ab969-0396-4b34-9ad7-6fb218deac42","local_time":"20210219003526","is_ascension_mode":true,"campfire_choices":[{"data":"Eruption","floor":6.0,"key":"SMITH"},{"data":"CutThroughFate","floor":8.0,"key":"SMITH"},{"floor":12.0,"key":"REST"},{"data":"Apotheosis","floor":15,"key":"SMITH"},{"floor":23,"key":"DIG"},{"floor":27,"key":"RECALL"},{"data":"Scrawl","floor":32,"key":"SMITH"}],"circlet_count":0,"master_deck":["AscendersBane","Defend_P","Defend_P","Defend_P","Defend_P","Eruption+1","Vigilance","CutThroughFate+1","EmptyFist","CarveReality","Apotheosis+1","Perseverance+1","Vault+1","Tantrum","Wallop+1","WheelKick","Scrawl+1"],"relics":["PureWater","Juzu Bracelet","Shovel","Lantern","Matryoshka","The Courier","Astrolabe","Red Mask","Toy Ornithopter","MealTicket"],"acts_visited":["Exordium","TheCity"],"potions_floor_usage":[33,33],"damage_taken":[{"damage":0.0,"enemies":"2 Louse","floor":1.0,"turns":4.0},{"damage":0.0,"enemies":"Cultist","floor":3.0,"turns":3.0},{"damage":2.0,"enemies":"Jaw Worm","floor":4.0,"turns":3.0},{"damage":0.0,"enemies":"2 Fungi Beasts","floor":5.0,"turns":2.0},{"damage":26.0,"enemies":"Lagavulin","floor":7.0,"turns":8.0},{"damage":17.0,"enemies":"3 Sentries","floor":10.0,"turns":5.0},{"damage":0,"enemies":"Exordium Wildlife","floor":14,"turns":2},{"damage":0,"enemies":"Slime Boss","floor":16,"turns":3},{"damage":6,"enemies":"2 Thieves","floor":18,"turns":4},{"damage":0,"enemies":"Chosen","floor":21,"turns":2},{"damage":20,"enemies":"Masked Bandits","floor":22,"turns":6},{"damage":0,"enemies":"Sentry and Sphere","floor":24,"turns":4},{"damage":0,"enemies":"Snake Plant","floor":28,"turns":2},{"damage":0,"enemies":"Snecko","floor":31,"turns":3},{"damage":56,"enemies":"Automaton","floor":33,"turns":11}],"seed_played":"1570016385927533705","potions_obtained":[{"floor":1.0,"key":"Dexterity Potion"},{"floor":4.0,"key":"LiquidBronze"},{"floor":7.0,"key":"GamblersBrew"},{"floor":21,"key":"GamblersBrew"}],"is_trial":false,"path_per_floor":["M","?","M","M","M","R","E","R","T","E","$","R","?","M","R","B",null,"M","?","$","M","?","R","M","$","T","R","M","$","?","M","R","B"],"character_chosen":"WATCHER","items_purchased":["CarveReality","Apotheosis","WheelKick"],"campfire_rested":1,"item_purchase_floors":[11,11,25],"current_hp_per_floor":[61,61,61,59,59,59,33,33,33,16,16,36,36,36,36,36,60,54,54,54,54,34,34,34,34,34,34,34,49,49,49,49,3,3],"gold":23,"neow_bonus":"RANDOM_COMMON_RELIC","is_daily":false,"chose_seed":false,"campfire_upgraded":4,"win_rate":0.0,"timestamp":1613662526,"path_taken":["M","?","M","M","M","R","E","R","T","E","$","R","?","M","R","BOSS","M","?","$","M","?","R","M","?","T","R","M","$","?","M","R","BOSS"],"items_purchased_type":["Card","Card","Card"],"build_version":"2020-12-22","purchased_purges":3,"victory":false,"max_hp_per_floor":[68,68,68,68,68,68,68,68,68,68,68,68,68,68,68,68,68,68,68,68,68,68,68,68,68,68,68,68,68,68,68,68,68,68],"relic_stats":{"Shovel":1,"counters":[15,62],"Astrolabe":["Perseverance","Alpha","Vault"],"MealTicket":15,"Juzu Bracelet":2,"obtain_stats":[{"Lantern":7,"Shovel":2,"Matryoshka":9,"Astrolabe":17,"MealTicket":26,"The Courier":10,"Juzu Bracelet":0,"Red Mask":22,"PureWater":0,"Toy Ornithopter":23},{"Lantern":5,"Shovel":1,"Matryoshka":5,"Astrolabe":8,"MealTicket":12,"The Courier":6,"Juzu Bracelet":0,"Red Mask":11,"PureWater":0,"Toy Ornithopter":11},{"Lantern":20,"Shovel":4,"Matryoshka":20,"Astrolabe":30,"MealTicket":46,"The Courier":25,"Juzu Bracelet":0,"Red Mask":42,"PureWater":0,"Toy Ornithopter":42}],"Toy Ornithopter":10},"card_choices":[{"not_picked":["Vengeance","Indignation"],"picked":"CutThroughFate","floor":1.0},{"not_picked":["SashWhip","Prostrate","ClearTheMind"],"picked":"SKIP","floor":3.0},{"not_picked":["JustLucky","PathToVictory","ClearTheMind"],"picked":"SKIP","floor":4.0},{"not_picked":["BowlingBash","Protect"],"picked":"EmptyFist","floor":5.0},{"not_picked":["Protect","EmptyBody","ThirdEye"],"picked":"SKIP","floor":7.0},{"not_picked":["Prostrate","TalkToTheHand"],"picked":"CrushJoints","floor":10.0},{"not_picked":["Evaluate","SashWhip","Prostrate"],"picked":"SKIP","floor":14},{"not_picked":["Devotion","Omniscience"],"picked":"Judgement","floor":16},{"not_picked":["PathToVictory","JustLucky","ThirdEye"],"picked":"SKIP","floor":18},{"not_picked":["Halt","Study"],"picked":"Wallop+1","floor":21},{"not_picked":["Protect","BattleHymn","Nirvana"],"picked":"SKIP","floor":24},{"not_picked":["CrushJoints","EmptyBody"],"picked":"Scrawl","floor":28},{"not_picked":["SashWhip","BowlingBash","PathToVictory"],"picked":"SKIP","floor":31}],"player_experience":1498140,"relics_obtained":[{"floor":7.0,"key":"Lantern"},{"floor":9.0,"key":"Matryoshka"},{"floor":10.0,"key":"The Courier"},{"floor":22,"key":"Red Mask"},{"floor":23,"key":"Toy Ornithopter"},{"floor":26,"key":"MealTicket"}],"event_choices":[{"damage_healed":0.0,"max_hp_gain":0.0,"max_hp_loss":0.0,"gold_gain":0.0,"event_name":"WeMeetAgain","player_choice":"Gave Potion","floor":2.0,"gold_loss":0.0,"damage_taken":0.0,"relics_obtained":["Shovel"]},{"damage_healed":0,"gold_gain":0,"player_choice":"Searched \u00270\u0027 times","damage_taken":0,"max_hp_gain":0,"max_hp_loss":0,"event_name":"Dead Adventurer","floor":13,"gold_loss":0},{"damage_healed":0,"gold_gain":0,"player_choice":"Read","damage_taken":0,"max_hp_gain":0,"max_hp_loss":0,"event_name":"The Library","floor":19,"gold_loss":0,"cards_obtained":["Tantrum"]},{"damage_healed":0,"gold_gain":0,"player_choice":"Fought Bandits","damage_taken":0,"max_hp_gain":0,"max_hp_loss":0,"event_name":"Masked Bandits","floor":22,"gold_loss":0},{"cards_removed":["CrushJoints"],"damage_healed":0,"gold_gain":0,"player_choice":"Purged","damage_taken":0,"max_hp_gain":0,"max_hp_loss":0,"event_name":"Purifier","floor":30,"gold_loss":0}],"is_beta":false,"boss_relics":[{"not_picked":["Fusion Hammer","Velvet Choker"],"picked":"Astrolabe"}],"items_purged_floors":[11,20,29],"is_endless":false,"potions_floor_spawned":[1,4,7,21,22],"killed_by":"Automaton","ascension_level":16}}