{"host":"dmtlrev5pkc1867p","time":1613646955,"event":{"mods":["A Magickal Journey","AchievementEnabler","BaseMod","Colored Map","Colored Powertips","Downfall","Hermit","Highlight Path","Hubris","Infinite Spire","Marisa¡]Ãú«B¡@Å]²z¨F¡^","Minty Spire (QoL Compilation)","Permanent Neow","Quick Restart","Rare Cards Sparkle","Relic Sorter","Relic Stats","Replay The Spire","StSLib","SuperFastMode","The Construct","The Cursed","The Disciple","The Hierophant","The Necromancer","The Runesmith","The Servant 0.9.4"],"gold_per_floor":[118,185,185,35,55,55,65,65,118,49,49,82,96,113,113,218,218,235,235,235,235,254,267,280,8,8,8,20,59,71,83,95,208,220,247,273,295,8,8,8,20,20,20,20,34,34,62,0,0,0,0,0,0,0,0],"floor_reached":54,"language":"ZHS","playtime":1800,"items_purged":["SwitchConfidence"],"score":913,"play_id":"735022d2-a344-4c1c-a50a-06f8c9535b3c","local_time":"20210218191555","is_ascension_mode":true,"campfire_choices":[{"floor":6.0,"key":"RECALL"},{"floor":8.0,"key":"REST"},{"data":"Limit Break","floor":11.0,"key":"SMITH"},{"floor":15.0,"key":"REST"},{"floor":28,"key":"REST"},{"floor":30,"key":"REST"},{"floor":32,"key":"REST"},{"floor":40,"key":"REST"},{"floor":42,"key":"REST"},{"floor":44,"key":"REST"},{"floor":46,"key":"REST"},{"floor":49,"key":"REST"},{"data":"Armaments","floor":52,"key":"SMITH"}],"circlet_count":0,"master_deck":["Strike_R+1","Strike_R+1","Strike_R+1","Strike_R+1","Defend_R+1","Defend_R+1","Defend_R+1","Defend_R+1","Bash","Bludgeon","Warcry","Limit Break+1","Inflame","Whirlwind","Inflame","Armaments","Twin Strike","Flex","Berserk","Whirlwind","Battle Trance","Carnage","Offering","Armaments+1","Shrug It Off","Replay:Dark Deal","Shrug It Off+1","Juggernaut","Pummel+1","Rampage+1","Twin Strike","Reaper","Barricade","Uppercut+1","Blood for Blood+1","Juggernaut"],"relics":["Burning Blood","Shuriken","Ooze Armor","Ring of Misfortune","BargainBundle","hubris:IronBody","MawBank","WingedGreaves","Magic Flower","Mark of Pain","Toxic Egg 2","Replay:Wax Seal","Red Mask"],"acts_visited":["Exordium","TheCity","TheBeyond","TheEnding"],"potions_floor_usage":[16,22,33,37,37,47,47],"damage_taken":[{"damage":8.0,"enemies":"2 Louse","floor":1.0,"turns":2.0},{"damage":0.0,"enemies":"Cultist","floor":5.0,"turns":2.0},{"damage":12.0,"enemies":"Jaw Worm","floor":7.0,"turns":2.0},{"damage":20.0,"enemies":"Lagavulin","floor":12.0,"turns":5.0},{"damage":18.0,"enemies":"Exordium Wildlife","floor":13.0,"turns":5.0},{"damage":17.0,"enemies":"3 Louse","floor":14.0,"turns":3.0},{"damage":43,"enemies":"The Guardian","floor":16,"turns":10},{"damage":10,"enemies":"3 Byrds","floor":18,"turns":5},{"damage":9,"enemies":"Shell Parasite","floor":22,"turns":4},{"damage":20,"enemies":"3 Cultists","floor":23,"turns":4},{"damage":14,"enemies":"Cultist and Chosen","floor":24,"turns":4},{"damage":42,"enemies":"Book of Stabbing","floor":29,"turns":5},{"damage":8,"enemies":"Champ","floor":33,"turns":9},{"damage":6,"enemies":"Orb Walker","floor":35,"turns":3},{"damage":44,"enemies":"3 Darklings","floor":36,"turns":4},{"damage":30,"enemies":"Spire Growth","floor":37,"turns":5},{"damage":42,"enemies":"Jaw Worm Horde","floor":41,"turns":3},{"damage":38,"enemies":"Transient","floor":45,"turns":5},{"damage":45,"enemies":"Giant Head","floor":47,"turns":7},{"damage":60,"enemies":"infinitespire:MassOfShapes","floor":50,"turns":10},{"damage":76,"enemies":"Shield and Spear","floor":54,"turns":4}],"seed_played":"1495984329383201017","potions_obtained":[{"floor":1.0,"key":"SteroidPotion"},{"floor":13.0,"key":"Flashbang"},{"floor":14.0,"key":"Fire Potion"},{"floor":16,"key":"HeartOfIron"},{"floor":18,"key":"bronze:BurnAndBuffPotion"},{"floor":22,"key":"BlessingOfTheForge"},{"floor":35,"key":"ColorlessPotion"},{"floor":45,"key":"Languid Potion"}],"is_trial":false,"path_per_floor":["M","?","?","$","M","R","M","R","T","$","R","E","M","M","R","B",null,"M","?","?","?","M","M","M","$","T","AVR","R","E","R","T","R","B",null,"M","M","M","$","?","R","M","R","T","R","M","R","E","?","R","B",null,"R","$","E"],"character_chosen":"IRONCLAD","items_purchased":["Limit Break","Inflame","BargainBundle","Armaments","Shrug It Off","Guardian:BlockOnCardUsePotion","Replay:Dark Deal","Reaper","Barricade"],"campfire_rested":10,"item_purchase_floors":[4,10,25,25,25,25,25,38,38],"current_hp_per_floor":[49,49,49,49,55,55,49,73,73,73,73,59,47,36,60,23,66,62,62,62,62,59,45,37,37,37,37,61,25,49,49,73,74,79,80,45,24,24,24,48,15,39,39,63,52,76,60,60,80,59,75,75,75,5,5],"gold":0,"neow_bonus":"THREE_RARE_CARDS","is_daily":false,"chose_seed":false,"campfire_upgraded":2,"win_rate":0.0,"timestamp":1613646955,"path_taken":["M","?","?","$","M","R","?","R","T","$","R","E","M","M","R","BOSS","M","?","?","?","M","M","M","$","T","AVR","R","E","R","?","R","BOSS","M","?","M","$","?","R","M","R","T","R","M","R","E","?","R","BOSS","R","$","E"],"items_purchased_type":["Card","Card","Relic","Card","Card","Potion","Card","Card","Card"],"build_version":"2020-12-22","purchased_purges":1,"victory":false,"max_hp_per_floor":[80,80,80,80,80,80,80,80,80,80,80,80,80,80,80,80,80,80,80,80,80,80,80,80,80,80,80,80,80,80,80,80,80,80,80,80,80,80,80,80,80,80,80,80,80,80,80,80,80,80,80,80,80,80,80],"relic_stats":{"counters":[21,101],"Shuriken":[7],"Magic Flower":[47],"MawBank":132,"obtain_stats":[{"BargainBundle":25,"Magic Flower":31,"MawBank":27,"Burning Blood":0,"Shuriken":12,"Ooze Armor":17,"Ring of Misfortune":20,"hubris:IronBody":26,"WingedGreaves":29,"Mark of Pain":34,"Red Mask":48,"Toxic Egg 2":43,"Replay:Wax Seal":47},{"BargainBundle":11,"Magic Flower":12,"MawBank":11,"Burning Blood":0,"Shuriken":4,"Ooze Armor":7,"Ring of Misfortune":8,"hubris:IronBody":11,"WingedGreaves":12,"Mark of Pain":13,"Red Mask":19,"Toxic Egg 2":17,"Replay:Wax Seal":19},{"BargainBundle":46,"Magic Flower":51,"MawBank":46,"Burning Blood":0,"Shuriken":11,"Ooze Armor":29,"Ring of Misfortune":34,"hubris:IronBody":46,"WingedGreaves":51,"Mark of Pain":60,"Red Mask":87,"Toxic Egg 2":75,"Replay:Wax Seal":87}],"Burning Blood":142},"card_choices":[{"not_picked":["Brutality","Eclipse"],"picked":"Bludgeon","floor":0.0},{"not_picked":["Second Wind","Replay:Undeath\u0027s Touch"],"picked":"Warcry","floor":1.0},{"not_picked":["Headbutt","Spot Weakness"],"picked":"Inflame","floor":5.0},{"not_picked":["Bloodletting","Warcry"],"picked":"Whirlwind","floor":7.0},{"not_picked":["True Grit","Rage"],"picked":"Armaments","floor":12.0},{"not_picked":["Eclipse","Run Through"],"picked":"Twin Strike","floor":13.0},{"not_picked":["Clash","Warcry"],"picked":"Flex","floor":14.0},{"not_picked":["hubris:StunningStrike","Barricade"],"picked":"Berserk","floor":16},{"not_picked":["Dark Embrace","Wild Strike+1"],"picked":"Whirlwind","floor":18},{"not_picked":["Rupture","Massacre"],"picked":"Havoc+1","floor":22},{"not_picked":["Headbutt","Havoc"],"picked":"Carnage","floor":23},{"not_picked":["Havoc+1","Infernal Blade"],"picked":"Offering","floor":24},{"not_picked":["Warcry","Whirlwind"],"picked":"Shrug It Off+1","floor":29},{"not_picked":["Offering","Double Tap"],"picked":"Juggernaut","floor":33},{"not_picked":["ReplayTheSpireMod:Strike From Hell+1","Heavy Blade+1"],"picked":"Pummel+1","floor":35},{"not_picked":["Sword Boomerang+1","Heavy Blade"],"picked":"Rampage+1","floor":36},{"not_picked":["Second Wind","Reckless Charge"],"picked":"Twin Strike","floor":37},{"not_picked":["Sentinel+1","True Grit+1"],"picked":"Uppercut+1","floor":41},{"not_picked":["Iron Wave","Bloodletting+1"],"picked":"Blood for Blood+1","floor":45},{"not_picked":["Carnage+1","Sentinel+1"],"picked":"Juggernaut","floor":47}],"player_experience":718440,"relics_obtained":[{"floor":12.0,"key":"Shuriken"},{"floor":20,"key":"Ring of Misfortune"},{"floor":26,"key":"hubris:IronBody"},{"floor":29,"key":"WingedGreaves"},{"floor":31,"key":"Magic Flower"},{"floor":43,"key":"Toxic Egg 2"},{"floor":47,"key":"Replay:Wax Seal"}],"event_choices":[{"damage_healed":0.0,"max_hp_gain":0.0,"max_hp_loss":0.0,"gold_gain":67.0,"event_name":"Golden Wing","player_choice":"Gained Gold","floor":2.0,"gold_loss":0.0,"damage_taken":0.0},{"cards_removed":["Strike_R"],"damage_healed":0.0,"max_hp_gain":0.0,"max_hp_loss":0.0,"gold_gain":0.0,"event_name":"Purifier","player_choice":"Purged","floor":3.0,"gold_loss":0.0,"damage_taken":0.0},{"damage_healed":0,"gold_gain":0,"player_choice":"Simplicity","damage_taken":0,"max_hp_gain":0,"max_hp_loss":0,"event_name":"Back to Basics","floor":19,"gold_loss":0,"cards_upgraded":["Strike_R","Strike_R","Strike_R","Strike_R","Defend_R","Defend_R","Defend_R","Defend_R"]},{"damage_healed":0,"gold_gain":0,"player_choice":"Read","damage_taken":0,"max_hp_gain":0,"max_hp_loss":0,"event_name":"The Library","floor":21,"gold_loss":0,"cards_obtained":["Battle Trance"]},{"cards_removed":["Havoc"],"damage_healed":0,"gold_gain":0,"player_choice":"Removed Skill","damage_taken":0,"max_hp_gain":0,"max_hp_loss":0,"event_name":"Falling","floor":39,"gold_loss":0},{"damage_healed":0,"gold_gain":0,"player_choice":"Paid","damage_taken":0,"relics_obtained":["Red Mask"],"max_hp_gain":0,"max_hp_loss":0,"event_name":"Tomb of Lord Red Mask","floor":48,"gold_loss":62}],"is_beta":false,"boss_relics":[{"not_picked":["Snecko Eye","ChewingGum"],"picked":"Ooze Armor"},{"not_picked":["bronze:MakeshiftBattery","Runic Pyramid"],"picked":"Mark of Pain"}],"items_purged_floors":[25],"is_endless":false,"potions_floor_spawned":[1,13,14,16,18,22,35,36,45],"killed_by":"Shield and Spear","ascension_level":7}}