{"host":"fhujvjnj99vjue08","time":1613609607,"event":{"mods":["2.2 Compatiblity","AchievementEnabler","Aspiration","Astrologer","BaseMod","Beaked The Cultist","BetterRewards","CatGirl Mod","Colored Map","Colored Powertips","Conjunction","Conspire","Custom Start","Downfall","Friendly Minions","GifTheSpireLib","Googly Eyes","Halation","Highlight Path","Hubris","Hyrulean Relics","Infinite Spire","Magitek Elite","Mimic Mod","Minty Spire (QoL Compilation)","Replay The Spire","Reworked Bosses","Shop Mod","StSLib","Strawberry Spire","Stuff the Spire","The Bug Knight","The Gatherer","The Jungle","The Servant 0.9.4","TheBandit","TheFirefly","egg","slay the spire mod where everything is the same but ironclad has a cowboy hat","thorton"],"gold_per_floor":[99,112,22,39,24,24,50,85,85,97,114,149,49,78,93,194,194,94,110,120,132,132,132,172,206,217,243,254,271,171,204,216,317,317,317,335,75,85,100,100,126,126,126,126,158,168,168,168],"floor_reached":47,"language":"ENG","playtime":3391,"items_purged":["Strike_B","hubris:Wrath","Strike_B"],"score":719,"play_id":"52b41762-e4f7-44cd-8666-56dc254711b0","local_time":"20210218005327","is_ascension_mode":true,"campfire_choices":[{"data":"Streamline","floor":1,"key":"SMITH"},{"floor":9,"key":"RECALL"},{"data":"Zap","floor":13,"key":"SMITH"},{"data":"Beam Cell","floor":18,"key":"SMITH"},{"data":"Mirror Shield","floor":30,"key":"SMITH"},{"data":"hubris:PowerSurge","floor":35,"key":"SMITH"},{"data":"Rainbow","floor":40,"key":"SMITH"}],"circlet_count":0,"master_deck":["Strike_B","Strike_B","Defend_B","Defend_B","Defend_B","Defend_B","Zap+1","Dualcast","Streamline+1","Leap","hubris:PowerSurge+1","Beam Cell+1","Mirror Shield+1","Steam","Sweeping Beam","hubris:Ukulele","FTL","ReplayGash","All For One","Recycle+1","strawberrySpire:DataDump+1","Rainbow+1","strawberrySpire:Adapter+1","All For One","hubris:Fate","ReplayTheSpireMod:Book of Names","Meteor Strike","Echo Form"],"relics":["Cracked Core","hubris:Icosahedron","strawberrySpire:MawJerky","Ancient Tea Set","downfall:HeartBlessingRed","MealTicket","halation:Prosthetics","downfall:HeartBlessingGreen","StuffTheSpire:ColdMirror","Replay:Ringing Soul","Nunchaku","downfall:HeartBlessingBlue","StuffTheSpire:EmeraldSignet","strawberrySpire:CapacitorDischarge","ReplayTheSpireMod:CursedCoin","Counterbalance","Smiling Mask","Regal Pillow","Gambling Chip"],"acts_visited":["Exordium","TheCity","TheBeyond"],"potions_floor_usage":[8,16,27,45,47,47],"damage_taken":[{"damage":0,"enemies":"Cultist","floor":2,"turns":3},{"damage":1,"enemies":"downfall:FleeingMerchant","floor":3,"turns":4},{"damage":0,"enemies":"2 Louse","floor":4,"turns":2},{"damage":5,"enemies":"downfall:FleeingMerchant","floor":5,"turns":4},{"damage":39,"enemies":"Gremlin Nob","floor":8,"turns":6},{"damage":1,"enemies":"Small Slimes","floor":10,"turns":3},{"damage":0,"enemies":"Looter","floor":11,"turns":2},{"damage":12,"enemies":"3 Sentries","floor":12,"turns":7},{"damage":0,"enemies":"Gremlin Nob","floor":14,"turns":1},{"damage":0,"enemies":"Blue Slaver","floor":15,"turns":1},{"damage":0,"enemies":"DF_ARCHETYPE_STREAMLINE","floor":16,"turns":8},{"damage":0,"enemies":"Shell Parasite","floor":19,"turns":3},{"damage":0,"enemies":"3 Byrds","floor":20,"turns":3},{"damage":3,"enemies":"Snake Plant","floor":21,"turns":3},{"damage":0,"enemies":"Cultist and Chosen","floor":24,"turns":4},{"damage":0,"enemies":"Book of Stabbing","floor":25,"turns":4},{"damage":0,"enemies":"Cultist and Chosen","floor":26,"turns":4},{"damage":30,"enemies":"Gremlin Leader","floor":27,"turns":7},{"damage":0,"enemies":"Chosen and Byrds","floor":28,"turns":4},{"damage":0,"enemies":"3 Cultists","floor":29,"turns":4},{"damage":10,"enemies":"Slavers","floor":31,"turns":4},{"damage":0,"enemies":"Snecko","floor":32,"turns":3},{"damage":2,"enemies":"WA_ARCHETYPE_CALM","floor":33,"turns":7},{"damage":1,"enemies":"3 Shapes","floor":36,"turns":3},{"damage":3,"enemies":"downfall:FleeingMerchant","floor":37,"turns":4},{"damage":0,"enemies":"3 Darklings","floor":38,"turns":5},{"damage":25,"enemies":"Maw","floor":39,"turns":8},{"damage":7,"enemies":"Giant Head","floor":45,"turns":5},{"damage":3,"enemies":"Transient","floor":46,"turns":5},{"damage":11,"enemies":"infinitespire:Three Voidlings","floor":47,"turns":3},{"damage":54,"enemies":"Nightmare_Alpha","floor":47,"turns":5}],"seed_played":"-5112830390039633753","potions_obtained":[{"floor":2,"key":"Ancient Potion"},{"floor":10,"key":"Flashbang"},{"floor":11,"key":"Dexterity Potion"},{"floor":16,"key":"Guardian:BlockOnCardUsePotion"},{"floor":25,"key":"SteroidPotion"},{"floor":26,"key":"PowerPotion"},{"floor":29,"key":"sneckomod:MuddlingPotion"},{"floor":32,"key":"PowerPotion"},{"floor":46,"key":"Fire Potion"}],"is_trial":false,"path_per_floor":["R","M","$","M","$","?","T","E","R","M","M","E","R","E","M","B",null,"R","M","M","M","?","?","MIM","E","M","E","M","M","R","E","M","B",null,"R","M","$","M","M","R","T","AVR","?","?","E","M","?"],"character_chosen":"DEFECT","items_purchased":["ReplayTheSpireMod:CursedCoin","Counterbalance"],"campfire_rested":0,"item_purchase_floors":[37,37],"current_hp_per_floor":[75,75,74,74,69,69,69,30,30,29,29,21,21,25,25,25,48,48,48,48,45,45,38,42,49,49,26,26,26,36,33,36,34,91,91,90,95,95,73,73,73,76,54,57,57,54,0,0],"gold":168,"neow_bonus":"THREE_CARDS","is_daily":false,"chose_seed":false,"campfire_upgraded":6,"win_rate":0.0,"timestamp":1613609607,"path_taken":["R","M","$","M","?","?","T","E","R","M","M","E","R","E","M","BOSS","R","M","M","M","?","?","MIM","E","M","E","M","M","R","E","M","BOSS","R","M","$","M","M","R","T","AVR","?","?","E","?","?"],"items_purchased_type":["Relic","Relic"],"build_version":"2020-12-22","purchased_purges":3,"victory":false,"max_hp_per_floor":[75,75,75,75,75,75,75,75,75,75,75,79,79,83,83,83,48,48,48,48,48,48,53,57,64,64,71,71,71,81,88,91,91,91,91,91,98,98,101,101,101,104,107,110,117,117,117,117],"card_choices":[{"not_picked":["strawberrySpire:Disconnect","Leap"],"picked":"Streamline","floor":0},{"not_picked":["conspire:Rain","Turbo"],"picked":"Leap","floor":2},{"not_picked":["Biased Cognition","Streamline"],"picked":"hubris:PowerSurge","floor":3},{"not_picked":["Go for the Eyes","strawberrySpire:NeonFlight"],"picked":"Beam Cell","floor":4},{"not_picked":["strawberrySpire:Disconnect","ReplaySort"],"picked":"Mirror Shield","floor":5},{"not_picked":["Leap","Streamline"],"picked":"Steam","floor":8},{"not_picked":["BasicCrystalCard","Redo"],"picked":"Sweeping Beam","floor":10},{"not_picked":["Coolheaded","StuffTheSpire:LoadUp"],"picked":"hubris:Ukulele","floor":11},{"not_picked":["Rebound","Streamline"],"picked":"FTL","floor":12},{"not_picked":["StuffTheSpire:LoadUp","Barrage"],"picked":"ReplayGash","floor":14},{"not_picked":["Leap","Reprogram","Steam"],"picked":"SKIP","floor":15},{"not_picked":["StuffTheSpire:EventHorizon","Machine Learning"],"picked":"All For One","floor":16},{"not_picked":["Rebound","strawberrySpire:DataDump","Barrage"],"picked":"SKIP","floor":19},{"not_picked":["StuffTheSpire:SnapShoot+1","Go for the Eyes","Barrage"],"picked":"SKIP","floor":20},{"not_picked":["Redo","Sweeping Beam","strawberrySpire:NeonFlight"],"picked":"SKIP","floor":21},{"not_picked":["strawberrySpire:DataDump","Coolheaded"],"picked":"Recycle+1","floor":25},{"not_picked":["Turbo","strawberrySpire:Disconnect","Rebound"],"picked":"SKIP","floor":26},{"not_picked":["Rebound","ReplaySort"],"picked":"strawberrySpire:DataDump+1","floor":27},{"not_picked":["Go for the Eyes","Rebound+1","strawberrySpire:DataDump"],"picked":"SKIP","floor":28},{"not_picked":["Go for the Eyes+1","StuffTheSpire:EventHorizon","strawberrySpire:Disconnect"],"picked":"SKIP","floor":29},{"not_picked":["Doom and Gloom","Aggregate+1"],"picked":"Rainbow","floor":31},{"not_picked":["Rebound","Streamline"],"picked":"strawberrySpire:Adapter+1","floor":32},{"not_picked":["Self Repair","Cold Snap","Streamline+1"],"picked":"SKIP","floor":36},{"not_picked":["ReplayTheSpireMod:System Scan+1","StuffTheSpire:Plugnplay","Turbo+1"],"picked":"SKIP","floor":37},{"not_picked":["Consume","strawberrySpire:Disconnect+1","StuffTheSpire:Plugnplay"],"picked":"SKIP","floor":38},{"not_picked":["ReplayTheSpireMod:System Scan","Compile Driver+1"],"picked":"All For One","floor":39},{"not_picked":["infinitespire:SevenWalls","infinitespire:NeuralNetwork"],"picked":"ReplayTheSpireMod:Book of Names","floor":43},{"not_picked":["Steam","Darkness"],"picked":"Echo Form","floor":45},{"not_picked":["Darkness","Barrage","StuffTheSpire:LoadUp+1"],"picked":"SKIP","floor":46}],"player_experience":354294,"relics_obtained":[{"floor":8,"key":"strawberrySpire:MawJerky"},{"floor":12,"key":"Ancient Tea Set"},{"floor":14,"key":"MealTicket"},{"floor":24,"key":"StuffTheSpire:ColdMirror"},{"floor":25,"key":"Replay:Ringing Soul"},{"floor":27,"key":"Nunchaku"},{"floor":31,"key":"StuffTheSpire:EmeraldSignet"},{"floor":41,"key":"Smiling Mask"},{"floor":45,"key":"Gambling Chip"}],"event_choices":[],"is_beta":false,"boss_relics":[{"not_picked":["Coffee Dripper","infinitespire:Cupcake"],"picked":"halation:Prosthetics"},{"not_picked":["SacredBark","Black Star"],"picked":"strawberrySpire:CapacitorDischarge"}],"items_purged_floors":[3,37,42],"is_endless":false,"potions_floor_spawned":[2,10,11,16,25,26,29,31,32,33,36,46,47],"killed_by":"Nightmare_Alpha","ascension_level":1}}