{"host":"tj5b4ndtwgv8r84u","time":1613654200,"event":{"mods":["2.2 Compatiblity","AchievementEnabler","Act Like it!","Aspiration","BaseMod","Better Note","Colored Map","Conspire","Downfall","GifTheSpireLib","Hallownest","Hermit","Infinite Spire","Minty Spire (QoL Compilation)","Rare Cards Sparkle","Relic Stats","Replay The Spire","Shop Mod","StSLib","The Bug Knight","The Cursed","The Hierophant","The Marked","The Servant 0.9.4"],"gold_per_floor":[99,117,33,44,44,44,67,67,81,81,81,17,17,2,12,115,115,115,132,143,143,163,189,212,224,237,137,91,105,105,123,139,240,240,240,0,13,27,27,27,27,27,41,70,70,102,65,65,80,80,80,80],"floor_reached":50,"language":"ENG","playtime":4406,"items_purged":["Slimebound:PrepareCrush+1"],"score":532,"play_id":"dd0a30df-c83e-4921-afef-bb6e5779b7e3","local_time":"20210218081640","is_ascension_mode":false,"campfire_choices":[{"data":"Slimebound:Split","floor":1,"key":"SMITH"},{"floor":6,"key":"REST"},{"data":"Slimebound:CorrosiveSpit","floor":8,"key":"SMITH"},{"data":"Slimebound:Nibble","floor":11,"key":"SMITH"},{"data":"Slimebound:Tackle","floor":13,"key":"SMITH"},{"floor":27,"key":"REST"},{"floor":35,"key":"RECALL"},{"floor":42,"key":"REST"},{"floor":45,"key":"REST"}],"circlet_count":0,"master_deck":["Slimebound:Strike_Slimebound","Slimebound:Strike_Slimebound","Slimebound:Tackle+1","Slimebound:Defend_Slimebound","Slimebound:Defend_Slimebound","Slimebound:Defend_Slimebound","Slimebound:CorrosiveSpit+1","Slimebound:GoopTackle","Slimebound:Nibble+1","Slimebound:MegaLick","Slimebound:SplitBruiser","Slimebound:SamplingLick","Slimebound:GrowthPunch","Slimebound:LeechEnergy","Slimebound:PressTheAttack","Slimebound:SpikyOuterGoop","Slimebound:Grow+1","Slimebound:ComboTackle+1","Slimebound:GoopSpray","Slimebound:RejuvenatingLick+1","Slimebound:LivingWall+1","Slimebound:HauntingLick+1","Slimebound:FlameTackle","Slimebound:SplitAcid+1","Slimebound:MegaLick","Replay:SS_forest_2","Slimebound:LeechEnergy","infinitespire:Collect","Slimebound:SplitLeeching","Slimebound:PrepareCrush+1","Slimebound:Chomp","Slimebound:ItLooksTasty+1","Slimebound:Equalize+1","Slimebound:Darklings","Slimebound:RejuvenatingLick+1","Slimebound:Dissolve+1","Slimebound:RallyTheTroops","Slimebound:HauntingLick+1","Slimebound:SamplingLick+1","Slimebound:LeadByExample"],"relics":["Slimebound:AbsorbEndCombat","aspiration:BabyByrd","infinitespire:PuzzleCube","Astrolabe","Garlic","aspiration:Lifesprig","downfall:HeartBlessingGreen","Happy Flower","PreservedInsect","conspire:GiftBox","infinitespire:Cupcake","conspire:RoyalGoblet","Guide Book","Fusion Hammer","ReplayTheSpireMod:TigerMarble","infinitespire:ShieldingShard","conspire:GiftBox"],"acts_visited":["Exordium","TheCity","TheBeyond"],"potions_floor_usage":[3,33,33,33,50,50],"damage_taken":[{"damage":7,"enemies":"Small Slimes","floor":2,"turns":5},{"damage":28,"enemies":"downfall:FleeingMerchant","floor":3,"turns":5},{"damage":8,"enemies":"Jaw Worm","floor":4,"turns":3},{"damage":7,"enemies":"2 Louse","floor":9,"turns":3},{"damage":22,"enemies":"downfall:FleeingMerchant","floor":12,"turns":4},{"damage":15,"enemies":"downfall:FleeingMerchant","floor":14,"turns":4},{"damage":0,"enemies":"2 Fungi Beasts","floor":15,"turns":2},{"damage":31,"enemies":"DF_ARCHETYPE_STREAMLINE","floor":16,"turns":8},{"damage":26,"enemies":"downfall:LooterAlt2","floor":19,"turns":4},{"damage":5,"enemies":"Spheric Guardian","floor":20,"turns":3},{"damage":23,"enemies":"conspire:HollyBat","floor":22,"turns":7},{"damage":14,"enemies":"Replay:Snechameleon","floor":23,"turns":9},{"damage":22,"enemies":"Snecko","floor":25,"turns":4},{"damage":27,"enemies":"Sentry and Sphere","floor":26,"turns":6},{"damage":0,"enemies":"downfall:FleeingMerchant","floor":28,"turns":3},{"damage":1,"enemies":"Snake Plant","floor":29,"turns":3},{"damage":11,"enemies":"Centurion and Healer","floor":31,"turns":3},{"damage":14,"enemies":"Shelled Parasite and Fungi","floor":32,"turns":4},{"damage":9,"enemies":"IC_MUSHROOM_ARCHETYPE","floor":33,"turns":5},{"damage":1,"enemies":"Orb Walker","floor":37,"turns":3},{"damage":10,"enemies":"3 Shapes","floor":38,"turns":3},{"damage":3,"enemies":"Jaw Worm Horde","floor":43,"turns":3},{"damage":8,"enemies":"Giant Head","floor":44,"turns":6},{"damage":15,"enemies":"conspire:MimicChest","floor":46,"turns":3},{"damage":0,"enemies":"Transient","floor":49,"turns":5},{"damage":126,"enemies":"WA_ARCHETYPE_DIVINITY","floor":50,"turns":5}],"seed_played":"1270822702581517020","potions_obtained":[{"floor":2,"key":"Flashbang"},{"floor":9,"key":"Dexterity Potion"},{"floor":15,"key":"BlessingOfTheForge"},{"floor":16,"key":"Adrenaline Potion"},{"floor":20,"key":"Regen Potion"},{"floor":22,"key":"hexamod:SoulburnPotion"},{"floor":33,"key":"hexamod:SoulburnPotion"},{"floor":37,"key":"sneckomod:MuddlingPotion"},{"floor":44,"key":"conspire:TimeTravelPotion"}],"is_trial":false,"path_per_floor":["R","M","$","M","?","R","T","R","M","?","R","$","R","$","M","B",null,"R_BF","M","M","?","M","E","T","M","M","R","$","M","AVR","M","M","B",null,"R","$","M","M","AVR","?","T","R","M","E","R","?","$","?","M","B"],"character_chosen":"SLIMEBOUND","items_purchased":["Slimebound:MegaLick","Slimebound:LeechEnergy","Happy Flower","Replay:SS_forest_2","PreservedInsect","Guide Book","Slimebound:Chomp","Slimebound:SlimedPotion","Slimebound:SamplingLick+1"],"campfire_rested":4,"item_purchase_floors":[3,12,28,28,28,36,36,36,47],"current_hp_per_floor":[71,66,46,44,44,65,65,65,62,67,67,53,53,46,50,27,76,76,58,57,86,70,64,64,50,31,56,64,67,67,64,58,71,86,86,86,86,84,84,84,84,86,83,78,86,71,71,71,86,0,0,0],"gold":80,"neow_bonus":"TEN_PERCENT_HP_BONUS","is_daily":false,"chose_seed":false,"campfire_upgraded":4,"win_rate":0.0,"timestamp":1613654200,"path_taken":["R","M","$","M","?","R","T","R","M","?","R","$","R","$","M","BOSS","R_BF","M","M","?","M","E","T","?","M","R","$","M","AVR","M","M","BOSS","R","$","M","M","AVR","?","T","R","M","E","R","?","$","?","M","BOSS"],"items_purchased_type":["Card","Card","Relic","Card","Relic","Relic","Card","Potion","Card"],"build_version":"2020-12-22","purchased_purges":1,"victory":false,"max_hp_per_floor":[71,71,71,71,71,71,71,71,71,76,76,76,76,76,76,76,76,76,76,76,86,86,86,86,86,86,86,86,86,86,86,86,86,86,86,86,86,86,86,86,86,86,86,86,86,86,86,86,86,86,86,86],"relic_stats":{"Happy Flower":[14],"counters":[26,113],"Astrolabe":["Slimebound:Overexert","Slimebound:Grow","Slimebound:ComboTackle"],"PreservedInsect":125,"obtain_stats":[{"aspiration:Lifesprig":24,"Happy Flower":28,"conspire:RoyalGoblet":34,"Astrolabe":17,"Guide Book":36,"downfall:HeartBlessingGreen":27,"PreservedInsect":28,"conspire:GiftBox":30,"infinitespire:ShieldingShard":44,"aspiration:BabyByrd":5,"Fusion Hammer":39,"Slimebound:AbsorbEndCombat":0,"Garlic":23,"ReplayTheSpireMod:TigerMarble":39,"infinitespire:PuzzleCube":7,"infinitespire:Cupcake":30},{"aspiration:Lifesprig":12,"Happy Flower":15,"conspire:RoyalGoblet":19,"Astrolabe":8,"Guide Book":19,"downfall:HeartBlessingGreen":14,"PreservedInsect":15,"conspire:GiftBox":16,"infinitespire:ShieldingShard":23,"aspiration:BabyByrd":3,"Fusion Hammer":21,"Slimebound:AbsorbEndCombat":0,"Garlic":12,"ReplayTheSpireMod:TigerMarble":21,"infinitespire:PuzzleCube":3,"infinitespire:Cupcake":16},{"aspiration:Lifesprig":57,"Happy Flower":70,"conspire:RoyalGoblet":85,"Astrolabe":34,"Guide Book":85,"downfall:HeartBlessingGreen":67,"PreservedInsect":70,"conspire:GiftBox":73,"infinitespire:ShieldingShard":100,"aspiration:BabyByrd":13,"Fusion Hammer":91,"Slimebound:AbsorbEndCombat":0,"Garlic":57,"ReplayTheSpireMod:TigerMarble":91,"infinitespire:PuzzleCube":13,"infinitespire:Cupcake":73}]},"card_choices":[{"not_picked":["Slimebound:PressTheAttack","Slimebound:DisruptingSlam"],"picked":"Slimebound:GoopTackle","floor":2},{"not_picked":["Slimebound:MegaLick","Slimebound:GrowthPunch"],"picked":"Slimebound:Nibble","floor":3},{"not_picked":["Slimebound:GoopTackle","Slimebound:ForwardTackle"],"picked":"Slimebound:SplitBruiser","floor":4},{"not_picked":["Slimebound:SlimeSpikes","Slimebound:ProtectTheBoss"],"picked":"Slimebound:SamplingLick","floor":9},{"not_picked":["Slimebound:LeechingTouch","Slimebound:Nibble"],"picked":"Slimebound:GrowthPunch","floor":12},{"not_picked":["Slimebound:Schlurp","Slimebound:SplitAcid"],"picked":"Slimebound:PressTheAttack","floor":14},{"not_picked":["Slimebound:SlimeSpikes","Slimebound:Schlurp"],"picked":"Slimebound:SpikyOuterGoop","floor":15},{"not_picked":["Slimebound:SlimeSlap","Slimebound:MassFeed"],"picked":"Slimebound:MassRepurpose","floor":16},{"not_picked":["Slimebound:ForwardTackle+1","Slimebound:LeechingTouch"],"picked":"Slimebound:GoopSpray","floor":19},{"not_picked":["Slimebound:Replication","Slimebound:SlimeBrawl"],"picked":"Slimebound:RejuvenatingLick+1","floor":20},{"not_picked":["Slimebound:FlameTackle","Slimebound:Gluttony"],"picked":"Slimebound:LivingWall+1","floor":22},{"not_picked":["Slimebound:LeechLife","Slimebound:Replication"],"picked":"Slimebound:HauntingLick+1","floor":23},{"not_picked":["Slimebound:SlimeTap","Slimebound:GoopTackle"],"picked":"Slimebound:FlameTackle","floor":25},{"not_picked":["Slimebound:LivingWall","Slimebound:LeechEnergy"],"picked":"Slimebound:SplitAcid+1","floor":26},{"not_picked":["Slimebound:PressTheAttack+1","Slimebound:GoopSpray"],"picked":"Slimebound:MegaLick","floor":28},{"not_picked":["Slimebound:SplitAcid","Slimebound:FinishingTackle"],"picked":"Slimebound:LeechEnergy","floor":29},{"not_picked":["Slimebound:OneTwoCombo","Slimebound:SlimeSlap"],"picked":"Slimebound:PrepareCrush","floor":30},{"not_picked":["Slimebound:MinionMaster","Slimebound:GoopTackle+1","Slimebound:Schlurp"],"picked":"SKIP","floor":31},{"not_picked":["Slimebound:SlimeSpikes","Slimebound:LeechingTouch"],"picked":"Slimebound:SplitLeeching","floor":32},{"not_picked":["Slimebound:Teamwork","Slimebound:MassRepurpose"],"picked":"Slimebound:PrepareCrush","floor":33},{"not_picked":["Slimebound:SplitBruiser+1","Slimebound:GoopTackle+1"],"picked":"Slimebound:ItLooksTasty+1","floor":37},{"not_picked":["Slimebound:FlameTackle","Slimebound:PressTheAttack"],"picked":"Slimebound:Equalize+1","floor":38},{"not_picked":["Slimebound:FinishingTackle+1","Slimebound:SplitLeeching"],"picked":"Slimebound:RejuvenatingLick+1","floor":43},{"not_picked":["Slimebound:Replication","Slimebound:SplitMire+1"],"picked":"Slimebound:Dissolve+1","floor":44},{"not_picked":["Slimebound:MassRepurpose","Slimebound:PrepareCrush+1"],"picked":"Slimebound:RallyTheTroops","floor":46},{"not_picked":["Slimebound:ComboTackle","Slimebound:SplitAcid+1"],"picked":"Slimebound:HauntingLick+1","floor":46},{"not_picked":["Slimebound:GoopSpray+1","Slimebound:SplitBruiser+1"],"picked":"Slimebound:LeadByExample","floor":49}],"player_experience":30857,"relics_obtained":[{"floor":7,"key":"infinitespire:PuzzleCube"},{"floor":23,"key":"Garlic"},{"floor":24,"key":"aspiration:Lifesprig"},{"floor":44,"key":"infinitespire:ShieldingShard"},{"floor":46,"key":"conspire:GiftBox"}],"event_choices":[{"damage_healed":0,"gold_gain":0,"player_choice":"Donut","damage_taken":0,"max_hp_gain":5,"max_hp_loss":0,"event_name":"Big Fish","floor":10,"gold_loss":0},{"cards_removed":["Slimebound:Overexert"],"damage_healed":19,"gold_gain":0,"player_choice":"Offered Rare","damage_taken":0,"max_hp_gain":10,"max_hp_loss":0,"event_name":"Bonfire Elementals","floor":21,"gold_loss":0},{"cards_removed":["Slimebound:PrepareCrush"],"damage_healed":0,"gold_gain":0,"player_choice":"Give","damage_taken":0,"max_hp_gain":0,"max_hp_loss":0,"event_name":"betterNote:BetterNote","floor":48,"gold_loss":0,"cards_obtained":["Defend_R"]}],"is_beta":false,"boss_relics":[{"not_picked":["Cursed Key","aspiration:RitualDagger"],"picked":"Astrolabe"},{"not_picked":["Snecko Eye","ReplayTheSpireMod:SealedPack"],"picked":"conspire:RoyalGoblet"}],"items_purged_floors":[39],"is_endless":false,"potions_floor_spawned":[2,9,15,16,20,22,25,29,32,33,37,43,44],"killed_by":"WA_ARCHETYPE_DIVINITY","ascension_level":0}}