{"host":"gc8yb33y1dm65mio","time":1613676324,"event":{"mods":["BaseMod","Bestiary","Colored Map","Colored Powertips","Curses Come First","Highlight Path","Minty Spire (QoL Compilation)","Quick Restart","Relic Stats","StSLib"],"gold_per_floor":[110,130,147,72,83,83,111,111,111,131,131,56,71,20,20,20,20],"floor_reached":16,"language":"ENG","playtime":683,"items_purged":["Strike_G"],"score":296,"play_id":"9f4812be-c49f-42c2-86a5-665e0117fa4e","local_time":"20210218112524","is_ascension_mode":true,"campfire_choices":[{"data":"Sucker Punch","floor":6.0,"key":"SMITH"},{"data":"Blade Dance","floor":8.0,"key":"SMITH"},{"data":"Dagger Spray","floor":11.0,"key":"SMITH"},{"data":"PiercingWail","floor":15.0,"key":"SMITH"}],"circlet_count":0,"master_deck":["AscendersBane","Strike_G","Strike_G","Strike_G","Defend_G","Defend_G","Defend_G","Defend_G","Defend_G","Survivor","Neutralize","Blade Dance+1","Quick Slash","Sucker Punch+1","Die Die Die","Dagger Spray+1","PiercingWail+1"],"relics":["Ring of the Snake","HornCleat","StrikeDummy"],"acts_visited":[],"potions_floor_usage":[16],"damage_taken":[{"damage":0.0,"enemies":"Cultist","floor":1.0,"turns":4.0},{"damage":0.0,"enemies":"2 Louse","floor":2.0,"turns":3.0},{"damage":4.0,"enemies":"Jaw Worm","floor":3.0,"turns":5.0},{"damage":1.0,"enemies":"Blue Slaver","floor":5.0,"turns":4.0},{"damage":10.0,"enemies":"3 Sentries","floor":7.0,"turns":7.0},{"damage":0.0,"enemies":"Exordium Wildlife","floor":10.0,"turns":3.0},{"damage":9.0,"enemies":"Large Slime","floor":13.0,"turns":5.0},{"damage":41,"enemies":"Slime Boss","floor":16,"turns":8}],"seed_played":"1626670571995827306","potions_obtained":[{"floor":2.0,"key":"AttackPotion"},{"floor":5.0,"key":"DistilledChaos"},{"floor":7.0,"key":"FearPotion"},{"floor":13.0,"key":"FearPotion"}],"is_trial":false,"path_per_floor":["M","M","M","$","M","R","E","R","T","M","R","?","M","$","R","B"],"character_chosen":"THE_SILENT","items_purchased":["PiercingWail"],"campfire_rested":0,"item_purchase_floors":[14],"current_hp_per_floor":[65,65,61,61,60,60,50,50,50,50,50,50,41,41,41,0,0],"gold":20,"neow_bonus":"TEN_PERCENT_HP_BONUS","is_daily":false,"chose_seed":false,"campfire_upgraded":4,"win_rate":0.0,"timestamp":1613676324,"path_taken":["M","M","?","$","M","R","E","R","T","M","R","?","M","?","R","BOSS"],"items_purchased_type":["Card"],"build_version":"2020-12-22","purchased_purges":1,"victory":false,"max_hp_per_floor":[72,72,72,72,72,72,72,72,72,72,72,72,72,72,72,72,72],"relic_stats":{"counters":[1,8],"obtain_stats":[{"HornCleat":0,"StrikeDummy":0,"Ring of the Snake":0},{"HornCleat":0,"StrikeDummy":0,"Ring of the Snake":0},{"HornCleat":0,"StrikeDummy":0,"Ring of the Snake":0}],"Ring of the Snake":[2]},"card_choices":[{"not_picked":["Flying Knee","Dodge and Roll"],"picked":"Blade Dance","floor":1.0},{"not_picked":["Concentrate","PiercingWail"],"picked":"Quick Slash","floor":2.0},{"not_picked":["Skewer","Slice"],"picked":"Sucker Punch","floor":3.0},{"not_picked":["Bane","Slice"],"picked":"Die Die Die","floor":5.0},{"not_picked":["Choke","Concentrate","Calculated Gamble"],"picked":"SKIP","floor":7.0},{"not_picked":["Quick Slash","Infinite Blades"],"picked":"Dagger Spray","floor":10.0},{"not_picked":["Tactician","Dodge and Roll","Sucker Punch"],"picked":"SKIP","floor":13.0}],"player_experience":1095006,"relics_obtained":[{"floor":7.0,"key":"HornCleat"},{"floor":9.0,"key":"StrikeDummy"}],"event_choices":[{"cards_removed":["Strike_G"],"damage_healed":0.0,"max_hp_gain":0.0,"max_hp_loss":0.0,"gold_gain":0.0,"event_name":"The Cleric","player_choice":"Card Removal","floor":12.0,"gold_loss":75.0,"damage_taken":0.0}],"is_beta":false,"boss_relics":[],"items_purged_floors":[4],"is_endless":false,"potions_floor_spawned":[2,5,7,13],"killed_by":"Slime Boss","ascension_level":19}}