{"host":"yassvrowvc2yfwp2","time":1613622448,"event":{"mods":["2.2 Compatiblity","Act Like it!","BaseMod","Better Note","Curses Come First","Dota2Spire","Downfall","HololiveMod","Jorbs\u0027s Wanderer Trilogy","Minty Spire (QoL Compilation)","Prisma Mod","Rare Cards Sparkle","Reimu£®≤©¿ˆ¡È√Œ£©","Replay The Spire","Say the Spire","Spicy Shops","StSLib","The Bug Knight","The Cursed","The Servant 0.9.4"],"gold_per_floor":[79,91,103,120,120,155,155,155,179,211,211,222,222,252,252,354,354,367,367,381,391,391,425,425,101,101,24,51,62,96,114,114,210,210,221,221,238,238,251,285,333,353,380,112,112,144,144,203,203,221],"floor_reached":51,"language":"ZHS","playtime":3147,"items_purged":["Injury","Decay"],"score":1312,"play_id":"de7a2f0c-e406-409c-8f5a-f22ecd40141c","local_time":"20210218122728","is_ascension_mode":true,"campfire_choices":[{"data":"Hololive_DDD","floor":7.0,"key":"SMITH"},{"data":"Hololive_CallOzoraSubaru","floor":11.0,"key":"SMITH"},{"data":"Apotheosis","floor":32,"key":"SMITH"},{"floor":47,"key":"DIG"},{"data":"Hololive_IdolExercise","floor":49,"key":"SMITH"}],"circlet_count":0,"master_deck":["Hololive_OvertimeWork","Hololive_CallCivia","Hololive_CallMurasakiShion","Hololive_CallAyundaRisu","Hololive_CallNakiriAyame","Hololive_CallUruhaRushia","Hololive_BringToTrial","Hololive_CallShirakamiFubuki","Hololive_FlyingPonyTail","Hololive_CallOzoraSubaru+1","Hololive_DDD+1","Hololive_CallTokinoSora","Hololive_CallArtia+1","Hololive_CallYozoraMel+1","Hololive_Thief","Hololive_ASMR","Hallucinations","stsjorbsmod:Withering","Hololive_CallManoAloe+1","Jack Of All Trades","Hololive_CallTokoyamiTowa","Hololive_CallCivia","Hololive_CallAZKi","Hololive_BringToTrial","Hololive_CallYozoraMel","Hololive_CallOkamiMio","Hololive_Yoholoon","Apotheosis+1","Flash of Steel","Swift Strike","Hololive_DurableLive","Hololive_AWSL","Hololive_CallNekomataOkayu","Hololive_HighAtkLowDef","Hololive_Psychosis+1","Hololive_CallShiranuiFlare","Hololive_CallShiroganeNoel+1","Hololive_CallMoonaHoshinova+1","Hololive_CallYogiri","Hololive_CallAiraniIofifteen+1","Hololive_ScarfAndHalo","Hololive_StrengthChampion+1","Hololive_CallKiryuuCoco","Hololive_StrengthChampion","Hololive_IdolExercise+1"],"relics":["Hololive_TheStar","HollowMod:PaleOreRelic","Mastiff:ReiMu","Dota2Spire:ArcaneBoots","Vajra","Replay:Ancient Bell","Orichalcum","Dota2Spire:OrchidMalevolence","Bird Faced Urn","Hololive_LightStick","ReplayTheSpireMod:ShopPack","Pondfish Scales","Pear","Dota2Spire:Vanguard","Runic Dome","Question Card","Shovel","Replay:Bandana","White Beast Statue","Mercury Hourglass"],"acts_visited":["Exordium","TheCity","TheBeyond"],"potions_floor_usage":[50,50],"damage_taken":[{"damage":0.0,"enemies":"Cultist","floor":1.0,"turns":3.0},{"damage":0.0,"enemies":"Jaw Worm","floor":2.0,"turns":3.0},{"damage":0.0,"enemies":"Small Slimes","floor":3.0,"turns":2.0},{"damage":0.0,"enemies":"Exordium Wildlife","floor":4.0,"turns":3.0},{"damage":7.0,"enemies":"3 Sentries","floor":6.0,"turns":8.0},{"damage":0.0,"enemies":"Lagavulin","floor":10.0,"turns":5.0},{"damage":0.0,"enemies":"Looter","floor":12.0,"turns":2.0},{"damage":0.0,"enemies":"Gremlin Nob","floor":14.0,"turns":3.0},{"damage":15.0,"enemies":"The Guardian","floor":16.0,"turns":6.0},{"damage":0.0,"enemies":"3 Byrds","floor":18.0,"turns":4.0},{"damage":0.0,"enemies":"Spheric Guardian","floor":20.0,"turns":3.0},{"damage":0.0,"enemies":"Chosen and Byrds","floor":21.0,"turns":3.0},{"damage":0,"enemies":"Slavers","floor":23,"turns":5},{"damage":0,"enemies":"Gremlin Leader","floor":28,"turns":2},{"damage":0,"enemies":"Cultist and Chosen","floor":29,"turns":3},{"damage":0,"enemies":"Slavers","floor":30,"turns":3},{"damage":0,"enemies":"Snake Plant","floor":31,"turns":2},{"damage":0,"enemies":"Automaton","floor":33,"turns":6},{"damage":0,"enemies":"3 Darklings","floor":35,"turns":3},{"damage":0,"enemies":"Orb Walker","floor":37,"turns":2},{"damage":0,"enemies":"Writhing Mass","floor":39,"turns":3},{"damage":0,"enemies":"Giant Head","floor":40,"turns":5},{"damage":0,"enemies":"2 Orb Walkers","floor":41,"turns":2},{"damage":0,"enemies":"3 Darklings","floor":42,"turns":5},{"damage":0,"enemies":"4 Shapes","floor":46,"turns":2},{"damage":0,"enemies":"Nemesis","floor":48,"turns":3},{"damage":0,"enemies":"Donu and Deca","floor":50,"turns":7}],"seed_played":"-4988629854105684298","potions_obtained":[{"floor":1.0,"key":"Elixir"},{"floor":3.0,"key":"Explosive Potion"},{"floor":21.0,"key":"Elixir"}],"is_trial":false,"path_per_floor":["M","M","M","M","?","E","R","?","T","E","R","M","?","E","R","B",null,"M","?","M","M","?","E","?","$","T","$","E","M","E","M","R","B",null,"M","?","M","?","M","E","?","M","T","$","?","M","R","E","R","B",null],"character_chosen":"Hololive_HololiveCharacter","items_purchased":["Hololive_CallOkamiMio","ReplayTheSpireMod:ShopPack","Hololive_Yoholoon","Hololive_DurableLive","Hololive_StrengthChampion+1","Hololive_CallKiryuuCoco"],"campfire_rested":0,"item_purchase_floors":[25,25,25,27,44,44],"current_hp_per_floor":[35,35,35,35,35,28,28,28,28,28,28,28,28,28,35,35,35,35,23,33,35,35,35,35,35,35,35,45,46,47,48,48,49,49,50,50,51,51,52,53,54,58,58,58,58,59,59,60,60,61],"gold":221,"neow_bonus":"TRANSFORM_CARD","is_daily":false,"chose_seed":false,"campfire_upgraded":4,"win_rate":0.0,"timestamp":1613622448,"path_taken":["M","?","M","M","?","E","R","?","T","E","R","?","?","E","R","BOSS","M","?","M","?","?","E","?","$","T","?","E","?","E","M","R","BOSS","M","?","M","?","?","E","?","M","T","$","?","M","R","E","R","BOSS"],"items_purchased_type":["Card","Relic","Card","Card","Card","Card"],"build_version":"2020-12-22","purchased_purges":2,"victory":true,"max_hp_per_floor":[35,35,35,35,35,35,35,35,35,35,35,35,35,35,35,35,35,35,35,35,35,35,35,35,35,35,35,45,46,47,48,48,49,49,50,50,51,51,52,53,54,58,58,58,58,59,59,60,60,61],"card_choices":[{"not_picked":["Hololive_CallInugamiKorone","Hololive_CallFriendA","Hololive_FlyingPonyTail"],"picked":"Hololive_CallShirakamiFubuki","floor":1.0},{"not_picked":["Hololive_CocoNews","Hololive_Drill","Hololive_StrengthChampion"],"picked":"Hololive_FlyingPonyTail","floor":2.0},{"not_picked":["Hololive_Psychosis","Hololive_StrengthChampion","Hololive_CallDoris"],"picked":"Hololive_CallOzoraSubaru","floor":3.0},{"not_picked":["Hololive_Breathe","Hololive_CallAiraniIofifteen","Hololive_CocoNews"],"picked":"Hololive_DDD","floor":4.0},{"not_picked":["Hololive_Spy","Hololive_Trident","Hololive_ILoveYou"],"picked":"Hololive_CallTokinoSora","floor":6.0},{"not_picked":["Hololive_LuckPotion","Hololive_Rebound","Hololive_Psychosis"],"picked":"Hololive_CallArtia","floor":10.0},{"not_picked":["Hololive_CallSakuraMiko","Hololive_Breathe","Hololive_CallYukihanaLamy"],"picked":"Hololive_CallYozoraMel","floor":12.0},{"not_picked":["Hololive_Drill","Hololive_LuckPotion","Hololive_Rebound"],"picked":"Hololive_Thief","floor":14.0},{"not_picked":["Hololive_DiamondStrike","Hololive_BeCareful","Hololive_MaximGun"],"picked":"Hololive_ASMR","floor":16.0},{"not_picked":["Voices","Doubt","Replay:Hysterical Blindness"],"picked":"Injury","floor":17.0},{"not_picked":["ReplayTheSpireMod:Faulty Equipment","Writhe","Regret"],"picked":"Hallucinations","floor":17.0},{"not_picked":["Writhe","Replay:Hysterical Blindness","Delirium"],"picked":"stsjorbsmod:Withering","floor":17.0},{"not_picked":["Hololive_SummonFox","Hololive_LuckPotion","Hololive_Breathe"],"picked":"Hololive_CallManoAloe+1","floor":18.0},{"not_picked":["Hololive_CallAmaneKanata","Hololive_Breathe","Hololive_CallNatsuiroMatsuri"],"picked":"Hololive_CallTokoyamiTowa","floor":20.0},{"not_picked":["Hololive_Rebound","Hololive_FlyingPonyTail+1","Hololive_Breathe"],"picked":"Hololive_CallCivia","floor":21.0},{"not_picked":["Hololive_CallArtia","Hololive_Teleport","Hololive_CocoNews"],"picked":"Hololive_CallAZKi","floor":23},{"not_picked":["Midas Touch","Magnetism","Violence"],"picked":"Apotheosis","floor":25},{"not_picked":["Replay:Sssssssssshield","Survey Options","Replay:Sssssssssstrike"],"picked":"Flash of Steel","floor":25},{"not_picked":["Replay:Sssssssssshield","Dramatic Entrance","ReplayTheSpireMod:Uncanny Aura"],"picked":"Swift Strike","floor":25},{"not_picked":["Hololive_HuntDinosaur+1","Hololive_Nanodesu","Hololive_CocoNews"],"picked":"Hololive_AWSL","floor":28},{"not_picked":["Hololive_Breathe","Hololive_LuckPotion+1","Hololive_CocoNews"],"picked":"Hololive_CallNekomataOkayu","floor":29},{"not_picked":["Hololive_LuckPotion","Hololive_Sequa","Hololive_Trident"],"picked":"Hololive_HighAtkLowDef","floor":30},{"not_picked":["Hololive_Trident","Hololive_RevenueBasedLive+1","Hololive_CallTokoyamiTowa"],"picked":"Hololive_Psychosis+1","floor":31},{"not_picked":["Hololive_Rebirth","Hololive_FlareMind","Hololive_HighAtkLowDef"],"picked":"Hololive_ScarfAndHalo","floor":33},{"not_picked":["Hololive_SoulCatcher+1","Hololive_Trident+1","Hololive_CandyCastle"],"picked":"Hololive_CallShiranuiFlare","floor":35},{"not_picked":["Hololive_Psychosis+1","Hololive_RevenueBasedLive+1","Hololive_CallSakuraMiko"],"picked":"Hololive_CallShiroganeNoel+1","floor":37},{"not_picked":["Hololive_Psychosis","Hololive_CallHoushouMarine","Hololive_CallHimemoriLuna+1"],"picked":"Hololive_CallMoonaHoshinova+1","floor":39},{"not_picked":["Hololive_SoulCatcher","Hololive_ILoveYou","Hololive_CallYozoraMel"],"picked":"Hololive_CallYogiri","floor":40},{"not_picked":["Hololive_Psychosis","Hololive_CallMinatoAqua","Hololive_FlyingPonyTail","Hololive_CocoNews+1"],"picked":"Hololive_CallAiraniIofifteen+1","floor":41},{"not_picked":["Hololive_SummonFox+1","Hololive_FlyingPonyTail+1","Hololive_CallTokinoSora+1","Hololive_CallManoAloe+1"],"picked":"Hololive_ScarfAndHalo","floor":42},{"not_picked":["Hololive_Rebound","Hololive_CallFriendA","Hololive_Trident","Hololive_CocoNews"],"picked":"Hololive_StrengthChampion","floor":46},{"not_picked":["Hololive_CocoNews","Hololive_StrengthChampion","Hololive_CallFriendA+1","Hololive_LuckPotion"],"picked":"Hololive_IdolExercise","floor":48}],"player_experience":2162699,"relics_obtained":[{"floor":6.0,"key":"HollowMod:PaleOreRelic"},{"floor":9.0,"key":"Mastiff:ReiMu"},{"floor":10.0,"key":"Dota2Spire:ArcaneBoots"},{"floor":14.0,"key":"Vajra"},{"floor":23,"key":"Hololive_LightStick"},{"floor":26,"key":"Pondfish Scales"},{"floor":28,"key":"Pear"},{"floor":30,"key":"Dota2Spire:Vanguard"},{"floor":40,"key":"Question Card"},{"floor":41,"key":"Shovel"},{"floor":43,"key":"Replay:Bandana"},{"floor":47,"key":"White Beast Statue"},{"floor":48,"key":"Mercury Hourglass"}],"event_choices":[{"cards_removed":["Hololive_Defend"],"damage_healed":0.0,"max_hp_gain":0.0,"max_hp_loss":0.0,"gold_gain":0.0,"event_name":"Purifier","player_choice":"Purged","floor":8.0,"gold_loss":0.0,"damage_taken":0.0},{"damage_healed":0.0,"max_hp_gain":0.0,"max_hp_loss":0.0,"gold_gain":0.0,"event_name":"Knowing Skull","player_choice":"CARD ","floor":19.0,"potions_obtained":[],"gold_loss":0.0,"damage_taken":12.0,"cards_obtained":["Jack Of All Trades"]},{"damage_healed":0,"gold_gain":0,"cards_transformed":["Hololive_Strike","Hololive_Defend"],"player_choice":"Became Test Subject","damage_taken":0,"max_hp_gain":0,"max_hp_loss":0,"event_name":"Drug Dealer","floor":24,"gold_loss":0,"cards_obtained":["Hololive_BringToTrial","Hololive_CallYozoraMel"]},{"damage_healed":0,"gold_gain":0,"player_choice":"Ignored","damage_taken":0,"max_hp_gain":0,"max_hp_loss":0,"event_name":"Tomb of Lord Red Mask","floor":36,"gold_loss":0},{"damage_healed":0,"gold_gain":0,"player_choice":"Cursed","damage_taken":0,"max_hp_gain":0,"max_hp_loss":0,"event_name":"Wheel of Change","floor":38,"gold_loss":0,"cards_obtained":["Decay"]},{"damage_healed":0,"gold_gain":0,"player_choice":"Fight","damage_taken":0,"max_hp_gain":0,"max_hp_loss":0,"event_name":"Mysterious Sphere","floor":41,"gold_loss":0},{"cards_removed":["Hololive_ScarfAndHalo"],"damage_healed":0,"gold_gain":0,"player_choice":"Removed Attack","damage_taken":0,"max_hp_gain":0,"max_hp_loss":0,"event_name":"Falling","floor":45,"gold_loss":0}],"is_beta":false,"boss_relics":[{"not_picked":["Runic Pyramid","SacredBark"],"picked":"Replay:Ancient Bell"},{"not_picked":["Dota2Spire:EchoSabre","Dota2Spire:ArmletOfMordiggian"],"picked":"Orichalcum"},{"not_picked":["Mirror","Gremlin Horn"],"picked":"Dota2Spire:OrchidMalevolence"},{"not_picked":["Old Coin","PureWhite:ReiMu"],"picked":"Bird Faced Urn"},{"not_picked":["bronze:MakeshiftBattery","Dota2Spire:Bloodstone"],"picked":"Runic Dome"}],"items_purged_floors":[25,44],"is_endless":false,"potions_floor_spawned":[1,3,14,21,28,30,39,40,41,48],"ascension_level":4}}