{"host":"vt6dr1xq3iy14a3e","time":1613648842,"event":{"mods":["AchievementEnabler","BaseMod","Colored Map","DeckTracker","Minty Spire (QoL Compilation)","Replay The Spire","StSLib","SuperFastMode"],"gold_per_floor":[111,127,138,154,79,79,98,98,98],"floor_reached":8,"language":"KOR","playtime":505,"items_purged":["Strike_R"],"score":100,"play_id":"cd3a83fd-ce5d-4b68-8cf1-f98f4c6c3183","local_time":"20210218204722","is_ascension_mode":true,"campfire_choices":[{"data":"Searing Blow","floor":6,"key":"SMITH"}],"circlet_count":0,"master_deck":["AscendersBane","Strike_R","Strike_R","Strike_R","Strike_R","Defend_R","Defend_R","Defend_R","Defend_R","Bash","Entrench","Searing Blow+1","Shrug It Off"],"relics":["Runic Pyramid"],"acts_visited":["Exordium"],"potions_floor_usage":[3,4,8],"damage_taken":[{"damage":12,"enemies":"Cultist","floor":1,"turns":4},{"damage":6,"enemies":"2 Louse","floor":2,"turns":4},{"damage":0,"enemies":"Jaw Worm","floor":3,"turns":6},{"damage":16,"enemies":"Exordium Thugs","floor":4,"turns":5},{"damage":11,"enemies":"3 Louse","floor":7,"turns":4},{"damage":27,"enemies":"3 Sentries","floor":8,"turns":6}],"seed_played":"8719467499876865959","potions_obtained":[{"floor":1,"key":"Dexterity Potion"},{"floor":3,"key":"Adrenaline Potion"},{"floor":4,"key":"SkillPotion"}],"is_trial":false,"path_per_floor":["M","M","M","M","$","R","M","E"],"character_chosen":"IRONCLAD","items_purchased":[],"campfire_rested":0,"item_purchase_floors":[],"current_hp_per_floor":[56,50,50,34,34,34,23,0,0],"gold":98,"neow_bonus":"BOSS_RELIC","is_daily":false,"chose_seed":false,"campfire_upgraded":1,"win_rate":0.0,"timestamp":1613648842,"path_taken":["M","M","M","M","$","R","M","E"],"items_purchased_type":[],"build_version":"2020-12-22","purchased_purges":1,"victory":false,"max_hp_per_floor":[75,75,75,75,75,75,75,75,75],"card_choices":[{"not_picked":["ReplayTheSpireMod:Strike From Hell","Twin Strike"],"picked":"Entrench","floor":1},{"not_picked":["Flame Barrier","Rupture"],"picked":"Searing Blow","floor":2},{"not_picked":["ReplayTheSpireMod:Muscle Training","Battle Trance"],"picked":"Shrug It Off","floor":3},{"not_picked":["Twin Strike","Fire Breathing","Iron Wave"],"picked":"SKIP","floor":4},{"not_picked":["Body Slam","Feel No Pain","Sword Boomerang"],"picked":"SKIP","floor":7}],"player_experience":1056024,"relics_obtained":[],"event_choices":[],"is_beta":false,"boss_relics":[],"items_purged_floors":[5],"is_endless":false,"potions_floor_spawned":[1,3,4],"killed_by":"3 Sentries","ascension_level":20}}