{"host":"wo90phlywfjtsb40","time":1613625187,"event":{"mods":["BaseMod","Hermit","Minty Spire (QoL Compilation)","StSLib","The Cursed"],"gold_per_floor":[111,111,111,123,123,123,123,156,179,179,203,244,24,37,37,165,165,186,206,121,9,9,9,40,40,40,61,61,61],"floor_reached":28,"language":"ENG","playtime":1384,"items_purged":[],"score":244,"play_id":"f244d2b0-bafe-43ca-818f-e20793daef58","local_time":"20210218061307","is_ascension_mode":false,"campfire_choices":[{"data":"Neutralize","floor":6,"key":"SMITH"},{"data":"All Out Attack","floor":10,"key":"SMITH"},{"floor":15,"key":"REST"},{"floor":23,"key":"REST"},{"floor":25,"key":"REST"}],"circlet_count":0,"master_deck":["Strike_G","Strike_G","Strike_G","Strike_G","Strike_G","Defend_G","Defend_G","Defend_G","Defend_G","Defend_G","Survivor","Neutralize+1","Poisoned Stab","Sucker Punch","All Out Attack+1","Dagger Spray","Blade Dance","Blade Dance","Infinite Blades","Finisher","Bane","Blade Dance","Envenom","Underhanded Strike","Prepared+1","Caltrops","Finisher","Sucker Punch","Poisoned Stab"],"relics":["Ring of the Serpent","Golden Idol","PreservedInsect","Potion Belt","Snake Skull","Torii","Nloth\u0027s Gift","Toy Ornithopter","Ornamental Fan"],"acts_visited":["Exordium","TheCity"],"potions_floor_usage":[16,28],"damage_taken":[{"damage":1,"enemies":"Cultist","floor":1,"turns":4},{"damage":0,"enemies":"Small Slimes","floor":4,"turns":3},{"damage":13,"enemies":"Lagavulin","floor":8,"turns":5},{"damage":0,"enemies":"2 Louse","floor":11,"turns":2},{"damage":4,"enemies":"3 Sentries","floor":12,"turns":3},{"damage":5,"enemies":"Exordium Wildlife","floor":14,"turns":4},{"damage":35,"enemies":"Hexaghost","floor":16,"turns":8},{"damage":15,"enemies":"Shell Parasite","floor":18,"turns":4},{"damage":0,"enemies":"Chosen","floor":19,"turns":3},{"damage":63,"enemies":"Slavers","floor":24,"turns":5},{"damage":14,"enemies":"3 Cultists","floor":27,"turns":5},{"damage":30,"enemies":"Centurion and Healer","floor":28,"turns":3}],"seed_played":"153374461348905374","potions_obtained":[{"floor":4,"key":"Swift Potion"},{"floor":11,"key":"FearPotion"},{"floor":12,"key":"SneckoOil"},{"floor":16,"key":"Swift Potion"},{"floor":19,"key":"EssenceOfSteel"}],"is_trial":false,"path_per_floor":["M","?","?","M","?","R","T","E","T","R","M","E","$","M","R","B",null,"M","M","?","$","?","R","E","R","T","M","M"],"character_chosen":"THE_SILENT","items_purchased":["Blade Dance","Infinite Blades","Finisher","Bane","Caltrops","Finisher"],"campfire_rested":3,"item_purchase_floors":[13,13,13,13,21,21],"current_hp_per_floor":[76,81,81,81,76,76,76,63,63,63,63,59,59,54,76,41,76,61,61,61,61,61,76,13,35,35,21,0,0],"gold":61,"neow_bonus":"TEN_PERCENT_HP_BONUS","is_daily":false,"chose_seed":false,"campfire_upgraded":2,"win_rate":0.0,"timestamp":1613625187,"path_taken":["M","?","?","M","?","R","?","E","T","R","M","E","$","M","R","BOSS","M","M","?","$","?","R","E","R","T","M","?"],"items_purchased_type":["Card","Card","Card","Card","Card","Card"],"build_version":"2020-12-22","purchased_purges":0,"victory":false,"max_hp_per_floor":[77,82,82,82,76,76,76,76,76,76,76,76,76,76,76,76,76,76,76,76,76,76,76,76,76,76,76,76,76],"card_choices":[{"not_picked":["PiercingWail","Backflip"],"picked":"Poisoned Stab","floor":1},{"not_picked":["Flying Knee","Prepared"],"picked":"Sucker Punch","floor":4},{"not_picked":["Poisoned Stab","Riddle With Holes"],"picked":"All Out Attack","floor":8},{"not_picked":["Backstab","Quick Slash"],"picked":"Dagger Spray","floor":11},{"not_picked":["Doppelganger","Well Laid Plans"],"picked":"Blade Dance","floor":12},{"not_picked":["Dodge and Roll","Noxious Fumes"],"picked":"Blade Dance","floor":14},{"not_picked":["Unload","Tools of the Trade"],"picked":"Envenom","floor":16},{"not_picked":["Outmaneuver","Well Laid Plans"],"picked":"Underhanded Strike","floor":18},{"not_picked":["Outmaneuver","Backstab"],"picked":"Prepared+1","floor":19},{"not_picked":["Dagger Spray","Endless Agony"],"picked":"Sucker Punch","floor":24},{"not_picked":["Skewer+1","Calculated Gamble"],"picked":"Poisoned Stab","floor":27}],"player_experience":38757,"relics_obtained":[{"floor":7,"key":"PreservedInsect"},{"floor":8,"key":"Potion Belt"},{"floor":9,"key":"Snake Skull"},{"floor":12,"key":"Lantern"},{"floor":24,"key":"Toy Ornithopter"},{"floor":26,"key":"Ornamental Fan"}],"event_choices":[{"damage_healed":0,"gold_gain":0,"player_choice":"Donut","damage_taken":0,"max_hp_gain":5,"max_hp_loss":0,"event_name":"Big Fish","floor":2,"gold_loss":0},{"damage_healed":0,"gold_gain":0,"player_choice":"Ignored","damage_taken":0,"max_hp_gain":0,"max_hp_loss":0,"event_name":"Golden Wing","floor":3,"gold_loss":0},{"damage_healed":0,"gold_gain":0,"player_choice":"Lose Max HP","damage_taken":0,"relics_obtained":["Golden Idol"],"max_hp_gain":0,"max_hp_loss":6,"event_name":"Golden Idol","floor":5,"gold_loss":0},{"damage_healed":0,"gold_gain":0,"player_choice":"Obtained Relic","damage_taken":0,"relics_obtained":["Torii"],"max_hp_gain":0,"max_hp_loss":0,"event_name":"Addict","floor":20,"gold_loss":85},{"damage_healed":0,"gold_gain":0,"player_choice":"Traded Relic","damage_taken":0,"relics_obtained":["Nloth\u0027s Gift"],"max_hp_gain":0,"max_hp_loss":0,"event_name":"N\u0027loth","floor":22,"relics_lost":["Lantern"],"gold_loss":0}],"is_beta":false,"boss_relics":[{"not_picked":["Ectoplasm","Fusion Hammer"],"picked":"Ring of the Serpent"}],"items_purged_floors":[],"is_endless":false,"potions_floor_spawned":[4,11,12,16,19],"killed_by":"Centurion and Healer","ascension_level":0}}