{"host":"dyzdf8svqmiivg97","time":1613641071,"event":{"mods":["AchievementEnabler","BaseMod","Colored Map","DeckTracker","Minty Spire (QoL Compilation)","Quick Restart","Rare Cards Sparkle","SuperFastMode"],"gold_per_floor":[111,61,76,93,168,168,182,182,182,206,206,306,325,360,360,360,360],"floor_reached":16,"language":"KOR","playtime":320,"items_purged":[],"score":181,"play_id":"405164ff-e3d7-4548-96b6-89a55a97e4ac","local_time":"20210218183751","is_ascension_mode":true,"campfire_choices":[{"floor":6,"key":"REST"},{"data":"Eruption","floor":8,"key":"SMITH"},{"data":"Scrawl","floor":11,"key":"SMITH"},{"data":"Meditate","floor":15,"key":"SMITH"}],"circlet_count":0,"master_deck":["Strike_P","Strike_P","Strike_P","Defend_P","Defend_P","Defend_P","Defend_P","Eruption+1","Vigilance","Scrawl+1","Meditate+1","FollowUp"],"relics":["PureWater","Gambling Chip","Ancient Tea Set","Unceasing Top"],"acts_visited":["Exordium"],"potions_floor_usage":[14,16,16],"damage_taken":[{"damage":7,"enemies":"Jaw Worm","floor":1,"turns":4},{"damage":24,"enemies":"Small Slimes","floor":3,"turns":4},{"damage":8,"enemies":"2 Louse","floor":4,"turns":2},{"damage":7,"enemies":"Red Slaver","floor":7,"turns":4},{"damage":0,"enemies":"2 Fungi Beasts","floor":13,"turns":1},{"damage":0,"enemies":"Lagavulin","floor":14,"turns":2},{"damage":30,"enemies":"Slime Boss","floor":16,"turns":3}],"seed_played":"-7104280083156879398","potions_obtained":[{"floor":1,"key":"StancePotion"},{"floor":4,"key":"AttackPotion"},{"floor":13,"key":"EntropicBrew"}],"is_trial":false,"path_per_floor":["M","?","M","M","?","R","M","R","T","T","R","?","M","E","R","B"],"character_chosen":"WATCHER","items_purchased":[],"campfire_rested":1,"item_purchase_floors":[],"current_hp_per_floor":[58,58,34,26,15,34,27,27,27,27,27,27,27,27,27,0,0],"gold":360,"neow_bonus":"THREE_RARE_CARDS","is_daily":false,"chose_seed":false,"campfire_upgraded":3,"win_rate":0.0,"timestamp":1613641071,"path_taken":["M","?","M","M","?","R","M","R","T","?","R","?","?","E","R","BOSS"],"items_purchased_type":[],"build_version":"2020-12-22","purchased_purges":0,"victory":false,"max_hp_per_floor":[65,65,65,65,65,65,65,65,65,65,65,65,65,65,65,65,65],"card_choices":[{"not_picked":["DevaForm","Alpha"],"picked":"Scrawl","floor":0},{"not_picked":["SandsOfTime","EmptyBody"],"picked":"Meditate","floor":1},{"not_picked":["CutThroughFate","FlyingSleeves","Halt"],"picked":"SKIP","floor":3},{"not_picked":["EmptyBody","FlurryOfBlows"],"picked":"FollowUp","floor":4},{"not_picked":["Protect","Prostrate","Alpha"],"picked":"SKIP","floor":7},{"not_picked":["CutThroughFate","Protect","Halt"],"picked":"SKIP","floor":13},{"not_picked":["Perseverance","ThirdEye","Devotion"],"picked":"SKIP","floor":14}],"player_experience":576821,"relics_obtained":[{"floor":9,"key":"Gambling Chip"},{"floor":10,"key":"Ancient Tea Set"},{"floor":14,"key":"Unceasing Top"}],"event_choices":[{"cards_removed":["Strike_P"],"damage_healed":0,"gold_gain":0,"player_choice":"Card Removal","damage_taken":0,"max_hp_gain":0,"max_hp_loss":0,"event_name":"The Cleric","floor":2,"gold_loss":50},{"damage_healed":0,"gold_gain":75,"player_choice":"Gather Gold","damage_taken":11,"max_hp_gain":0,"max_hp_loss":0,"event_name":"World of Goop","floor":5,"gold_loss":0},{"damage_healed":0,"gold_gain":100,"player_choice":"Pray","damage_taken":0,"max_hp_gain":0,"max_hp_loss":0,"event_name":"Golden Shrine","floor":12,"gold_loss":0}],"is_beta":false,"boss_relics":[],"items_purged_floors":[],"is_endless":false,"potions_floor_spawned":[1,4,13],"killed_by":"Slime Boss","ascension_level":9}}