{"host":"vhifjdba66khcqwn","time":1613687451,"event":{"mods":["AchievementEnabler","BaseMod","Bestiary","Energized Spire","Minty Spire (QoL Compilation)","Practice Mode","Relic Stats","Spicy Shops","StSLib","slay the spire mod where everything is the same but ironclad has a cowboy hat"],"gold_per_floor":[115,190,207,207,225,139,139,155,187,210,210,210,228,253,253,253,264,275,275,347,347,347,422,422,436,456,481,147,165,165,165,197,197,216,216,216,241,253,36,36,36,36,36,108,108,108,180,180,197,197,217,4,4,4,30,47,74,99,130,1,31,31,47,66,66,66,66,66,66,1,31,31],"floor_reached":73,"language":"ENG","playtime":5104,"items_purged":[],"score":3875,"play_id":"02140a99-c6bd-4cd5-81d9-c236a7d0fa24","local_time":"20210218143051","is_ascension_mode":true,"campfire_choices":[{"data":"Darkness","floor":7.0,"key":"SMITH"},{"floor":12.0,"key":"REST"},{"floor":19.0,"key":"REST"},{"data":"Recycle","floor":22.0,"key":"SMITH"},{"floor":31.0,"key":"REST"},{"floor":33.0,"key":"REST"},{"data":"Fission","floor":35.0,"key":"SMITH"},{"data":"Defragment","floor":38.0,"key":"SMITH"},{"data":"Double Energy","floor":41.0,"key":"SMITH"},{"data":"Echo Form","floor":43.0,"key":"SMITH"},{"data":"Defragment","floor":46.0,"key":"SMITH"},{"data":"Panacea","floor":54,"key":"SMITH"},{"floor":65,"key":"RECALL"},{"data":"Double Energy","floor":66,"key":"SMITH"},{"data":"Seek","floor":69,"key":"SMITH"}],"circlet_count":0,"master_deck":["AscendersBane","Strike_B+1","Strike_B","Strike_B","Strike_B+1","Defend_B","Defend_B","Defend_B","Defend_B","Zap","Dualcast","Reboot","Steam","Leap","Darkness+1","FTL","Seek+1","Reinforced Body","Defragment+1","Recycle+1","Defragment+1","Echo Form+1","Electrodynamics","Barrage+1","Ball Lightning","Cold Snap","Defragment+1","Coolheaded","Hologram","Conserve Battery","Defragment","Fission+1","Double Energy+1","Turbo","Shame","Multi-Cast","Biased Cognition","Madness","Madness","Self Repair","Dark Shackles","Panacea+1","Dramatic Entrance","Self Repair+1","Double Energy+1","Recycle","Fission+1","Consume","Skim","Sunder"],"relics":["FrozenCore","Happy Flower","Bronze Scales","Whetstone","Dead Branch","Vajra","Black Star","Inserter","Anchor","Pen Nib","Pantograph","Blue Candle","MealTicket","MawBank","Membership Card","DataDisk","Calipers","Philosopher\u0027s Stone","Runic Capacitor","Toy Ornithopter","Mercury Hourglass","TungstenRod","FossilizedHelix","Art of War","Bag of Preparation","Medical Kit","Blood Vial","Nunchaku","InkBottle","Sundial"],"acts_visited":["Exordium","TheCity","TheBeyond","TheEnding"],"potions_floor_usage":[72,72],"damage_taken":[{"damage":4.0,"enemies":"Jaw Worm","floor":1.0,"turns":3.0},{"damage":5.0,"enemies":"Small Slimes","floor":3.0,"turns":3.0},{"damage":0.0,"enemies":"Cultist","floor":5.0,"turns":4.0},{"damage":11.0,"enemies":"Red Slaver","floor":8.0,"turns":4.0},{"damage":36.0,"enemies":"Gremlin Nob","floor":9.0,"turns":4.0},{"damage":8.0,"enemies":"3 Louse","floor":13.0,"turns":3.0},{"damage":14.0,"enemies":"Lagavulin","floor":14.0,"turns":5.0},{"damage":5.0,"enemies":"Gremlin Gang","floor":17.0,"turns":3.0},{"damage":3.0,"enemies":"2 Fungi Beasts","floor":18.0,"turns":3.0},{"damage":1.0,"enemies":"The Guardian","floor":20.0,"turns":9.0},{"damage":26.0,"enemies":"The Guardian","floor":23.0,"turns":5.0},{"damage":13.0,"enemies":"Chosen","floor":25.0,"turns":4.0},{"damage":13.0,"enemies":"Spheric Guardian","floor":26.0,"turns":4.0},{"damage":13.0,"enemies":"Cultist and Chosen","floor":29.0,"turns":5.0},{"damage":50.0,"enemies":"Slavers","floor":32.0,"turns":6.0},{"damage":7.0,"enemies":"Snake Plant","floor":34.0,"turns":5.0},{"damage":19.0,"enemies":"Collector","floor":44.0,"turns":9.0},{"damage":14.0,"enemies":"Collector","floor":47.0,"turns":6.0},{"damage":3.0,"enemies":"3 Shapes","floor":49.0,"turns":3.0},{"damage":2.0,"enemies":"Orb Walker","floor":51.0,"turns":3.0},{"damage":2,"enemies":"Giant Head","floor":55,"turns":6},{"damage":2,"enemies":"Spire Growth","floor":56,"turns":6},{"damage":2,"enemies":"Nemesis","floor":57,"turns":7},{"damage":0,"enemies":"Giant Head","floor":59,"turns":10},{"damage":0,"enemies":"Reptomancer","floor":61,"turns":4},{"damage":0,"enemies":"Maw","floor":63,"turns":6},{"damage":0,"enemies":"Jaw Worm Horde","floor":64,"turns":4},{"damage":9,"enemies":"Time Eater","floor":67,"turns":12},{"damage":0,"enemies":"Shield and Spear","floor":71,"turns":4},{"damage":5,"enemies":"The Heart","floor":72,"turns":9}],"seed_played":"-8039473044316526069","potions_obtained":[{"floor":1.0,"key":"SpeedPotion"},{"floor":3.0,"key":"Fire Potion"},{"floor":13.0,"key":"SkillPotion"},{"floor":14.0,"key":"Explosive Potion"},{"floor":18.0,"key":"Swift Potion"},{"floor":20.0,"key":"LiquidMemories"},{"floor":25.0,"key":"FairyPotion"},{"floor":32.0,"key":"Dexterity Potion"},{"floor":44.0,"key":"Ancient Potion"},{"floor":55,"key":"SpeedPotion"}],"is_trial":false,"path_per_floor":["M","?","M","?","M","$","R","M","E","T","T","R","M","E","?","?","M","M","R","B",null,"R","B",null,"M","M","T","$","M","?","R","E","R","M","R","T","T","R","$","?","R","$","R","B",null,"R","B",null,"M","?","M","$","?","R","E","M","E","T","E","$","E","?","M","M","R","R","B",null,"R","$","E","B",null],"character_chosen":"DEFECT","items_purchased":["Happy Flower","Cold Snap","Pen Nib","Defragment","Coolheaded","Hologram","Membership Card","DataDisk","Double Energy","Turbo","Runic Capacitor","Self Repair","Medical Kit","Recycle","Skim","Sunder"],"campfire_rested":4,"item_purchase_floors":[6,28,28,28,28,28,39,39,39,39,52,52,60,60,70,70],"current_hp_per_floor":[60,49,44,71,71,71,71,60,24,24,24,45,37,23,28,28,23,20,42,41,41,41,15,61,48,35,35,35,22,22,44,22,44,37,37,37,37,37,52,52,52,67,67,57,57,57,62,73,70,56,54,69,59,59,71,76,76,76,76,76,76,76,76,76,76,76,76,76,76,76,76,76],"gold":31,"neow_bonus":"ONE_RANDOM_RARE_CARD","is_daily":false,"chose_seed":false,"campfire_upgraded":10,"win_rate":0.0,"timestamp":1613687451,"path_taken":["M","?","M","?","?","?","R","M","E","T","T","R","M","E","?","?","M","M","R","BOSS","R","BOSS","M","M","?","$","?","?","R","E","R","M","R","T","T","R","$","?","R","?","R","BOSS","R","BOSS","M","?","M","$","?","R","E","M","E","T","E","$","E","?","M","?","R","R","BOSS","R","$","E","BOSS"],"items_purchased_type":["Relic","Card","Relic","Card","Card","Card","Relic","Relic","Card","Card","Relic","Card","Relic","Card","Card","Card"],"build_version":"2020-12-22","purchased_purges":0,"victory":true,"max_hp_per_floor":[71,71,71,71,71,71,71,71,71,71,71,71,71,71,76,76,76,76,76,76,76,76,76,76,76,76,76,76,76,76,76,76,76,76,76,76,76,76,76,76,76,76,76,76,76,76,76,76,76,76,76,76,76,76,76,76,76,76,76,76,76,76,76,76,76,76,76,76,76,76,76,76],"relic_stats":{"Inserter":[53],"Happy Flower":[49],"counters":[30,159],"Dead Branch":[265],"Blue Candle":[24],"Pen Nib":[19],"Bag of Preparation":[12],"Whetstone":["Strike_B","Strike_B"],"MawBank":24,"Medical Kit":[11],"FrozenCore":[47],"Mercury Hourglass":[186],"Blood Vial":0,"Nunchaku":[7],"Sundial":[2],"Bronze Scales":[447],"Pantograph":28,"MealTicket":45,"Black Star":6,"Art of War":[6],"obtain_stats":[{"Calipers":40,"Vajra":14,"Runic Capacitor":52,"Bag of Preparation":59,"Whetstone":10,"FrozenCore":48,"Blood Vial":61,"Nunchaku":61,"Sundial":71,"Pantograph":32,"MealTicket":36,"Philosopher\u0027s Stone":45,"Cracked Core":0,"InkBottle":71,"Inserter":24,"Happy Flower":6,"Dead Branch":11,"Blue Candle":32,"Pen Nib":28,"MawBank":37,"Medical Kit":60,"Mercury Hourglass":55,"Anchor":27,"DataDisk":39,"Bronze Scales":9,"Black Star":21,"Art of War":59,"Membership Card":39,"Toy Ornithopter":55,"TungstenRod":57,"FossilizedHelix":57},{"Calipers":16,"Vajra":7,"Runic Capacitor":20,"Bag of Preparation":24,"Whetstone":5,"FrozenCore":18,"Blood Vial":25,"Nunchaku":25,"Sundial":29,"Pantograph":15,"MealTicket":16,"Philosopher\u0027s Stone":17,"Cracked Core":0,"InkBottle":29,"Inserter":11,"Happy Flower":3,"Dead Branch":5,"Blue Candle":15,"Pen Nib":13,"MawBank":16,"Medical Kit":24,"Mercury Hourglass":21,"Anchor":13,"DataDisk":16,"Bronze Scales":5,"Black Star":10,"Art of War":24,"Membership Card":16,"Toy Ornithopter":21,"TungstenRod":23,"FossilizedHelix":23},{"Calipers":70,"Vajra":26,"Runic Capacitor":91,"Bag of Preparation":120,"Whetstone":18,"FrozenCore":85,"Blood Vial":124,"Nunchaku":124,"Sundial":150,"Pantograph":65,"MealTicket":70,"Philosopher\u0027s Stone":79,"Cracked Core":0,"InkBottle":150,"Inserter":46,"Happy Flower":10,"Dead Branch":18,"Blue Candle":65,"Pen Nib":54,"MawBank":70,"Medical Kit":120,"Mercury Hourglass":97,"Anchor":54,"DataDisk":70,"Bronze Scales":18,"Black Star":41,"Art of War":120,"Membership Card":70,"Toy Ornithopter":97,"TungstenRod":110,"FossilizedHelix":110}],"Toy Ornithopter":0,"TungstenRod":11,"InkBottle":[10]},"card_choices":[{"not_picked":["Scrape","Storm"],"picked":"Steam","floor":1.0},{"not_picked":["Steam","Barrage"],"picked":"Leap","floor":3.0},{"not_picked":["Streamline","Steam"],"picked":"Darkness","floor":5.0},{"not_picked":["Lockon","Go for the Eyes"],"picked":"FTL","floor":8.0},{"not_picked":["Aggregate","Skim"],"picked":"Seek","floor":9.0},{"not_picked":["Capacitor","Storm"],"picked":"Reinforced Body","floor":13.0},{"not_picked":["Compile Driver","Steam"],"picked":"Defragment","floor":14.0},{"not_picked":["Barrage","Turbo"],"picked":"Recycle","floor":17.0},{"not_picked":["Rip and Tear","Capacitor"],"picked":"Defragment","floor":18.0},{"not_picked":["Multi-Cast","Seek"],"picked":"Echo Form","floor":20.0},{"not_picked":["All For One","Hyperbeam"],"picked":"Electrodynamics","floor":23.0},{"not_picked":["Streamline","Go for the Eyes"],"picked":"Barrage+1","floor":25.0},{"not_picked":["Barrage","Lockon+1"],"picked":"Ball Lightning","floor":26.0},{"not_picked":["Leap","Stack"],"picked":"Conserve Battery","floor":29.0},{"not_picked":["Lockon","Steam"],"picked":"Defragment","floor":32.0},{"not_picked":["Redo","Beam Cell"],"picked":"Fission","floor":34.0},{"not_picked":["Machine Learning","Electrodynamics"],"picked":"Multi-Cast","floor":44.0},{"not_picked":["Creative AI","Seek"],"picked":"Biased Cognition","floor":47.0},{"not_picked":["Leap+1","Skim","Sunder+1"],"picked":"SKIP","floor":49.0},{"not_picked":["Go for the Eyes","Hologram","Barrage"],"picked":"SKIP","floor":51.0},{"not_picked":["Thinking Ahead","Madness"],"picked":"Dark Shackles","floor":53},{"not_picked":["Violence","Bandage Up"],"picked":"Panacea","floor":53},{"not_picked":["Flash of Steel","HandOfGreed"],"picked":"Dramatic Entrance","floor":53},{"not_picked":["Gash","Machine Learning"],"picked":"Self Repair+1","floor":55},{"not_picked":["Auto Shields","Sweeping Beam","Rip and Tear"],"picked":"SKIP","floor":56},{"not_picked":["Force Field+1","Hyperbeam"],"picked":"Double Energy","floor":57},{"not_picked":["Gash","Streamline","All For One"],"picked":"SKIP","floor":59},{"not_picked":["Machine Learning","Barrage","Redo"],"picked":"SKIP","floor":61},{"not_picked":["Gash","Steam+1"],"picked":"Consume","floor":63},{"not_picked":["BootSequence","Auto Shields","Stack"],"picked":"SKIP","floor":64},{"not_picked":["Force Field","Hologram","Redo+1"],"picked":"SKIP","floor":71}],"player_experience":1212410,"relics_obtained":[{"floor":9.0,"key":"Bronze Scales"},{"floor":10.0,"key":"Whetstone"},{"floor":11.0,"key":"Dead Branch"},{"floor":14.0,"key":"Vajra"},{"floor":27.0,"key":"Anchor"},{"floor":32.0,"key":"Pantograph"},{"floor":32.0,"key":"Blue Candle"},{"floor":36.0,"key":"MealTicket"},{"floor":37.0,"key":"MawBank"},{"floor":55,"key":"Toy Ornithopter"},{"floor":55,"key":"Mercury Hourglass"},{"floor":57,"key":"TungstenRod"},{"floor":57,"key":"FossilizedHelix"},{"floor":59,"key":"Art of War"},{"floor":59,"key":"Bag of Preparation"},{"floor":61,"key":"Blood Vial"},{"floor":61,"key":"Nunchaku"},{"floor":71,"key":"InkBottle"},{"floor":71,"key":"Sundial"}],"event_choices":[{"damage_healed":0.0,"max_hp_gain":0.0,"max_hp_loss":0.0,"gold_gain":75.0,"event_name":"World of Goop","player_choice":"Gather Gold","floor":2.0,"gold_loss":0.0,"damage_taken":11.0},{"damage_healed":27.0,"max_hp_gain":0.0,"max_hp_loss":0.0,"gold_gain":0.0,"event_name":"Wheel of Change","player_choice":"Full Heal","floor":4.0,"gold_loss":0.0,"damage_taken":0.0},{"damage_healed":0.0,"max_hp_gain":5.0,"max_hp_loss":0.0,"gold_gain":0.0,"event_name":"Big Fish","player_choice":"Donut","floor":15.0,"gold_loss":0.0,"damage_taken":0.0},{"damage_healed":0.0,"max_hp_gain":0.0,"max_hp_loss":0.0,"gold_gain":0.0,"event_name":"Upgrade Shrine","player_choice":"Upgraded","floor":16.0,"gold_loss":0.0,"damage_taken":0.0,"cards_upgraded":["Defragment"]},{"damage_healed":0.0,"max_hp_gain":0.0,"max_hp_loss":0.0,"gold_gain":0.0,"event_name":"Vampires","player_choice":"Ignored","floor":30.0,"gold_loss":0.0,"damage_taken":0.0},{"damage_healed":0.0,"max_hp_gain":0.0,"max_hp_loss":0.0,"gold_gain":0.0,"event_name":"Addict","player_choice":"Stole Relic","floor":40.0,"gold_loss":0.0,"damage_taken":0.0,"relics_obtained":["Calipers"],"cards_obtained":["Shame"]},{"damage_healed":0.0,"max_hp_gain":0.0,"max_hp_loss":0.0,"gold_gain":0.0,"event_name":"Winding Halls","player_choice":"Embrace Madness","floor":50.0,"gold_loss":0.0,"damage_taken":14.0,"cards_obtained":["Madness","Madness"]},{"damage_healed":0,"gold_gain":0,"player_choice":"Memory 3","damage_taken":10,"max_hp_gain":0,"max_hp_loss":0,"event_name":"SensoryStone","floor":53,"gold_loss":0},{"damage_healed":0,"gold_gain":0,"player_choice":"Copied","damage_taken":0,"max_hp_gain":0,"max_hp_loss":0,"event_name":"Duplicator","floor":62,"gold_loss":0,"cards_obtained":["Fission"]}],"is_beta":false,"boss_relics":[{"not_picked":["Nuclear Battery","energizedSpire:NeverEndingSparkler"],"picked":"Black Star"},{"not_picked":["Astrolabe","SlaversCollar"],"picked":"Inserter"},{"not_picked":["energizedSpire:OgreHead","Coffee Dripper"],"picked":"Philosopher\u0027s Stone"},{"not_picked":["Sozu","energizedSpire:OldTV"],"picked":"FrozenCore"}],"items_purged_floors":[],"is_endless":false,"potions_floor_spawned":[1,3,8,13,14,18,20,25,26,32,44,49,55,61],"ascension_level":19}}