{"host":"9slw7l0ws16384qq","time":1613686773,"event":{"mods":["A Penny For Your Troubles","BaseMod","Colored Map","Downfall","Evolution","Hubris","Minty Spire (QoL Compilation)","Replay The Spire","StS++","StSLib"],"gold_per_floor":[99,109,109,124,124,140,140,166,166,166,166,185,185,48,63,139,139,139,139,151,171,182,198,198,298,198,183,200,200,100,100,114,190,190,190,298,312,312,323,94,171,190,201,231,131,131,131,147,157,158,158,158,158,158],"floor_reached":52,"language":"FRA","playtime":2328,"items_purged":["Replay:Hysterical Blindness"],"score":1153,"play_id":"72f813f9-c3a0-4f3d-93a7-e1e2ee30f2b6","local_time":"20210218231933","is_ascension_mode":true,"campfire_choices":[{"floor":1.0,"key":"DIG"},{"data":"Panache","floor":10.0,"key":"SMITH"},{"floor":13.0,"key":"REST"},{"data":"Guardian:StasisStrike","floor":18.0,"key":"SMITH"},{"floor":26.0,"key":"RECALL"},{"floor":30.0,"key":"REST"},{"data":"Guardian:Defend_Guardian","floor":35.0,"key":"SMITH"},{"floor":45.0,"key":"REST"},{"floor":47,"key":"REST"}],"circlet_count":0,"master_deck":["AscendersBane","Guardian:Strike_Guardian","Guardian:Strike_Guardian","Guardian:Strike_Guardian","Guardian:Defend_Guardian+1","Guardian:Defend_Guardian+1","Guardian:CurlUp+1","Guardian:TwinSlam","Panache+1","Guardian:StasisStrike+1","Guardian:MultiBeam","Guardian:Reroute","Guardian:FloatingOrbs","Guardian:ExploitGems","Guardian:ExploitGems"],"relics":["Guardian:ModeShifter","EVO:Axolotl","Smiling Mask","downfall:ShatteredFragment","Gambling Chip","War Paint","Guardian:StasisSlotReductionRelic","Pondfish Scales","Question Card","downfall:HeartBlessingBlue","MutagenicStrength","downfall:HeartBlessingRed","Sozu","Anchor","hubris:TinFlute","Omamori","downfall:HeartBlessingGreen"],"acts_visited":["Exordium","TheCity","TheBeyond","TheEnding"],"potions_floor_usage":[50],"damage_taken":[{"damage":2.0,"enemies":"Jaw Worm","floor":2.0,"turns":5.0},{"damage":6.0,"enemies":"Cultist","floor":4.0,"turns":4.0},{"damage":0.0,"enemies":"2 Louse","floor":6.0,"turns":2.0},{"damage":0.0,"enemies":"Lagavulin","floor":8.0,"turns":5.0},{"damage":3.0,"enemies":"downfall:LooterAlt","floor":12.0,"turns":2.0},{"damage":0.0,"enemies":"downfall:FleeingMerchant","floor":14.0,"turns":4.0},{"damage":0.0,"enemies":"3 Louse","floor":15.0,"turns":2.0},{"damage":33.0,"enemies":"DF_ARCHETYPE_STREAMLINE","floor":16.0,"turns":7.0},{"damage":0.0,"enemies":"Spheric Guardian","floor":20.0,"turns":3.0},{"damage":4.0,"enemies":"3 Byrds","floor":21.0,"turns":2.0},{"damage":2.0,"enemies":"Sentry and Sphere","floor":22.0,"turns":4.0},{"damage":6.0,"enemies":"Centurion and Healer","floor":23.0,"turns":4.0},{"damage":11.0,"enemies":"Colosseum Nobs","floor":25.0,"turns":3.0},{"damage":5.0,"enemies":"downfall:FleeingMerchant","floor":27.0,"turns":4.0},{"damage":3.0,"enemies":"Snake Plant","floor":28.0,"turns":3.0},{"damage":6.0,"enemies":"Sentry and Sphere","floor":32.0,"turns":3.0},{"damage":26.0,"enemies":"IC_MUSHROOM_ARCHETYPE","floor":33.0,"turns":7.0},{"damage":2.0,"enemies":"downfall:FleeingMerchant","floor":36.0,"turns":3.0},{"damage":0.0,"enemies":"Orb Walker","floor":37.0,"turns":3.0},{"damage":5.0,"enemies":"3 Darklings","floor":39.0,"turns":3.0},{"damage":10.0,"enemies":"Spire Growth","floor":42.0,"turns":5.0},{"damage":0.0,"enemies":"Sphere and 2 Shapes","floor":43.0,"turns":3.0},{"damage":29.0,"enemies":"Reptomancer","floor":44.0,"turns":4.0},{"damage":7,"enemies":"Transient","floor":48,"turns":5},{"damage":0,"enemies":"3 Darklings","floor":49,"turns":2},{"damage":14,"enemies":"SI_POISON_ARCHETYPE","floor":50,"turns":10},{"damage":76,"enemies":"downfall:CharBossMerchant","floor":52,"turns":7}],"seed_played":"-4748963575043222628","potions_obtained":[{"floor":2.0,"key":"SkillPotion"},{"floor":6.0,"key":"CultistPotion"},{"floor":8.0,"key":"Toxic Potion"},{"floor":15.0,"key":"Block Potion"},{"floor":20.0,"key":"Strength Potion"},{"floor":32.0,"key":"SkillPotion"}],"is_trial":false,"path_per_floor":["R_BF","M","?","M","?","M","T","E","?","R","?","M","R","$","M","B",null,"R","?","M","M","M","M","T","?","R","$","M","?","R","?","M","B",null,"R","$","M","$","M","$","T","M","M","E","R","?","R","M","M","B",null,"E"],"character_chosen":"GUARDIAN","items_purchased":["Guardian:FloatingOrbs","Guardian:Gem_Blue","Anchor","Guardian:Gem_Fragmented","Guardian:ExploitGems"],"campfire_rested":4,"item_purchase_floors":[14,36,36,40,40],"current_hp_per_floor":[65,63,63,57,33,33,33,33,33,33,33,30,49,49,49,16,53,53,53,53,49,47,41,41,30,40,35,32,32,54,54,48,22,62,62,60,60,60,55,55,55,45,45,16,38,38,60,53,53,39,66,0,0,0],"gold":158,"neow_bonus":"RANDOM_COLORLESS_2","is_daily":false,"chose_seed":false,"campfire_upgraded":3,"win_rate":0.0,"timestamp":1613686773,"path_taken":["R_BF","M","?","?","?","M","T","E","?","R","?","M","R","$","M","BOSS","BOSS","R","?","M","M","M","M","T","?","R","$","M","?","R","?","M","BOSS","R","?","?","$","M","$","T","M","M","E","R","?","R","M","M","BOSS","E"],"items_purchased_type":["Card","Card","Relic","Card","Card"],"build_version":"2020-12-22","purchased_purges":1,"victory":false,"max_hp_per_floor":[65,65,65,65,65,65,65,65,65,65,65,65,65,65,65,65,65,65,65,65,65,65,65,65,65,75,75,75,75,75,75,75,75,75,75,75,75,75,75,75,75,75,75,75,75,75,75,75,75,75,75,75,75,75],"card_choices":[{"not_picked":["Poisoned Strike","Secret Weapon"],"picked":"Panache","floor":0.0},{"not_picked":["Guardian:Reroute","Guardian:Gem_Crimson","Guardian:FuturePlans"],"picked":"SKIP","floor":2.0},{"not_picked":["Guardian:PrimingBeam","Guardian:BronzeArmor","Guardian:Repulse"],"picked":"SKIP","floor":4.0},{"not_picked":["Guardian:RollAttack","Guardian:TemporalStrike"],"picked":"Guardian:Gem_Orange","floor":6.0},{"not_picked":["Guardian:Emergency","Guardian:PolyBeam","Guardian:Gem_Lightblue"],"picked":"SKIP","floor":8.0},{"not_picked":["Guardian:ChargeCore","Guardian:Recover","Guardian:Gem_Crimson"],"picked":"SKIP","floor":12.0},{"not_picked":["Guardian:WalkerClaw","Guardian:FuturePlans","Guardian:PolyBeam"],"picked":"SKIP","floor":14.0},{"not_picked":["Guardian:ChargeCore","Guardian:ShieldCharger","Guardian:Incinerate"],"picked":"SKIP","floor":15.0},{"not_picked":["Guardian:FierceBash","Guardian:GatlingBeam"],"picked":"Guardian:Gem_Orange","floor":16.0},{"not_picked":["Guardian:BodySlam","Guardian:TemporalShield","Guardian:ChargeCore"],"picked":"SKIP","floor":20.0},{"not_picked":["Guardian:EvasiveProtocol","Guardian:TimeBomb","Guardian:Gem_Lightblue"],"picked":"SKIP","floor":21.0},{"not_picked":["Guardian:RollAttack","Guardian:PrimingBeam","Guardian:Gem_Red"],"picked":"SKIP","floor":22.0},{"not_picked":["Guardian:RollAttack","Guardian:Gem_Red","Guardian:Gem_Blue"],"picked":"SKIP","floor":23.0},{"not_picked":["Guardian:WalkerClaw","Guardian:Planning","Guardian:ShieldCharger+1","Guardian:TemporalShield"],"picked":"SKIP","floor":27.0},{"not_picked":["Guardian:FloatingOrbs","Guardian:PiercingHide+1","Guardian:BronzeOrb","Guardian:Reroute"],"picked":"SKIP","floor":28.0},{"not_picked":["Guardian:FloatingOrbs","Guardian:Planning","Guardian:Recover","Guardian:ChargeCore"],"picked":"SKIP","floor":32.0},{"not_picked":["Guardian:GatlingBeam","Guardian:StasisEngine","Guardian:FierceBash"],"picked":"Guardian:ExploitGems","floor":33.0},{"not_picked":["Guardian:Recover","Guardian:FloatingOrbs","Guardian:TemporalShield","Guardian:PolyBeam"],"picked":"SKIP","floor":36.0},{"not_picked":["Guardian:Gem_Red","Guardian:VentSteam","Guardian:BronzeArmor","Guardian:ChargeCore"],"picked":"SKIP","floor":37.0},{"not_picked":["Guardian:ChargeUp","Guardian:WalkerClaw","Guardian:TemporalStrike","Guardian:Planning"],"picked":"SKIP","floor":39.0},{"not_picked":["Guardian:VentSteam","Guardian:ChargeCore","Guardian:FuturePlans","Guardian:CrystalBeam+1"],"picked":"SKIP","floor":42.0},{"not_picked":["Guardian:Gem_Green","Guardian:CrystalBeam","Guardian:FuturePlans","Guardian:Repulse"],"picked":"SKIP","floor":43.0},{"not_picked":["Guardian:SpikerProtocol","Guardian:TemporalStrike","Guardian:Gem_Green","Guardian:Gem_Crimson"],"picked":"SKIP","floor":44.0},{"not_picked":["Guardian:GatlingBeam","Guardian:Gem_Green","Guardian:PrimingBeam","Guardian:Reroute"],"picked":"SKIP","floor":48},{"not_picked":["Guardian:WalkerClaw","Guardian:PolyBeam","Guardian:Reroute","Guardian:ShieldCharger+1"],"picked":"SKIP","floor":49}],"player_experience":1713078,"relics_obtained":[{"floor":1.0,"key":"Smiling Mask"},{"floor":7.0,"key":"Gambling Chip"},{"floor":8.0,"key":"War Paint"},{"floor":25.0,"key":"Pondfish Scales"},{"floor":25.0,"key":"Question Card"},{"floor":41.0,"key":"hubris:TinFlute"},{"floor":44.0,"key":"Omamori"}],"event_choices":[{"damage_healed":0.0,"max_hp_gain":0.0,"max_hp_loss":0.0,"gold_gain":0.0,"event_name":"Drug Dealer","player_choice":"Inject Mutagens","floor":29.0,"gold_loss":0.0,"damage_taken":0.0,"relics_obtained":["MutagenicStrength"]}],"is_beta":false,"boss_relics":[{"not_picked":["Busted Crown","ReplayTheSpireMod:DimensionalGlitch"],"picked":"Guardian:StasisSlotReductionRelic"},{"not_picked":["Astrolabe","StSpp:Magatama"],"picked":"Sozu"}],"items_purged_floors":[14],"is_endless":false,"potions_floor_spawned":[2,6,8,15,20,23,25,32,37,42,43,48],"killed_by":"downfall:CharBossMerchant","ascension_level":15}}