{"host":"mithrandi","time":1613652199,"event":{"mods":["BaseMod","Colored Map","Highlight Path","Minty Spire (QoL Compilation)","SuperFastMode"],"gold_per_floor":[111,111,111,111,111,111,144,144,192,192,235,235,250,270,270,360,360,378,392,392,392,471,471,471],"floor_reached":23,"language":"ENG","playtime":814,"items_purged":[],"score":390,"play_id":"9016d366-f362-4995-9e71-219353598448","local_time":"20210218144319","is_ascension_mode":true,"campfire_choices":[{"floor":6.0,"key":"REST"},{"data":"Bludgeon","floor":8.0,"key":"SMITH"},{"data":"Battle Trance","floor":10.0,"key":"SMITH"},{"data":"Bash","floor":12.0,"key":"SMITH"},{"data":"Pummel","floor":15.0,"key":"SMITH"}],"circlet_count":0,"master_deck":["AscendersBane","Strike_R+1","Strike_R","Strike_R","Strike_R+1","Strike_R+1","Defend_R+1","Defend_R","Defend_R","Defend_R","Bash+1","Bludgeon+1","Battle Trance+1","Pummel+1","Disarm","Anger","Barricade","Impervious","Rage","Clothesline","J.A.X."],"relics":["Burning Blood","Akabeko","Bloody Idol","Whetstone","Tiny Chest","Nunchaku","Sozu","Eternal Feather"],"acts_visited":["Exordium","TheCity"],"potions_floor_usage":[],"damage_taken":[{"damage":1.0,"enemies":"Cultist","floor":1.0,"turns":3.0},{"damage":8.0,"enemies":"Gremlin Nob","floor":7.0,"turns":3.0},{"damage":12.0,"enemies":"3 Sentries","floor":11.0,"turns":6.0},{"damage":0.0,"enemies":"Small Slimes","floor":13.0,"turns":1.0},{"damage":0.0,"enemies":"2 Louse","floor":14.0,"turns":1.0},{"damage":19.0,"enemies":"The Guardian","floor":16.0,"turns":12.0},{"damage":0.0,"enemies":"2 Thieves","floor":18.0,"turns":2.0},{"damage":12.0,"enemies":"Shell Parasite","floor":19.0,"turns":5.0},{"damage":60,"enemies":"Slavers","floor":23,"turns":5}],"seed_played":"-421684543183052350","potions_obtained":[{"floor":1.0,"key":"FearPotion"},{"floor":11.0,"key":"Dexterity Potion"}],"is_trial":false,"path_per_floor":["M","?","?","?","?","R","E","R","T","R","E","R","M","M","R","B",null,"M","M","?","?","T","E"],"character_chosen":"IRONCLAD","items_purchased":[],"campfire_rested":1,"item_purchase_floors":[],"current_hp_per_floor":[55,29,6,6,6,26,24,24,24,24,18,18,24,30,30,17,55,61,55,55,55,60,0,0],"gold":471,"neow_bonus":"THREE_RARE_CARDS","is_daily":false,"chose_seed":false,"campfire_upgraded":4,"win_rate":0.0,"timestamp":1613652199,"path_taken":["M","?","?","?","?","R","E","R","T","R","E","R","M","?","R","BOSS","M","M","?","?","?","E"],"items_purchased_type":[],"build_version":"2020-12-18","purchased_purges":0,"victory":false,"max_hp_per_floor":[75,75,75,75,68,68,68,68,68,68,68,68,68,68,68,68,68,68,68,68,68,68,68,68],"card_choices":[{"not_picked":["Brutality","Corruption"],"picked":"Bludgeon","floor":0.0},{"not_picked":["Flex","True Grit"],"picked":"Battle Trance","floor":1.0},{"not_picked":["Sever Soul","Wild Strike"],"picked":"Pummel","floor":7.0},{"not_picked":["Perfected Strike","Warcry"],"picked":"Disarm","floor":11.0},{"not_picked":["Clash","Flex"],"picked":"Anger","floor":13.0},{"not_picked":["Evolve","Flex"],"picked":"Barricade","floor":14.0},{"not_picked":["Barricade","Brutality"],"picked":"Impervious","floor":16.0},{"not_picked":["Headbutt","Wild Strike"],"picked":"Rage","floor":18.0},{"not_picked":["Anger","Cleave"],"picked":"Clothesline","floor":19.0}],"player_experience":2990088,"relics_obtained":[{"floor":7.0,"key":"Whetstone"},{"floor":9.0,"key":"Tiny Chest"},{"floor":11.0,"key":"Nunchaku"},{"floor":22.0,"key":"Eternal Feather"}],"event_choices":[{"damage_healed":0.0,"max_hp_gain":0.0,"max_hp_loss":0.0,"gold_gain":0.0,"event_name":"Scrap Ooze","player_choice":"Success","floor":2.0,"gold_loss":0.0,"damage_taken":26.0,"relics_obtained":["Akabeko"]},{"damage_healed":0.0,"max_hp_gain":0.0,"max_hp_loss":0.0,"gold_gain":0.0,"event_name":"Shining Light","player_choice":"Entered Light","floor":3.0,"gold_loss":0.0,"damage_taken":23.0,"cards_upgraded":["Defend_R","Strike_R"]},{"damage_healed":0.0,"max_hp_gain":0.0,"max_hp_loss":0.0,"gold_gain":0.0,"event_name":"Liars Game","player_choice":"Ignored","floor":4.0,"gold_loss":0.0,"damage_taken":0.0},{"damage_healed":0.0,"max_hp_gain":0.0,"max_hp_loss":7.0,"gold_gain":0.0,"event_name":"Golden Idol","player_choice":"Lose Max HP","floor":5.0,"gold_loss":0.0,"damage_taken":0.0,"relics_obtained":["Golden Idol"]},{"damage_healed":0.0,"max_hp_gain":0.0,"max_hp_loss":0.0,"gold_gain":0.0,"event_name":"Drug Dealer","player_choice":"Obtain J.A.X.","floor":20.0,"gold_loss":0.0,"damage_taken":0.0,"cards_obtained":["J.A.X."]},{"damage_healed":0.0,"max_hp_gain":0.0,"max_hp_loss":0.0,"gold_gain":0.0,"event_name":"Forgotten Altar","player_choice":"Gave Idol","floor":21.0,"relics_lost":["Golden Idol"],"gold_loss":0.0,"damage_taken":0.0,"relics_obtained":["Bloody Idol"]}],"is_beta":true,"boss_relics":[{"not_picked":["SlaversCollar","Black Star"],"picked":"Sozu"}],"items_purged_floors":[],"is_endless":false,"potions_floor_spawned":[1,11,13],"killed_by":"Slavers","ascension_level":20}}