{"host":"syfsfjmzue8y1a6l","time":1613656768,"event":{"mods":["AchievementEnabler","BaseMod","Colored Map","DeckTracker","Minty Spire (QoL Compilation)","Permanent Neow","SuperFastMode"],"gold_per_floor":[115,16,116,134,153,153,184,199,199,50,85,85,102,102,134,134,233,233,251,24,294,313,329,329,329],"floor_reached":24,"language":"KOR","playtime":1131,"items_purged":["Defend_P"],"score":266,"play_id":"a4f152eb-f9be-443c-9171-81c7f328681d","local_time":"20210218225928","is_ascension_mode":false,"campfire_choices":[{"data":"Eruption","floor":6.0,"key":"SMITH"},{"data":"DeusExMachina","floor":12.0,"key":"SMITH"},{"data":"Judgement","floor":16.0,"key":"SMITH"}],"circlet_count":0,"master_deck":["Strike_P","Strike_P","Strike_P","Strike_P","Defend_P","Defend_P","Defend_P","Eruption+1","Vigilance","DeusExMachina+1","FlurryOfBlows","WheelKick","Judgement+1","FlurryOfBlows+1","FlurryOfBlows+1","Pray","MasterReality","FearNoEvil+1","Tantrum+1","Madness","Prostrate"],"relics":["PureWater","Omamori","Molten Egg 2","Orrery","Calipers","Strawberry","Sozu","Bag of Preparation"],"acts_visited":["Exordium","TheCity"],"potions_floor_usage":[24],"damage_taken":[{"damage":0.0,"enemies":"Jaw Worm","floor":1.0,"turns":3.0},{"damage":1.0,"enemies":"Cultist","floor":4.0,"turns":3.0},{"damage":3.0,"enemies":"Small Slimes","floor":5.0,"turns":3.0},{"damage":35.0,"enemies":"3 Sentries","floor":7.0,"turns":11.0},{"damage":0.0,"enemies":"Red Slaver","floor":8.0,"turns":2.0},{"damage":10.0,"enemies":"Lagavulin","floor":11.0,"turns":3.0},{"damage":0.0,"enemies":"Large Slime","floor":13.0,"turns":2.0},{"damage":0.0,"enemies":"Gremlin Nob","floor":15.0,"turns":2.0},{"damage":25.0,"enemies":"Hexaghost","floor":17.0,"turns":6.0},{"damage":5,"enemies":"3 Byrds","floor":19,"turns":4},{"damage":10,"enemies":"2 Thieves","floor":22,"turns":2},{"damage":0,"enemies":"3 Cultists","floor":23,"turns":2},{"damage":35,"enemies":"Slavers","floor":24,"turns":3}],"seed_played":"7677669394874223249","potions_obtained":[{"floor":5.0,"key":"FearPotion"},{"floor":11.0,"key":"ColorlessPotion"},{"floor":13.0,"key":"LiquidBronze"},{"floor":17.0,"key":"SkillPotion"}],"is_trial":false,"path_per_floor":["M","$","?","M","M","R","E","M","T","$","E","R","M","M","E","R","B",null,"M","$","?","M","M","E"],"character_chosen":"WATCHER","items_purchased":["FlurryOfBlows","Orrery","Bag of Preparation","Tantrum+1"],"campfire_rested":0,"item_purchase_floors":[2,10,20,20],"current_hp_per_floor":[72,72,72,71,68,68,33,33,33,33,23,23,23,23,30,30,5,79,74,74,41,31,31,0,0],"gold":329,"neow_bonus":"ONE_RANDOM_RARE_CARD","is_daily":false,"chose_seed":false,"campfire_upgraded":3,"win_rate":0.0,"timestamp":1613656768,"path_taken":["M","$","?","?","M","R","E","M","T","?","E","R","M","M","E","R","BOSS","M","$","?","?","M","E"],"items_purchased_type":["Card","Relic","Relic","Card"],"build_version":"2020-12-22","purchased_purges":1,"victory":false,"max_hp_per_floor":[72,72,72,72,72,72,72,72,72,72,72,72,72,72,79,79,79,79,79,79,79,79,79,79,79],"card_choices":[{"not_picked":["SashWhip","FlyingSleeves","EmptyFist"],"picked":"SKIP","floor":1.0},{"not_picked":["EmptyBody","Evaluate","Worship"],"picked":"SKIP","floor":4.0},{"not_picked":["EmptyBody","Indignation","Evaluate"],"picked":"SKIP","floor":5.0},{"not_picked":["Collect","DeceiveReality","FlyingSleeves"],"picked":"SKIP","floor":7.0},{"not_picked":["Protect","BowlingBash"],"picked":"WheelKick","floor":8.0},{"not_picked":["CutThroughFate+1","FlurryOfBlows+1"],"picked":"Judgement","floor":10.0},{"not_picked":["FollowUp+1","PathToVictory"],"picked":"FlurryOfBlows+1","floor":10.0},{"not_picked":["Consecrate+1","BowlingBash+1"],"picked":"FlurryOfBlows+1","floor":11.0},{"not_picked":["WindmillStrike+1","SignatureMove+1"],"picked":"Pray","floor":13.0},{"not_picked":["SignatureMove+1","ThirdEye","SandsOfTime+1"],"picked":"SKIP","floor":15.0},{"not_picked":["DeusExMachina","Judgement"],"picked":"MasterReality","floor":17.0},{"not_picked":["Evaluate+1","Consecrate+1"],"picked":"FearNoEvil+1","floor":19},{"not_picked":["FlyingSleeves+1","Tantrum+1","Fasting2+1"],"picked":"SKIP","floor":22},{"not_picked":["FlyingSleeves+1","FlurryOfBlows+1"],"picked":"Prostrate","floor":23}],"player_experience":139498,"relics_obtained":[{"floor":7.0,"key":"Omamori"},{"floor":9.0,"key":"Molten Egg 2"},{"floor":11.0,"key":"Calipers"},{"floor":15.0,"key":"Strawberry"}],"event_choices":[{"damage_healed":0.0,"max_hp_gain":0.0,"max_hp_loss":0.0,"gold_gain":100.0,"event_name":"Golden Shrine","player_choice":"Pray","floor":3.0,"gold_loss":0.0,"damage_taken":0.0},{"damage_healed":0,"gold_gain":270,"player_choice":"GOLD GOLD CARD GOLD ","damage_taken":33,"max_hp_gain":0,"max_hp_loss":0,"event_name":"Knowing Skull","floor":21,"potions_obtained":[],"gold_loss":0,"cards_obtained":["Madness"]}],"is_beta":false,"boss_relics":[{"not_picked":["Velvet Choker","Snecko Eye"],"picked":"Sozu"}],"items_purged_floors":[2],"is_endless":false,"potions_floor_spawned":[5,11,13,17,22,23],"killed_by":"Slavers","ascension_level":0}}