{"host":"xrdu44lqyrrw1kvr","time":1613646786,"event":{"mods":["Aspiration","BaseMod","Colored Powertips","Minty Spire (QoL Compilation)","Relic Stats","Reliquary","Replay The Spire","StSLib"],"gold_per_floor":[118,118,128,53,53,81,81,115,191,191,205,205,223,254,254,352,352,367,377,377,377,392,392,57,57,103,103,136,235,269,279,279,377,377,397,412,431,143,160,190,190,290,290,290,310,339,403,432,432,432,432,432,31,56,56],"floor_reached":56,"language":"RUS","playtime":3180,"items_purged":["Voices","Strike_G","Strike_G","Strike_G"],"score":1968,"play_id":"3e83150a-beeb-4325-b75b-1a77f784ecde","local_time":"20210218141306","is_ascension_mode":true,"campfire_choices":[{"data":"Leg Sweep","floor":7,"key":"SMITH"},{"data":"Deadly Poison","floor":10,"key":"SMITH"},{"data":"Neutralize","floor":15,"key":"SMITH"},{"data":"Wraith Form v2","floor":23,"key":"SMITH"},{"floor":25,"key":"REST"},{"floor":32,"key":"DIG"},{"floor":41,"key":"RECALL"},{"floor":44,"key":"DIG"},{"floor":49,"key":"REST"},{"floor":52,"key":"DIG"}],"circlet_count":0,"master_deck":["Strike_G","Defend_G+1","Defend_G","Defend_G","Defend_G","Defend_G","Survivor","Neutralize+1","Backstab","Deadly Poison+1","Leg Sweep+1","Backflip","Blur","Crippling Poison","Wraith Form v2+1","Catalyst+1","Eviscerate","Crippling Poison","Footwork","Ghostly","Ghostly","Ghostly","Ghostly","Ghostly","Catalyst","Envenom","Storm of Steel","Infinite Blades+1","Riddle With Holes+1","Apotheosis","Pot Of Greed","Pot Of Greed","Pot Of Greed","A Thousand Cuts","Sneak Up+1","PiercingWail","Malaise"],"relics":["Ring of the Snake","NeowsBlessing","Ring of Fury","ReplayTheSpireMod:Ring of Exchange","Replay:Bottled Snecko","Pantograph","Snack Pack","Onion Ring","Snecko Eye","Blood Vial","ReplayFunnel","Shovel","PreservedInsect","Replay:Rubber Ducky","reliquary:RedCape","Grinning Jar","Mummified Hand","Ginger","Molten Egg 2","aspiration:HatOfInfinitePower","ReplayTheSpireMod:Ninjato","InkBottle","reliquary:Stiletto"],"acts_visited":["Exordium","TheCity","TheBeyond","TheEnding"],"potions_floor_usage":[8,14,14,16,22,33,37,40,40,46,50,55,55],"damage_taken":[{"damage":0,"enemies":"Cultist","floor":1,"turns":1},{"damage":0,"enemies":"Jaw Worm","floor":3,"turns":1},{"damage":0,"enemies":"3 Sentries","floor":6,"turns":1},{"damage":17,"enemies":"Lagavulin","floor":8,"turns":6},{"damage":0,"enemies":"2 Louse","floor":11,"turns":2},{"damage":6,"enemies":"Lots of Slimes","floor":13,"turns":4},{"damage":14,"enemies":"3 Sentries","floor":14,"turns":11},{"damage":50,"enemies":"Slime Boss","floor":16,"turns":19},{"damage":8,"enemies":"Spheric Guardian","floor":18,"turns":5},{"damage":0,"enemies":"3 Byrds","floor":19,"turns":4},{"damage":19,"enemies":"Centurion and Healer","floor":22,"turns":6},{"damage":5,"enemies":"Gremlin Leader","floor":28,"turns":7},{"damage":2,"enemies":"Book of Stabbing","floor":30,"turns":7},{"damage":0,"enemies":"Snecko","floor":31,"turns":5},{"damage":12,"enemies":"Automaton","floor":33,"turns":10},{"damage":0,"enemies":"3 Darklings","floor":35,"turns":8},{"damage":0,"enemies":"Orb Walker","floor":36,"turns":3},{"damage":0,"enemies":"Transient","floor":37,"turns":5},{"damage":0,"enemies":"3 Darklings","floor":39,"turns":7},{"damage":3,"enemies":"Nemesis","floor":40,"turns":5},{"damage":2,"enemies":"Writhing Mass","floor":45,"turns":4},{"damage":22,"enemies":"R_Hoarder","floor":46,"turns":3},{"damage":0,"enemies":"Reptomancer","floor":48,"turns":2},{"damage":0,"enemies":"Donu and Deca","floor":50,"turns":9},{"damage":0,"enemies":"Shield and Spear","floor":54,"turns":4},{"damage":7,"enemies":"The Heart","floor":55,"turns":9}],"seed_played":"2332740293752166342","potions_obtained":[{"floor":1,"key":"SkillPotion"},{"floor":3,"key":"FairyPotion"},{"floor":8,"key":"Block Potion"},{"floor":11,"key":"EssenceOfSteel"},{"floor":14,"key":"SteroidPotion"},{"floor":19,"key":"Poison Potion"},{"floor":22,"key":"Weak Potion"},{"floor":31,"key":"SkillPotion"},{"floor":36,"key":"Adrenaline Potion"},{"floor":39,"key":"Adrenaline Potion"},{"floor":45,"key":"SneckoOil"},{"floor":46,"key":"Strength Potion"},{"floor":47,"key":"Elixir"},{"floor":54,"key":"DuplicationPotion"}],"is_trial":false,"path_per_floor":["M","?","M","$","?","E","R","E","T","R","M","?","M","E","R","B",null,"M","M","?","?","M","R","$","R","T","?","E","?","E","M","R","B",null,"M","M","M","$","M","E","R","?","T","R","M","E","?","E","R","B",null,"R","$","E","B",null],"character_chosen":"THE_SILENT","items_purchased":["Footwork","Blood Vial","Apotheosis","InkBottle"],"campfire_rested":2,"item_purchase_floors":[24,24,38,53],"current_hp_per_floor":[63,63,63,63,63,63,63,46,46,46,48,48,46,34,34,13,56,48,48,48,48,29,29,29,50,50,35,30,30,30,34,34,25,33,35,35,35,35,35,35,35,35,35,35,33,15,7,11,21,35,35,35,35,35,35],"gold":56,"neow_bonus":"THREE_ENEMY_KILL","is_daily":false,"chose_seed":false,"campfire_upgraded":4,"win_rate":0.0,"timestamp":1613646786,"path_taken":["M","?","M","$","?","E","R","E","T","R","M","?","M","E","R","BOSS","M","?","?","?","M","R","$","R","T","?","E","?","E","M","R","BOSS","M","M","M","$","M","E","R","?","T","R","?","E","?","E","R","BOSS","R","$","E","BOSS"],"items_purchased_type":["Card","Relic","Card","Relic"],"build_version":"2020-12-22","purchased_purges":4,"victory":true,"max_hp_per_floor":[70,70,70,70,70,70,70,70,70,70,70,70,70,70,70,70,70,70,70,70,70,70,70,70,70,70,35,35,35,35,35,35,35,35,35,35,35,35,35,35,35,35,35,35,35,35,35,35,35,35,35,35,35,35,35],"relic_stats":{"Blood Vial":13,"Shovel":3,"counters":[26,148],"Mummified Hand":[37],"Pantograph":37,"Snecko Eye":[199,238,198,211],"PreservedInsect":278,"Ginger":[2],"obtain_stats":[{"ReplayFunnel":26,"ReplayTheSpireMod:Ring of Exchange":2,"ReplayTheSpireMod:Ninjato":52,"NeowsBlessing":0,"PreservedInsect":30,"Ginger":46,"reliquary:RedCape":34,"Replay:Rubber Ducky":32,"Blood Vial":24,"Shovel":28,"Mummified Hand":44,"Pantograph":8,"Snecko Eye":17,"Ring of Fury":2,"Onion Ring":14,"Molten Egg 2":47,"reliquary:Stiletto":54,"Snack Pack":9,"Replay:Bottled Snecko":6,"Grinning Jar":40,"aspiration:HatOfInfinitePower":48,"InkBottle":53,"Ring of the Snake":0},{"ReplayFunnel":11,"ReplayTheSpireMod:Ring of Exchange":1,"ReplayTheSpireMod:Ninjato":24,"NeowsBlessing":0,"PreservedInsect":13,"Ginger":22,"reliquary:RedCape":15,"Replay:Rubber Ducky":14,"Blood Vial":11,"Shovel":12,"Mummified Hand":20,"Pantograph":4,"Snecko Eye":8,"Ring of Fury":1,"Onion Ring":7,"Molten Egg 2":22,"reliquary:Stiletto":25,"Snack Pack":4,"Replay:Bottled Snecko":3,"Grinning Jar":20,"aspiration:HatOfInfinitePower":23,"InkBottle":24,"Ring of the Snake":0},{"ReplayFunnel":60,"ReplayTheSpireMod:Ring of Exchange":1,"ReplayTheSpireMod:Ninjato":135,"NeowsBlessing":0,"PreservedInsect":74,"Ginger":124,"reliquary:RedCape":89,"Replay:Rubber Ducky":79,"Blood Vial":60,"Shovel":67,"Mummified Hand":117,"Pantograph":9,"Snecko Eye":45,"Ring of Fury":1,"Onion Ring":26,"Molten Egg 2":124,"reliquary:Stiletto":139,"Snack Pack":9,"Replay:Bottled Snecko":3,"Grinning Jar":117,"aspiration:HatOfInfinitePower":126,"InkBottle":135,"Ring of the Snake":0}],"InkBottle":[10],"Ring of the Snake":[52]},"card_choices":[{"not_picked":["Reflex","Bane"],"picked":"Backstab","floor":1},{"not_picked":["Backflip","Distraction"],"picked":"Deadly Poison","floor":3},{"not_picked":["Envenom","Finisher"],"picked":"Leg Sweep","floor":6},{"not_picked":["Leg Sweep","Masterful Stab"],"picked":"Backflip","floor":8},{"not_picked":["Leg Sweep","Deflect","Underhanded Strike"],"picked":"SKIP","floor":11},{"not_picked":["Dagger Throw","All Out Attack","Backflip"],"picked":"SKIP","floor":13},{"not_picked":["Deflect","Unload"],"picked":"Crippling Poison","floor":14},{"not_picked":["ReplayTheSpireMod:Necrosis","Phantasmal Killer"],"picked":"Wraith Form v2","floor":16},{"not_picked":["Blade Dance+1","PiercingWail"],"picked":"Catalyst+1","floor":18},{"not_picked":["Deflect","Bane"],"picked":"Eviscerate","floor":19},{"not_picked":["Flying Knee","Acrobatics+1","Slice"],"picked":"SKIP","floor":22},{"not_picked":["Deadly Poison","Prepared"],"picked":"Catalyst","floor":28},{"not_picked":["Dodge and Roll","Quick Slash"],"picked":"Envenom","floor":30},{"not_picked":["Dagger Spray","Underhanded Strike","Draining Mist+1"],"picked":"SKIP","floor":31},{"not_picked":["Malaise","Unload"],"picked":"Storm of Steel","floor":33},{"not_picked":["Deflect+1","Dodge and Roll+1"],"picked":"Infinite Blades+1","floor":35},{"not_picked":["Sucker Punch","Slice","ReplayTheSpireMod:Tripwire+1"],"picked":"SKIP","floor":36},{"not_picked":["Quick Slash","Underhanded Strike"],"picked":"Riddle With Holes+1","floor":37},{"not_picked":["ReplayTheSpireMod:Exploit Weakness+1","Flying Knee+1","Deflect+1"],"picked":"SKIP","floor":39},{"not_picked":["Bane+1","Blade Dance+1"],"picked":"A Thousand Cuts","floor":40},{"not_picked":["Prepared+1","Concentrate","Deflect"],"picked":"SKIP","floor":45},{"not_picked":["Cloak And Dagger+1","Draining Mist+1"],"picked":"Sneak Up+1","floor":46},{"not_picked":["Setup","ReplayTheSpireMod:Speed Training"],"picked":"PiercingWail","floor":47},{"not_picked":["Backstab+1","ReplayTheSpireMod:The Works"],"picked":"Malaise","floor":48},{"not_picked":["Quick Slash+1","Blade Dance","Accuracy+1"],"picked":"SKIP","floor":54}],"player_experience":2003742,"relics_obtained":[{"floor":2,"key":"Ring of Fury"},{"floor":2,"key":"ReplayTheSpireMod:Ring of Exchange"},{"floor":6,"key":"Replay:Bottled Snecko"},{"floor":8,"key":"Pantograph"},{"floor":9,"key":"Snack Pack"},{"floor":14,"key":"Onion Ring"},{"floor":26,"key":"ReplayFunnel"},{"floor":28,"key":"Shovel"},{"floor":30,"key":"PreservedInsect"},{"floor":32,"key":"Replay:Rubber Ducky"},{"floor":40,"key":"Grinning Jar"},{"floor":44,"key":"Mummified Hand"},{"floor":46,"key":"Ginger"},{"floor":47,"key":"Molten Egg 2"},{"floor":48,"key":"aspiration:HatOfInfinitePower"},{"floor":52,"key":"ReplayTheSpireMod:Ninjato"},{"floor":54,"key":"reliquary:Stiletto"}],"event_choices":[{"damage_healed":0,"gold_gain":0,"cards_transformed":["Strike_G"],"player_choice":"Transformed","damage_taken":0,"max_hp_gain":0,"max_hp_loss":0,"event_name":"Transmorgrifier","floor":12,"gold_loss":0,"cards_obtained":["Blur"]},{"damage_healed":0,"gold_gain":0,"player_choice":"Read","damage_taken":0,"max_hp_gain":0,"max_hp_loss":0,"event_name":"The Library","floor":20,"gold_loss":0,"cards_obtained":["Crippling Poison"]},{"damage_healed":0,"gold_gain":0,"player_choice":"Became a Ghost","damage_taken":0,"max_hp_gain":0,"max_hp_loss":35,"event_name":"Ghosts","floor":27,"gold_loss":0,"cards_obtained":["Ghostly","Ghostly","Ghostly","Ghostly","Ghostly"]},{"damage_healed":0,"gold_gain":99,"player_choice":"Stole From Cult","damage_taken":0,"max_hp_gain":0,"max_hp_loss":0,"event_name":"Nest","floor":29,"gold_loss":0},{"damage_healed":0,"gold_gain":100,"player_choice":"Pray","damage_taken":0,"max_hp_gain":0,"max_hp_loss":0,"event_name":"Golden Shrine","floor":42,"gold_loss":0}],"is_beta":false,"boss_relics":[{"not_picked":["reliquary:Craggleroot","Replay:Bronze Core"],"picked":"Snecko Eye"},{"not_picked":["HandDrill","Frozen Eye"],"picked":"reliquary:RedCape"}],"items_purged_floors":[4,24,38,53],"is_endless":false,"potions_floor_spawned":[1,3,8,11,14,19,22,31,36,39,45,46,54],"ascension_level":9}}