{"host":"81h68oe4mr04pk3r","time":1613626605,"event":{"mods":["Act Like it!","Aspiration","BaseMod","BetterRewards","Colored Map","Colored Powertips","Conspire","Downfall","Gensokyo","Hallownest","Hermit","Hubris","Infinite Spire","Jorbs\u0027s Wanderer Trilogy","Koishi","Lobotomy","LobotomyExtend","Marisa????????","Minty Spire (QoL Compilation)","Quick Restart","Reimu??????","Remilia??????","StSLib","The Bug Knight","The Construct","The Cursed","The Disciple","The Servant 0.9.4"],"gold_per_floor":[109,209,3,3,23,23,34,49,122,122,122,134,134,151,151,247,247,267,517,517,517,517],"floor_reached":21,"language":"ENG","playtime":944,"items_purged":[],"score":169,"play_id":"24e814b1-0cc2-4dd3-8663-a4dba26ba86e","local_time":"20210217213645","is_ascension_mode":false,"campfire_choices":[{"data":"HollowMod:MantisMark","floor":6,"key":"SMITH"},{"data":"HollowMod:ChannelNail","floor":11,"key":"SMITH"},{"data":"HollowMod:NewJinnsSoul","floor":13,"key":"SMITH"},{"floor":15,"key":"REST"}],"circlet_count":0,"master_deck":["HollowMod:NailStrikeStart","HollowMod:NailStrikeStart","HollowMod:NailStrikeStart","HollowMod:NailStrikeStart","HollowMod:QuickDashStart","HollowMod:QuickDashStart","HollowMod:QuickDashStart","HollowMod:QuickDashStart","HollowMod:FocusHealStart","HollowMod:PogoStrike","HollowMod:DashSlash","HollowMod:MantisMark+1","Gensokyo:LockedMedkit","HollowMod:AbyssShriek","HollowMod:ChannelNail+1","HollowMod:DashSlash","HollowMod:NewJinnsSoul+1","HollowMod:InfectedAttack","HollowMod:AwokenDreamNail","stsjorbsmod:Frostbite","stsjorbsmod:ProdigalMemory","HollowMod:DoubleDash+1"],"relics":["HollowMod:VesselMask","LetterFromLob","aspiration:Nostalgia","stsjorbsmod:BookOfTrialsRelic","hubris:BottledRain","hubris:Towel","aspiration:SilentSkillbook"],"acts_visited":["Gensokyo:Gensokyo","Gensokyo:Gensokyoer"],"potions_floor_usage":[16],"damage_taken":[{"damage":2,"enemies":"Gensokyo:Python","floor":1,"turns":3},{"damage":0,"enemies":"Gensokyo:3_Fairies","floor":5,"turns":4},{"damage":0,"enemies":"Gensokyo:Gryphon","floor":7,"turns":3},{"damage":10,"enemies":"Gensokyo:2_Rabbits","floor":8,"turns":3},{"damage":3,"enemies":"Gensokyo:5_Fairies","floor":12,"turns":4},{"damage":1,"enemies":"Gensokyo:Kitsune","floor":14,"turns":4},{"damage":31,"enemies":"Gensokyo:Reimu","floor":16,"turns":9},{"damage":62,"enemies":"Gensokyo:CosmicMonolith","floor":18,"turns":7},{"damage":18,"enemies":"Gensokyo:3_Dogs","floor":21,"turns":3}],"seed_played":"5327595321342985320","potions_obtained":[{"floor":8,"key":"GamblersBrew"},{"floor":12,"key":"Ancient Potion"}],"is_trial":false,"path_per_floor":["M","?","COS","?","M","R","M","M","T","?","R","M","R","M","R","B",null,"M","?","?","M"],"character_chosen":"THE_BUGKNIGHT","items_purchased":[],"campfire_rested":1,"item_purchase_floors":[],"current_hp_per_floor":[73,73,73,73,73,73,73,63,63,63,63,60,60,59,75,44,75,17,17,17,0,0],"gold":517,"neow_bonus":"THREE_CARDS","is_daily":false,"chose_seed":false,"campfire_upgraded":3,"win_rate":0.0,"timestamp":1613626605,"path_taken":["M","?","COS","?","M","R","M","M","T","?","R","M","R","M","R","BOSS","M","?","?","M"],"items_purchased_type":[],"build_version":"2020-12-22","purchased_purges":0,"victory":false,"max_hp_per_floor":[75,75,75,75,75,75,75,75,75,75,75,75,75,75,75,75,75,73,69,69,69,69],"card_choices":[{"not_picked":["HollowMod:InfectedAttack","HollowMod:NewLittleFool"],"picked":"HollowMod:DashSlash","floor":0},{"not_picked":["HollowMod:GoodIntentions","HollowMod:QuirrelsAssistance"],"picked":"HollowMod:MantisMark","floor":1},{"not_picked":["HollowMod:NewGlowingWomb","HollowMod:SoulSplash"],"picked":"HollowMod:AbyssShriek","floor":5},{"not_picked":["HollowMod:WraithStrike","HollowMod:TaintedHusks"],"picked":"HollowMod:ChannelNail","floor":7},{"not_picked":["HollowMod:LifebloodCocoon","HollowMod:InfectedAttack"],"picked":"HollowMod:DashSlash","floor":8},{"not_picked":["HollowMod:RecoilStrike","HollowMod:DashSlash"],"picked":"HollowMod:NewJinnsSoul","floor":12},{"not_picked":["HollowMod:SharpenedNail","HollowMod:BaldurShell"],"picked":"HollowMod:InfectedAttack","floor":14},{"not_picked":["HollowMod:ElderbugsWisdom","HollowMod:NewInfectedGuardian"],"picked":"HollowMod:AwokenDreamNail","floor":16},{"not_picked":["Reflex","HollowMod:QuirrelsAssistance","conspire:PoisonWeapons"],"picked":"HollowMod:DoubleDash+1","floor":18}],"player_experience":249455,"relics_obtained":[{"floor":1,"key":"LetterFromLob"},{"floor":9,"key":"hubris:BottledRain"}],"event_choices":[{"damage_healed":0,"gold_gain":0,"player_choice":"Leave","damage_taken":0,"max_hp_gain":0,"max_hp_loss":0,"event_name":"conspire:Investor","floor":4,"gold_loss":0}],"is_beta":false,"boss_relics":[{"not_picked":["aspiration:RitualDagger","Velvet Choker"],"picked":"aspiration:SilentSkillbook"}],"items_purged_floors":[],"is_endless":false,"potions_floor_spawned":[8,12],"killed_by":"Gensokyo:3_Dogs","ascension_level":0}}