{"host":"ormi09wwzv7sq47a","time":1613614738,"event":{"mods":["2.2 Compatiblity","AchievementEnabler","Act Like it!","BaseMod","Bestiary","Better Altar","Better Note","Better Sensory Stone","Better Silent Start","Better Skull","Better Third Choice","Better Vampires","BetterRewards","Block Reminder","Card Forge","Colored Map","Colored Powertips","Curses Come First","DeckTracker","Downfall","Highlight Path","Minty Spire (QoL Compilation)","Permanent Neow","Quick Restart","Rare Cards Sparkle","Relic Stats","Shop Mod","StSLib","The Jungle"],"gold_per_floor":[115,133,133,133,133,133,8,8,8,8,25,41,41,52,52,126,126,140,55,29,45,45,79,79,115,139,139,180,189,217,236,236,321,321,340,32,50,73,109,109,109,131,213,213,213,213],"floor_reached":45,"language":"ENG","playtime":1771,"items_purged":["Strike_B","Defend_B","Defend_B","Strike_B"],"score":899,"play_id":"75402b0b-ec1b-48dc-9837-30f8b4599c87","local_time":"20210218001858","is_ascension_mode":true,"campfire_choices":[{"floor":6.0,"key":"REST"},{"data":"Zap","floor":8.0,"key":"SMITH"},{"data":"Sunder","floor":13.0,"key":"SMITH"},{"data":"Beam Cell","floor":15.0,"key":"SMITH"},{"data":"Hyperbeam","floor":24.0,"key":"SMITH"},{"data":"Reinforced Body","floor":27.0,"key":"SMITH"},{"data":"Go for the Eyes","floor":32.0,"key":"SMITH"},{"data":"Biased Cognition","floor":40,"key":"SMITH"},{"data":"Hologram","floor":44,"key":"SMITH"}],"circlet_count":0,"master_deck":["AscendersBane","Defend_B","Defend_B+1","Zap+1","Dualcast","Gash","Beam Cell+1","Undo","Sunder+1","Steam+1","Rip and Tear","Self Repair","Hyperbeam+1","Static Discharge","Gash","Scrape+1","Reinforced Body+1","Go for the Eyes+1","Necronomicurse","Leap","Biased Cognition+1","Gash","Madness","Madness","Turbo","Parasite","Hologram+1","Steam","downfall:Malfunctioning"],"relics":["FrozenCore","Hammer of Thor","Seething Fire","Anvil of the Gods","Thread and Needle","TheAbacus","MealTicket","Bag of Preparation","HornCleat","Regal Pillow","CeramicFish","Gremlin Horn","CaptainsWheel","Necronomicon","Cursed Key","Centennial Puzzle","Cables"],"acts_visited":["Exordium","TheCity","TheBeyond"],"potions_floor_usage":[39],"damage_taken":[{"damage":0.0,"enemies":"2 Louse","floor":1.0,"turns":2.0},{"damage":0.0,"enemies":"Small Slimes","floor":2.0,"turns":3.0},{"damage":1.0,"enemies":"Jaw Worm","floor":11.0,"turns":2.0},{"damage":0.0,"enemies":"2 Fungi Beasts","floor":12.0,"turns":2.0},{"damage":0.0,"enemies":"Exordium Wildlife","floor":14.0,"turns":2.0},{"damage":6.0,"enemies":"Slime Boss","floor":16.0,"turns":10.0},{"damage":10.0,"enemies":"Chosen","floor":18.0,"turns":4.0},{"damage":0.0,"enemies":"2 Thieves","floor":21.0,"turns":3.0},{"damage":11.0,"enemies":"Book of Stabbing","floor":23.0,"turns":4.0},{"damage":9.0,"enemies":"Gremlin Leader","floor":25.0,"turns":6.0},{"damage":9.0,"enemies":"Book of Stabbing","floor":28.0,"turns":4.0},{"damage":0.0,"enemies":"Cultist and Chosen","floor":30.0,"turns":3.0},{"damage":0.0,"enemies":"Shelled Parasite and Fungi","floor":31.0,"turns":4.0},{"damage":38.0,"enemies":"Champ","floor":33.0,"turns":11.0},{"damage":0.0,"enemies":"Orb Walker","floor":35.0,"turns":3.0},{"damage":0.0,"enemies":"3 Darklings","floor":38.0,"turns":1.0},{"damage":16,"enemies":"Writhing Mass","floor":39,"turns":7},{"damage":0,"enemies":"Jaw Worm Horde","floor":42,"turns":2},{"damage":49,"enemies":"Giant Head","floor":45,"turns":6}],"seed_played":"-4928753868459578851","potions_obtained":[{"floor":2.0,"key":"Dexterity Potion"},{"floor":14.0,"key":"Block Potion"},{"floor":16.0,"key":"EssenceOfDarkness"},{"floor":18.0,"key":"GamblersBrew"},{"floor":25.0,"key":"AttackPotion"},{"floor":30.0,"key":"champ:CounterPotion"},{"floor":33.0,"key":"Dexterity Potion"},{"floor":35.0,"key":"Ancient Potion"},{"floor":39,"key":"SmokeBomb"}],"is_trial":false,"path_per_floor":["M","M","?","?","?","R","$","R","T","?","M","M","R","M","R","B",null,"M","?","$","M","?","E","R","E","T","R","E","?","M","M","R","B",null,"M","$","?","M","M","R","?","M","T","R","E"],"character_chosen":"DEFECT","items_purchased":["Gash","Beam Cell","Undo","TheAbacus","Sunder","Gash","Centennial Puzzle"],"campfire_rested":1,"item_purchase_floors":[0,0,0,0,0,20,36],"current_hp_per_floor":[32,32,16,9,9,30,45,45,45,24,23,23,23,23,23,24,59,56,56,71,71,71,67,67,65,65,65,63,42,42,49,49,18,58,58,71,58,58,49,49,49,49,49,49,0,0],"gold":213,"neow_bonus":"","is_daily":false,"chose_seed":false,"campfire_upgraded":8,"win_rate":0.0,"timestamp":1613614738,"path_taken":["M","M","?","?","?","R","$","R","T","?","?","M","R","M","R","BOSS","M","?","$","M","?","E","R","E","T","R","E","?","M","M","R","BOSS","M","$","?","M","M","R","?","M","T","R","E"],"items_purchased_type":["Card","Card","Card","Relic","Card","Card","Relic"],"build_version":"2020-12-22","purchased_purges":4,"victory":false,"max_hp_per_floor":[71,71,71,71,71,71,71,71,71,71,71,71,71,71,71,71,71,71,71,71,71,71,71,71,71,71,71,71,71,71,71,71,71,71,71,71,71,71,71,71,71,71,71,71,71,71],"relic_stats":{"Regal Pillow":0,"Gremlin Horn":[3,3],"counters":[90,403],"CeramicFish":126,"Bag of Preparation":[34],"Cursed Key":1,"FrozenCore":[24],"Cables":[6,2,4,0,0],"Centennial Puzzle":[6],"TheAbacus":[108],"MealTicket":43,"Necronomicon":[17],"obtain_stats":[{"Gremlin Horn":8,"CeramicFish":23,"Vajra":27,"Hammer of Thor":0,"Runic Capacitor":0,"Old Coin":24,"FrozenCore":17,"Blood Vial":17,"Centennial Puzzle":36,"HornCleat":9,"Sundial":42,"Strawberry":9,"MealTicket":2,"Philosopher\u0027s Stone":34,"Necronomicon":29,"Girya":40,"MerchantsRug":0,"Pear":17,"Blue Candle":38,"Oddly Smooth Stone":36,"Eternal Feather":26,"Letter Opener":25,"Cables":54,"Anvil of the Gods":0,"Shuriken":43,"Bronze Scales":26,"Nloth\u0027s Gift":21,"Symbiotic Virus":36,"Unceasing Top":0,"Meat on the Bone":17,"Darkstone Periapt":45,"Lantern":13,"Regal Pillow":19,"SacredBark":34,"Incense Burner":0,"Bag of Preparation":7,"Smiling Mask":25,"Cursed Key":34,"ClockworkSouvenir":48,"SsserpentHead":2,"Shovel":17,"TheAbacus":0,"Mummified Hand":48,"Slimebound:StickyStick":9,"Gambling Chip":0,"Pantograph":17,"Cracked Core":0,"InkBottle":9,"Lee\u0027s Waffle":0,"hexamod:Sixitude":0,"Thread and Needle":0,"Omamori":23,"Seething Fire":0,"Frozen Egg 2":0,"Orichalcum":17,"Medical Kit":38,"Calling Bell":17,"Peace Pipe":0,"Anchor":27,"CaptainsWheel":0,"Turnip":17,"Membership Card":0,"Bottled Lightning":40,"hexamod:BolsterEngine":49,"Toy Ornithopter":31},{"Gremlin Horn":35,"CeramicFish":80,"Vajra":45,"Hammer of Thor":0,"Runic Capacitor":0,"Old Coin":44,"FrozenCore":77,"Blood Vial":8,"Centennial Puzzle":86,"HornCleat":73,"Sundial":21,"Strawberry":5,"MealTicket":1,"Philosopher\u0027s Stone":17,"Necronomicon":82,"Girya":20,"MerchantsRug":30,"Pear":66,"Blue Candle":50,"Oddly Smooth Stone":18,"Eternal Feather":13,"Letter Opener":44,"Cables":24,"Anvil of the Gods":0,"Shuriken":53,"Bronze Scales":44,"Nloth\u0027s Gift":11,"Symbiotic Virus":18,"Unceasing Top":30,"Meat on the Bone":40,"Darkstone Periapt":54,"Lantern":6,"Regal Pillow":78,"SacredBark":48,"Incense Burner":0,"Bag of Preparation":34,"Smiling Mask":13,"Cursed Key":85,"ClockworkSouvenir":22,"SsserpentHead":26,"Shovel":40,"TheAbacus":71,"Mummified Hand":22,"Slimebound:StickyStick":62,"Gambling Chip":0,"Pantograph":8,"Cracked Core":0,"InkBottle":35,"Lee\u0027s Waffle":30,"hexamod:Sixitude":57,"Thread and Needle":71,"Omamori":43,"Seething Fire":0,"Frozen Egg 2":25,"Orichalcum":66,"Medical Kit":18,"Calling Bell":8,"Peace Pipe":25,"Anchor":14,"CaptainsWheel":30,"Turnip":8,"Membership Card":0,"Bottled Lightning":51,"hexamod:BolsterEngine":56,"Toy Ornithopter":16},{"Gremlin Horn":180,"CeramicFish":356,"Vajra":221,"Hammer of Thor":0,"Runic Capacitor":0,"Old Coin":217,"FrozenCore":345,"Blood Vial":26,"Centennial Puzzle":387,"HornCleat":329,"Sundial":106,"Strawberry":12,"MealTicket":3,"Philosopher\u0027s Stone":78,"Necronomicon":366,"Girya":97,"MerchantsRug":166,"Pear":298,"Blue Candle":242,"Oddly Smooth Stone":82,"Eternal Feather":51,"Letter Opener":217,"Cables":135,"Anvil of the Gods":0,"Shuriken":253,"Bronze Scales":217,"Nloth\u0027s Gift":38,"Symbiotic Virus":82,"Unceasing Top":166,"Meat on the Bone":200,"Darkstone Periapt":256,"Lantern":18,"Regal Pillow":349,"SacredBark":238,"Incense Burner":0,"Bag of Preparation":176,"Smiling Mask":51,"Cursed Key":384,"ClockworkSouvenir":113,"SsserpentHead":148,"Shovel":200,"TheAbacus":324,"Mummified Hand":113,"Slimebound:StickyStick":286,"Gambling Chip":0,"Pantograph":26,"Cracked Core":0,"InkBottle":180,"Lee\u0027s Waffle":166,"hexamod:Sixitude":271,"Thread and Needle":324,"Omamori":211,"Seething Fire":0,"Frozen Egg 2":145,"Orichalcum":298,"Medical Kit":82,"Calling Bell":26,"Peace Pipe":145,"Anchor":57,"CaptainsWheel":166,"Turnip":26,"Membership Card":0,"Bottled Lightning":247,"hexamod:BolsterEngine":260,"Toy Ornithopter":68}]},"card_choices":[{"not_picked":["Stack","Barrage","Rebound"],"picked":"SKIP","floor":1.0},{"not_picked":["Sweeping Beam","Consume"],"picked":"Steam","floor":2.0},{"not_picked":["Sweeping Beam","Double Energy"],"picked":"Rip and Tear","floor":11.0},{"not_picked":["Aggregate","Beam Cell","Rebound"],"picked":"SKIP","floor":12.0},{"not_picked":["Cold Snap","Chaos"],"picked":"Self Repair","floor":14.0},{"not_picked":["Buffer","Fission"],"picked":"Hyperbeam","floor":16.0},{"not_picked":["Redo","Sweeping Beam"],"picked":"Static Discharge","floor":18.0},{"not_picked":["Rebound","Stack"],"picked":"Heatsinks","floor":21.0},{"not_picked":["Conserve Battery","Tempest"],"picked":"Scrape+1","floor":23.0},{"not_picked":["Turbo","Coolheaded+1"],"picked":"Reinforced Body","floor":25.0},{"not_picked":["Defragment","Steam+1"],"picked":"Go for the Eyes","floor":28.0},{"not_picked":["Ball Lightning","Coolheaded"],"picked":"Leap","floor":30.0},{"not_picked":["Stack","Barrage","Rebound"],"picked":"SKIP","floor":31.0},{"not_picked":["Hyperbeam","Thunder Strike"],"picked":"Biased Cognition","floor":33.0},{"not_picked":["Redo","Ball Lightning"],"picked":"Gash","floor":35.0},{"not_picked":["Rip and Tear","Barrage"],"picked":"Turbo","floor":38.0},{"not_picked":["Self Repair","Redo"],"picked":"Hologram","floor":39},{"not_picked":["White Noise","Sweeping Beam"],"picked":"Steam","floor":42}],"player_experience":1105219,"relics_obtained":[{"floor":9.0,"key":"HornCleat"},{"floor":23.0,"key":"CeramicFish"},{"floor":25.0,"key":"Gremlin Horn"},{"floor":28.0,"key":"CaptainsWheel"},{"floor":29.0,"key":"Necronomicon"},{"floor":43,"key":"Cables"}],"event_choices":[{"damage_healed":0.0,"max_hp_gain":0.0,"max_hp_loss":0.0,"gold_gain":1.0,"event_name":"betterThird:BetterScrap","player_choice":"Relic Relic ","floor":3.0,"gold_loss":0.0,"damage_taken":16.0,"cards_obtained":["Pummel"]},{"cards_removed":["Strike_B"],"damage_healed":0.0,"max_hp_gain":0.0,"max_hp_loss":0.0,"gold_gain":0.0,"event_name":"Golden Wing","player_choice":"Card Removal","floor":4.0,"gold_loss":0.0,"damage_taken":7.0},{"damage_healed":0.0,"max_hp_gain":1.0,"max_hp_loss":0.0,"gold_gain":0.0,"event_name":"betterThird:BetterGoop","player_choice":"Left","floor":5.0,"gold_loss":0.0,"damage_taken":0.0},{"damage_healed":45.0,"max_hp_gain":0.0,"max_hp_loss":71.0,"gold_gain":0.0,"event_name":"betterThird:BetterShining","player_choice":"Upgrade","floor":10.0,"gold_loss":0.0,"damage_taken":21.0,"cards_upgraded":["Defend_B","Steam"]},{"damage_healed":0.0,"max_hp_gain":0.0,"max_hp_loss":0.0,"gold_gain":0.0,"event_name":"Addict","player_choice":"Obtained Relic","floor":19.0,"gold_loss":85.0,"damage_taken":0.0,"relics_obtained":["Regal Pillow"]},{"cards_removed":["Strike_B"],"damage_healed":0.0,"max_hp_gain":0.0,"max_hp_loss":0.0,"gold_gain":0.0,"event_name":"betterThird:BetterWriting","player_choice":"Elegance","floor":22.0,"gold_loss":0.0,"damage_taken":0.0},{"damage_healed":0.0,"max_hp_gain":0.0,"max_hp_loss":0.0,"gold_gain":0.0,"event_name":"Cursed Tome","player_choice":"Obtained Book","floor":29.0,"gold_loss":0.0,"damage_taken":21.0},{"damage_healed":0.0,"max_hp_gain":0.0,"max_hp_loss":0.0,"gold_gain":0.0,"event_name":"Winding Halls","player_choice":"Embrace Madness","floor":37.0,"gold_loss":0.0,"damage_taken":13.0,"cards_obtained":["Madness","Madness"]},{"cards_removed":["Heatsinks"],"damage_healed":0,"gold_gain":0,"player_choice":"Removed Power","damage_taken":0,"max_hp_gain":0,"max_hp_loss":0,"event_name":"Falling","floor":41,"gold_loss":0}],"is_beta":false,"boss_relics":[{"not_picked":["Runic Pyramid","Coffee Dripper"],"picked":"FrozenCore"},{"not_picked":["Runic Dome","Fusion Hammer"],"picked":"Cursed Key"}],"items_purged_floors":[0,0,7,36],"is_endless":false,"potions_floor_spawned":[2,14,16,18,25,30,33,35,39],"killed_by":"Giant Head","ascension_level":19}}