{"host":"6rz02yiipefhcw4r","time":1613650037,"event":{"mods":["2.2 Compatiblity","BaseMod","Block Reminder","Colored Map","Curses Come First","DeckTracker","Googly Eyes","Minty Spire (QoL Compilation)","Quick Restart","Rare Cards Sparkle","StSLib"],"gold_per_floor":[113,131,131,17,17,46,58,68,68,68,85,114,114,140,140,215,215,225,45,45,0,0,0,0],"floor_reached":23,"language":"ENG","playtime":945,"items_purged":["Strike_B"],"score":394,"play_id":"5c56acf3-6de0-4f11-979b-e1ac5111cacb","local_time":"20210218100717","is_ascension_mode":true,"campfire_choices":[{"floor":10,"key":"REST"},{"floor":15,"key":"REST"}],"circlet_count":0,"master_deck":["AscendersBane","Strike_B+1","Strike_B+1","Defend_B+1","Defend_B+1","Defend_B+1","Defend_B+1","Zap","Dualcast","Apotheosis+1","Doom and Gloom","Consume","Self Repair","Conserve Battery","Biased Cognition","Go for the Eyes","Cold Snap","Reboot","Core Surge","Undo","Capacitor","Compile Driver"],"relics":["Cracked Core","Symbiotic Virus","Turnip","Odd Mushroom","StoneCalendar","Sozu"],"acts_visited":["Exordium","TheCity"],"potions_floor_usage":[6,12,14,16,23],"damage_taken":[{"damage":8.0,"enemies":"Small Slimes","floor":1.0,"turns":4.0},{"damage":7,"enemies":"Jaw Worm","floor":2,"turns":4},{"damage":24,"enemies":"Gremlin Nob","floor":6,"turns":4},{"damage":0,"enemies":"Cultist","floor":7,"turns":3},{"damage":15,"enemies":"3 Louse","floor":8,"turns":4},{"damage":2,"enemies":"Blue Slaver","floor":11,"turns":3},{"damage":0,"enemies":"The Mushroom Lair","floor":12,"turns":3},{"damage":6,"enemies":"3 Sentries","floor":14,"turns":5},{"damage":10,"enemies":"Slime Boss","floor":16,"turns":7},{"damage":18,"enemies":"3 Byrds","floor":18,"turns":4},{"damage":54,"enemies":"Slavers","floor":23,"turns":3}],"seed_played":"-659457996053820943","potions_obtained":[{"floor":1.0,"key":"EssenceOfSteel"},{"floor":8,"key":"Energy Potion"},{"floor":11,"key":"SkillPotion"},{"floor":14,"key":"Explosive Potion"},{"floor":16,"key":"LiquidBronze"}],"is_trial":false,"path_per_floor":["M","M","?","$","?","E","M","M","T","R","M","?","?","E","R","B",null,"M","$","?","?","$","E"],"character_chosen":"DEFECT","items_purchased":["Self Repair","Conserve Battery","Capacitor","Compile Driver"],"campfire_rested":2,"item_purchase_floors":[4,4,19,19],"current_hp_per_floor":[38,31,31,31,31,17,27,22,22,43,41,51,44,48,69,69,71,53,53,53,53,53,0,0],"gold":0,"neow_bonus":"RANDOM_COLORLESS_2","is_daily":false,"chose_seed":false,"campfire_upgraded":0,"win_rate":0.0,"timestamp":1613650037,"path_taken":["M","M","?","?","?","E","?","M","T","R","M","?","?","E","R","BOSS","M","$","?","?","?","E"],"items_purchased_type":["Card","Card","Card","Card"],"build_version":"2020-12-22","purchased_purges":1,"victory":false,"max_hp_per_floor":[71,71,71,71,71,71,71,71,71,71,71,71,71,71,71,71,71,71,71,71,71,71,71,71],"card_choices":[{"not_picked":["Mayhem","Metamorphosis"],"picked":"Apotheosis","floor":0.0},{"not_picked":["Darkness","Ball Lightning"],"picked":"Doom and Gloom","floor":1.0},{"not_picked":["Rebound","Auto Shields"],"picked":"Consume","floor":2},{"not_picked":["Hello World","Stack"],"picked":"Go for the Eyes","floor":6},{"not_picked":["Stack","Sweeping Beam","Rebound"],"picked":"SKIP","floor":7},{"not_picked":["Reinforced Body","Lockon"],"picked":"Cold Snap","floor":8},{"not_picked":["Turbo","Recycle"],"picked":"Reboot","floor":11},{"not_picked":["Consume","Double Energy","White Noise"],"picked":"SKIP","floor":14},{"not_picked":["Rainbow","Biased Cognition"],"picked":"Core Surge","floor":16},{"not_picked":["Gash","Aggregate"],"picked":"Undo","floor":18}],"player_experience":809884,"relics_obtained":[{"floor":6,"key":"Symbiotic Virus"},{"floor":9,"key":"Turnip"},{"floor":12,"key":"Odd Mushroom"},{"floor":14,"key":"StoneCalendar"}],"event_choices":[{"damage_healed":0,"gold_gain":0,"player_choice":"Grow","damage_taken":0,"max_hp_gain":0,"max_hp_loss":0,"event_name":"Living Wall","floor":3,"gold_loss":0,"cards_upgraded":["Apotheosis"]},{"damage_healed":0,"gold_gain":0,"player_choice":"1 cards matched","damage_taken":0,"max_hp_gain":0,"max_hp_loss":0,"event_name":"Match and Keep!","floor":5,"gold_loss":0,"cards_obtained":["Biased Cognition"]},{"damage_healed":0,"gold_gain":0,"player_choice":"Fought Mushrooms","damage_taken":0,"max_hp_gain":0,"max_hp_loss":0,"event_name":"Mushrooms","floor":12,"gold_loss":0},{"cards_removed":["Strike_B"],"damage_healed":0,"gold_gain":0,"player_choice":"Card Removal","damage_taken":7,"max_hp_gain":0,"max_hp_loss":0,"event_name":"Golden Wing","floor":13,"gold_loss":0},{"damage_healed":0,"gold_gain":0,"player_choice":"Simplicity","damage_taken":0,"max_hp_gain":0,"max_hp_loss":0,"event_name":"Back to Basics","floor":20,"gold_loss":0,"cards_upgraded":["Strike_B","Strike_B","Defend_B","Defend_B","Defend_B","Defend_B"]},{"damage_healed":0,"gold_gain":0,"player_choice":"Paid Fearfully","damage_taken":0,"max_hp_gain":0,"max_hp_loss":0,"event_name":"Masked Bandits","floor":21,"gold_loss":45}],"is_beta":false,"boss_relics":[{"not_picked":["Ectoplasm","FrozenCore"],"picked":"Sozu"}],"items_purged_floors":[19],"is_endless":false,"potions_floor_spawned":[1,8,11,14,16],"killed_by":"Slavers","ascension_level":20}}