{"host":"g2yp6paluzgljz05","time":1613623555,"event":{"mods":["BaseMod","Bestiary","Colored Powertips","DeckTracker","Highlight Path","Minty Spire (QoL Compilation)","Quick Restart"],"gold_per_floor":[119,129,145,145,145,145,145,157,157,157,42,55,55,55],"floor_reached":13,"language":"ENG","playtime":367,"items_purged":["Strike_G"],"score":83,"play_id":"2c4c6f2a-01ad-40db-aaed-0795219a3d61","local_time":"20210218154555","is_ascension_mode":true,"campfire_choices":[{"data":"Infinite Blades","floor":6.0,"key":"SMITH"},{"data":"Calculated Gamble","floor":10.0,"key":"SMITH"}],"circlet_count":0,"master_deck":["Strike_G","Strike_G","Strike_G","Defend_G","Defend_G","Defend_G","Defend_G","Defend_G","Survivor","Neutralize","Calculated Gamble+1","Infinite Blades+1","Flash of Steel","Neutralize","Accuracy"],"relics":["Ring of the Snake","NeowsBlessing","The Courier"],"acts_visited":["Exordium"],"potions_floor_usage":[],"damage_taken":[{"damage":0.0,"enemies":"Cultist","floor":1.0,"turns":1.0},{"damage":0.0,"enemies":"2 Louse","floor":2.0,"turns":1.0},{"damage":0.0,"enemies":"Jaw Worm","floor":3.0,"turns":1.0},{"damage":16.0,"enemies":"Large Slime","floor":8.0,"turns":9.0},{"damage":5.0,"enemies":"Red Slaver","floor":12.0,"turns":4.0},{"damage":0,"enemies":"3 Sentries","floor":13,"turns":1}],"seed_played":"1716343740082795930","potions_obtained":[{"floor":8.0,"key":"AttackPotion"},{"floor":12.0,"key":"Weak Potion"}],"is_trial":false,"path_per_floor":["M","M","M","?","?","R","?","M","T","R","$","M","E"],"character_chosen":"THE_SILENT","items_purchased":["Accuracy"],"campfire_rested":0,"item_purchase_floors":[11],"current_hp_per_floor":[70,70,70,63,68,68,68,52,52,52,52,47,47,47],"gold":55,"neow_bonus":"THREE_ENEMY_KILL","is_daily":false,"chose_seed":false,"campfire_upgraded":2,"win_rate":0.0,"timestamp":1613623555,"path_taken":["M","M","?","?","?","R","?","?","T","R","$","M","E"],"items_purchased_type":["Card"],"build_version":"2020-12-22","purchased_purges":1,"victory":false,"max_hp_per_floor":[70,70,70,70,75,75,75,75,75,75,75,75,75,75],"card_choices":[{"not_picked":["Underhanded Strike","Sucker Punch"],"picked":"Calculated Gamble","floor":1.0},{"not_picked":["Flying Knee","Sucker Punch","Outmaneuver"],"picked":"SKIP","floor":2.0},{"not_picked":["Flying Knee","Prepared"],"picked":"Infinite Blades","floor":3.0},{"not_picked":["Reflex","Setup","Flying Knee"],"picked":"SKIP","floor":8.0},{"not_picked":["Distraction","Bane","Choke"],"picked":"SKIP","floor":12.0}],"player_experience":385895,"relics_obtained":[{"floor":9.0,"key":"The Courier"}],"event_choices":[{"cards_removed":["Strike_G"],"damage_healed":0.0,"max_hp_gain":0.0,"max_hp_loss":0.0,"gold_gain":0.0,"event_name":"Golden Wing","player_choice":"Card Removal","floor":4.0,"gold_loss":0.0,"damage_taken":7.0},{"damage_healed":0.0,"max_hp_gain":5.0,"max_hp_loss":0.0,"gold_gain":0.0,"event_name":"Big Fish","player_choice":"Donut","floor":5.0,"gold_loss":0.0,"damage_taken":0.0},{"damage_healed":0.0,"max_hp_gain":0.0,"max_hp_loss":0.0,"gold_gain":0.0,"event_name":"Match and Keep!","player_choice":"2 cards matched","floor":7.0,"gold_loss":0.0,"damage_taken":0.0,"cards_obtained":["Flash of Steel","Neutralize"]}],"is_beta":false,"boss_relics":[],"items_purged_floors":[11],"is_endless":false,"potions_floor_spawned":[8,12],"killed_by":"3 Sentries","ascension_level":2}}