{"host":"wkjgcu9pecufay4p","time":1613678742,"event":{"mods":["AchievementEnabler","BaseMod","Bestiary","Block Reminder","Minty Spire (QoL Compilation)","Permanent Neow","Relic Stats","Weighted Paths","ojb\u0027s Info Mod"],"gold_per_floor":[99,99,99,299,299,299,299,332,365,365,365,365],"floor_reached":12,"language":"ENG","playtime":526,"items_purged":[],"score":179,"play_id":"2b1dc3a1-938a-4929-867c-b03bc22b7704","local_time":"20210218140542","is_ascension_mode":false,"campfire_choices":[{"data":"Bash","floor":8.0,"key":"SMITH"}],"circlet_count":0,"master_deck":["Strike_R","Strike_R","Strike_R","Strike_R","Strike_R","Defend_R","Defend_R","Defend_R","Defend_R","Bash+1"],"relics":["Burning Blood","WingedGreaves","Paper Frog","Meat on the Bone","Mercury Hourglass"],"acts_visited":["Exordium","TheCity"],"potions_floor_usage":[],"damage_taken":[{"damage":0.0,"enemies":"Chosen","floor":3.0,"turns":1.0},{"damage":0.0,"enemies":"Spheric Guardian","floor":6.0,"turns":1.0},{"damage":0.0,"enemies":"Slavers","floor":9.0,"turns":1.0},{"damage":0.0,"enemies":"Gremlin Leader","floor":10.0,"turns":1.0}],"seed_played":"3118550569027678397","potions_obtained":[],"is_trial":false,"path_per_floor":["M","?","?","M","$","R","E","E","T","R"],"character_chosen":"IRONCLAD","items_purchased":[],"campfire_rested":0,"item_purchase_floors":[],"current_hp_per_floor":[80,80,80,80,80,80,80,80,80,80,80,80],"gold":365,"neow_bonus":"","is_daily":false,"chose_seed":false,"campfire_upgraded":1,"win_rate":0.0,"timestamp":1613678742,"path_taken":["M","?","?","M","$","R","E","E","T","R"],"items_purchased_type":[],"build_version":"2020-12-22","purchased_purges":0,"victory":false,"max_hp_per_floor":[80,80,80,80,80,80,80,80,80,80,80,80],"relic_stats":{"counters":[4,4],"obtain_stats":[{"WingedGreaves":0,"Burning Blood":0,"Paper Frog":9,"Meat on the Bone":10,"Mercury Hourglass":11},{"WingedGreaves":0,"Burning Blood":0,"Paper Frog":3,"Meat on the Bone":4,"Mercury Hourglass":4},{"WingedGreaves":0,"Burning Blood":0,"Paper Frog":3,"Meat on the Bone":4,"Mercury Hourglass":4}],"Burning Blood":0,"Meat on the Bone":0,"Mercury Hourglass":[0]},"card_choices":[{"not_picked":["Rupture+1","Shockwave","Sword Boomerang"],"picked":"SKIP","floor":3.0},{"not_picked":["Clothesline","Shrug It Off","Feel No Pain"],"picked":"SKIP","floor":6.0},{"not_picked":["Clothesline","Thunderclap+1","Pommel Strike+1"],"picked":"SKIP","floor":9.0},{"not_picked":["Demon Form","Clash+1","Pommel Strike"],"picked":"SKIP","floor":10.0}],"player_experience":1314,"relics_obtained":[{"floor":9.0,"key":"Paper Frog"},{"floor":10.0,"key":"Meat on the Bone"},{"floor":11.0,"key":"Mercury Hourglass"}],"event_choices":[{"damage_healed":0.0,"max_hp_gain":0.0,"max_hp_loss":0.0,"gold_gain":0.0,"event_name":"Ghosts","player_choice":"Ignored","floor":4.0,"gold_loss":0.0,"damage_taken":0.0},{"damage_healed":0.0,"max_hp_gain":0.0,"max_hp_loss":0.0,"gold_gain":200.0,"event_name":"Wheel of Change","player_choice":"Gold","floor":5.0,"gold_loss":0.0,"damage_taken":0.0}],"is_beta":false,"boss_relics":[],"items_purged_floors":[],"is_endless":false,"potions_floor_spawned":[3],"ascension_level":0}}