{"host":"v6biu77h43umse0l","time":1613660973,"event":{"mods":["BaseMod","DeckTracker","Lobotomy","Minty Spire (QoL Compilation)","StSLib","SuperFastMode"],"gold_per_floor":[112,112,126,146,166,166,166],"floor_reached":6,"language":"KOR","playtime":291,"items_purged":[],"score":46,"play_id":"8f9cc787-855b-4149-ab95-edf50b8c0447","local_time":"20210219000933","is_ascension_mode":true,"campfire_choices":[],"circlet_count":0,"master_deck":["Strike_R","Strike_R","Strike_R","Strike_R","Defend_R","Defend_R","Defend_R","Defend_R","Bash","GreedKing","Armaments","LittlePrince","Evolve","SnowQueen","Juggernaut","BeautyBeast","Flame Barrier"],"relics":["Burning Blood","CogitoBucket"],"acts_visited":["Exordium"],"potions_floor_usage":[],"damage_taken":[{"damage":9,"enemies":"Jaw Worm","floor":1,"turns":4},{"damage":3,"enemies":"2 Louse","floor":3,"turns":4},{"damage":14,"enemies":"Small Slimes","floor":4,"turns":4},{"damage":16,"enemies":"Blue Slaver","floor":5,"turns":5},{"damage":62,"enemies":"Gremlin Nob","floor":6,"turns":5}],"seed_played":"-8852342185708699832","potions_obtained":[{"floor":4,"key":"LiquidBronze"},{"floor":5,"key":"Ancient Potion"}],"is_trial":false,"path_per_floor":["M","?","M","M","M","E"],"character_chosen":"IRONCLAD","items_purchased":[],"campfire_rested":0,"item_purchase_floors":[],"current_hp_per_floor":[77,70,73,65,55,0,0],"gold":166,"neow_bonus":"","is_daily":false,"chose_seed":false,"campfire_upgraded":0,"win_rate":0.0,"timestamp":1613660973,"path_taken":["M","?","M","M","M","E"],"items_purchased_type":[],"build_version":"2020-12-22","purchased_purges":0,"victory":false,"max_hp_per_floor":[80,80,80,80,80,80,80],"card_choices":[{"not_picked":["SpiderBud","GalaxyChild"],"picked":"GreedKing","floor":1},{"not_picked":["Thunderclap","Anger"],"picked":"Armaments","floor":1},{"not_picked":["DreamingCurrent","CherryBlossoms"],"picked":"LittlePrince","floor":3},{"not_picked":["Twin Strike","Heavy Blade"],"picked":"Evolve","floor":3},{"not_picked":["BeautyBeast","FairyFestival"],"picked":"SnowQueen","floor":4},{"not_picked":["Wild Strike","Anger"],"picked":"Juggernaut","floor":4},{"not_picked":["NothingThere","GalaxyChild"],"picked":"BeautyBeast","floor":5},{"not_picked":["Twin Strike","Armaments"],"picked":"Flame Barrier","floor":5}],"player_experience":381271,"relics_obtained":[],"event_choices":[{"cards_removed":["Strike_R"],"damage_healed":0,"gold_gain":0,"player_choice":"Card Removal","damage_taken":7,"max_hp_gain":0,"max_hp_loss":0,"event_name":"Golden Wing","floor":2,"gold_loss":0}],"is_beta":false,"boss_relics":[],"items_purged_floors":[],"is_endless":false,"potions_floor_spawned":[4,5],"killed_by":"Gremlin Nob","ascension_level":4}}