{"host":"qhbbxt9nia1s4hz5","time":1613680157,"event":{"mods":["2.2 Compatiblity","Act Like it!","AlwaysNeverKeys","BaseMod","Better Altar","Better Match","Better Note","Better Sensory Stone","Better Skull","Better Third Choice","Better Vampires","BetterRewards","Block Reminder","Booster Modes","Colored Map","Colored Powertips","Displayed Cursed Tome","Emptier Cage","Energized Spire","Faster Ascension Climbing","Friendly Minions","GifTheSpireLib","Gold Saver","Hallownest","Infinite Spire","Minty Spire (QoL Compilation)","Permanent Neow","Rare Cards Sparkle","Relic Filter","Reliquary","Replay The Spire","Ruina","Shop Mod","StSLib","Td1madao Mod","The Fake Hero","[IsaacMod]????"],"gold_per_floor":[545,215,226,236,250,250,250,250,250,268,268,193,193,193,193,296,296,312,330,340,354,145,145,163,179,179,179,69,82,100,100,100,205,205,215,233,233,245,345,345,345,345,345,358,226,246,41,41,41,41,41,41,33,60,60,60],"floor_reached":55,"language":"ENG","playtime":8741,"items_purged":["luka_mod:Surrender","luka_mod:Wait","luka_mod:Edging","Hallownest:curseDreamersLament"],"score":611,"play_id":"f06585b4-2131-4f40-9b19-5d253174f2b2","local_time":"20210218222917","is_ascension_mode":false,"campfire_choices":[{"data":"luka_mod:Guard","floor":6,"key":"SMITH"},{"data":"luka_mod:Ilias","floor":8,"key":"SMITH"},{"data":"luka_mod:Salt","floor":11,"key":"SMITH"},{"data":"EpicFetus","floor":15,"key":"SMITH"},{"data":"luka_mod:Ora","floor":23,"key":"SMITH"},{"data":"luka_mod:Alice","floor":32,"key":"SMITH"},{"data":"luka_mod:Meditation","floor":40,"key":"SMITH"},{"data":"luka_mod:SuperAttack","floor":42,"key":"SMITH"},{"data":"infinitespire:Menacing","floor":52,"key":"SMITH"}],"circlet_count":0,"master_deck":["luka_mod:StrikeLukaOne","luka_mod:StrikeLukaTwo","luka_mod:StrikeLukaThree+1","luka_mod:StrikeLukaFour","luka_mod:StrikeLukaFive","luka_mod:StrikeLukaSix","luka_mod:Salt+1","luka_mod:Guard+1","luka_mod:FlailWildly","luka_mod:Meditation+1","EpicFetus+1","luka_mod:Ilias+1","luka_mod:SmallBody+1","luka_mod:Gnome+1","luka_mod:Tamamo+1","luka_mod:Ora+1","luka_mod:HeroicStrike+1","luka_mod:UnusedPoison+1","luka_mod:Alice+1","luka_mod:StrikeLuka","luka_mod:SealingStrike","luka_mod:SuperAttack+1","luka_mod:PerfectTiming","luka_mod:EndlessGuard+1","infinitespire:Menacing+1","luka_mod:Alice"],"relics":["luka_mod:KeepsakeRing","HushsDoor","Counterbalance","reliquary:Stiletto","YumHeart","Orichalcum","PunchingBag","Hallownest:BankAccountRelic","Hallownest:TeacherSealRelic","Bottled Lightning","Garlic","energizedSpire:EnergizedDie","infinitespire:EmpoweringShard","MerchantsRug","reliquary:Buckler","reliquary:PurpleTingedLeaf","Iron Hammer"],"acts_visited":["Hallownest:Greenpath","ruina:Briah","Hallownest:KingdomsEdge","TheEnding"],"potions_floor_usage":[4,21,21,25,44,44,50,54],"damage_taken":[{"damage":0,"enemies":"Hallownest:monsterHuskWarrior","floor":1,"turns":2},{"damage":0,"enemies":"Hallownest:monsterHuskGuard","floor":3,"turns":3},{"damage":0,"enemies":"Hallownest:2_Baldur","floor":4,"turns":3},{"damage":0,"enemies":"Hallownest:monsterFoolEater","floor":5,"turns":2},{"damage":0,"enemies":"Hallownest:monsterMossCharger","floor":10,"turns":2},{"damage":19,"enemies":"Hallownest:BossHornet","floor":16,"turns":6},{"damage":16,"enemies":"ruina:BadWolf","floor":18,"turns":4},{"damage":17,"enemies":"ruina:3_Bats","floor":19,"turns":4},{"damage":15,"enemies":"ruina:KingOfGreed","floor":20,"turns":4},{"damage":8,"enemies":"ruina:Woodsman","floor":21,"turns":3},{"damage":3,"enemies":"ruina:KnightOfDespair","floor":24,"turns":3},{"damage":4,"enemies":"ruina:KingOfGreed","floor":25,"turns":3},{"damage":12,"enemies":"ruina:Woodsman","floor":29,"turns":2},{"damage":2,"enemies":"ruina:Nos_and_Bat","floor":30,"turns":3},{"damage":19,"enemies":"ruina:JesterOfNihil","floor":33,"turns":6},{"damage":10,"enemies":"Hallownest:2_Littles","floor":35,"turns":3},{"damage":17,"enemies":"Hallownest:3_Siblings","floor":36,"turns":3},{"damage":6,"enemies":"Hallownest:2_Wandering_and_1_Horned","floor":38,"turns":5},{"damage":11,"enemies":"Hallownest:Slobbering_and_Violent","floor":44,"turns":4},{"damage":3,"enemies":"Hallownest:2_Soldiers_and_1_Guardian","floor":46,"turns":4},{"damage":46,"enemies":"Hallownest:BossGreyPrinceZote","floor":50,"turns":7},{"damage":14,"enemies":"Shield and Spear","floor":54,"turns":4},{"damage":12,"enemies":"Delirium","floor":55,"turns":10}],"seed_played":"7085897073029319103","potions_obtained":[{"floor":4,"key":"Milkshake"},{"floor":18,"key":"PowerPotion"},{"floor":19,"key":"SkillPotion"},{"floor":24,"key":"Toxic Potion"},{"floor":30,"key":"Ancient Potion"},{"floor":35,"key":"LiquidBronze"},{"floor":36,"key":"Weak Potion"}],"is_trial":false,"path_per_floor":["M","$","M","M","M","R","?","R","T","M","R","?","T","?","R","B",null,"M","M","M","M","$","R","M","M","T","?","$","M","M","?","R","B",null,"M","M","?","M","?","R","?","R","T","M","$","M","$","AVR","R_BF","B",null,"R","$","E","B"],"character_chosen":"LUKA_CLASS","items_purchased":["luka_mod:Ilias","Counterbalance","reliquary:Stiletto","DistilledChaos","Orichalcum","luka_mod:Gnome+1","Bottled Lightning","luka_mod:SuperAttack","MerchantsRug","reliquary:Buckler","reliquary:PurpleTingedLeaf","Strength Potion"],"campfire_rested":0,"item_purchase_floors":[0,0,0,0,2,2,22,34,45,45,47,53],"current_hp_per_floor":[40,40,40,40,40,40,40,40,40,40,40,40,40,40,40,40,40,24,27,30,40,40,40,37,33,33,33,33,34,32,34,34,40,37,31,14,14,26,26,26,26,26,26,28,28,25,25,25,36,3,37,37,37,24,35,35],"gold":60,"neow_bonus":"","is_daily":false,"chose_seed":false,"campfire_upgraded":9,"win_rate":0.0,"timestamp":1613680157,"path_taken":["M","$","M","M","M","R","?","R","T","M","R","?","?","?","R","BOSS","M","M","?","M","$","R","M","M","T","?","$","?","?","?","R","BOSS","M","M","?","M","?","R","?","R","T","M","$","M","?","AVR","R_BF","BOSS","R","$","E","BOSS"],"items_purchased_type":["Card","Relic","Relic","Potion","Relic","Card","Relic","Card","Relic","Relic","Relic","Potion"],"build_version":"2020-12-22","purchased_purges":4,"victory":false,"max_hp_per_floor":[40,40,40,40,40,40,40,40,40,40,40,40,40,40,40,40,40,40,40,40,40,40,40,40,40,40,40,40,40,40,40,40,40,37,37,37,37,37,37,37,37,37,37,37,37,37,37,37,37,37,37,37,37,37,37,37],"card_choices":[{"not_picked":[],"picked":"EpicFetus","floor":0},{"not_picked":["luka_mod:NotVerySharp","luka_mod:EarthSlash"],"picked":"luka_mod:SmallBody","floor":1},{"not_picked":["luka_mod:DemonSkullBeheading","luka_mod:Optimistic"],"picked":"luka_mod:Tamamo","floor":3},{"not_picked":["luka_mod:Determination","luka_mod:Intense","luka_mod:WaterSlash"],"picked":"SKIP","floor":4},{"not_picked":["luka_mod:BladeOfHowlingWind","luka_mod:Struggle","luka_mod:ThunderThrust"],"picked":"SKIP","floor":5},{"not_picked":["luka_mod:DemonSkullBeheading","luka_mod:ThunderThrust","luka_mod:WindSlash"],"picked":"SKIP","floor":10},{"not_picked":["luka_mod:Daystar","luka_mod:NinefoldRakshasa"],"picked":"luka_mod:Ora","floor":16},{"not_picked":["luka_mod:WindSlash+1","luka_mod:PeacePreach+1","luka_mod:RestrictedStrike+1"],"picked":"SKIP","floor":18},{"not_picked":["luka_mod:Optimistic","luka_mod:Calm","luka_mod:FlashKill"],"picked":"SKIP","floor":19},{"not_picked":["luka_mod:IliasesJudgement+1","luka_mod:StressRelief"],"picked":"luka_mod:HeroicStrike","floor":20},{"not_picked":["luka_mod:Gnome+1","luka_mod:WindSlash+1"],"picked":"luka_mod:UnusedPoison+1","floor":21},{"not_picked":["luka_mod:EarthRumblingDecapitation","luka_mod:GuardTraining","luka_mod:NeverSurrender"],"picked":"SKIP","floor":24},{"not_picked":["luka_mod:Undine","luka_mod:GuardedStrike"],"picked":"luka_mod:Alice","floor":25},{"not_picked":["luka_mod:DemonDecapitation","luka_mod:ThunderThrust"],"picked":"luka_mod:StrikeLuka","floor":29},{"not_picked":["luka_mod:ThunderThrust","luka_mod:DemonDecapitation","luka_mod:IliasesJudgement+1"],"picked":"SKIP","floor":30},{"not_picked":["luka_mod:Ora","luka_mod:Alice"],"picked":"luka_mod:SealingStrike","floor":33},{"not_picked":["luka_mod:GuardTraining","luka_mod:Calm","luka_mod:HeroicStrike"],"picked":"SKIP","floor":35},{"not_picked":["luka_mod:FireSlash+1","luka_mod:IliasesJudgement","luka_mod:RestrictedStrike+1"],"picked":"SKIP","floor":36},{"not_picked":["luka_mod:Intense","luka_mod:Feel","luka_mod:RestrictedStrike+1"],"picked":"SKIP","floor":38},{"not_picked":["luka_mod:EarthSlash+1","luka_mod:FireSlash"],"picked":"luka_mod:PerfectTiming","floor":39},{"not_picked":["luka_mod:Calm+1","luka_mod:Daystar"],"picked":"luka_mod:EndlessGuard+1","floor":44},{"not_picked":["luka_mod:StrikeLuka+1","luka_mod:FireSlash+1","luka_mod:AlicesGuard"],"picked":"SKIP","floor":46},{"not_picked":["luka_mod:RestrictedStrike","luka_mod:GuardTraining+1"],"picked":"luka_mod:Alice","floor":54}],"player_experience":876460,"relics_obtained":[{"floor":9,"key":"PunchingBag"},{"floor":26,"key":"Garlic"},{"floor":43,"key":"infinitespire:EmpoweringShard"},{"floor":54,"key":"Iron Hammer"}],"event_choices":[{"damage_healed":2,"gold_gain":0,"player_choice":"LEAVE ","damage_taken":0,"relics_obtained":[],"max_hp_gain":0,"max_hp_loss":0,"event_name":"betterSkull:BetterSkull","floor":31,"gold_loss":0,"cards_upgraded":[]}],"is_beta":false,"boss_relics":[{"not_picked":["Pandora\u0027s Box","Ectoplasm"],"picked":"reliquary:Ember"},{"not_picked":[]},{"not_picked":["Fusion Hammer","ReplayTheSpireMod:DimensionalGlitch"],"picked":"energizedSpire:EnergizedDie"},{"not_picked":[]}],"items_purged_floors":[0,0,2,28],"is_endless":false,"potions_floor_spawned":[4,18,19,24,30,35,36],"killed_by":"Delirium","ascension_level":0}}