{"host":"ju66gn9zov5ov15o","time":1613663709,"event":{"mods":["100% Spire Juice","2.2 Compatiblity","Act Like it!","Arknights","Aspiration","BaseMod","Conspire","Downfall","GifTheSpireLib","Hubris","Lobotomy","LobotomyExtend","Marisa????????","Minty Spire (QoL Compilation)","Pale of the Ancients","Rare Cards Sparkle","Relic Stats","Ruina","Shapeshifter Mod","StSLib","The Alterego","The Animator"],"gold_per_floor":[113,113,51,64,76,76,110,125,125,73,73,83,5,19,19,19,19],"floor_reached":16,"language":"ENG","playtime":754,"items_purged":[],"score":102,"play_id":"6159aac3-57fd-4cf4-b2a9-9c665c304f56","local_time":"20210218165509","is_ascension_mode":false,"campfire_choices":[{"floor":11,"key":"REST"},{"floor":15,"key":"REST"}],"circlet_count":0,"master_deck":["alterego_mod:Strike","alterego_mod:Strike","alterego_mod:Strike","alterego_mod:Strike","alterego_mod:Defend","alterego_mod:Defend","alterego_mod:Defend","alterego_mod:Defend","alterego_mod:Impale","alterego_mod:BigMeatyClaws","alterego_mod:BrynhildrsRune","alterego_mod:IndependentAction","alterego_mod:Exercise","alterego_mod:Rip","alterego_mod:SuperDuperMasochism","alterego_mod:Weigh","alterego_mod:DiscoLights+1","alterego_mod:GoddessCore","alterego_mod:Birthday","alterego_mod:Venus","alterego_mod:Undulate","alterego_mod:Pet","alterego_mod:Jiggle","alterego_mod:SakuraLabyrinth","alterego_mod:ClassAdvantage+1"],"relics":["alterego_mod:MasochisticConstitution","aspiration:DSix","Frozen Egg 2","conspire:TopHat"],"acts_visited":["Exordium"],"potions_floor_usage":[12,16],"damage_taken":[{"damage":3,"enemies":"Jaw Worm","floor":1,"turns":8},{"damage":9,"enemies":"Small Slimes","floor":4,"turns":6},{"damage":11,"enemies":"Cultist","floor":5,"turns":4},{"damage":45,"enemies":"3 Sentries","floor":7,"turns":9},{"damage":15,"enemies":"3 Louse","floor":8,"turns":7},{"damage":11,"enemies":"Exordium Thugs","floor":12,"turns":4},{"damage":12,"enemies":"Looter","floor":14,"turns":4},{"damage":44,"enemies":"The Guardian","floor":16,"turns":11}],"seed_played":"-7319251254828886714","potions_obtained":[{"floor":7,"key":"FearPotion"},{"floor":12,"key":"DuplicationPotion"}],"is_trial":false,"path_per_floor":["M","?","?","M","M","?","E","M","T","$","R","M","$","M","R","B"],"character_chosen":"The_Alterego","items_purchased":["alterego_mod:Pet","alterego_mod:SakuraLabyrinth"],"campfire_rested":2,"item_purchase_floors":[10,13],"current_hp_per_floor":[71,71,71,70,60,60,18,6,6,6,28,20,20,18,41,0,0],"gold":19,"neow_bonus":"DSIX","is_daily":false,"chose_seed":false,"campfire_upgraded":0,"win_rate":0.0,"timestamp":1613663709,"path_taken":["M","?","?","?","M","?","E","M","T","$","R","M","?","M","R","BOSS"],"items_purchased_type":["Card","Card"],"build_version":"2020-12-22","purchased_purges":0,"victory":false,"max_hp_per_floor":[71,71,71,72,73,73,74,75,75,75,75,76,76,77,77,77,77],"relic_stats":{"counters":[8,53],"obtain_stats":[{"alterego_mod:MasochisticConstitution":0,"Frozen Egg 2":3,"aspiration:DSix":0,"conspire:TopHat":7},{"alterego_mod:MasochisticConstitution":0,"Frozen Egg 2":1,"aspiration:DSix":0,"conspire:TopHat":4},{"alterego_mod:MasochisticConstitution":0,"Frozen Egg 2":8,"aspiration:DSix":0,"conspire:TopHat":27}]},"card_choices":[{"not_picked":["alterego_mod:GoddessCore","alterego_mod:MagicResistance"],"picked":"alterego_mod:IndependentAction","floor":1},{"not_picked":["alterego_mod:Cycle","alterego_mod:Birthday"],"picked":"alterego_mod:Rip","floor":4},{"not_picked":["alterego_mod:Complex","alterego_mod:Mirror","alterego_mod:Punishment+1"],"picked":"SKIP","floor":5},{"not_picked":["alterego_mod:MagicResistance","alterego_mod:TrashNCrash"],"picked":"alterego_mod:Venus","floor":7},{"not_picked":["alterego_mod:GoddessCore","alterego_mod:PerceptionDisorder+1"],"picked":"alterego_mod:Undulate","floor":8},{"not_picked":["alterego_mod:Complex","alterego_mod:GoddessCore"],"picked":"alterego_mod:Jiggle","floor":12},{"not_picked":["alterego_mod:Belts","alterego_mod:1TonWallop"],"picked":"alterego_mod:ClassAdvantage+1","floor":14}],"player_experience":494484,"relics_obtained":[{"floor":7,"key":"conspire:TopHat"}],"event_choices":[{"damage_healed":0,"gold_gain":0,"player_choice":"Paid Gold","damage_taken":0,"relics_obtained":["Frozen Egg 2"],"max_hp_gain":0,"max_hp_loss":0,"event_name":"WeMeetAgain","floor":3,"gold_loss":62}],"is_beta":false,"boss_relics":[],"items_purged_floors":[],"is_endless":false,"potions_floor_spawned":[7,12],"killed_by":"The Guardian","ascension_level":0}}