{"host":"8inpc3yxphy2r27y","time":1613662117,"event":{"mods":["ATMod(阿瑾Mod)","Act Like it!","Aspiration","Astrologer","Bard","BaseMod","Better Synergies","Better Vampires","Better-Laid Plans","Challenge The Spire","Conspire","Decade(王小明)","Defuse TimeMaze Blight","Downfall","Energized Spire","FanaticalFans","FoggyMod","FutureSeer","Gensokyo","Gremlin Mod","GungeonMod","Hallownest","Highlight Path","HumanHunterMod(怪物杀人mod)","Hunter 猎人","KinomotoSakuraMod(木之本樱)","LagranYue(拉格朗・月)","Lobotomy","LobotomyExtend","Minty Spire (QoL Compilation)","MostiFishMod","Pale of the Ancients","Quarter Circle Forward PUNCH!","Quick Restart","Red Circlet Mod","Reimu（博丽灵梦）","Relic Filter Mod","Relic Stats","Replay The Spire","RumiaBox-露米娅的神秘盒子","Ryuuou龙王","SIMod","Shop Mod","Spicy Shops","StSLib","TestMod","The Animator","The Bug Knight","The Cursed","The Hierophant","TheHeartMod","UnlockEverythingMod","Waifu the Spire","[GremlinLeader]The Maniac","[IsaacMod]以撒尖塔","noobMod","【功能Mod】聪明的最终Boss","【遗物卡牌】REMEMod","篝火指南"],"gold_per_floor":[127,166,166,42,42,42,42],"floor_reached":6,"language":"ZHS","playtime":268,"items_purged":[],"score":34,"play_id":"15e5599f-74d5-4471-ba48-3afd0b2b9a75","local_time":"20210218232837","is_ascension_mode":true,"campfire_choices":[],"circlet_count":0,"master_deck":["animator:Strike_Fate","animator:Defend_Fate","animator:Strike","animator:Strike","animator:Strike","animator:Defend","animator:Defend","animator:Defend","animator:Alexander","animator:Rider","DoctorFetus","AT_KingSlayer","Poisoned Strike","UniverseFragment","animator:Shuna","animator:Berserker"],"relics":["animator:LivingPicture","animator:TheMissingPiece","REME_ComplimentaryCards","ice","Fans:FanaticalFans","DaveBox","HushsDoor","AT_ATBox","testmod-TestBox","LagranYue:RandomDrawCardRelic","animator:PurgingStone","testmod-Fanaticism","Chaos","RhineCircuit","CogitoBucket","Baka","SynthV:TestCard","LetterFromLob","testmod-Prudence","aspiration:BabyByrd","MerchantsRug"],"acts_visited":["Exordium"],"potions_floor_usage":[],"damage_taken":[{"damage":13,"enemies":"Small Slimes","floor":1,"turns":3},{"damage":184,"enemies":"Lagavulin","floor":6,"turns":5}],"seed_played":"5588990795499671208","potions_obtained":[{"floor":1,"key":"LiquidMemories"}],"is_trial":false,"path_per_floor":["M","?","?","$","?","E"],"character_chosen":"THE_ANIMATOR","items_purchased":["MerchantsRug"],"campfire_rested":0,"item_purchase_floors":[4],"current_hp_per_floor":[60,34,34,34,34,0,0],"gold":42,"neow_bonus":"","is_daily":false,"chose_seed":false,"campfire_upgraded":0,"win_rate":0.0,"timestamp":1613662117,"path_taken":["M","?","?","$","?","E"],"items_purchased_type":["Relic"],"build_version":"2020-12-22","purchased_purges":0,"victory":false,"max_hp_per_floor":[66,66,66,66,66,66,66],"relic_stats":{"counters":[2,8],"obtain_stats":[{"KeepersGift":0,"Chaos":0,"MerchantsRug":4,"AT_ATBox":0,"testmod-TestBox":0,"DaveBox":0,"LagranYue:RandomDrawCardRelic":0,"animator:TheMissingPiece":0,"DemoMod:GlassGuonStoneRelic":1,"ice":0,"Baka":1,"Fans:FanaticalFans":0,"RhineCircuit":0,"testmod-Fanaticism":0,"CogitoBucket":0,"SynthV:TestCard":1,"testmod-Prudence":2,"animator:PurgingStone":0,"aspiration:BabyByrd":3,"animator:LivingPicture":0,"LetterFromLob":1,"HushsDoor":0,"REME_ComplimentaryCards":0},{"KeepersGift":0,"Chaos":0,"MerchantsRug":1,"AT_ATBox":0,"testmod-TestBox":0,"DaveBox":0,"LagranYue:RandomDrawCardRelic":0,"animator:TheMissingPiece":0,"DemoMod:GlassGuonStoneRelic":1,"ice":0,"Baka":1,"Fans:FanaticalFans":0,"RhineCircuit":0,"testmod-Fanaticism":0,"CogitoBucket":0,"SynthV:TestCard":1,"testmod-Prudence":1,"animator:PurgingStone":0,"aspiration:BabyByrd":1,"animator:LivingPicture":0,"LetterFromLob":1,"HushsDoor":0,"REME_ComplimentaryCards":0},{"KeepersGift":0,"Chaos":0,"MerchantsRug":3,"AT_ATBox":0,"testmod-TestBox":0,"DaveBox":0,"LagranYue:RandomDrawCardRelic":0,"animator:TheMissingPiece":0,"DemoMod:GlassGuonStoneRelic":3,"ice":0,"Baka":3,"Fans:FanaticalFans":0,"RhineCircuit":0,"testmod-Fanaticism":0,"CogitoBucket":0,"SynthV:TestCard":3,"testmod-Prudence":3,"animator:PurgingStone":0,"aspiration:BabyByrd":3,"animator:LivingPicture":0,"LetterFromLob":3,"HushsDoor":0,"REME_ComplimentaryCards":0}]},"card_choices":[{"not_picked":[],"picked":"DoctorFetus","floor":0.0},{"not_picked":["OldLady","BeautyBeast","Murderer"],"picked":"Singing Bowl","floor":1},{"not_picked":["ShyLook","HappyTeddy"],"picked":"UniverseFragment","floor":1},{"not_picked":["animator:Caster","animator:Chris"],"picked":"animator:Shuna","floor":1},{"not_picked":["animator:Raven","animator:Mitsuba","animator:Fredrika","animator:Arpeggio"],"picked":"animator:Berserker","floor":2}],"player_experience":226937,"relics_obtained":[{"floor":1,"key":"Baka"},{"floor":1,"key":"SynthV:TestCard"},{"floor":1,"key":"LetterFromLob"},{"floor":2,"key":"testmod-Prudence"}],"event_choices":[{"damage_healed":0,"gold_gain":0,"player_choice":"Leave","damage_taken":0,"max_hp_gain":0,"max_hp_loss":0,"event_name":"The Cleric","floor":5,"gold_loss":0}],"is_beta":false,"boss_relics":[],"items_purged_floors":[],"is_endless":false,"potions_floor_spawned":[1],"killed_by":"Lagavulin","ascension_level":1}}