{"host":"tzwikg9s6mkzv6w0","time":1613641750,"event":{"mods":["BaseMod","Good Game Mod","Minty Spire (QoL Compilation)","Spicy Shops","StSLib"],"gold_per_floor":[112,127,137,137,157,157,157,157],"floor_reached":7,"language":"ZHS","playtime":298,"items_purged":[],"score":86,"play_id":"f6951b44-5c8e-4660-a524-2835d90f9bb9","local_time":"20210218174910","is_ascension_mode":true,"campfire_choices":[{"data":"Cloak And Dagger","floor":6,"key":"SMITH"}],"circlet_count":0,"master_deck":["AscendersBane","Strike_G","Strike_G","Strike_G","Strike_G","Defend_G","Defend_G","Defend_G","Defend_G","Defend_G","Survivor","Neutralize","Sadistic Nature","Escape Plan","Cloak And Dagger+1"],"relics":["REME:ComplimentaryCards","HoveringKite"],"acts_visited":["Exordium"],"potions_floor_usage":[5,7,7],"damage_taken":[{"damage":1,"enemies":"Cultist","floor":1,"turns":5},{"damage":11,"enemies":"Jaw Worm","floor":2,"turns":6},{"damage":8,"enemies":"2 Louse","floor":3,"turns":4},{"damage":0,"enemies":"Looter","floor":5,"turns":4},{"damage":33,"enemies":"3 Sentries","floor":7,"turns":12}],"seed_played":"-2915954096587912642","potions_obtained":[{"floor":2,"key":"AttackPotion"},{"floor":3,"key":"SneckoOil"},{"floor":5,"key":"GamblersBrew"}],"is_trial":false,"path_per_floor":["M","M","M","?","M","R","E"],"character_chosen":"THE_SILENT","items_purchased":[],"campfire_rested":0,"item_purchase_floors":[],"current_hp_per_floor":[58,47,39,32,32,32,0,0],"gold":157,"neow_bonus":"BOSS_RELIC","is_daily":false,"chose_seed":false,"campfire_upgraded":1,"win_rate":0.0,"timestamp":1613641750,"path_taken":["M","M","?","?","M","R","E"],"items_purchased_type":[],"build_version":"2020-12-22","purchased_purges":0,"victory":false,"max_hp_per_floor":[66,66,66,66,66,66,66,66],"card_choices":[{"not_picked":["Footwork","Masterful Stab"],"picked":"Escape Plan","floor":1},{"not_picked":["Dash","PiercingWail","Finisher"],"picked":"SKIP","floor":2},{"not_picked":["PiercingWail","Dagger Spray","Blur"],"picked":"SKIP","floor":3},{"not_picked":["Outmaneuver","Quick Slash"],"picked":"Cloak And Dagger","floor":5}],"player_experience":141893,"relics_obtained":[],"event_choices":[{"cards_removed":["Strike_G"],"damage_healed":0,"gold_gain":0,"player_choice":"Card Removal","damage_taken":7,"max_hp_gain":0,"max_hp_loss":0,"event_name":"Golden Wing","floor":4,"gold_loss":0}],"is_beta":false,"boss_relics":[],"items_purged_floors":[],"is_endless":false,"potions_floor_spawned":[2,3,5],"killed_by":"3 Sentries","ascension_level":20}}