{"host":"am0cr9xwekqmrere","time":1613611188,"event":{"mods":["AchievementEnabler","Act Like it!","BaseMod","Better Altar","Better Match","Better Note","Better Sensory Stone","Better Skull","Better Third Choice","BetterRewards","Conspire","Downfall","Hubris","Infinite Spire","Marisa????????","Minty Spire (QoL Compilation)","Rare Cards Sparkle","Spicy Shops","StSLib","The Servant 0.9.4","Unceasing Turn Reminder"],"gold_per_floor":[112,130,146,146,57,57,57],"floor_reached":6,"language":"ENG","playtime":371,"items_purged":[],"score":36,"play_id":"37152c9c-c565-4cc7-8ef4-4984e84c6d2e","local_time":"20210217191948","is_ascension_mode":false,"campfire_choices":[],"circlet_count":0,"master_deck":["Strike_S","Strike_S","Strike_S","Strike_S","Defend_S","Defend_S","Defend_S","Defend_S","KidneyShot","Exchange","MoonPhase","Alleviate","Luminosity","Snipe","Injury","conspire:Banana"],"relics":["Uniform","Shuriken","Golden Idol"],"acts_visited":["Exordium"],"potions_floor_usage":[6],"damage_taken":[{"damage":9,"enemies":"conspire:RoseBush","floor":1,"turns":4},{"damage":8,"enemies":"Small Slimes","floor":2,"turns":5},{"damage":7,"enemies":"Jaw Worm","floor":3,"turns":5},{"damage":33,"enemies":"3 Sentries","floor":6,"turns":8}],"seed_played":"-3371812263165869736","potions_obtained":[{"floor":2,"key":"GamblersBrew"}],"is_trial":false,"path_per_floor":["M","M","M","?","$","E"],"character_chosen":"THE_SERVANT","items_purchased":["Shuriken","MoonPhase","conspire:Banana"],"campfire_rested":0,"item_purchase_floors":[0,0,5],"current_hp_per_floor":[47,39,32,32,32,0,0],"gold":57,"neow_bonus":"","is_daily":false,"chose_seed":false,"campfire_upgraded":0,"win_rate":0.0,"timestamp":1613611188,"path_taken":["M","M","M","?","$","E"],"items_purchased_type":["Relic","Card","Card"],"build_version":"2020-12-22","purchased_purges":0,"victory":false,"max_hp_per_floor":[65,65,65,65,65,66,66],"card_choices":[{"not_picked":["Foresight","Desolation"],"picked":"Alleviate","floor":1},{"not_picked":["ReturningBlade","Unruled"],"picked":"Luminosity","floor":2},{"not_picked":["Spin","Shuttle"],"picked":"Snipe","floor":3}],"player_experience":2818458,"relics_obtained":[],"event_choices":[{"damage_healed":0,"gold_gain":0,"player_choice":"Take Wound","damage_taken":0,"relics_obtained":["Golden Idol"],"max_hp_gain":0,"max_hp_loss":0,"event_name":"Golden Idol","floor":4,"gold_loss":0,"cards_obtained":["Injury"]}],"is_beta":false,"boss_relics":[],"items_purged_floors":[],"is_endless":false,"potions_floor_spawned":[2],"killed_by":"3 Sentries","ascension_level":0}}