{"host":"b68zjtx2wn01pixa","time":1613617863,"event":{"mods":["BaseMod","Colored Map","Infinite Spire","Minty Spire (QoL Compilation)","Relic Stats","StSLib","SuperFastMode"],"gold_per_floor":[115,135,135,146,163,163,188,188,188,223,239,239,18,18,18,116,116,129,29,49,49,49,49,78,78,104,121,147,157,207,233,233,329,329,342,342,392,392,119,119,133,166,166,179,206,206,230,247,247,247],"floor_reached":51,"language":"ENG","playtime":2172,"items_purged":["Strike_G","Well Laid Plans","Cloak And Dagger","Strike_G"],"score":812,"play_id":"cd77fbfa-5c8b-426c-9d3b-3c7f7e8a95d0","local_time":"20210217221103","is_ascension_mode":true,"campfire_choices":[{"data":"Skewer","floor":6.0,"key":"SMITH"},{"floor":8.0,"key":"REST"},{"data":"Riddle With Holes","floor":12.0,"key":"SMITH"},{"data":"Leg Sweep","floor":15.0,"key":"SMITH"},{"data":"infinitespire:SevenWalls","floor":23.0,"key":"SMITH"},{"data":"Footwork","floor":25.0,"key":"SMITH"},{"data":"Bouncing Flask","floor":32.0,"key":"SMITH"},{"data":"Tactician","floor":40.0,"key":"SMITH"},{"data":"Adrenaline","floor":46,"key":"SMITH"},{"data":"Footwork","floor":49,"key":"SMITH"}],"circlet_count":0,"master_deck":["Strike_G","Defend_G","Defend_G","Defend_G","Defend_G","Defend_G","Survivor","Sucker Punch","Deadly Poison+1","Skewer+1","Riddle With Holes+1","Footwork+1","Leg Sweep+1","Bullet Time","Blur","Leg Sweep","infinitespire:SevenWalls+1","Bouncing Flask+1","Crippling Poison+1","PiercingWail","infinitespire:DeathsTouch","Adrenaline+1","Noxious Fumes+1","Tactician+1","Footwork+1","Deadly Poison+1","Dodge and Roll+1"],"relics":["Ring of the Snake","Pocketwatch","Snake Skull","Tiny Chest","Bottled Lightning","Runic Pyramid","Akabeko","Potion Belt","Paper Crane","infinitespire:Beetle Shell","Empty Cage","Incense Burner","MealTicket","Mercury Hourglass","Pen Nib","Bronze Scales"],"acts_visited":["Exordium","TheCity","TheBeyond"],"potions_floor_usage":[50,50,50,50,50],"damage_taken":[{"damage":0.0,"enemies":"2 Louse","floor":1.0,"turns":3.0},{"damage":0.0,"enemies":"Cultist","floor":2.0,"turns":3.0},{"damage":0.0,"enemies":"Jaw Worm","floor":4.0,"turns":4.0},{"damage":4.0,"enemies":"3 Louse","floor":5.0,"turns":3.0},{"damage":14.0,"enemies":"Lagavulin","floor":7.0,"turns":7.0},{"damage":10.0,"enemies":"3 Sentries","floor":10.0,"turns":10.0},{"damage":0.0,"enemies":"Red Slaver","floor":11.0,"turns":2.0},{"damage":2.0,"enemies":"The Guardian","floor":16.0,"turns":10.0},{"damage":1.0,"enemies":"Spheric Guardian","floor":18.0,"turns":7.0},{"damage":1.0,"enemies":"2 Thieves","floor":20.0,"turns":5.0},{"damage":6.0,"enemies":"Slavers","floor":24.0,"turns":6.0},{"damage":5.0,"enemies":"Chosen and Byrds","floor":27.0,"turns":5.0},{"damage":4.0,"enemies":"Nightmare","floor":28.0,"turns":5.0},{"damage":0.0,"enemies":"Sentry and Sphere","floor":29.0,"turns":3.0},{"damage":18.0,"enemies":"Collector","floor":33.0,"turns":12.0},{"damage":0.0,"enemies":"3 Shapes","floor":35.0,"turns":3.0},{"damage":0.0,"enemies":"Mind Bloom Boss Battle","floor":37.0,"turns":7.0},{"damage":0.0,"enemies":"Orb Walker","floor":41.0,"turns":4.0},{"damage":0.0,"enemies":"Nemesis","floor":42.0,"turns":7.0},{"damage":0,"enemies":"Writhing Mass","floor":44,"turns":5},{"damage":2,"enemies":"Nightmare","floor":45,"turns":6},{"damage":4,"enemies":"Sphere and 2 Shapes","floor":48,"turns":3},{"damage":32,"enemies":"Donu and Deca","floor":50,"turns":10}],"seed_played":"8061756048685181266","potions_obtained":[{"floor":1.0,"key":"SpeedPotion"},{"floor":2.0,"key":"SkillPotion"},{"floor":7.0,"key":"BlessingOfTheForge"},{"floor":10.0,"key":"FearPotion"},{"floor":20.0,"key":"LiquidMemories"},{"floor":27.0,"key":"Fire Potion"},{"floor":28.0,"key":"AttackPotion"},{"floor":29.0,"key":"PowerPotion"}],"is_trial":false,"path_per_floor":["M","M","?","M","M","R","E","R","T","E","M","R","$","$","R","B",null,"M","$","M","AVR","?","R","E","R","T","M","NM","M","?","T","R","B",null,"M","?","?","?","$","R","M","E","T","M","NM","R","T","M","R","B",null],"character_chosen":"THE_SILENT","items_purchased":["Footwork","Leg Sweep","Tactician","Footwork"],"campfire_rested":1,"item_purchase_floors":[13,13,39,39],"current_hp_per_floor":[49,49,49,49,45,45,31,52,52,42,42,42,42,42,42,40,70,69,69,68,68,68,68,62,62,62,57,53,53,53,53,53,35,70,70,66,66,66,66,66,66,66,66,66,64,64,64,60,60,28],"gold":247,"neow_bonus":"ONE_RARE_RELIC","is_daily":false,"chose_seed":false,"campfire_upgraded":9,"win_rate":0.0,"timestamp":1613617863,"path_taken":["M","M","?","M","M","R","E","R","T","E","M","R","?","$","R","BOSS","M","$","M","AVR","?","R","E","R","T","M","NM","M","?","?","R","BOSS","M","?","?","?","$","R","M","E","T","M","NM","R","?","?","R","BOSS"],"items_purchased_type":["Card","Card","Card","Card"],"build_version":"2020-12-22","purchased_purges":4,"victory":true,"max_hp_per_floor":[70,70,70,70,70,70,70,70,70,70,70,70,70,70,70,70,70,70,70,70,70,70,70,70,70,70,70,70,70,70,70,70,70,70,70,66,66,66,66,66,66,66,66,66,66,66,66,66,66,66],"relic_stats":{"counters":[23,130],"Bronze Scales":[42],"Tiny Chest":2,"MealTicket":0,"Snake Skull":[122],"Pen Nib":[0],"obtain_stats":[{"Potion Belt":26,"Snake Skull":7,"infinitespire:Beetle Shell":31,"Pen Nib":45,"Incense Burner":37,"Paper Crane":28,"Empty Cage":34,"Akabeko":24,"Mercury Hourglass":43,"Bronze Scales":47,"Tiny Chest":9,"MealTicket":42,"Bottled Lightning":10,"Ring of the Snake":0,"Pocketwatch":0,"Runic Pyramid":17},{"Potion Belt":11,"Snake Skull":5,"infinitespire:Beetle Shell":14,"Pen Nib":21,"Incense Burner":17,"Paper Crane":13,"Empty Cage":15,"Akabeko":11,"Mercury Hourglass":19,"Bronze Scales":21,"Tiny Chest":5,"MealTicket":19,"Bottled Lightning":6,"Ring of the Snake":0,"Pocketwatch":0,"Runic Pyramid":8},{"Potion Belt":60,"Snake Skull":20,"infinitespire:Beetle Shell":73,"Pen Nib":117,"Incense Burner":95,"Paper Crane":70,"Empty Cage":85,"Akabeko":60,"Mercury Hourglass":106,"Bronze Scales":117,"Tiny Chest":20,"MealTicket":106,"Bottled Lightning":30,"Ring of the Snake":0,"Pocketwatch":0,"Runic Pyramid":42}],"Ring of the Snake":[46],"Pocketwatch":[99],"Mercury Hourglass":[63]},"card_choices":[{"not_picked":["Distraction","Eviscerate"],"picked":"Sucker Punch","floor":1.0},{"not_picked":["Adrenaline","Poisoned Stab"],"picked":"Deadly Poison","floor":2.0},{"not_picked":["Acrobatics","Blur"],"picked":"Skewer","floor":4.0},{"not_picked":["Dodge and Roll","Heel Hook"],"picked":"Cloak And Dagger","floor":5.0},{"not_picked":["Deflect","Venomology"],"picked":"Well Laid Plans","floor":7.0},{"not_picked":["Poisoned Stab","Well Laid Plans","Concentrate"],"picked":"SKIP","floor":10.0},{"not_picked":["Poisoned Stab","Well Laid Plans","Concentrate"],"picked":"SKIP","floor":10.0},{"not_picked":["Dodge and Roll","Predator"],"picked":"Riddle With Holes","floor":11.0},{"not_picked":["Glass Knife","Storm of Steel"],"picked":"Bullet Time","floor":16.0},{"not_picked":["Quick Slash","Slice"],"picked":"Blur","floor":18.0},{"not_picked":["Dagger Spray","Poisoned Stab"],"picked":"Leg Sweep","floor":20.0},{"not_picked":["Blur","Blade Dance"],"picked":"Crippling Poison+1","floor":24.0},{"not_picked":["Sucker Punch","Die Die Die"],"picked":"PiercingWail","floor":27.0},{"not_picked":["infinitespire:Oblivion","infinitespire:FutureSight"],"picked":"infinitespire:DeathsTouch","floor":28.0},{"not_picked":["Heel Hook","Expertise+1","Bouncing Flask"],"picked":"SKIP","floor":28.0},{"not_picked":["Heel Hook","Expertise+1","Bouncing Flask"],"picked":"SKIP","floor":28.0},{"not_picked":["Heel Hook","Underhanded Strike","Dash"],"picked":"SKIP","floor":29.0},{"not_picked":["infinitespire:Neurotoxin","Bullet Time"],"picked":"Adrenaline","floor":33.0},{"not_picked":["Prepared","Outmaneuver","Dagger Throw+1"],"picked":"SKIP","floor":35.0},{"not_picked":["Choke+1","Bane"],"picked":"Noxious Fumes+1","floor":37.0},{"not_picked":["Eviscerate","Prepared","Terror"],"picked":"SKIP","floor":41.0},{"not_picked":["Flechettes","Accuracy+1"],"picked":"Deadly Poison+1","floor":42.0},{"not_picked":["Blade Dance+1","Sucker Punch","Dagger Spray+1"],"picked":"SKIP","floor":44},{"not_picked":["Distraction+1","Sucker Punch+1","Deflect"],"picked":"SKIP","floor":45},{"not_picked":["Flying Knee","Setup"],"picked":"Dodge and Roll+1","floor":48}],"player_experience":812799,"relics_obtained":[{"floor":7.0,"key":"Snake Skull"},{"floor":9.0,"key":"Tiny Chest"},{"floor":10.0,"key":"Bottled Lightning"},{"floor":24.0,"key":"Akabeko"},{"floor":26.0,"key":"Potion Belt"},{"floor":28.0,"key":"Paper Crane"},{"floor":31.0,"key":"infinitespire:Beetle Shell"},{"floor":37.0,"key":"Incense Burner"},{"floor":42.0,"key":"MealTicket"},{"floor":43.0,"key":"Mercury Hourglass"},{"floor":45,"key":"Pen Nib"},{"floor":47,"key":"Bronze Scales"}],"event_choices":[{"damage_healed":0.0,"max_hp_gain":0.0,"max_hp_loss":0.0,"gold_gain":0.0,"event_name":"Upgrade Shrine","player_choice":"Upgraded","floor":3.0,"gold_loss":0.0,"damage_taken":0.0,"cards_upgraded":["Deadly Poison"]},{"damage_healed":0.0,"max_hp_gain":0.0,"max_hp_loss":0.0,"gold_gain":0.0,"event_name":"The Library","player_choice":"Read","floor":22.0,"gold_loss":0.0,"damage_taken":0.0,"cards_obtained":["Bouncing Flask"]},{"damage_healed":0.0,"max_hp_gain":0.0,"max_hp_loss":0.0,"gold_gain":100.0,"event_name":"The Joust","player_choice":"Bet on Murderer","floor":30.0,"gold_loss":50.0,"damage_taken":0.0},{"damage_healed":0.0,"max_hp_gain":0.0,"max_hp_loss":4.0,"gold_gain":0.0,"event_name":"Winding Halls","player_choice":"Max HP","floor":36.0,"gold_loss":0.0,"damage_taken":0.0},{"damage_healed":0.0,"max_hp_gain":0.0,"max_hp_loss":0.0,"gold_gain":0.0,"event_name":"MindBloom","player_choice":"Fight","floor":37.0,"gold_loss":0.0,"damage_taken":0.0},{"cards_removed":["Neutralize"],"damage_healed":0.0,"max_hp_gain":0.0,"max_hp_loss":0.0,"gold_gain":0.0,"event_name":"Falling","player_choice":"Removed Attack","floor":38.0,"gold_loss":0.0,"damage_taken":0.0}],"is_beta":false,"boss_relics":[{"not_picked":["WristBlade","Velvet Choker"],"picked":"Runic Pyramid"},{"not_picked":["Calling Bell","Pandora\u0027s Box"],"picked":"Empty Cage"}],"items_purged_floors":[13,19,21,39],"is_endless":false,"potions_floor_spawned":[1,2,7,10,16,20,27,28,29,41,42,48],"ascension_level":1}}