{"host":"tzwikg9s6mkzv6w0","time":1613655338,"event":{"mods":["BaseMod","Good Game Mod","Minty Spire (QoL Compilation)","Spicy Shops","StSLib"],"gold_per_floor":[119,119,394,411,411,411,93,119,119,131,131,146,146,173,173,268,268,282,282,207,207,207,207],"floor_reached":22,"language":"ZHS","playtime":519,"items_purged":["Regret","Defend_R"],"score":247,"play_id":"2db142ce-3300-4428-8304-e65a7165743b","local_time":"20210218213538","is_ascension_mode":true,"campfire_choices":[{"data":"Inflame","floor":6.0,"key":"SMITH"},{"data":"Bloodletting","floor":11.0,"key":"SMITH"},{"data":"Power Through","floor":13.0,"key":"SMITH"},{"data":"Dark Embrace","floor":15.0,"key":"SMITH"}],"circlet_count":0,"master_deck":["Strike_R","Strike_R","Defend_R","Defend_R","Bash","Inflame+1","Power Through+1","Bloodletting+1","Shrug It Off+1","Disarm+1","Dark Embrace+1","Barricade","Pummel"],"relics":["Burning Blood","REME:ComplimentaryCards","Brimstone","HornCleat","Toxic Egg 2","Centennial Puzzle","SlaversCollar","Enchiridion"],"acts_visited":["Exordium","TheCity"],"potions_floor_usage":[22],"damage_taken":[{"damage":3.0,"enemies":"Jaw Worm","floor":1.0,"turns":4.0},{"damage":3.0,"enemies":"Cultist","floor":4.0,"turns":3.0},{"damage":25.0,"enemies":"3 Sentries","floor":8.0,"turns":7.0},{"damage":0.0,"enemies":"2 Louse","floor":10.0,"turns":2.0},{"damage":4.0,"enemies":"Looter","floor":12.0,"turns":2.0},{"damage":3.0,"enemies":"Gremlin Nob","floor":14.0,"turns":3.0},{"damage":21.0,"enemies":"Hexaghost","floor":16.0,"turns":6.0},{"damage":27.0,"enemies":"2 Thieves","floor":18.0,"turns":3.0},{"damage":36,"enemies":"3 Byrds","floor":22,"turns":5}],"seed_played":"4498588595205252434","potions_obtained":[{"floor":4.0,"key":"CultistPotion"},{"floor":8.0,"key":"Ancient Potion"},{"floor":10.0,"key":"Strength Potion"},{"floor":18.0,"key":"HeartOfIron"}],"is_trial":false,"path_per_floor":["M","?","?","M","?","R","$","E","T","M","R","M","R","E","R","B",null,"M","?","?","?","M"],"character_chosen":"IRONCLAD","items_purchased":["Brimstone"],"campfire_rested":0,"item_purchase_floors":[7],"current_hp_per_floor":[72,72,72,72,77,77,77,58,58,64,64,66,66,69,69,54,71,50,34,34,34,0,0],"gold":207,"neow_bonus":"REMOVE_TWO","is_daily":false,"chose_seed":false,"campfire_upgraded":4,"win_rate":0.0,"timestamp":1613655338,"path_taken":["M","?","?","?","?","R","$","E","T","M","R","M","R","E","R","BOSS","M","?","?","?","M"],"items_purchased_type":["Relic"],"build_version":"2020-12-22","purchased_purges":2,"victory":false,"max_hp_per_floor":[72,72,72,72,77,77,77,77,77,77,77,77,77,77,77,77,77,77,77,77,77,77,77],"card_choices":[{"not_picked":["Carnage","Perfected Strike"],"picked":"Power Through","floor":1.0},{"not_picked":["Perfected Strike","Clash"],"picked":"Bloodletting","floor":4.0},{"not_picked":["Warcry","Uppercut","Rampage"],"picked":"SKIP","floor":8.0},{"not_picked":["Cleave","Perfected Strike"],"picked":"Shrug It Off+1","floor":10.0},{"not_picked":["Perfected Strike","Blood for Blood"],"picked":"Disarm+1","floor":12.0},{"not_picked":["Barricade","Searing Blow"],"picked":"Dark Embrace","floor":14.0},{"not_picked":["Feed","Berserk"],"picked":"Barricade","floor":16.0},{"not_picked":["Sever Soul+1","Clothesline"],"picked":"Pummel","floor":18.0}],"player_experience":153016,"relics_obtained":[{"floor":8.0,"key":"HornCleat"},{"floor":9.0,"key":"Toxic Egg 2"},{"floor":14.0,"key":"Centennial Puzzle"},{"floor":19.0,"key":"Enchiridion"}],"event_choices":[{"damage_healed":0.0,"max_hp_gain":0.0,"max_hp_loss":0.0,"gold_gain":0.0,"event_name":"Liars Game","player_choice":"Ignored","floor":2.0,"gold_loss":0.0,"damage_taken":0.0},{"damage_healed":0.0,"max_hp_gain":0.0,"max_hp_loss":0.0,"gold_gain":275.0,"event_name":"Golden Shrine","player_choice":"Desecrate","floor":3.0,"gold_loss":0.0,"damage_taken":0.0,"cards_obtained":["Regret"]},{"damage_healed":0.0,"max_hp_gain":5.0,"max_hp_loss":0.0,"gold_gain":0.0,"event_name":"Big Fish","player_choice":"Donut","floor":5.0,"gold_loss":0.0,"damage_taken":0.0},{"damage_healed":0.0,"max_hp_gain":0.0,"max_hp_loss":0.0,"gold_gain":0.0,"event_name":"Cursed Tome","player_choice":"Obtained Book","floor":19.0,"gold_loss":0.0,"damage_taken":16.0},{"cards_removed":["Strike_R"],"damage_healed":0.0,"max_hp_gain":0.0,"max_hp_loss":0.0,"gold_gain":0.0,"event_name":"Beggar","player_choice":"Gave Gold","floor":20.0,"gold_loss":75.0,"damage_taken":0.0},{"cards_removed":["Defend_R"],"damage_healed":0,"gold_gain":0,"player_choice":"Elegance","damage_taken":0,"max_hp_gain":0,"max_hp_loss":0,"event_name":"Back to Basics","floor":21,"gold_loss":0}],"is_beta":false,"boss_relics":[{"not_picked":["Sozu","Black Star"],"picked":"SlaversCollar"}],"items_purged_floors":[7,7],"is_endless":false,"potions_floor_spawned":[4,8,10,18],"killed_by":"3 Byrds","ascension_level":6}}