{"host":"scy0o1xotfn36lpl","time":1613616041,"event":{"mods":["AchievementEnabler","Aspiration","BaseMod","Better Altar","Better Note","Better Sensory Stone","Better Skull","Better Third Choice","Colored Map","Curses Come First","Downfall","GifTheSpireLib","Googly Eyes","Highlight Path","Minty Spire (QoL Compilation)","Permanent Neow","Spicy Shops","StSLib","everything is the same but u backflip on backflip"],"gold_per_floor":[114,114,132,132,145,145,179,194,194,214,225,190,190,225,225,326,326,344,359,359,359,61,86,86,111,136,149,179,193,206,206,206,308,308,321,347,85,0,0,34,52,86,157,173,192,192,213,255,255,255],"floor_reached":51,"language":"ENG","playtime":3957,"items_purged":["downfall:Bewildered"],"score":871,"play_id":"7b3765ee-327c-4cf4-990b-af32f3e6b808","local_time":"20210217184041","is_ascension_mode":true,"campfire_choices":[{"data":"Perfected Strike","floor":6,"key":"SMITH"},{"data":"Armaments","floor":13,"key":"SMITH"},{"data":"Rage","floor":15,"key":"SMITH"},{"data":"Juggernaut","floor":24,"key":"SMITH"},{"data":"Iron Wave","floor":32,"key":"SMITH"},{"floor":46,"key":"RECALL"},{"data":"Seeing Red","floor":49,"key":"SMITH"}],"circlet_count":0,"master_deck":["Strike_R","Strike_R","Strike_R","Strike_R","Strike_R","Bash+1","Rage+1","Inflame","Perfected Strike+1","Headbutt","Armaments+1","Flex","Perfected Strike","Thunderclap","Juggernaut+1","Twin Strike","Twin Strike","Cleave","Flex","Spot Weakness+1","Warcry+1","Pommel Strike","Shrug It Off","Twin Strike","Iron Wave+1","Pommel Strike+1","Feed","Battle Trance+1","Corruption+1","Double Tap+1","Second Wind+1","Perfected Strike+1","Perfected Strike+1","Thunderclap+1","Seeing Red+1"],"relics":["Burning Blood","aspiration:Nostalgia","sneckomod:SneckoSoul","Eternal Feather","aspiration:HiddenCompartment","Orichalcum","Coffee Dripper","sneckomod:BabySnecko","Bag of Marbles","Orrery","Boot","Happy Flower","Bag of Preparation","aspiration:Lifesprig","Pen Nib","Astrolabe","CeramicFish","aspiration:HummingbirdHeart","Red Mask","Potion Belt","Letter Opener","HornCleat","Meat on the Bone"],"acts_visited":["Exordium","TheCity","TheBeyond"],"potions_floor_usage":[7,10,14,23,25,33,33,48,50,50,50],"damage_taken":[{"damage":7,"enemies":"2 Louse","floor":1,"turns":3},{"damage":1,"enemies":"Cultist","floor":3,"turns":4},{"damage":12,"enemies":"Jaw Worm","floor":5,"turns":3},{"damage":23,"enemies":"Lagavulin","floor":7,"turns":6},{"damage":2,"enemies":"Exordium Thugs","floor":8,"turns":4},{"damage":5,"enemies":"Looter","floor":10,"turns":2},{"damage":11,"enemies":"Red Slaver","floor":11,"turns":3},{"damage":18,"enemies":"3 Sentries","floor":14,"turns":5},{"damage":31,"enemies":"Slime Boss","floor":16,"turns":10},{"damage":4,"enemies":"Chosen","floor":18,"turns":3},{"damage":8,"enemies":"3 Byrds","floor":19,"turns":4},{"damage":55,"enemies":"Book of Stabbing","floor":23,"turns":5},{"damage":0,"enemies":"Gremlin Leader","floor":25,"turns":3},{"damage":15,"enemies":"Snake Plant","floor":27,"turns":2},{"damage":12,"enemies":"Book of Stabbing","floor":28,"turns":3},{"damage":0,"enemies":"Snecko","floor":29,"turns":2},{"damage":13,"enemies":"Shelled Parasite and Fungi","floor":30,"turns":3},{"damage":34,"enemies":"Champ","floor":33,"turns":6},{"damage":3,"enemies":"3 Shapes","floor":35,"turns":1},{"damage":4,"enemies":"Nemesis","floor":40,"turns":3},{"damage":1,"enemies":"3 Darklings","floor":41,"turns":3},{"damage":7,"enemies":"Reptomancer","floor":42,"turns":4},{"damage":0,"enemies":"Transient","floor":44,"turns":5},{"damage":0,"enemies":"Jaw Worm Horde","floor":45,"turns":2},{"damage":0,"enemies":"Sphere and 2 Shapes","floor":47,"turns":3},{"damage":16,"enemies":"Giant Head","floor":48,"turns":6},{"damage":65,"enemies":"Awakened One","floor":50,"turns":6}],"seed_played":"-5209579596938549828","potions_obtained":[{"floor":3,"key":"Energy Potion"},{"floor":7,"key":"FearPotion"},{"floor":8,"key":"AttackPotion"},{"floor":10,"key":"AttackPotion"},{"floor":16,"key":"SteroidPotion"},{"floor":18,"key":"Regen Potion"},{"floor":19,"key":"EssenceOfSteel"},{"floor":28,"key":"LiquidBronze"},{"floor":29,"key":"FairyPotion"},{"floor":30,"key":"LiquidMemories"},{"floor":33,"key":"SneckoOil"},{"floor":35,"key":"SkillPotion"},{"floor":40,"key":"Weak Potion"},{"floor":44,"key":"FearPotion"},{"floor":48,"key":"ColorlessPotion"}],"is_trial":false,"path_per_floor":["M","?","M","?","M","R","E","M","T","M","M","?","R","E","R","B",null,"M","M","?","?","$","E","R","E","T","M","E","M","M","?","R","B",null,"M","T","$","?","$","E","M","E","T","M","M","R","M","E","R","B",null],"character_chosen":"IRONCLAD","items_purchased":["Orrery","Boot","aspiration:HummingbirdHeart"],"campfire_rested":0,"item_purchase_floors":[22,22,37],"current_hp_per_floor":[79,72,77,77,71,71,54,58,58,59,54,74,80,68,77,52,80,80,78,78,78,78,41,56,62,62,53,47,53,46,46,61,33,80,80,80,80,80,80,80,80,82,82,83,86,86,86,76,86,39],"gold":255,"neow_bonus":"NOSTALGIA","is_daily":false,"chose_seed":false,"campfire_upgraded":6,"win_rate":0.0,"timestamp":1613616041,"path_taken":["M","?","M","?","?","R","E","M","T","M","M","?","R","E","R","BOSS","M","M","?","?","$","E","R","E","T","M","E","M","?","?","R","BOSS","M","?","?","?","$","E","M","E","T","M","?","R","M","E","R","BOSS"],"items_purchased_type":["Relic","Relic","Relic"],"build_version":"2020-12-22","purchased_purges":1,"victory":true,"max_hp_per_floor":[80,80,80,80,80,80,80,80,80,80,80,80,80,80,80,80,80,80,80,80,80,80,80,80,80,80,80,80,80,80,80,80,80,80,80,80,80,80,80,80,80,83,83,83,86,86,86,86,86,86],"card_choices":[{"not_picked":["Cleave","Carnage"],"picked":"Rage","floor":1},{"not_picked":["Anger","Infernal Blade"],"picked":"Inflame","floor":3},{"not_picked":["Iron Wave","Bloodletting"],"picked":"Perfected Strike","floor":5},{"not_picked":["Heavy Blade","Blood for Blood"],"picked":"Headbutt","floor":7},{"not_picked":["Flex","Heavy Blade"],"picked":"Armaments","floor":8},{"not_picked":["Intimidate","Heavy Blade"],"picked":"Flex","floor":10},{"not_picked":["Warcry","Infernal Blade"],"picked":"Perfected Strike","floor":11},{"not_picked":["Power Through","Body Slam"],"picked":"Thunderclap","floor":14},{"not_picked":["Fiend Fire","Impervious"],"picked":"Juggernaut","floor":16},{"not_picked":["Body Slam+1","Thunderclap"],"picked":"Twin Strike","floor":18},{"not_picked":["Pummel","Uppercut"],"picked":"Twin Strike","floor":19},{"not_picked":["Perfected Strike","Hemokinesis"],"picked":"Cleave","floor":22},{"not_picked":["Headbutt","Corruption"],"picked":"Flex","floor":22},{"not_picked":["True Grit+1","Bludgeon"],"picked":"Spot Weakness+1","floor":22},{"not_picked":["Cleave","Fire Breathing"],"picked":"Warcry+1","floor":22},{"not_picked":["Spot Weakness","Armaments"],"picked":"Pommel Strike","floor":22},{"not_picked":["Fire Breathing","Power Through"],"picked":"Shrug It Off","floor":23},{"not_picked":["Battle Trance+1","Body Slam","Headbutt"],"picked":"SKIP","floor":25},{"not_picked":["Sever Soul","Cleave","Sword Boomerang+1"],"picked":"SKIP","floor":27},{"not_picked":["Ghostly Armor+1","Anger"],"picked":"Twin Strike","floor":28},{"not_picked":["Cleave","Barricade"],"picked":"Iron Wave","floor":29},{"not_picked":["Spot Weakness","Seeing Red"],"picked":"Pommel Strike+1","floor":30},{"not_picked":["Double Tap","Impervious"],"picked":"Feed","floor":33},{"not_picked":["Burning Pact+1","Pommel Strike+1","Disarm+1"],"picked":"SKIP","floor":35},{"not_picked":["Shockwave","Pommel Strike"],"picked":"Second Wind+1","floor":40},{"not_picked":["Blood for Blood","Fire Breathing+1","Burning Pact"],"picked":"SKIP","floor":41},{"not_picked":["Dropkick","Sever Soul"],"picked":"Perfected Strike+1","floor":42},{"not_picked":["Headbutt+1","Entrench+1","Heavy Blade"],"picked":"SKIP","floor":44},{"not_picked":["Iron Wave+1","Clothesline"],"picked":"Perfected Strike+1","floor":45},{"not_picked":["Heavy Blade","Shrug It Off"],"picked":"Thunderclap+1","floor":47},{"not_picked":["Clash+1","Pummel"],"picked":"Seeing Red","floor":48}],"player_experience":76043,"relics_obtained":[{"floor":7,"key":"Eternal Feather"},{"floor":9,"key":"aspiration:HiddenCompartment"},{"floor":14,"key":"Orichalcum"},{"floor":23,"key":"Happy Flower"},{"floor":25,"key":"Bag of Preparation"},{"floor":26,"key":"aspiration:Lifesprig"},{"floor":28,"key":"Pen Nib"},{"floor":36,"key":"CeramicFish"},{"floor":40,"key":"Potion Belt"},{"floor":42,"key":"Letter Opener"},{"floor":43,"key":"HornCleat"},{"floor":48,"key":"Meat on the Bone"}],"event_choices":[{"cards_removed":["Defend_R"],"damage_healed":0,"gold_gain":0,"player_choice":"Card Removal","damage_taken":7,"max_hp_gain":0,"max_hp_loss":0,"event_name":"Golden Wing","floor":2,"gold_loss":0},{"damage_healed":0,"gold_gain":0,"player_choice":"Upgraded","damage_taken":0,"max_hp_gain":0,"max_hp_loss":0,"event_name":"Upgrade Shrine","floor":4,"gold_loss":0,"cards_upgraded":["Bash"]},{"damage_healed":20,"gold_gain":0,"player_choice":"Healed","damage_taken":0,"max_hp_gain":0,"max_hp_loss":0,"event_name":"The Cleric","floor":12,"gold_loss":35},{"damage_healed":0,"gold_gain":0,"player_choice":"Gave Potion","damage_taken":0,"relics_obtained":["Bag of Marbles"],"max_hp_gain":0,"max_hp_loss":0,"event_name":"WeMeetAgain","floor":21,"gold_loss":0},{"damage_healed":0,"gold_gain":0,"cards_transformed":["Defend_R"],"player_choice":"Transformed","damage_taken":0,"max_hp_gain":0,"max_hp_loss":0,"event_name":"Transmorgrifier","floor":31,"gold_loss":0,"cards_obtained":["Burning Pact"]},{"damage_healed":0,"gold_gain":0,"player_choice":"Paid","damage_taken":0,"relics_obtained":["Red Mask"],"max_hp_gain":0,"max_hp_loss":0,"event_name":"Tomb of Lord Red Mask","floor":38,"gold_loss":85}],"is_beta":false,"boss_relics":[{"not_picked":["SacredBark","Snecko Eye"],"picked":"Coffee Dripper"},{"not_picked":["aspiration:SecretTechniqueScroll","Mark of Pain"],"picked":"Astrolabe"}],"items_purged_floors":[22],"is_endless":false,"potions_floor_spawned":[3,7,8,10,16,18,19,28,29,30,33,35,40,44,48],"ascension_level":1}}