{"host":"a3wpq7kyokchzawk","time":1613690639,"event":{"mods":["BaseMod","Colored Map","Highlight Path","Minty Spire (QoL Compilation)","Permanent Neow","Potion Indicator Mod","Relic Stats","Weighted Paths"],"gold_per_floor":[109,120,138,11,24,24,44,74,74,89,122,134,134,163,163,239,239,259,259,259,20,30,61,61,76,152,152,182,182,210,227,227,227,227],"floor_reached":33,"language":"ENG","playtime":4239,"items_purged":[],"score":634,"play_id":"624f0174-19e5-4d64-8de8-c7237f4b8050","local_time":"20210218212359","is_ascension_mode":true,"campfire_choices":[{"data":"Envenom","floor":6.0,"key":"SMITH"},{"floor":13.0,"key":"REST"},{"data":"Cloak And Dagger","floor":15.0,"key":"SMITH"},{"floor":24.0,"key":"REST"},{"floor":27.0,"key":"REST"},{"data":"Blade Dance","floor":29.0,"key":"SMITH"},{"floor":32.0,"key":"REST"}],"circlet_count":0,"master_deck":["AscendersBane","Strike_G","Strike_G","Strike_G","Strike_G","Strike_G","Defend_G","Defend_G","Defend_G","Defend_G","Defend_G","Survivor","Neutralize","Envenom+1","Calculated Gamble","Bane","Slice","Cloak And Dagger+1","Bouncing Flask","Dagger Spray","Flechettes","PiercingWail","Leg Sweep","Backstab","Dodge and Roll","After Image","Dodge and Roll","Blade Dance+1","Footwork","Footwork+1","Deflect","Corpse Explosion"],"relics":["Ring of the Snake","Toy Ornithopter","The Courier","Du-Vu Doll","Odd Mushroom","WristBlade","Calipers","Medical Kit","Paper Crane","HornCleat","Ancient Tea Set","Oddly Smooth Stone"],"acts_visited":["Exordium","TheCity"],"potions_floor_usage":[],"damage_taken":[{"damage":11.0,"enemies":"Small Slimes","floor":1.0,"turns":6.0},{"damage":0.0,"enemies":"Jaw Worm","floor":2.0,"turns":4.0},{"damage":0.0,"enemies":"Cultist","floor":3.0,"turns":4.0},{"damage":1.0,"enemies":"Looter","floor":5.0,"turns":4.0},{"damage":3.0,"enemies":"Blue Slaver","floor":7.0,"turns":5.0},{"damage":5.0,"enemies":"3 Sentries","floor":8.0,"turns":5.0},{"damage":1.0,"enemies":"Exordium Thugs","floor":10.0,"turns":4.0},{"damage":30.0,"enemies":"Gremlin Nob","floor":11.0,"turns":4.0},{"damage":0.0,"enemies":"Exordium Wildlife","floor":12.0,"turns":2.0},{"damage":5.0,"enemies":"The Mushroom Lair","floor":14.0,"turns":4.0},{"damage":4.0,"enemies":"The Guardian","floor":16.0,"turns":13.0},{"damage":2.0,"enemies":"Chosen","floor":18.0,"turns":3.0},{"damage":11.0,"enemies":"3 Byrds","floor":22.0,"turns":5.0},{"damage":28.0,"enemies":"Book of Stabbing","floor":23.0,"turns":7.0},{"damage":19.0,"enemies":"Snake Plant","floor":25.0,"turns":5.0},{"damage":14.0,"enemies":"Slavers","floor":28.0,"turns":6.0},{"damage":18.0,"enemies":"Book of Stabbing","floor":30.0,"turns":5.0},{"damage":0.0,"enemies":"Snecko","floor":31.0,"turns":5.0},{"damage":57,"enemies":"Automaton","floor":33,"turns":8}],"seed_played":"1801471857007200602","potions_obtained":[{"floor":1.0,"key":"EntropicBrew"},{"floor":7.0,"key":"Strength Potion"},{"floor":14.0,"key":"Energy Potion"},{"floor":16.0,"key":"BlessingOfTheForge"},{"floor":23.0,"key":"DuplicationPotion"},{"floor":28.0,"key":"Block Potion"}],"is_trial":false,"path_per_floor":["M","M","M","$","M","R","M","E","T","M","E","M","R","?","R","B",null,"M","?","T","$","M","E","R","M","T","R","E","R","E","M","R","B"],"character_chosen":"THE_SILENT","items_purchased":["Cloak And Dagger","Bouncing Flask","Blade Dance","Medical Kit","Footwork"],"campfire_rested":4,"item_purchase_floors":[4,4,21,21,21],"current_hp_per_floor":[48,48,48,48,47,47,44,39,39,38,8,8,27,22,22,18,54,52,52,52,52,41,18,37,18,18,37,28,28,20,20,39,0,0],"gold":227,"neow_bonus":"ONE_RANDOM_RARE_CARD","is_daily":false,"chose_seed":false,"campfire_upgraded":3,"win_rate":0.0,"timestamp":1613690639,"path_taken":["M","M","M","$","M","R","M","E","T","M","E","M","R","?","R","BOSS","M","?","?","$","M","E","R","?","T","R","E","R","E","M","R","BOSS"],"items_purchased_type":["Card","Card","Card","Relic","Card"],"build_version":"2020-12-22","purchased_purges":0,"victory":false,"max_hp_per_floor":[66,66,66,66,66,66,66,66,66,66,66,66,66,66,66,66,66,66,66,66,66,66,66,66,66,66,66,66,66,66,66,66,66,66],"relic_stats":{"counters":[19,99],"Medical Kit":[0],"obtain_stats":[{"Du-Vu Doll":11,"Calipers":20,"HornCleat":26,"WristBlade":17,"Oddly Smooth Stone":30,"The Courier":9,"Odd Mushroom":14,"Paper Crane":23,"Medical Kit":21,"Ancient Tea Set":28,"Toy Ornithopter":8,"Ring of the Snake":0},{"Du-Vu Doll":8,"Calipers":12,"HornCleat":15,"WristBlade":11,"Oddly Smooth Stone":17,"The Courier":6,"Odd Mushroom":10,"Paper Crane":14,"Medical Kit":12,"Ancient Tea Set":16,"Toy Ornithopter":6,"Ring of the Snake":0},{"Du-Vu Doll":36,"Calipers":58,"HornCleat":75,"WristBlade":55,"Oddly Smooth Stone":86,"The Courier":28,"Odd Mushroom":42,"Paper Crane":70,"Medical Kit":58,"Ancient Tea Set":81,"Toy Ornithopter":28,"Ring of the Snake":0}],"Toy Ornithopter":20,"Ring of the Snake":[38]},"card_choices":[{"not_picked":["Acrobatics","Choke"],"picked":"Calculated Gamble","floor":1.0},{"not_picked":["Acrobatics","PiercingWail"],"picked":"Bane","floor":2.0},{"not_picked":["Tactician","Expertise"],"picked":"Slice","floor":3.0},{"not_picked":["Riddle With Holes","Flying Knee"],"picked":"Dagger Spray","floor":5.0},{"not_picked":["Flying Knee","Backflip"],"picked":"Flechettes","floor":7.0},{"not_picked":["Dodge and Roll","Choke"],"picked":"PiercingWail","floor":8.0},{"not_picked":["Deadly Poison","Prepared"],"picked":"Leg Sweep","floor":10.0},{"not_picked":["Heel Hook","Sucker Punch"],"picked":"Backstab","floor":11.0},{"not_picked":["Deadly Poison","Prepared","Doppelganger"],"picked":"SKIP","floor":12.0},{"not_picked":["Slice","Underhanded Strike"],"picked":"Dodge and Roll","floor":14.0},{"not_picked":["Malaise","Wraith Form v2"],"picked":"After Image","floor":16.0},{"not_picked":["Dagger Spray","Setup"],"picked":"Dodge and Roll","floor":18.0},{"not_picked":["Dagger Spray","Deflect"],"picked":"Footwork+1","floor":22.0},{"not_picked":["Expertise","Dagger Throw"],"picked":"Deflect","floor":23.0},{"not_picked":["Poisoned Stab","Dagger Throw","Dagger Spray"],"picked":"SKIP","floor":25.0},{"not_picked":["Quick Slash","Poisoned Stab","Flying Knee"],"picked":"SKIP","floor":28.0},{"not_picked":["Bane","Sucker Punch","Footwork"],"picked":"SKIP","floor":30.0},{"not_picked":["PiercingWail","Dagger Spray"],"picked":"Corpse Explosion","floor":31.0}],"player_experience":2754897,"relics_obtained":[{"floor":8.0,"key":"Toy Ornithopter"},{"floor":9.0,"key":"The Courier"},{"floor":11.0,"key":"Du-Vu Doll"},{"floor":14.0,"key":"Odd Mushroom"},{"floor":20.0,"key":"Calipers"},{"floor":23.0,"key":"Paper Crane"},{"floor":26.0,"key":"HornCleat"},{"floor":28.0,"key":"Ancient Tea Set"},{"floor":30.0,"key":"Oddly Smooth Stone"}],"event_choices":[{"damage_healed":0.0,"max_hp_gain":0.0,"max_hp_loss":0.0,"gold_gain":0.0,"event_name":"Mushrooms","player_choice":"Fought Mushrooms","floor":14.0,"gold_loss":0.0,"damage_taken":0.0},{"damage_healed":0.0,"max_hp_gain":0.0,"max_hp_loss":0.0,"gold_gain":0.0,"event_name":"Cursed Tome","player_choice":"Ignored","floor":19.0,"gold_loss":0.0,"damage_taken":0.0}],"is_beta":false,"boss_relics":[{"not_picked":["Runic Dome","Velvet Choker"],"picked":"WristBlade"}],"items_purged_floors":[],"is_endless":false,"potions_floor_spawned":[1,7,14,16,23,28],"killed_by":"Automaton","ascension_level":20}}