{"host":"smn2tb46ysgs1sad","time":1613683799,"event":{"mods":["AchievementEnabler","Aspiration","BaseMod","Colored Powertips","Downfall","Hermit","Minty Spire (QoL Compilation)","Reliquary","Replay The Spire","StSLib","The Cursed","The Disciple","The Hierophant"],"gold_per_floor":[116,129,149,167,92,123,139,139,139,174,184,184,201,201,201,305,305,317,146,162,175,195,224,224,258,258,258,273,302,322,46,46,141,141,155,172,172,22,35,61,81,81,81,81,81,81,114,130,147,173,173,173],"floor_reached":53,"language":"ENG","playtime":2154,"items_purged":["downfall:Aged","Injury","Strike_B","Strike_B"],"score":1094,"play_id":"076a1348-9d4d-46aa-a3a7-7c2b31865b23","local_time":"20210218132959","is_ascension_mode":true,"campfire_choices":[{"floor":8,"key":"REST"},{"floor":15,"key":"REST"},{"data":"Barrage","floor":24,"key":"SMITH"},{"data":"BootSequence","floor":32,"key":"SMITH"},{"data":"Buffer","floor":42,"key":"SMITH"},{"data":"Thunder Strike","floor":51,"key":"SMITH"}],"circlet_count":0,"master_deck":["Strike_B","Strike_B","Defend_B","Defend_B","Defend_B","Defend_B","Zap","Dualcast","Cold Snap","Beam Cell","BootSequence+1","Doom and Gloom","Time Bomb","Coolheaded","Ball Lightning","Barrage+1","Seek+1","Hologram+1","Glacier+1","FTL","Buffer+1","Conserve Battery+1","White Noise+1","Multi-Cast+1","Turbo+1","Hello World+1","Storm+1","Self Repair+1","Redo+1","Storm+1","Capacitor+1","Creative AI+1","Leap+1","Self Repair+1","Loop+1","Self Repair+1","Amplify+1","Hello World+1","aspiration:Polymerization+1","Barrage+1","Self Repair+1","Hyperbeam","Machine Learning+1","Thunder Strike+1"],"relics":["Cracked Core","Prayer Wheel","Toxic Egg 2","Replay:Mystery Machine","Replay:Rubber Ducky","Frozen Egg 2","reliquary:RedCape","Calipers","Quantum Egg","Replay:Ringing Soul","ClockworkSouvenir","reliquary:Craggleroot","reliquary:HotPoker","aspiration:FetidBarrel","Toy Ornithopter","reliquary:Knoch"],"acts_visited":["Exordium","TheCity","TheBeyond"],"potions_floor_usage":[6,52,52],"damage_taken":[{"damage":5,"enemies":"Cultist","floor":1,"turns":4},{"damage":11,"enemies":"Jaw Worm","floor":2,"turns":2},{"damage":0,"enemies":"2 Louse","floor":3,"turns":3},{"damage":6,"enemies":"Gremlin Gang","floor":4,"turns":5},{"damage":2,"enemies":"Gremlin Nob","floor":6,"turns":3},{"damage":5,"enemies":"Lots of Slimes","floor":7,"turns":2},{"damage":20,"enemies":"3 Sentries","floor":10,"turns":6},{"damage":0,"enemies":"Exordium Wildlife","floor":11,"turns":2},{"damage":0,"enemies":"Blue Slaver","floor":13,"turns":3},{"damage":0,"enemies":"Slime Boss","floor":16,"turns":6},{"damage":0,"enemies":"2 Thieves","floor":18,"turns":3},{"damage":0,"enemies":"Shell Parasite","floor":20,"turns":4},{"damage":0,"enemies":"Centurion and Healer","floor":21,"turns":6},{"damage":0,"enemies":"Snecko","floor":22,"turns":4},{"damage":3,"enemies":"Gremlin Leader","floor":23,"turns":5},{"damage":38,"enemies":"Slavers","floor":25,"turns":4},{"damage":0,"enemies":"Snake Plant","floor":28,"turns":3},{"damage":0,"enemies":"Book of Stabbing","floor":29,"turns":4},{"damage":4,"enemies":"Shelled Parasite and Fungi","floor":30,"turns":3},{"damage":0,"enemies":"Automaton","floor":33,"turns":5},{"damage":0,"enemies":"3 Shapes","floor":35,"turns":3},{"damage":0,"enemies":"Orb Walker","floor":36,"turns":2},{"damage":0,"enemies":"Spire Growth","floor":39,"turns":3},{"damage":24,"enemies":"Reptomancer","floor":40,"turns":5},{"damage":0,"enemies":"Transient","floor":41,"turns":5},{"damage":3,"enemies":"Nemesis","floor":47,"turns":5},{"damage":0,"enemies":"Sphere and 2 Shapes","floor":48,"turns":3},{"damage":0,"enemies":"3 Darklings","floor":49,"turns":4},{"damage":0,"enemies":"Giant Head","floor":50,"turns":6},{"damage":20,"enemies":"Donu and Deca","floor":52,"turns":4}],"seed_played":"-5783492939227935020","potions_obtained":[{"floor":2,"key":"Block Potion"},{"floor":6,"key":"DuplicationPotion"},{"floor":10,"key":"Milkshake"},{"floor":11,"key":"Dexterity Potion"},{"floor":50,"key":"Regen Potion"}],"is_trial":false,"path_per_floor":["M","M","M","M","$","E","M","R","T","E","M","?","M","?","R","B",null,"M","$","M","M","M","E","R","E","T","?","M","E","M","$","R","B",null,"M","M","?","$","M","E","M","R","T","PTL","PTL","?","E","M","M","E","R","B",null],"character_chosen":"DEFECT","items_purchased":["Storm+1","ClockworkSouvenir"],"campfire_rested":2,"item_purchase_floors":[19,31],"current_hp_per_floor":[70,59,59,53,53,51,46,68,68,48,48,48,48,53,77,77,80,80,80,80,80,80,80,80,52,52,52,52,65,84,84,84,89,89,92,95,90,90,93,89,93,93,93,93,93,96,96,99,99,102,102,97],"gold":173,"neow_bonus":"ONE_RARE_RELIC","is_daily":false,"chose_seed":false,"campfire_upgraded":4,"win_rate":0.0,"timestamp":1613683799,"path_taken":["M","M","?","M","?","E","M","R","T","E","?","?","M","?","R","BOSS","M","$","M","M","M","E","R","E","T","?","?","E","?","?","R","BOSS","M","M","?","$","M","E","M","R","T","PTL","PTL","?","E","M","M","E","R","BOSS"],"items_purchased_type":["Card","Relic"],"build_version":"2020-12-22","purchased_purges":4,"victory":true,"max_hp_per_floor":[75,75,75,75,75,75,75,75,75,75,75,75,75,80,80,80,80,80,80,80,80,80,80,80,80,80,80,80,83,86,86,86,89,89,92,95,90,90,93,93,93,93,93,93,93,96,96,99,99,102,102,102],"card_choices":[{"not_picked":["Double Energy","Reinforced Body"],"picked":"Cold Snap","floor":1},{"not_picked":["Stack","ReplayGash"],"picked":"Beam Cell","floor":1},{"not_picked":["Steam","Leap"],"picked":"BootSequence","floor":2},{"not_picked":["FIFO Queue","Blizzard"],"picked":"Doom and Gloom","floor":2},{"not_picked":["Heatsinks","BasicCrystalCard"],"picked":"Time Bomb","floor":3},{"not_picked":["Rebound","Stack"],"picked":"Coolheaded","floor":3},{"not_picked":["Panic Button","Streamline"],"picked":"Ball Lightning","floor":4},{"not_picked":["Hologram","Tempest"],"picked":"Barrage","floor":4},{"not_picked":["Self Repair","Sweeping Beam"],"picked":"Seek+1","floor":6},{"not_picked":["Stack+1","Sweeping Beam"],"picked":"Hologram+1","floor":7},{"not_picked":["Panic Button+1","Coolheaded+1"],"picked":"Glacier+1","floor":7},{"not_picked":["ReplaySort+1","Panic Button+1"],"picked":"FTL","floor":10},{"not_picked":["Stack+1","Hologram+1"],"picked":"Buffer","floor":11},{"not_picked":["Stack+1","Coolheaded+1","Sweeping Beam"],"picked":"SKIP","floor":11},{"not_picked":["BasicCrystalCard+1","Cold Snap"],"picked":"Conserve Battery+1","floor":13},{"not_picked":["Cold Snap","Compile Driver"],"picked":"White Noise+1","floor":13},{"not_picked":["ReplayRNGCard+1","Core Surge"],"picked":"Multi-Cast+1","floor":16},{"not_picked":["Panic Button+1","Cold Snap"],"picked":"Turbo+1","floor":18},{"not_picked":["Stack+1","Coolheaded+1"],"picked":"Hello World+1","floor":18},{"not_picked":["ReplayTheSpireMod:GoodbyeWorld+1","Ball Lightning"],"picked":"Self Repair+1","floor":20},{"not_picked":["Turbo+1","Hologram+1","Fusion+1"],"picked":"SKIP","floor":20},{"not_picked":["Turbo+1","Doom and Gloom"],"picked":"Redo+1","floor":21},{"not_picked":["Streamline","Consume+1","Ball Lightning"],"picked":"SKIP","floor":21},{"not_picked":["Scrape","Streamline"],"picked":"Storm+1","floor":22},{"not_picked":["Compile Driver","All For One"],"picked":"Capacitor+1","floor":22},{"not_picked":["Turbo+1","Rebound","Barrage"],"picked":"SKIP","floor":23},{"not_picked":["BasicCrystalCard+1","Heatsinks+1"],"picked":"Creative AI+1","floor":25},{"not_picked":["Ball Lightning","Cold Snap"],"picked":"Leap+1","floor":28},{"not_picked":["Crystallizer+1","Sweeping Beam"],"picked":"Self Repair+1","floor":28},{"not_picked":["Go for the Eyes+1","Rebound"],"picked":"Loop+1","floor":29},{"not_picked":["Chill+1","Panic Button+1"],"picked":"Self Repair+1","floor":30},{"not_picked":["Turbo+1","Sweeping Beam","Seek+1"],"picked":"SKIP","floor":30},{"not_picked":["Rainbow+1","Seek+1"],"picked":"Amplify+1","floor":33},{"not_picked":["Panic Button+1","Loop+1"],"picked":"Hello World+1","floor":35},{"not_picked":["Coolheaded+1","Cold Snap","Skim+1"],"picked":"SKIP","floor":35},{"not_picked":["ReplayTheSpireMod:GoodbyeWorld+1","Ball Lightning"],"picked":"aspiration:Polymerization+1","floor":36},{"not_picked":["Rip and Tear+1","Gash+1","Time Bomb+1"],"picked":"SKIP","floor":36},{"not_picked":["BootSequence+1","Coolheaded+1"],"picked":"Barrage+1","floor":39},{"not_picked":["Conserve Battery+1","Barrage","Darkness+1"],"picked":"SKIP","floor":39},{"not_picked":["Amplify+1","Panic Button+1","Streamline+1"],"picked":"SKIP","floor":40},{"not_picked":["Scrape+1","Stack+1","Blizzard"],"picked":"SKIP","floor":41},{"not_picked":["Rip and Tear+1","ReplayTheSpireMod:Reroute Power+1","Sunder+1"],"picked":"SKIP","floor":41},{"not_picked":["Compile Driver+1","Coolheaded+1","Panic Button+1"],"picked":"SKIP","floor":47},{"not_picked":["Loop+1","Hologram+1"],"picked":"Machine Learning+1","floor":48},{"not_picked":["ReplayTheSpireMod:System Scan+1","Blizzard","Stack+1"],"picked":"SKIP","floor":48},{"not_picked":["Steam+1","Cold Snap","Turbo+1"],"picked":"SKIP","floor":49},{"not_picked":["Static Discharge+1","Coolheaded+1","Cold Snap"],"picked":"SKIP","floor":49},{"not_picked":["Steam+1","Lockon+1"],"picked":"Thunder Strike","floor":50}],"player_experience":199715,"relics_obtained":[{"floor":6,"key":"Toxic Egg 2"},{"floor":9,"key":"Replay:Mystery Machine"},{"floor":10,"key":"Replay:Rubber Ducky"},{"floor":23,"key":"Calipers"},{"floor":25,"key":"Quantum Egg"},{"floor":29,"key":"Replay:Ringing Soul"},{"floor":40,"key":"reliquary:HotPoker"},{"floor":43,"key":"aspiration:FetidBarrel"},{"floor":47,"key":"Toy Ornithopter"},{"floor":50,"key":"reliquary:Knoch"}],"event_choices":[{"damage_healed":0,"gold_gain":0,"player_choice":"Donut","damage_taken":0,"max_hp_gain":5,"max_hp_loss":0,"event_name":"Big Fish","floor":14,"gold_loss":0},{"damage_healed":0,"gold_gain":0,"player_choice":"0 cards matched","damage_taken":0,"max_hp_gain":0,"max_hp_loss":0,"event_name":"Match and Keep!","floor":27,"gold_loss":0,"cards_obtained":[]},{"damage_healed":0,"gold_gain":0,"player_choice":"Max HP","damage_taken":0,"max_hp_gain":0,"max_hp_loss":5,"event_name":"Winding Halls","floor":37,"gold_loss":0},{"damage_healed":0,"gold_gain":0,"player_choice":"2 cards matched","damage_taken":0,"max_hp_gain":0,"max_hp_loss":0,"event_name":"Match and Keep!","floor":46,"gold_loss":0,"cards_obtained":["Self Repair","Hyperbeam"]}],"is_beta":false,"boss_relics":[{"not_picked":["Ectoplasm","bronze:MakeshiftBattery"],"picked":"reliquary:RedCape"},{"not_picked":["Ring of Chaos","Replay:Ancient Bell"],"picked":"reliquary:Craggleroot"}],"items_purged_floors":[5,19,31,38],"is_endless":false,"potions_floor_spawned":[2,6,10,11,13,16,23,28,29,33,35,39,48,50],"ascension_level":1}}