{"host":"kh6fvhxn285ncg0o","time":1613685464,"event":{"mods":["Act Like it!","BaseMod","Colored Map","Friendly Minions","Keyboard Shortcuts","Minty Spire (QoL Compilation)","Quick Restart","Relic Stats","StSLib","SuperFastMode","UnlockEverythingMod"],"gold_per_floor":[118,43,43,118,128,158,158,169,169,184,197,197,222,240,240,317,317,327,358,110,125,144,144,144],"floor_reached":23,"language":"KOR","playtime":493,"items_purged":["Strike_R"],"score":406,"play_id":"633bf5ba-08fc-44d8-a63b-f63692804696","local_time":"20210219065744","is_ascension_mode":true,"campfire_choices":[{"floor":7.0,"key":"REST"},{"floor":12.0,"key":"REST"},{"data":"Bash","floor":15.0,"key":"SMITH"}],"circlet_count":0,"master_deck":["AscendersBane","Strike_R","Defend_R+1","Defend_R","Defend_R","Defend_R","Bash+1","Dark Embrace+1","Pummel","Shrug It Off","Clothesline","Feel No Pain+1","Twin Strike","Inflame+1","Immolate","Inflame+1","Warcry+1","Corruption+1","Exhume","Sword Boomerang+1"],"relics":["Velvet Choker","Bronze Scales","Frozen Egg 2","StrikeDummy","Empty Cage","Red Mask","Orrery"],"acts_visited":["Exordium","TheCity"],"potions_floor_usage":[],"damage_taken":[{"damage":0.0,"enemies":"Small Slimes","floor":1.0,"turns":3.0},{"damage":0.0,"enemies":"Jaw Worm","floor":5.0,"turns":4.0},{"damage":10.0,"enemies":"3 Sentries","floor":6.0,"turns":9.0},{"damage":0.0,"enemies":"2 Louse","floor":8.0,"turns":2.0},{"damage":22.0,"enemies":"Exordium Thugs","floor":10.0,"turns":5.0},{"damage":0.0,"enemies":"Blue Slaver","floor":11.0,"turns":3.0},{"damage":13.0,"enemies":"Lagavulin","floor":13.0,"turns":7.0},{"damage":1.0,"enemies":"Large Slime","floor":14.0,"turns":5.0},{"damage":12.0,"enemies":"Hexaghost","floor":16.0,"turns":7.0},{"damage":3.0,"enemies":"3 Byrds","floor":18.0,"turns":2.0},{"damage":12,"enemies":"Masked Bandits","floor":19,"turns":2},{"damage":0,"enemies":"Shell Parasite","floor":21,"turns":3},{"damage":37,"enemies":"Snecko","floor":22,"turns":5},{"damage":15,"enemies":"Gremlin Leader","floor":23,"turns":2}],"seed_played":"1223150639978035964","potions_obtained":[{"floor":1.0,"key":"SteroidPotion"},{"floor":8.0,"key":"FearPotion"},{"floor":13.0,"key":"BloodPotion"},{"floor":19,"key":"LiquidBronze"}],"is_trial":false,"path_per_floor":["M","?","?","?","M","E","R","M","T","M","M","R","E","M","R","B",null,"M","?","$","M","M","E"],"character_chosen":"IRONCLAD","items_purchased":["Orrery"],"campfire_rested":2,"item_purchase_floors":[20],"current_hp_per_floor":[68,68,45,34,34,24,46,46,46,24,24,46,33,32,32,20,61,58,46,46,46,9,0,0],"gold":144,"neow_bonus":"BOSS_RELIC","is_daily":false,"chose_seed":false,"campfire_upgraded":1,"win_rate":0.0,"timestamp":1613685464,"path_taken":["M","?","?","?","M","E","R","M","T","?","M","R","E","M","R","BOSS","M","?","$","M","M","E"],"items_purchased_type":["Relic"],"build_version":"2020-12-22","purchased_purges":1,"victory":false,"max_hp_per_floor":[75,75,75,75,75,75,75,75,75,75,75,75,75,75,75,75,75,75,75,75,75,75,75,75],"relic_stats":{"counters":[14,59],"Bronze Scales":[135],"obtain_stats":[{"Bronze Scales":6,"Velvet Choker":0,"Orrery":20,"Red Mask":19,"Frozen Egg 2":9,"StrikeDummy":13,"Empty Cage":17,"Burning Blood":0},{"Bronze Scales":3,"Velvet Choker":0,"Orrery":11,"Red Mask":11,"Frozen Egg 2":4,"StrikeDummy":7,"Empty Cage":9,"Burning Blood":0},{"Bronze Scales":16,"Velvet Choker":0,"Orrery":49,"Red Mask":49,"Frozen Egg 2":18,"StrikeDummy":33,"Empty Cage":45,"Burning Blood":0}]},"card_choices":[{"not_picked":["Seeing Red","Flex"],"picked":"Dark Embrace","floor":1.0},{"not_picked":["Perfected Strike","Clash"],"picked":"Pummel","floor":5.0},{"not_picked":["Flex","Body Slam"],"picked":"Shrug It Off","floor":6.0},{"not_picked":["Infernal Blade","Heavy Blade","Rampage"],"picked":"SKIP","floor":8.0},{"not_picked":["Iron Wave","Shrug It Off"],"picked":"Clothesline","floor":10.0},{"not_picked":["True Grit","Heavy Blade"],"picked":"Feel No Pain+1","floor":11.0},{"not_picked":["Havoc","Perfected Strike"],"picked":"Twin Strike","floor":13.0},{"not_picked":["Feel No Pain+1","Thunderclap"],"picked":"Inflame+1","floor":14.0},{"not_picked":["Exhume","Barricade+1"],"picked":"Immolate","floor":16.0},{"not_picked":["Warcry","True Grit","Wild Strike"],"picked":"SKIP","floor":18.0},{"not_picked":["Twin Strike","Heavy Blade"],"picked":"Inflame+1","floor":19},{"not_picked":["Wild Strike","Perfected Strike"],"picked":"Warcry+1","floor":20},{"not_picked":["Iron Wave","Twin Strike"],"picked":"Corruption+1","floor":20},{"not_picked":["Bludgeon","Pommel Strike"],"picked":"Exhume","floor":20},{"not_picked":["Inflame+1","Perfected Strike"],"picked":"Sword Boomerang+1","floor":21},{"not_picked":["Sword Boomerang","Thunderclap+1","Wild Strike"],"picked":"SKIP","floor":22}],"player_experience":1449954,"relics_obtained":[{"floor":6.0,"key":"Bronze Scales"},{"floor":9.0,"key":"Frozen Egg 2"},{"floor":13.0,"key":"StrikeDummy"},{"floor":19,"key":"Red Mask"}],"event_choices":[{"cards_removed":["Strike_R"],"damage_healed":0.0,"max_hp_gain":0.0,"max_hp_loss":0.0,"gold_gain":0.0,"event_name":"The Cleric","player_choice":"Card Removal","floor":2.0,"gold_loss":75.0,"damage_taken":0.0},{"damage_healed":0.0,"max_hp_gain":0.0,"max_hp_loss":0.0,"gold_gain":0.0,"event_name":"Shining Light","player_choice":"Entered Light","floor":3.0,"gold_loss":0.0,"damage_taken":23.0,"cards_upgraded":["Dark Embrace","Defend_R"]},{"damage_healed":0.0,"max_hp_gain":0.0,"max_hp_loss":0.0,"gold_gain":75.0,"event_name":"World of Goop","player_choice":"Gather Gold","floor":4.0,"gold_loss":0.0,"damage_taken":11.0},{"damage_healed":0,"gold_gain":0,"player_choice":"Fought Bandits","damage_taken":0,"max_hp_gain":0,"max_hp_loss":0,"event_name":"Masked Bandits","floor":19,"gold_loss":0}],"is_beta":false,"boss_relics":[{"not_picked":["Black Star","Busted Crown"],"picked":"Empty Cage"}],"items_purged_floors":[20],"is_endless":false,"potions_floor_spawned":[1,8,13,19],"killed_by":"Gremlin Leader","ascension_level":20}}