{"host":"phniwng9zo19jwdb","time":1613679337,"event":{"mods":["AchievementEnabler","BaseMod","Colored Powertips","Dark Map","Displayed Cursed Tome","Faster Ascension Climbing","Filter the Spire","GifTheSpireLib","Minty Spire (QoL Compilation)","Permanent Neow","Rare Cards Sparkle","Relic Filter Mod","StSLib","Weighted Paths"],"gold_per_floor":[110,110,110,260,270,296,307,334,361,361,10,44,55,83,83,154,154,171,171,171,171,47,80,98,132,186,214,233,233,233,246,246,325,325,344,363,363,363],"floor_reached":37,"language":"ENG","playtime":1781,"items_purged":["Doubt","Pain"],"score":1060,"play_id":"6ad3adfa-de67-4fdd-8dee-7e242504a249","local_time":"20210218211537","is_ascension_mode":true,"campfire_choices":[{"data":"Malaise","floor":15.0,"key":"SMITH"},{"data":"Tools of the Trade","floor":30,"key":"SMITH"},{"data":"Footwork","floor":32,"key":"SMITH"}],"circlet_count":0,"master_deck":["AscendersBane","Survivor","Neutralize","Die Die Die","Quick Slash","Footwork","Deflect","Malaise+1","Backflip","Caltrops","Storm of Steel","Calculated Gamble","Bullet Time+1","Dash","Cloak And Dagger","Heel Hook","Dash","Endless Agony","Tools of the Trade+1","PiercingWail+1","Footwork+1","Backflip+1","Caltrops","Leg Sweep","Blur+1","Envenom","Backflip+1"],"relics":["Pandora\u0027s Box","Oddly Smooth Stone","Strawberry","PreservedInsect","Centennial Puzzle","Bottled Flame","MealTicket","Pocketwatch","WristBlade","Smiling Mask","WarpedTongs","Gremlin Horn","White Beast Statue","Bronze Scales","Ancient Tea Set","MutagenicStrength","SlaversCollar"],"acts_visited":["Exordium","TheCity","TheBeyond"],"potions_floor_usage":[],"damage_taken":[{"damage":6.0,"enemies":"Cultist","floor":1.0,"turns":4.0},{"damage":6.0,"enemies":"2 Louse","floor":5.0,"turns":2.0},{"damage":0.0,"enemies":"Lagavulin","floor":6.0,"turns":6.0},{"damage":0.0,"enemies":"Jaw Worm","floor":7.0,"turns":4.0},{"damage":21.0,"enemies":"Gremlin Nob","floor":8.0,"turns":4.0},{"damage":3.0,"enemies":"3 Sentries","floor":12.0,"turns":5.0},{"damage":5.0,"enemies":"Exordium Thugs","floor":13.0,"turns":5.0},{"damage":7.0,"enemies":"Gremlin Nob","floor":14.0,"turns":4.0},{"damage":17.0,"enemies":"The Guardian","floor":16.0,"turns":12.0},{"damage":4.0,"enemies":"Spheric Guardian","floor":18.0,"turns":3.0},{"damage":0.0,"enemies":"Book of Stabbing","floor":23.0,"turns":5.0},{"damage":9.0,"enemies":"2 Thieves","floor":24.0,"turns":3.0},{"damage":15.0,"enemies":"Slavers","floor":25.0,"turns":5.0},{"damage":0.0,"enemies":"Gremlin Leader","floor":27.0,"turns":5.0},{"damage":0.0,"enemies":"Shelled Parasite and Fungi","floor":28.0,"turns":4.0},{"damage":0,"enemies":"Snake Plant","floor":31,"turns":4},{"damage":14,"enemies":"Collector","floor":33,"turns":14},{"damage":3,"enemies":"3 Shapes","floor":35,"turns":9},{"damage":4,"enemies":"3 Darklings","floor":36,"turns":6},{"damage":2,"enemies":"4 Shapes","floor":37,"turns":6}],"seed_played":"4820175610953068255","potions_obtained":[{"floor":1.0,"key":"SneckoOil"},{"floor":5.0,"key":"Regen Potion"},{"floor":6.0,"key":"Strength Potion"},{"floor":16.0,"key":"Regen Potion"},{"floor":23.0,"key":"SkillPotion"},{"floor":25.0,"key":"DistilledChaos"},{"floor":27.0,"key":"Weak Potion"},{"floor":28.0,"key":"BlessingOfTheForge"},{"floor":31,"key":"SkillPotion"},{"floor":33,"key":"Strength Potion"},{"floor":36,"key":"EntropicBrew"}],"is_trial":false,"path_per_floor":["M","?","?","?","M","E","M","E","T","?","$","E","M","E","R","B",null,"M","?","T","?","$","E","M","E","T","E","M","?","R","M","R","B",null,"M","M","M"],"character_chosen":"THE_SILENT","items_purchased":["Bottled Flame","Footwork"],"campfire_rested":0,"item_purchase_floors":[11,22],"current_hp_per_floor":[53,58,58,58,52,67,67,53,53,53,53,50,45,38,38,21,64,60,60,60,60,75,75,66,51,51,51,63,63,63,63,63,49,71,68,64,62,62],"gold":363,"neow_bonus":"BOSS_RELIC","is_daily":false,"chose_seed":false,"campfire_upgraded":3,"win_rate":0.0,"timestamp":1613679337,"path_taken":["M","?","?","?","M","E","M","E","T","?","$","E","?","E","R","BOSS","M","?","?","?","$","E","M","E","T","E","?","?","R","M","R","BOSS","M","M","M"],"items_purchased_type":["Relic","Card"],"build_version":"2020-12-22","purchased_purges":2,"victory":false,"max_hp_per_floor":[66,71,71,71,71,71,71,78,78,78,78,78,78,78,78,78,78,78,78,78,78,78,78,78,78,78,78,78,78,78,78,78,78,78,78,78,78,78],"card_choices":[{"not_picked":["Dagger Throw","Noxious Fumes"],"picked":"Dash","floor":1.0},{"not_picked":["Dagger Spray","Bane","Sucker Punch"],"picked":"SKIP","floor":5.0},{"not_picked":["Expertise","Dagger Spray"],"picked":"Cloak And Dagger","floor":6.0},{"not_picked":["Deadly Poison","Outmaneuver","Quick Slash"],"picked":"SKIP","floor":7.0},{"not_picked":["All Out Attack","Outmaneuver"],"picked":"Heel Hook","floor":8.0},{"not_picked":["PiercingWail","Sucker Punch","Finisher"],"picked":"SKIP","floor":12.0},{"not_picked":["Escape Plan","Sucker Punch"],"picked":"Dash","floor":13.0},{"not_picked":["Poisoned Stab","Deadly Poison"],"picked":"Endless Agony","floor":14.0},{"not_picked":["Glass Knife","Venomology"],"picked":"Tools of the Trade","floor":16.0},{"not_picked":["Dagger Throw","Bouncing Flask+1"],"picked":"PiercingWail+1","floor":18.0},{"not_picked":["Dodge and Roll","Slice","Prepared"],"picked":"SKIP","floor":23.0},{"not_picked":["Outmaneuver","Dodge and Roll+1"],"picked":"Backflip+1","floor":24.0},{"not_picked":["Deflect","Slice+1"],"picked":"Caltrops","floor":25.0},{"not_picked":["Deadly Poison","Prepared","Phantasmal Killer"],"picked":"SKIP","floor":27.0},{"not_picked":["Acrobatics","Quick Slash"],"picked":"Leg Sweep","floor":28.0},{"not_picked":["Quick Slash","Underhanded Strike+1"],"picked":"Blur+1","floor":31},{"not_picked":["A Thousand Cuts","Corpse Explosion"],"picked":"Envenom","floor":33},{"not_picked":["Blur","Acrobatics+1"],"picked":"Backflip+1","floor":35},{"not_picked":["Underhanded Strike+1","Dagger Spray+1","Acrobatics"],"picked":"SKIP","floor":36}],"player_experience":166218,"relics_obtained":[{"floor":6.0,"key":"Oddly Smooth Stone"},{"floor":8.0,"key":"Strawberry"},{"floor":9.0,"key":"PreservedInsect"},{"floor":10.0,"key":"Centennial Puzzle"},{"floor":12.0,"key":"MealTicket"},{"floor":14.0,"key":"Pocketwatch"},{"floor":20.0,"key":"Smiling Mask"},{"floor":23.0,"key":"Gremlin Horn"},{"floor":25.0,"key":"White Beast Statue"},{"floor":26.0,"key":"Bronze Scales"},{"floor":27.0,"key":"Ancient Tea Set"}],"event_choices":[{"damage_healed":0.0,"max_hp_gain":5.0,"max_hp_loss":0.0,"gold_gain":0.0,"event_name":"Big Fish","player_choice":"Donut","floor":2.0,"gold_loss":0.0,"damage_taken":0.0},{"damage_healed":0.0,"max_hp_gain":0.0,"max_hp_loss":0.0,"gold_gain":0.0,"event_name":"Living Wall","player_choice":"Grow","floor":3.0,"gold_loss":0.0,"damage_taken":0.0,"cards_upgraded":["Bullet Time"]},{"damage_healed":0.0,"max_hp_gain":0.0,"max_hp_loss":0.0,"gold_gain":150.0,"event_name":"Liars Game","player_choice":"AGREE","floor":4.0,"gold_loss":0.0,"damage_taken":0.0,"cards_obtained":["Doubt"]},{"damage_healed":0.0,"max_hp_gain":0.0,"max_hp_loss":0.0,"gold_gain":0.0,"event_name":"Wheel of Change","player_choice":"Relic","floor":10.0,"gold_loss":0.0,"damage_taken":0.0},{"damage_healed":0.0,"max_hp_gain":0.0,"max_hp_loss":0.0,"gold_gain":0.0,"event_name":"Ghosts","player_choice":"Ignored","floor":19.0,"gold_loss":0.0,"damage_taken":0.0},{"damage_healed":0.0,"max_hp_gain":0.0,"max_hp_loss":0.0,"gold_gain":0.0,"event_name":"Accursed Blacksmith","player_choice":"Rummage","floor":21.0,"gold_loss":0.0,"damage_taken":0.0,"relics_obtained":["WarpedTongs"],"cards_obtained":["Pain"]},{"damage_healed":0,"gold_gain":0,"player_choice":"Inject Mutagens","damage_taken":0,"relics_obtained":["MutagenicStrength"],"max_hp_gain":0,"max_hp_loss":0,"event_name":"Drug Dealer","floor":29,"gold_loss":0}],"is_beta":false,"boss_relics":[{"not_picked":["Tiny House","Sozu"],"picked":"WristBlade"},{"not_picked":["Black Star","Philosopher\u0027s Stone"],"picked":"SlaversCollar"}],"items_purged_floors":[11,22],"is_endless":false,"potions_floor_spawned":[1,5,6,16,23,25,27,28,31,33,35,36],"killed_by":"4 Shapes","ascension_level":20}}