{"host":"27c1zwn2rxlukojz","time":1613659864,"event":{"mods":["BaseMod","Filter the Spire","Minty Spire (QoL Compilation)","Relic Stats","StSLib"],"gold_per_floor":[119,119,139,71,86,106,106,32,32,32,32,48,48,48,48,143,143,163,182,182,199,212,212,62,80,80,80,90,101,101,101,101,197,197,208,208,208,258,268,268,288,301,301,69,80,96,96,96,96,96],"floor_reached":51,"language":"DEU","playtime":4050,"items_purged":["Strike_R","Defend_R"],"score":641,"play_id":"3b3ab065-b3e9-465b-9d88-bcfab151d812","local_time":"20210218155103","is_ascension_mode":false,"campfire_choices":[{"data":"Metallicize","floor":7,"key":"SMITH"},{"data":"True Grit","floor":10,"key":"SMITH"},{"data":"Warcry","floor":13,"key":"SMITH"},{"data":"Clothesline","floor":15,"key":"SMITH"},{"data":"Feed","floor":23,"key":"SMITH"},{"data":"Disarm","floor":27,"key":"SMITH"},{"floor":32,"key":"REST"},{"data":"Feel No Pain","floor":40,"key":"SMITH"},{"data":"Discovery","floor":49,"key":"SMITH"}],"circlet_count":0,"master_deck":["Defend_R","Defend_R","Defend_R","Bash+1","True Grit+1","Metallicize+1","Warcry+1","Thunderclap","Clothesline+1","Impervious","Burning Pact","Feed+1","Blood for Blood+1","Warcry+1","Metallicize+1","Uppercut+1","Fire Breathing","Disarm+1","Flame Barrier","Feel No Pain+1","Flame Barrier+1","Bite","Bite","Bite","Bite","Bite","Offering","Shrug It Off+1","Good Instincts","Swift Strike","Madness","Pommel Strike+1","Body Slam+1","Shockwave","Wild Strike","Discovery+1","Metallicize+1","Heavy Blade+1"],"relics":["Cursed Key"],"acts_visited":["Exordium","TheCity","TheBeyond"],"potions_floor_usage":[18,21,22,25,33,33,33,35,50,50],"damage_taken":[{"damage":0,"enemies":"Small Slimes","floor":1,"turns":2},{"damage":0,"enemies":"Cultist","floor":3,"turns":3},{"damage":1,"enemies":"Jaw Worm","floor":5,"turns":3},{"damage":6,"enemies":"Exordium Thugs","floor":6,"turns":6},{"damage":2,"enemies":"Red Slaver","floor":12,"turns":5},{"damage":12,"enemies":"The Guardian","floor":16,"turns":12},{"damage":0,"enemies":"Spheric Guardian","floor":18,"turns":5},{"damage":9,"enemies":"Shell Parasite","floor":19,"turns":8},{"damage":40,"enemies":"Chosen and Byrds","floor":21,"turns":12},{"damage":8,"enemies":"Shelled Parasite and Fungi","floor":22,"turns":7},{"damage":12,"enemies":"Snecko","floor":25,"turns":9},{"damage":11,"enemies":"Snake Plant","floor":28,"turns":5},{"damage":6,"enemies":"Shelled Parasite and Fungi","floor":29,"turns":11},{"damage":80,"enemies":"Collector","floor":33,"turns":20},{"damage":20,"enemies":"3 Shapes","floor":35,"turns":10},{"damage":32,"enemies":"Mind Bloom Boss Battle","floor":38,"turns":11},{"damage":35,"enemies":"3 Darklings","floor":39,"turns":28},{"damage":25,"enemies":"4 Shapes","floor":41,"turns":20},{"damage":13,"enemies":"Transient","floor":42,"turns":5},{"damage":11,"enemies":"Jaw Worm Horde","floor":45,"turns":6},{"damage":21,"enemies":"Sphere and 2 Shapes","floor":46,"turns":19},{"damage":76,"enemies":"Awakened One","floor":50,"turns":24}],"seed_played":"-320856646754467661","potions_obtained":[{"floor":2,"key":"Weak Potion"},{"floor":2,"key":"Energy Potion"},{"floor":2,"key":"EntropicBrew"},{"floor":16,"key":"AttackPotion"},{"floor":19,"key":"BloodPotion"},{"floor":21,"key":"Block Potion"},{"floor":28,"key":"LiquidMemories"},{"floor":29,"key":"PowerPotion"},{"floor":38,"key":"Ancient Potion"},{"floor":42,"key":"Explosive Potion"}],"is_trial":false,"path_per_floor":["M","?","M","$","M","M","R","$","T","R","T","M","R","?","R","B",null,"M","M","?","M","M","R","$","M","T","R","M","M","?","?","R","B",null,"M","T","?","?","M","R","M","M","T","$","M","M","T","?","R","B",null],"character_chosen":"IRONCLAD","items_purchased":["Warcry","Thunderclap","Impervious","Disarm","Wild Strike","Discovery"],"campfire_rested":1,"item_purchase_floors":[4,4,8,24,44,44],"current_hp_per_floor":[80,80,80,80,79,73,73,73,73,73,73,71,71,71,71,59,80,80,74,74,37,32,32,32,41,41,41,30,28,28,28,48,12,71,61,61,51,35,72,72,63,60,60,60,61,54,54,54,54,17],"gold":96,"neow_bonus":"BOSS_RELIC","is_daily":false,"chose_seed":false,"campfire_upgraded":8,"win_rate":0.0,"timestamp":1613659863,"path_taken":["M","?","?","$","M","M","R","$","T","R","?","M","R","?","R","BOSS","M","M","?","?","M","R","$","M","T","R","M","M","?","?","R","BOSS","M","?","?","?","M","R","M","M","T","?","M","M","?","?","R","BOSS"],"items_purchased_type":["Card","Card","Card","Card","Card","Card"],"build_version":"2020-12-22","purchased_purges":2,"victory":true,"max_hp_per_floor":[80,80,80,80,80,80,80,80,80,80,80,80,80,80,80,80,80,80,83,83,86,89,89,89,93,93,93,93,97,67,67,67,71,71,75,75,75,75,75,75,79,79,79,79,83,87,87,87,87,87],"relic_stats":{"counters":[22,231],"Cursed Key":0,"obtain_stats":[{"Cursed Key":0,"Burning Blood":0},{"Cursed Key":0,"Burning Blood":0},{"Cursed Key":0,"Burning Blood":0}]},"card_choices":[{"not_picked":["Rampage","Battle Trance"],"picked":"True Grit","floor":1},{"not_picked":["Evolve","Fire Breathing"],"picked":"Metallicize","floor":3},{"not_picked":["Body Slam","Dual Wield"],"picked":"Iron Wave","floor":5},{"not_picked":["Iron Wave","Armaments"],"picked":"Clothesline","floor":6},{"not_picked":["True Grit","Perfected Strike"],"picked":"Burning Pact","floor":12},{"not_picked":["Immolate","Berserk"],"picked":"Feed","floor":16},{"not_picked":["Headbutt","Entrench"],"picked":"Blood for Blood+1","floor":18},{"not_picked":["Clothesline+1","Entrench"],"picked":"Warcry+1","floor":19},{"not_picked":["Heavy Blade","Carnage"],"picked":"Uppercut+1","floor":21},{"not_picked":["Evolve+1","Uppercut+1"],"picked":"Fire Breathing","floor":22},{"not_picked":["Heavy Blade+1","Carnage"],"picked":"Flame Barrier","floor":25},{"not_picked":["Havoc","Entrench+1"],"picked":"Feel No Pain","floor":28},{"not_picked":["Pommel Strike","Thunderclap"],"picked":"Flame Barrier+1","floor":29},{"not_picked":["Brutality","Immolate"],"picked":"Offering","floor":33},{"not_picked":["Pommel Strike","Clash"],"picked":"Shrug It Off+1","floor":35},{"not_picked":["Dramatic Entrance","Flash of Steel"],"picked":"Good Instincts","floor":37},{"not_picked":["Deep Breath","Purity"],"picked":"Swift Strike","floor":37},{"not_picked":["Magnetism","Dramatic Entrance"],"picked":"Madness","floor":37},{"not_picked":["Battle Trance+1","Clash+1"],"picked":"Pommel Strike+1","floor":39},{"not_picked":["Pummel+1","Reckless Charge+1"],"picked":"Body Slam+1","floor":41},{"not_picked":["Thunderclap","True Grit+1"],"picked":"Shockwave","floor":42},{"not_picked":["Dark Embrace","Flex+1"],"picked":"Metallicize+1","floor":45},{"not_picked":["Entrench","Second Wind+1"],"picked":"Heavy Blade+1","floor":46}],"player_experience":4012242,"relics_obtained":[],"event_choices":[{"damage_healed":0,"gold_gain":0,"player_choice":"Got Potions","damage_taken":0,"max_hp_gain":0,"max_hp_loss":0,"event_name":"Lab","floor":2,"gold_loss":0},{"damage_healed":0,"gold_gain":0,"player_choice":"Forge","damage_taken":0,"max_hp_gain":0,"max_hp_loss":0,"event_name":"Accursed Blacksmith","floor":14,"gold_loss":0,"cards_upgraded":["Bash"]},{"damage_healed":0,"gold_gain":0,"player_choice":"Copied","damage_taken":0,"max_hp_gain":0,"max_hp_loss":0,"event_name":"Duplicator","floor":20,"gold_loss":0,"cards_obtained":["Metallicize"]},{"damage_healed":0,"gold_gain":0,"player_choice":"Became a vampire","damage_taken":0,"max_hp_gain":0,"max_hp_loss":30,"event_name":"Vampires","floor":30,"gold_loss":0,"cards_obtained":["Bite","Bite","Bite","Bite","Bite"]},{"cards_removed":["Iron Wave"],"damage_healed":0,"gold_gain":0,"player_choice":"Purged","damage_taken":0,"max_hp_gain":0,"max_hp_loss":0,"event_name":"Purifier","floor":31,"gold_loss":0},{"damage_healed":0,"gold_gain":0,"player_choice":"Memory 3","damage_taken":10,"max_hp_gain":0,"max_hp_loss":0,"event_name":"SensoryStone","floor":37,"gold_loss":0},{"damage_healed":0,"gold_gain":0,"player_choice":"Fight","damage_taken":0,"max_hp_gain":0,"max_hp_loss":0,"event_name":"MindBloom","floor":38,"gold_loss":0},{"damage_healed":0,"gold_gain":0,"player_choice":"Ignored","damage_taken":0,"max_hp_gain":0,"max_hp_loss":0,"event_name":"Tomb of Lord Red Mask","floor":48,"gold_loss":0}],"is_beta":false,"boss_relics":[{"not_picked":["Philosopher\u0027s Stone","Snecko Eye","Mark of Pain"]},{"not_picked":["SacredBark","Tiny House","Fusion Hammer"]}],"items_purged_floors":[24,44],"is_endless":false,"potions_floor_spawned":[3,6,16,19,21,28,29,38,39,42],"ascension_level":0}}