{"host":"n605f8gctjc87d7h","time":1613669265,"event":{"mods":["Aspiration","Bard","BaseMod","Better Match","Better Note","Better Skull","Better Third Choice","Conspire","Downfall","Halation","Hermit","Infinite Spire","Minty Spire (QoL Compilation)","Reliquary","Replay The Spire","Retaliation","Shade Mod","Spicy Shops","StSLib","The IronCluck","The Jungle","The Runesmith"],"gold_per_floor":[217,107,107,107,120,146,146,146,146,165,192,224,224,242,242,253,253,329,329,339,371,381,394,313,313,313,363,415,415,330,358,377,377,377],"floor_reached":33,"language":"ENG","playtime":1583,"items_purged":["Strike_R"],"score":491,"play_id":"60c201d0-da01-4825-97d1-3bc7d8e1639c","local_time":"20210218092745","is_ascension_mode":true,"campfire_choices":[{"data":"Flex","floor":7.0,"key":"SMITH"},{"floor":13.0,"key":"REST"},{"data":"Reckless Charge","floor":17.0,"key":"SMITH"},{"data":"Sword Boomerang","floor":25,"key":"SMITH"}],"circlet_count":0,"master_deck":["AscendersBane","Strike_R","Strike_R","Strike_R","Strike_R","Defend_R","Defend_R","Defend_R","Defend_R","Bash","Pummel","Sword Boomerang+1","Flex+1","Reckless Charge+1","Battle Trance","Pain","Cleave+1","Rampage+1"],"relics":["Burning Blood","halation:YellowSoulGem","reliquary:SharkskinSheath","reliquary:TatteredRug","CaptainsWheel","WarpedTongs","aspiration:RitualDagger","Red Mask","Sling","Strawberry","infinitespire:Beetle Shell","Chameleon Ring"],"acts_visited":["Exordium","TheCity"],"potions_floor_usage":[23],"damage_taken":[{"damage":3.0,"enemies":"2 Louse","floor":1.0,"turns":4.0},{"damage":3.0,"enemies":"conspire:RoseBush","floor":5.0,"turns":5.0},{"damage":26.0,"enemies":"Gremlin Nob","floor":6.0,"turns":4.0},{"damage":0.0,"enemies":"Cultist","floor":10.0,"turns":2.0},{"damage":23.0,"enemies":"Lagavulin","floor":12.0,"turns":4.0},{"damage":3.0,"enemies":"Blue Slaver","floor":14.0,"turns":2.0},{"damage":13.0,"enemies":"2 Fungi Beasts","floor":16.0,"turns":4.0},{"damage":45.0,"enemies":"Hexaghost","floor":18.0,"turns":9.0},{"damage":15.0,"enemies":"Chosen","floor":20.0,"turns":3.0},{"damage":41.0,"enemies":"Masked Bandits","floor":21.0,"turns":4.0},{"damage":15,"enemies":"Spheric Guardian","floor":22,"turns":3},{"damage":38,"enemies":"Chosen and Byrds","floor":23,"turns":6},{"damage":39,"enemies":"conspire:Head Lice","floor":31,"turns":7},{"damage":55,"enemies":"Snecko","floor":32,"turns":6},{"damage":37,"enemies":"Snake Plant","floor":33,"turns":4}],"seed_played":"1556769837422634461","potions_obtained":[{"floor":1.0,"key":"LiquidBronze"},{"floor":6.0,"key":"Dexterity Potion"},{"floor":12.0,"key":"bronze:BurnAndBuffPotion"},{"floor":22,"key":"Adrenaline Potion"},{"floor":31,"key":"Ancient Potion"}],"is_trial":false,"path_per_floor":["M","$","?","?","M","E","R","PTL","PTL","M","T","E","R","M","?","M","R","B",null,"M","?","M","M","$","R","AVR","?","T","?","?","E","M","M"],"character_chosen":"IRONCLAD","items_purchased":["Sword Boomerang","Sling"],"campfire_rested":1,"item_purchase_floors":[2,24],"current_hp_per_floor":[71,71,76,76,79,59,59,59,59,65,65,48,72,75,75,68,68,29,67,58,23,14,65,65,65,65,65,72,67,67,65,28,0,0],"gold":377,"neow_bonus":"HUNDRED_GOLD","is_daily":false,"chose_seed":false,"campfire_upgraded":3,"win_rate":0.0,"timestamp":1613669265,"path_taken":["M","$","?","?","M","E","R","PTL","PTL","M","T","E","R","M","?","?","R","BOSS","M","?","M","M","$","R","AVR","?","T","?","?","E","M","M"],"items_purchased_type":["Card","Relic"],"build_version":"2020-12-22","purchased_purges":1,"victory":false,"max_hp_per_floor":[75,75,80,80,80,80,80,80,80,80,80,80,80,80,80,80,80,80,80,80,80,80,80,80,80,80,80,87,87,87,87,87,87,87],"card_choices":[{"not_picked":["DDmod:UnstoppableAttack","Second Wind"],"picked":"Pummel","floor":1.0},{"not_picked":["Searing Blow","Seeing Red"],"picked":"Flex","floor":5.0},{"not_picked":["Replay:Undeath\u0027s Touch","Run Through"],"picked":"Reckless Charge","floor":6.0},{"not_picked":["True Grit","Perfected Strike"],"picked":"Battle Trance","floor":10.0},{"not_picked":["Shockwave","Dropkick","Bloodletting"],"picked":"SKIP","floor":12.0},{"not_picked":["Body Slam","Perfected Strike","Pommel Strike"],"picked":"SKIP","floor":14.0},{"not_picked":["Defy Death","Shrug It Off","Armaments"],"picked":"SKIP","floor":16.0},{"not_picked":["Pommel Strike","Defy Death+1"],"picked":"Cleave+1","floor":20.0},{"not_picked":["Sword Boomerang","Shrug It Off","Uppercut"],"picked":"SKIP","floor":22},{"not_picked":["DDmod:EasePowerCard","DDmod:SpikeInjectionSkill+1"],"picked":"Rampage+1","floor":23},{"not_picked":["Reckless Charge","True Grit","DDmod:RechargeSkill"],"picked":"SKIP","floor":31},{"not_picked":["Abandon","Combust","Pommel Strike"],"picked":"SKIP","floor":32}],"player_experience":886555,"relics_obtained":[{"floor":6.0,"key":"reliquary:SharkskinSheath"},{"floor":11.0,"key":"reliquary:TatteredRug"},{"floor":12.0,"key":"CaptainsWheel"},{"floor":21.0,"key":"Red Mask"},{"floor":28,"key":"Strawberry"},{"floor":31,"key":"Chameleon Ring"}],"event_choices":[{"damage_healed":0.0,"max_hp_gain":5.0,"max_hp_loss":0.0,"gold_gain":0.0,"event_name":"Big Fish","player_choice":"Donut","floor":3.0,"gold_loss":0.0,"damage_taken":0.0},{"damage_healed":0.0,"max_hp_gain":0.0,"max_hp_loss":0.0,"gold_gain":0.0,"event_name":"Accursed Blacksmith","player_choice":"Rummage","floor":15.0,"gold_loss":0.0,"damage_taken":0.0,"relics_obtained":["WarpedTongs"],"cards_obtained":["Pain"]},{"damage_healed":0.0,"max_hp_gain":0.0,"max_hp_loss":0.0,"gold_gain":0.0,"event_name":"Masked Bandits","player_choice":"Fought Bandits","floor":21.0,"gold_loss":0.0,"damage_taken":0.0},{"damage_healed":0,"gold_gain":50,"player_choice":"Steal","damage_taken":0,"max_hp_gain":0,"max_hp_loss":0,"event_name":"betterThird:BetterNest","floor":27,"gold_loss":0},{"damage_healed":0,"gold_gain":0,"player_choice":"Leave","damage_taken":0,"max_hp_gain":0,"max_hp_loss":0,"event_name":"conspire:Investor","floor":29,"gold_loss":0},{"damage_healed":0,"gold_gain":0,"player_choice":"Obtained Relic","damage_taken":0,"relics_obtained":["infinitespire:Beetle Shell"],"max_hp_gain":0,"max_hp_loss":0,"event_name":"Addict","floor":30,"gold_loss":85}],"is_beta":false,"boss_relics":[{"not_picked":["reliquary:RedCape","Electric Blood"],"picked":"aspiration:RitualDagger"}],"items_purged_floors":[2],"is_endless":false,"potions_floor_spawned":[1,6,12,22,31],"killed_by":"Snake Plant","ascension_level":16}}