{"host":"mithrandi","time":1613660156,"event":{"mods":["BaseMod","Colored Map","Highlight Path","Minty Spire (QoL Compilation)","SuperFastMode"],"gold_per_floor":[118,44,55,55,55,86,86,100,100,100,125,138,169,189,189,267,267,221,221,235,235,251,251,266,266,266,266,299,299,327,342,342,414,414,425,450,450,450,465,465,507,507,516,527,527,184,215,95,95,95,95,95],"floor_reached":51,"language":"ENG","playtime":6266,"items_purged":["Shame","Anger"],"score":1722,"play_id":"41011d54-7a58-4cff-ba7e-4bf810c078ca","local_time":"20210218165556","is_ascension_mode":true,"campfire_choices":[{"data":"Inflame","floor":7.0,"key":"SMITH"},{"data":"Heavy Blade","floor":10.0,"key":"SMITH"},{"data":"Inflame","floor":15.0,"key":"SMITH"},{"floor":23.0,"key":"REST"},{"data":"Heavy Blade","floor":25.0,"key":"SMITH"},{"data":"1","floor":29.0,"key":"LIFT"},{"data":"2","floor":32.0,"key":"LIFT"},{"data":"3","floor":40.0,"key":"LIFT"},{"data":"Bash","floor":42.0,"key":"SMITH"},{"data":"Flame Barrier","floor":45.0,"key":"SMITH"},{"floor":49.0,"key":"RECALL"}],"circlet_count":0,"master_deck":["AscendersBane","Strike_R+1","Strike_R+1","Strike_R+1","Strike_R+1","Strike_R+1","Defend_R+1","Defend_R+1","Defend_R+1","Defend_R+1","Bash+1","Clothesline","Inflame+1","Inflame+1","Heavy Blade+1","Flame Barrier+1","Shrug It Off","Feed","Impervious","Clothesline","Heavy Blade+1","Immolate+1","Flame Barrier","Brutality+1","Combust+1","Rupture+1","Shockwave","Impervious","Uppercut"],"relics":["Burning Blood","NeowsBlessing","Singing Bowl","Pear","Matryoshka","Whetstone","Snecko Eye","FaceOfCleric","Frozen Egg 2","Girya","Smiling Mask","Juzu Bracelet","Cursed Key","Mango","CeramicFish","Potion Belt","MealTicket"],"acts_visited":["Exordium","TheCity","TheBeyond"],"potions_floor_usage":[51,51,51],"damage_taken":[{"damage":0.0,"enemies":"2 Louse","floor":1.0,"turns":1.0},{"damage":0.0,"enemies":"Small Slimes","floor":3.0,"turns":1.0},{"damage":0.0,"enemies":"Gremlin Nob","floor":6.0,"turns":1.0},{"damage":1.0,"enemies":"Cultist","floor":8.0,"turns":4.0},{"damage":20.0,"enemies":"3 Sentries","floor":11.0,"turns":5.0},{"damage":0.0,"enemies":"Large Slime","floor":12.0,"turns":3.0},{"damage":22.0,"enemies":"Lagavulin","floor":13.0,"turns":8.0},{"damage":48.0,"enemies":"Gremlin Gang","floor":14.0,"turns":5.0},{"damage":27.0,"enemies":"Slime Boss","floor":16.0,"turns":10.0},{"damage":24.0,"enemies":"2 Thieves","floor":18.0,"turns":5.0},{"damage":19.0,"enemies":"Shell Parasite","floor":20.0,"turns":7.0},{"damage":31.0,"enemies":"Shelled Parasite and Fungi","floor":22.0,"turns":7.0},{"damage":9.0,"enemies":"Centurion and Healer","floor":24.0,"turns":6.0},{"damage":0.0,"enemies":"Gremlin Leader","floor":28.0,"turns":4.0},{"damage":5.0,"enemies":"Book of Stabbing","floor":30.0,"turns":4.0},{"damage":6.0,"enemies":"Snake Plant","floor":31.0,"turns":3.0},{"damage":54.0,"enemies":"Automaton","floor":33.0,"turns":10.0},{"damage":0.0,"enemies":"Orb Walker","floor":35.0,"turns":2.0},{"damage":0.0,"enemies":"Mind Bloom Boss Battle","floor":36.0,"turns":4.0},{"damage":30.0,"enemies":"3 Darklings","floor":39.0,"turns":6.0},{"damage":53.0,"enemies":"Nemesis","floor":41.0,"turns":6.0},{"damage":9.0,"enemies":"Transient","floor":44.0,"turns":6.0},{"damage":40.0,"enemies":"Giant Head","floor":47.0,"turns":7.0},{"damage":9.0,"enemies":"Time Eater","floor":50.0,"turns":6.0},{"damage":143,"enemies":"Awakened One","floor":51,"turns":15}],"seed_played":"8890141288482717405","potions_obtained":[{"floor":3.0,"key":"Dexterity Potion"},{"floor":13.0,"key":"Fruit Juice"},{"floor":16.0,"key":"SteroidPotion"},{"floor":18.0,"key":"Block Potion"},{"floor":20.0,"key":"PowerPotion"},{"floor":24.0,"key":"LiquidMemories"},{"floor":33.0,"key":"SteroidPotion"},{"floor":35.0,"key":"ColorlessPotion"},{"floor":39.0,"key":"Ancient Potion"},{"floor":41.0,"key":"BloodPotion"},{"floor":47.0,"key":"BloodPotion"}],"is_trial":false,"path_per_floor":["M","$","M","?","?","E","R","M","T","R","E","M","E","M","R","B",null,"M","?","M","?","M","R","M","R","T","?","E","R","E","M","R","B",null,"M","?","?","?","M","R","E","R","T","M","R","$","E","$","R","B","B"],"character_chosen":"IRONCLAD","items_purchased":["Inflame","Shockwave","Impervious","SpeedPotion","Uppercut"],"campfire_rested":1,"item_purchase_floors":[2,46,46,46,48],"current_hp_per_floor":[74,74,75,80,80,80,80,80,90,90,78,84,68,31,31,15,80,65,65,56,35,13,46,49,49,49,49,59,59,66,70,70,23,106,118,144,144,144,124,124,81,81,81,81,81,81,53,68,68,69,0,0],"gold":95,"neow_bonus":"THREE_ENEMY_KILL","is_daily":false,"chose_seed":false,"campfire_upgraded":6,"win_rate":0.0,"timestamp":1613660156,"path_taken":["M","$","M","?","?","E","R","?","T","R","E","M","E","M","R","BOSS","M","?","?","?","M","R","M","R","T","?","E","R","E","M","R","BOSS","M","?","?","?","M","R","E","R","T","M","R","$","E","$","R","BOSS","BOSS"],"items_purchased_type":["Card","Card","Card","Potion","Card"],"build_version":"2020-12-18","purchased_purges":2,"victory":false,"max_hp_per_floor":[75,75,75,80,80,80,80,80,90,90,92,92,92,97,97,102,102,105,105,109,109,112,112,118,118,118,118,122,122,128,132,132,133,133,139,159,159,151,155,155,159,159,159,162,162,162,168,168,168,172,175,175],"card_choices":[{"not_picked":["Wild Strike","Warcry"],"picked":"Clothesline","floor":1.0},{"not_picked":["Flex","Sword Boomerang"],"picked":"Inflame","floor":3.0},{"not_picked":["Searing Blow","Shockwave"],"picked":"Flame Barrier","floor":6.0},{"not_picked":["Iron Wave","Clothesline"],"picked":"Anger","floor":8.0},{"not_picked":["Whirlwind","Entrench","Anger"],"picked":"Singing Bowl","floor":11.0},{"not_picked":["Headbutt","Blood for Blood"],"picked":"Shrug It Off","floor":12.0},{"not_picked":["Heavy Blade","Wild Strike"],"picked":"Feed","floor":13.0},{"not_picked":["Intimidate","Sentinel","Carnage"],"picked":"Singing Bowl","floor":14.0},{"not_picked":["Double Tap","Barricade"],"picked":"Impervious","floor":16.0},{"not_picked":["Warcry","Pommel Strike"],"picked":"Clothesline","floor":18.0},{"not_picked":["Bloodletting","Brutality"],"picked":"Heavy Blade","floor":20.0},{"not_picked":["Armaments","Headbutt","Shrug It Off"],"picked":"Singing Bowl","floor":22.0},{"not_picked":["Twin Strike","Thunderclap","Burning Pact"],"picked":"Singing Bowl","floor":24.0},{"not_picked":["True Grit","Perfected Strike"],"picked":"Immolate","floor":28.0},{"not_picked":["Second Wind","Havoc","Carnage"],"picked":"Singing Bowl","floor":30.0},{"not_picked":["Heavy Blade","Headbutt"],"picked":"Flame Barrier","floor":31.0},{"not_picked":["Exhume","Barricade+1"],"picked":"Brutality+1","floor":33.0},{"not_picked":["Thunderclap","Perfected Strike","Flex"],"picked":"Singing Bowl","floor":35.0},{"not_picked":["Anger","Metallicize+1","Wild Strike"],"picked":"Singing Bowl","floor":36.0},{"not_picked":["Double Tap","Clothesline"],"picked":"Combust+1","floor":39.0},{"not_picked":["Pommel Strike+1","Blood for Blood"],"picked":"Rupture+1","floor":41.0},{"not_picked":["Havoc","Twin Strike+1","Warcry"],"picked":"Singing Bowl","floor":44.0},{"not_picked":["Twin Strike","Fire Breathing+1","Heavy Blade"],"picked":"Singing Bowl","floor":47.0}],"player_experience":2991524,"relics_obtained":[{"floor":6.0,"key":"Singing Bowl"},{"floor":9.0,"key":"Pear"},{"floor":11.0,"key":"Matryoshka"},{"floor":13.0,"key":"Whetstone"},{"floor":26.0,"key":"Frozen Egg 2"},{"floor":26.0,"key":"Girya"},{"floor":28.0,"key":"Smiling Mask"},{"floor":30.0,"key":"Juzu Bracelet"},{"floor":36.0,"key":"Mango"},{"floor":41.0,"key":"CeramicFish"},{"floor":43.0,"key":"Potion Belt"},{"floor":47.0,"key":"MealTicket"}],"event_choices":[{"damage_healed":0.0,"max_hp_gain":5.0,"max_hp_loss":0.0,"gold_gain":0.0,"event_name":"Big Fish","player_choice":"Donut","floor":4.0,"gold_loss":0.0,"damage_taken":0.0},{"damage_healed":0.0,"max_hp_gain":0.0,"max_hp_loss":0.0,"gold_gain":0.0,"event_name":"Match and Keep!","player_choice":"1 cards matched","floor":5.0,"gold_loss":0.0,"damage_taken":0.0,"cards_obtained":["Heavy Blade"]},{"damage_healed":0.0,"max_hp_gain":0.0,"max_hp_loss":0.0,"gold_gain":0.0,"event_name":"FaceTrader","player_choice":"Trade","floor":19.0,"gold_loss":0.0,"damage_taken":0.0,"relics_obtained":["FaceOfCleric"]},{"damage_healed":0.0,"max_hp_gain":0.0,"max_hp_loss":0.0,"gold_gain":0.0,"event_name":"Cursed Tome","player_choice":"Obtained Book","floor":21.0,"gold_loss":0.0,"damage_taken":21.0},{"damage_healed":0.0,"max_hp_gain":0.0,"max_hp_loss":0.0,"gold_gain":0.0,"event_name":"Back to Basics","player_choice":"Simplicity","floor":27.0,"gold_loss":0.0,"damage_taken":0.0,"cards_upgraded":["Strike_R","Strike_R","Strike_R","Defend_R","Defend_R","Defend_R","Defend_R"]},{"damage_healed":0.0,"max_hp_gain":0.0,"max_hp_loss":0.0,"gold_gain":0.0,"event_name":"MindBloom","player_choice":"Fight","floor":36.0,"gold_loss":0.0,"damage_taken":0.0},{"damage_healed":0.0,"max_hp_gain":0.0,"max_hp_loss":0.0,"gold_gain":0.0,"event_name":"Upgrade Shrine","player_choice":"Upgraded","floor":37.0,"gold_loss":0.0,"damage_taken":0.0,"cards_upgraded":["Immolate"]},{"damage_healed":0.0,"max_hp_gain":0.0,"max_hp_loss":8.0,"gold_gain":0.0,"event_name":"Winding Halls","player_choice":"Max HP","floor":38.0,"gold_loss":0.0,"damage_taken":0.0}],"is_beta":true,"boss_relics":[{"not_picked":["Pandora\u0027s Box","Black Star"],"picked":"Snecko Eye"},{"not_picked":["Runic Pyramid","Tiny House"],"picked":"Cursed Key"}],"items_purged_floors":[46,48],"is_endless":false,"potions_floor_spawned":[3,13,16,18,20,24,33,35,39,41,47],"killed_by":"Awakened One","ascension_level":20}}