{"host":"rihxvzvzrfpivboj","time":1613662166,"event":{"mods":["Act Like it!","BaseMod","Better Third Choice","Block Reminder","Colored Map","Colored Powertips","Downfall","Gensokyo","GifTheSpireLib","Googly Eyes","Keyboard Shortcuts","Minty Spire (QoL Compilation)","Quick Restart","Relic Sorter","StSLib","SuperFastMode","The Bug Knight","Unceasing Turn Reminder","Waifu the Spire"],"gold_per_floor":[109,109,129,145,220,254,254,283,310,310,310,335,371,385,385,493,493,513,513,513,533,533,572,31,70,79,122,22,31,31,76,76,180,180,192,192,215,240,257,257,266,191,246,246,272,310,346,57,57,57,57,57,18,53,53],"floor_reached":56,"language":"ENG","playtime":2627,"items_purged":["Pain","downfall:Bewildered","Clumsy"],"score":1507,"play_id":"4a015693-2a6f-475b-b23b-8317953d2bff","local_time":"20210218162926","is_ascension_mode":true,"campfire_choices":[{"floor":11.0,"key":"REST"},{"data":"HollowMod:MantisMark","floor":15.0,"key":"SMITH"},{"data":"HollowMod:SiblingsShadow","floor":30.0,"key":"SMITH"},{"data":"Ghostly","floor":32.0,"key":"SMITH"},{"data":"HollowMod:LordofShades","floor":40,"key":"SMITH"},{"data":"Finesse","floor":44,"key":"SMITH"},{"floor":49,"key":"RECALL"},{"data":"Deep Breath","floor":52,"key":"SMITH"}],"circlet_count":0,"master_deck":["HollowMod:NailStrikeStart+1","HollowMod:NailStrikeStart+1","HollowMod:NailStrikeStart+1","HollowMod:QuickDashStart+1","HollowMod:QuickDashStart+1","HollowMod:QuickDashStart+1","HollowMod:QuickDashStart+1","HollowMod:PogoStrike+1","HollowMod:MantisMark+1","HollowMod:DescendingDark","HollowMod:SiblingsShadow+1","HollowMod:SharpenedShadows","HollowMod:BlackTendrils","HollowMod:DescendingDark+1","HollowMod:LordofShades+1","HollowMod:ShapeofUnn","HollowMod:BlackTendrils+1","HollowMod:DescendingDark+1","HollowMod:SlysStrikes","HollowMod:SlysStrikes","HollowMod:MylasSalvation","Ghostly+1","Ghostly","Ghostly","Ghostly","Ghostly","HollowMod:SoulMaster","HollowMod:DescendingDark+1","HollowMod:SiblingsSouls+1","Finesse+1","HollowMod:ShadowDash","HollowMod:CloakDash+1","HollowMod:PerfectDash+1","Deep Breath+1"],"relics":["Cursed Key","Potion Belt","Whetstone","CeramicFish","Blue Candle","Molten Egg 2","bronze:MakeshiftBattery","FossilizedHelix","CultistMask","PreservedInsect","Prayer Wheel","Strange Spoon","Bag of Marbles","Dream Catcher","SlaversCollar","Bronze Scales","The Courier","TungstenRod","Bag of Preparation","Pear"],"acts_visited":["Exordium","TheCity","TheBeyond","TheEnding"],"potions_floor_usage":[46,50,55,55,55,55],"damage_taken":[{"damage":0.0,"enemies":"Small Slimes","floor":1.0,"turns":3.0},{"damage":1.0,"enemies":"Jaw Worm","floor":3.0,"turns":2.0},{"damage":0.0,"enemies":"2 Louse","floor":4.0,"turns":1.0},{"damage":21.0,"enemies":"Lagavulin","floor":6.0,"turns":6.0},{"damage":6.0,"enemies":"3 Sentries","floor":8.0,"turns":3.0},{"damage":9.0,"enemies":"Looter","floor":12.0,"turns":2.0},{"damage":7.0,"enemies":"Gremlin Nob","floor":13.0,"turns":3.0},{"damage":10.0,"enemies":"Exordium Wildlife","floor":14.0,"turns":2.0},{"damage":7.0,"enemies":"Hexaghost","floor":16.0,"turns":8.0},{"damage":1.0,"enemies":"3 Byrds","floor":18.0,"turns":2.0},{"damage":32.0,"enemies":"Shell Parasite","floor":21.0,"turns":4.0},{"damage":8.0,"enemies":"Gremlin Leader","floor":23.0,"turns":4.0},{"damage":0.0,"enemies":"Slavers","floor":25.0,"turns":2.0},{"damage":5.0,"enemies":"Gremlin Leader","floor":27.0,"turns":3.0},{"damage":3.0,"enemies":"Collector","floor":33.0,"turns":8.0},{"damage":19,"enemies":"3 Shapes","floor":35,"turns":6},{"damage":0,"enemies":"Orb Walker","floor":37,"turns":3},{"damage":0,"enemies":"Transient","floor":38,"turns":5},{"damage":4,"enemies":"4 Shapes","floor":39,"turns":4},{"damage":2,"enemies":"Giant Head","floor":45,"turns":6},{"damage":39,"enemies":"HollowMod:SlobberingHusk","floor":46,"turns":5},{"damage":1,"enemies":"Reptomancer","floor":47,"turns":4},{"damage":0,"enemies":"Time Eater","floor":50,"turns":10},{"damage":0,"enemies":"Shield and Spear","floor":54,"turns":4},{"damage":39,"enemies":"The Heart","floor":55,"turns":9}],"seed_played":"-115170512826161148","potions_obtained":[{"floor":4.0,"key":"FearPotion"},{"floor":6.0,"key":"Ancient Potion"},{"floor":14.0,"key":"Block Potion"},{"floor":18.0,"key":"CultistPotion"},{"floor":21.0,"key":"Dexterity Potion"},{"floor":23.0,"key":"bronze:BurnAndBuffPotion"},{"floor":37,"key":"Regen Potion"},{"floor":38,"key":"PowerPotion"},{"floor":45,"key":"Dexterity Potion"},{"floor":46,"key":"BlessingOfTheForge"},{"floor":47,"key":"LiquidMemories"}],"is_trial":false,"path_per_floor":["M","?","M","M","?","E","?","E","T","?","R","M","E","M","R","B",null,"M","?","?","M","?","E","$","E","T","E","$","?","R","?","R","B",null,"M","?","M","M","M","R","?","?","T","R","E","M","E","$","R","B",null,"R","$","E","B",null],"character_chosen":"THE_BUGKNIGHT","items_purchased":["Prayer Wheel","Strange Spoon","Deep Breath","Bag of Preparation","FearPotion"],"campfire_rested":1,"item_purchase_floors":[24,24,48,48,53],"current_hp_per_floor":[75,75,74,74,63,42,35,29,29,24,46,37,34,27,27,24,75,74,74,74,46,46,55,55,55,55,59,59,59,59,37,37,37,37,21,21,25,37,37,37,37,42,42,42,42,30,42,42,42,42,42,42,42,52,40],"gold":53,"neow_bonus":"BOSS_RELIC","is_daily":false,"chose_seed":false,"campfire_upgraded":6,"win_rate":0.0,"timestamp":1613662166,"path_taken":["M","?","M","M","?","E","?","E","T","?","R","M","E","M","R","BOSS","M","?","?","?","?","E","$","E","T","E","$","?","R","?","R","BOSS","M","?","?","M","M","R","?","?","T","R","E","M","E","?","R","BOSS","R","$","E","BOSS"],"items_purchased_type":["Relic","Relic","Card","Relic","Potion"],"build_version":"2020-12-22","purchased_purges":3,"victory":true,"max_hp_per_floor":[75,75,75,75,75,75,75,75,75,75,75,75,75,75,75,75,75,75,75,75,75,75,75,75,75,75,75,75,75,75,37,37,37,37,37,37,37,37,37,37,37,42,42,42,42,42,42,42,42,42,42,42,42,52,52],"card_choices":[{"not_picked":["HollowMod:NewLittleFool","HollowMod:TaintedHusks"],"picked":"HollowMod:MantisMark","floor":1.0},{"not_picked":["HollowMod:DesolateDive","HollowMod:CoiledNail"],"picked":"HollowMod:DescendingDark","floor":3.0},{"not_picked":["HollowMod:BaldurShell","HollowMod:MawleksShell"],"picked":"HollowMod:CycloneSlash","floor":4.0},{"not_picked":["HollowMod:SoulVessel","HollowMod:MawleksShell"],"picked":"HollowMod:SiblingsShadow","floor":6.0},{"not_picked":["HollowMod:LifebloodCocoon","HollowMod:ChannelNail"],"picked":"HollowMod:SharpenedShadows","floor":8.0},{"not_picked":["HollowMod:AbyssShriek","HollowMod:InfectedAttack"],"picked":"HollowMod:BlackTendrils","floor":12.0},{"not_picked":["HollowMod:LifebloodCocoon","HollowMod:ShadowDash"],"picked":"HollowMod:DescendingDark+1","floor":13.0},{"not_picked":["HollowMod:CornifersMapStart","HollowMod:SoulSplash","HollowMod:HeavyBlow+1"],"picked":"SKIP","floor":14.0},{"not_picked":["HollowMod:PureVessel","HollowMod:NewInfectedGuardian"],"picked":"HollowMod:LordofShades","floor":16.0},{"not_picked":["HollowMod:HowlingWraiths+1","HollowMod:DesolateDive+1"],"picked":"HollowMod:ShapeofUnn","floor":18.0},{"not_picked":["HollowMod:MonarchWings+1","HollowMod:InfectedCysts+1"],"picked":"HollowMod:BlackTendrils+1","floor":21.0},{"not_picked":["HollowMod:PureNailStrike+1","HollowMod:SoulStrike+1"],"picked":"HollowMod:DescendingDark+1","floor":23.0},{"not_picked":["HollowMod:DungDefenderAura","HollowMod:SiblingsSouls+1"],"picked":"HollowMod:SlysStrikes","floor":25.0},{"not_picked":["HollowMod:NewInfectedGuardian","HollowMod:DashSlash+1"],"picked":"HollowMod:SlysStrikes","floor":27.0},{"not_picked":["HollowMod:AwokenDreamNail+1","HollowMod:PureVessel"],"picked":"HollowMod:SoulMaster","floor":33.0},{"not_picked":["HollowMod:HeavyBlow+1","HollowMod:NewLittleFool+1","HollowMod:TaintedHusks+1"],"picked":"SKIP","floor":35},{"not_picked":["HollowMod:BrokenVessel+1","HollowMod:HowlingWraiths+1","HollowMod:InfectedAttack+1"],"picked":"SKIP","floor":35},{"not_picked":["HollowMod:ChannelNail","HollowMod:DungDefenderAura"],"picked":"HollowMod:DescendingDark+1","floor":37},{"not_picked":["HollowMod:SoulStrike+1","HollowMod:ShapeofUnn","HollowMod:CornifersMapStart+1"],"picked":"SKIP","floor":37},{"not_picked":["HollowMod:DescendingDark+1","HollowMod:CycloneSlash+1"],"picked":"HollowMod:SiblingsSouls+1","floor":38},{"not_picked":["HollowMod:NewJinnsSoul","HollowMod:MonarchWings","HollowMod:DoubleDash"],"picked":"SKIP","floor":38},{"not_picked":["HollowMod:SoulEater+1","HollowMod:HowlingWraiths+1","HollowMod:TaintedHusks"],"picked":"SKIP","floor":39},{"not_picked":["HollowMod:NewLittleFool+1","HollowMod:MonomonsArchive+1","HollowMod:SharpenedNail+1"],"picked":"SKIP","floor":39},{"not_picked":["Bandage Up","Flash of Steel+1"],"picked":"Finesse","floor":41},{"not_picked":["HollowMod:NewGlowingWomb","HollowMod:Hiveblood","HollowMod:ChannelNail"],"picked":"SKIP","floor":45},{"not_picked":["HollowMod:SiblingsSouls","HollowMod:NewJinnsSoul"],"picked":"HollowMod:ShadowDash","floor":46},{"not_picked":["HollowMod:DesolateDive+1","HollowMod:DescendingDark+1"],"picked":"HollowMod:CloakDash+1","floor":46},{"not_picked":["HollowMod:SoulVessel+1","HollowMod:RecoilStrike+1"],"picked":"HollowMod:PerfectDash+1","floor":47},{"not_picked":["HollowMod:Weaversong","HollowMod:FallenFury+1","HollowMod:HowlingWraiths+1"],"picked":"SKIP","floor":54}],"player_experience":1177268,"relics_obtained":[{"floor":6.0,"key":"Potion Belt"},{"floor":8.0,"key":"Whetstone"},{"floor":9.0,"key":"CeramicFish"},{"floor":13.0,"key":"Molten Egg 2"},{"floor":23.0,"key":"PreservedInsect"},{"floor":25.0,"key":"Bag of Marbles"},{"floor":27.0,"key":"Dream Catcher"},{"floor":43,"key":"Bronze Scales"},{"floor":45,"key":"The Courier"},{"floor":47,"key":"TungstenRod"},{"floor":54,"key":"Pear"}],"event_choices":[{"damage_healed":0.0,"max_hp_gain":0.0,"max_hp_loss":0.0,"gold_gain":75.0,"event_name":"betterThird:BetterGoop","player_choice":"Gold","floor":5.0,"gold_loss":0.0,"damage_taken":11.0},{"cards_removed":["HollowMod:NailStrikeStart"],"damage_healed":0.0,"max_hp_gain":0.0,"max_hp_loss":0.0,"gold_gain":0.0,"event_name":"Golden Wing","player_choice":"Card Removal","floor":7.0,"gold_loss":0.0,"damage_taken":7.0},{"damage_healed":0.0,"max_hp_gain":0.0,"max_hp_loss":0.0,"gold_gain":0.0,"event_name":"The Mausoleum","player_choice":"Opened","floor":19.0,"gold_loss":0.0,"damage_taken":0.0,"relics_obtained":["FossilizedHelix"]},{"damage_healed":0.0,"max_hp_gain":0.0,"max_hp_loss":0.0,"gold_gain":0.0,"event_name":"FaceTrader","player_choice":"Trade","floor":20.0,"gold_loss":0.0,"damage_taken":0.0,"relics_obtained":["CultistMask"]},{"damage_healed":0.0,"max_hp_gain":0.0,"max_hp_loss":6.0,"gold_gain":0.0,"event_name":"betterThird:BetterWriting","player_choice":"Simplicity","floor":22.0,"gold_loss":0.0,"damage_taken":0.0},{"damage_healed":0.0,"max_hp_gain":0.0,"max_hp_loss":38.0,"gold_gain":0.0,"event_name":"Ghosts","player_choice":"Became a Ghost","floor":31.0,"gold_loss":0.0,"damage_taken":0.0,"cards_obtained":["Ghostly","Ghostly","Ghostly","Ghostly","Ghostly"]},{"cards_removed":["HollowMod:CycloneSlash"],"damage_healed":0,"gold_gain":0,"player_choice":"Purged","damage_taken":0,"max_hp_gain":0,"max_hp_loss":0,"event_name":"Purifier","floor":36,"gold_loss":0},{"damage_healed":0,"gold_gain":0,"player_choice":"Memory 1","damage_taken":0,"max_hp_gain":0,"max_hp_loss":0,"event_name":"SensoryStone","floor":41,"gold_loss":0}],"is_beta":false,"boss_relics":[{"not_picked":["Busted Crown","Astrolabe"],"picked":"bronze:MakeshiftBattery"},{"not_picked":["Snecko Eye","Runic Dome"],"picked":"SlaversCollar"}],"items_purged_floors":[24,28,48],"is_endless":false,"potions_floor_spawned":[4,6,14,18,21,23,37,38,45,46,47],"ascension_level":1}}