{"host":"4d3k7d8vp246c2eu","time":1613633434,"event":{"mods":["BaseMod","Downfall","Minty Spire (QoL Compilation)","StSLib"],"gold_per_floor":[99,109,126,137,237,264,314,414,71,104,4,37,48,107,125,228,228,128,176,16,116,181,81,81,155,86,154,164,164,183,82,101,101,101,101],"floor_reached":33,"language":"ENG","playtime":2406,"items_purged":[],"score":397,"play_id":"e3535851-fa32-4711-8ca8-f7b5af3825c8","local_time":"20210218023034","is_ascension_mode":true,"campfire_choices":[{"data":"hexamod:Sear","floor":1,"key":"SMITH"},{"data":"hexamod:RainOfEmbers","floor":11,"key":"SMITH"},{"floor":18,"key":"RECALL"},{"data":"hexamod:SpectralSpark","floor":23,"key":"SMITH"},{"data":"hexamod:FastForward","floor":29,"key":"SMITH"}],"circlet_count":0,"master_deck":["hexamod:Strike","hexamod:Strike","hexamod:Strike","hexamod:Strike","hexamod:Defend","hexamod:Defend","hexamod:Defend","hexamod:Defend","hexamod:Sear+1","hexamod:Float","hexamod:PhantomFireball","hexamod:HauntingEcho","hexamod:RainOfEmbers+1","hexamod:GhostflameInferno","hexamod:ThermalTransfer","hexamod:ExtraCrispy","hexamod:HeatMetal","hexamod:SkipABeat","hexamod:SpectralSpark+1","hexamod:FlamesFromBeyond","hexamod:GhostflameInferno","hexamod:ChargedBarrage","hexamod:FastForward+1","hexamod:RainOfEmbers","hexamod:FirstSeal","Master of Strategy","hexamod:GhostOfSpireFuture+1"],"relics":["hexamod:UnbrokenSoul","Ancient Tea Set","Tiny Chest","Mummified Hand","Anchor","downfall:HeartBlessingBlue","Turnip","Lantern","downfall:HeartBlessingGreen","MealTicket","Chemical X","downfall:CloakOfManyFaces","CultistMask","FaceOfCleric","NlothsMask","GremlinMask","SsserpentHead","downfall:HeartBlessingRed","Smiling Mask","Blood Vial","Strange Spoon"],"acts_visited":["Exordium","TheCity"],"potions_floor_usage":[20,26,33,33,33],"damage_taken":[{"damage":0,"enemies":"2 Louse","floor":2,"turns":3},{"damage":2,"enemies":"Jaw Worm","floor":3,"turns":3},{"damage":0,"enemies":"Cultist","floor":4,"turns":3},{"damage":22,"enemies":"3 Sentries","floor":6,"turns":7},{"damage":5,"enemies":"downfall:FleeingMerchant","floor":9,"turns":4},{"damage":1,"enemies":"Gremlin Nob","floor":10,"turns":3},{"damage":0,"enemies":"Lagavulin","floor":12,"turns":3},{"damage":0,"enemies":"downfall:LooterAlt","floor":13,"turns":2},{"damage":14,"enemies":"Lagavulin Event","floor":14,"turns":4},{"damage":1,"enemies":"3 Louse","floor":15,"turns":2},{"damage":2,"enemies":"SI_SHIV_ARCHETYPE","floor":16,"turns":5},{"damage":10,"enemies":"downfall:FleeingMerchant","floor":20,"turns":4},{"damage":5,"enemies":"downfall:FaceTrader","floor":21,"turns":5},{"damage":0,"enemies":"Chosen","floor":22,"turns":3},{"damage":15,"enemies":"downfall:FleeingMerchant","floor":26,"turns":4},{"damage":2,"enemies":"3 Byrds","floor":27,"turns":3},{"damage":6,"enemies":"Centurion and Healer","floor":28,"turns":4},{"damage":36,"enemies":"3 Cultists","floor":30,"turns":5},{"damage":32,"enemies":"Snake Plant","floor":32,"turns":3},{"damage":61,"enemies":"DF_ARCHETYPE_CLAW","floor":33,"turns":6}],"seed_played":"6975022360303760212","potions_obtained":[{"floor":2,"key":"SkillPotion"},{"floor":6,"key":"SteroidPotion"},{"floor":12,"key":"Energy Potion"},{"floor":14,"key":"PowerPotion"},{"floor":15,"key":"Fruit Juice"},{"floor":21,"key":"LiquidMemories"},{"floor":28,"key":"SmokeBomb"},{"floor":32,"key":"Block Potion"}],"is_trial":false,"path_per_floor":["R","M","M","M","?","E","T","?","$","E","R","E","M","?","M","B",null,"R","T","$","?","M","R","T","T","$","M","M","R","M","$","M","B"],"character_chosen":"THE_SPIRIT","items_purchased":["hexamod:ExtraCrispy","Mummified Hand","Chemical X","hexamod:FirstSeal","Blood Vial","Master of Strategy","Strange Spoon"],"campfire_rested":0,"item_purchase_floors":[9,9,20,26,26,26,31],"current_hp_per_floor":[70,70,68,68,68,46,46,46,41,40,50,50,50,36,35,33,80,80,80,70,65,66,66,66,66,67,75,79,79,53,68,46,0,0,0],"gold":101,"neow_bonus":"RANDOM_COMMON_RELIC","is_daily":false,"chose_seed":false,"campfire_upgraded":4,"win_rate":0.0,"timestamp":1613633434,"path_taken":["R","M","M","M","?","E","T","?","$","E","R","E","?","?","M","BOSS","R","?","?","?","?","R","T","?","$","?","M","R","M","?","M","BOSS"],"items_purchased_type":["Card","Relic","Relic","Card","Relic","Card","Relic"],"build_version":"2020-12-22","purchased_purges":0,"victory":false,"max_hp_per_floor":[70,70,70,70,70,70,70,70,70,70,80,80,80,80,80,80,80,80,80,80,80,81,81,81,81,82,83,84,84,85,85,86,91,91,91],"card_choices":[{"not_picked":["hexamod:ShieldOfDarkness","hexamod:SpectersWail"],"picked":"hexamod:PhantomFireball","floor":2},{"not_picked":["hexamod:SpectersWail","hexamod:InspiringFlames"],"picked":"hexamod:HauntingEcho","floor":3},{"not_picked":["hexamod:SwordOfDarkness","hexamod:SpectralAdrenaline"],"picked":"hexamod:RainOfEmbers","floor":4},{"not_picked":["hexamod:SwordOfDarkness","hexamod:FastForward"],"picked":"hexamod:GhostflameInferno","floor":6},{"not_picked":["hexamod:NightmareStrike","hexamod:HeatMetal"],"picked":"hexamod:ThermalTransfer","floor":9},{"not_picked":["hexamod:NightmareStrike","hexamod:SuperheatedStrike"],"picked":"hexamod:HeatMetal","floor":10},{"not_picked":["hexamod:Firestarter","hexamod:GiftsFromTheDead"],"picked":"hexamod:SkipABeat","floor":12},{"not_picked":["hexamod:ThermalTransfer","hexamod:RecurringNightmare"],"picked":"hexamod:SpectralSpark","floor":13},{"not_picked":["hexamod:ThermalTransfer","hexamod:Firestarter"],"picked":"hexamod:FlamesFromBeyond","floor":15},{"not_picked":["hexamod:FlameSwitch","hexamod:Toasty"],"picked":"hexamod:GhostflameInferno","floor":16},{"not_picked":["hexamod:SpectralSpark","hexamod:FlamesFromBeyond"],"picked":"hexamod:ChargedBarrage","floor":20},{"not_picked":["hexamod:BurningTouch","hexamod:ShieldOfDarkness"],"picked":"hexamod:FastForward","floor":21},{"not_picked":["hexamod:BurningTouch","hexamod:BacktrackSmack","hexamod:SuperheatedStrike"],"picked":"SKIP","floor":22},{"not_picked":["hexamod:Incineration","hexamod:NightmareStrike"],"picked":"hexamod:RainOfEmbers","floor":26},{"not_picked":["hexamod:Firestarter","hexamod:NightmareGuise","hexamod:ThermalTransfer"],"picked":"SKIP","floor":27},{"not_picked":["hexamod:HauntingEcho","hexamod:HeatMetal+1","hexamod:Hexaguard"],"picked":"SKIP","floor":28},{"not_picked":["hexamod:AdvancingGuard","hexamod:HeatMetal"],"picked":"hexamod:GhostOfSpireFuture+1","floor":30},{"not_picked":["hexamod:Again","hexamod:HeatMetal","hexamod:SwordOfDarkness"],"picked":"SKIP","floor":32}],"player_experience":597550,"relics_obtained":[{"floor":6,"key":"Tiny Chest"},{"floor":10,"key":"Anchor"},{"floor":12,"key":"Turnip"},{"floor":14,"key":"Lantern"},{"floor":19,"key":"MealTicket"},{"floor":21,"key":"downfall:CloakOfManyFaces"},{"floor":25,"key":"Smiling Mask"}],"event_choices":[{"damage_healed":0,"gold_gain":100,"player_choice":"Gold","damage_taken":0,"max_hp_gain":0,"max_hp_loss":0,"event_name":"Wheel of Change","floor":8,"gold_loss":0}],"is_beta":false,"boss_relics":[{"not_picked":["Runic Dome","Fusion Hammer"],"picked":"hexamod:UnbrokenSoul"}],"items_purged_floors":[],"is_endless":false,"potions_floor_spawned":[2,6,12,14,15,21,22,28,32],"killed_by":"DF_ARCHETYPE_CLAW","ascension_level":2}}