{"host":"u4hhjc8c2w7dbcnr","time":1613681956,"event":{"mods":["BaseMod","Colored Map","Colored Powertips","Highlight Path","Minty Spire (QoL Compilation)","StSLib"],"gold_per_floor":[111,111,186,186,206,206,232,232,311,311,4,21,40,59,59,158,158,173,192,205,42,52,87,87,121,121,121,121],"floor_reached":27,"language":"ENG","playtime":1378,"items_purged":[],"score":379,"play_id":"00887e38-9169-4bf7-845b-58b312bb0d84","local_time":"20210219045916","is_ascension_mode":true,"campfire_choices":[{"data":"Zap","floor":6,"key":"SMITH"},{"data":"Dualcast","floor":8,"key":"SMITH"},{"data":"Loop","floor":10,"key":"SMITH"},{"data":"Defragment","floor":15,"key":"SMITH"},{"data":"Genetic Algorithm","floor":24,"key":"SMITH"}],"circlet_count":0,"master_deck":["Strike_B","Strike_B","Strike_B","Strike_B","Defend_B+1","Defend_B","Defend_B","Defend_B+1","Zap+1","Dualcast+1","Loop+1","Conserve Battery","Glacier","Defragment+1","Glacier","Storm","Buffer","Loop","Coolheaded","Barrage","Magnetism","Ball Lightning","Genetic Algorithm+1","Blizzard"],"relics":["Cracked Core","NeowsBlessing","Calipers","White Beast Statue","Thread and Needle","Philosopher\u0027s Stone","PreservedInsect","Mummified Hand","Pantograph"],"acts_visited":["Exordium","TheCity"],"potions_floor_usage":[20,23,23,25],"damage_taken":[{"damage":0,"enemies":"Small Slimes","floor":1,"turns":1},{"damage":0,"enemies":"Jaw Worm","floor":5,"turns":1},{"damage":0,"enemies":"Gremlin Nob","floor":7,"turns":1},{"damage":0,"enemies":"2 Louse","floor":12,"turns":3},{"damage":0,"enemies":"Blue Slaver","floor":13,"turns":4},{"damage":3,"enemies":"Gremlin Gang","floor":14,"turns":6},{"damage":6,"enemies":"Hexaghost","floor":16,"turns":18},{"damage":56,"enemies":"3 Byrds","floor":18,"turns":5},{"damage":0,"enemies":"Chosen","floor":19,"turns":4},{"damage":0,"enemies":"Centurion and Healer","floor":20,"turns":12},{"damage":3,"enemies":"Snecko","floor":22,"turns":9},{"damage":0,"enemies":"Slavers","floor":23,"turns":1},{"damage":3,"enemies":"Book of Stabbing","floor":25,"turns":6},{"damage":12,"enemies":"Gremlin Leader","floor":27,"turns":2}],"seed_played":"-193639642165566746","potions_obtained":[{"floor":12,"key":"Energy Potion"},{"floor":13,"key":"EssenceOfDarkness"},{"floor":14,"key":"DuplicationPotion"},{"floor":20,"key":"Energy Potion"},{"floor":22,"key":"PowerPotion"},{"floor":23,"key":"Weak Potion"},{"floor":25,"key":"SteroidPotion"}],"is_trial":false,"path_per_floor":["M","?","?","?","M","R","E","R","T","R","$","M","M","M","R","B",null,"M","M","M","$","M","E","R","E","T","E"],"character_chosen":"DEFECT","items_purchased":["Thread and Needle","Magnetism"],"campfire_rested":0,"item_purchase_floors":[11,21],"current_hp_per_floor":[75,60,49,49,49,49,49,49,49,49,49,49,49,46,46,40,66,10,10,10,10,7,7,7,4,4,0,0],"gold":121,"neow_bonus":"THREE_ENEMY_KILL","is_daily":false,"chose_seed":false,"campfire_upgraded":5,"win_rate":0.0,"timestamp":1613681956,"path_taken":["M","?","?","?","M","R","E","R","T","R","?","M","M","M","R","BOSS","M","M","M","$","M","E","R","E","T","E"],"items_purchased_type":["Relic","Card"],"build_version":"2020-12-22","purchased_purges":0,"victory":false,"max_hp_per_floor":[75,75,75,75,75,75,75,75,75,75,75,75,75,75,75,75,75,75,75,75,75,75,75,75,75,75,75,75],"card_choices":[{"not_picked":["Go for the Eyes","Stack"],"picked":"Loop","floor":1},{"not_picked":["Melter","Cold Snap"],"picked":"Conserve Battery","floor":5},{"not_picked":["White Noise","Go for the Eyes"],"picked":"Glacier","floor":7},{"not_picked":["Sweeping Beam","Leap"],"picked":"Defragment","floor":12},{"not_picked":["Gash","Turbo"],"picked":"Glacier","floor":13},{"not_picked":["Beam Cell","Coolheaded"],"picked":"Storm","floor":14},{"not_picked":["Biased Cognition","Hyperbeam"],"picked":"Buffer","floor":16},{"not_picked":["Steam Power","Turbo"],"picked":"Loop","floor":18},{"not_picked":["Barrage","Conserve Battery"],"picked":"Coolheaded","floor":19},{"not_picked":["Hologram","Turbo"],"picked":"Barrage","floor":20},{"not_picked":["Rebound","Seek"],"picked":"Ball Lightning","floor":22},{"not_picked":["Beam Cell","Blizzard"],"picked":"Genetic Algorithm","floor":23},{"not_picked":["Hologram","Tempest"],"picked":"Blizzard","floor":25}],"player_experience":128688,"relics_obtained":[{"floor":7,"key":"Calipers"},{"floor":9,"key":"White Beast Statue"},{"floor":23,"key":"PreservedInsect"},{"floor":25,"key":"Mummified Hand"},{"floor":26,"key":"Pantograph"}],"event_choices":[{"damage_healed":0,"gold_gain":0,"player_choice":"Entered Light","damage_taken":15,"max_hp_gain":0,"max_hp_loss":0,"event_name":"Shining Light","floor":2,"gold_loss":0,"cards_upgraded":["Defend_B","Defend_B"]},{"damage_healed":0,"gold_gain":75,"player_choice":"Gather Gold","damage_taken":11,"max_hp_gain":0,"max_hp_loss":0,"event_name":"World of Goop","floor":3,"gold_loss":0},{"damage_healed":0,"gold_gain":0,"player_choice":"Ignored","damage_taken":0,"max_hp_gain":0,"max_hp_loss":0,"event_name":"Liars Game","floor":4,"gold_loss":0}],"is_beta":false,"boss_relics":[{"not_picked":["Tiny House","Black Star"],"picked":"Philosopher\u0027s Stone"}],"items_purged_floors":[],"is_endless":false,"potions_floor_spawned":[12,13,14,16,18,19,20,22,23,25],"killed_by":"Gremlin Leader","ascension_level":5}}