{"host":"njruw0b0uprlitpx","time":1613679007,"event":{"mods":["2.2 Compatiblity","Aspiration","Bartender","BaseMod","Better Altar","Better Match","Better Note","Better Sensory Stone","Better Skull","Better Third Choice","BetterRewards","Block Reminder","Colored Map","Colored Powertips","Curses Come First","Energized Spire","Jedi Mod","Keyboard Shortcuts","Minty Spire (QoL Compilation)","Quick Restart","Rare Cards Sparkle","Relic Stats","Replay The Spire","SacredBarkPlus","Spicy Shops","StSLib","SuperFastMode","The Blackbeard","The Forsaken","The Mystic"],"gold_per_floor":[114,114,114,114,133,133,152,190,215,16,16,35,54,54,54,179,179,198,227,167,17,36,89,89,225,300,300,319,319,338,13,13,168,168,197,530,545,560,560,560,352,352,352,397,427,442,28,43,43,43],"floor_reached":51,"language":"ENG","playtime":1421,"items_purged":["Decay","Sickly","blackbeard:BlackbeardStrike"],"score":969,"play_id":"067235ee-95c0-463d-b5d6-adcb6924da1c","local_time":"20210218141007","daily_mods":["Cursed Run","ControlledChaos","Lethality"],"is_ascension_mode":false,"campfire_choices":[{"data":"blackbeard:Provisioning","floor":6,"key":"SMITH"},{"floor":11,"key":"REST"},{"data":"blackbeard:Cutlass","floor":15,"key":"SMITH"},{"floor":24,"key":"REST"},{"floor":27,"key":"REST"},{"data":"blackbeard:Halberd","floor":29,"key":"SMITH"},{"data":"blackbeard:PirateEarring","floor":32,"key":"SMITH"},{"data":"blackbeard:IntimidatingStrike","floor":40,"key":"SMITH"},{"data":"blackbeard:GoldenDefense","floor":42,"key":"SMITH"},{"floor":49,"key":"REST"}],"circlet_count":0,"master_deck":["blackbeard:BlackbeardStrike","blackbeard:BlackbeardStrike","blackbeard:BlackbeardStrike","blackbeard:IntimidatingStrike+1","blackbeard:BlackbeardDefend","blackbeard:BlackbeardDefend","blackbeard:BlackbeardDefend","blackbeard:Cutlass+1","blackbeard:Provisioning+1","Well Laid Plans+1","Injury","blackbeard:Sword","blackbeard:GoldenDefense+1","blackbeard:Revenge+1","blackbeard:Boarding+1","blackbeard:GoldenStrike+1","blackbeard:TerrorOfTheSeas+1","Sickly","blackbeard:Halberd+1","blackbeard:Bandana+1","blackbeard:PirateEarring+1","blackbeard:WoodenLeg+1","Sickly","blackbeard:RearmingStrike+1","blackbeard:FieryDefense+1","blackbeard:BeatUp+1","blackbeard:GoldenGuillotine+1","Hallucinations","blackbeard:GoldenRain+1","blackbeard:RearmingStrike+1","blackbeard:SmithingHammer+1","blackbeard:BeatUp+1","AscendersBane","blackbeard:PirateStrength+1","blackbeard:ReapersScythe+1","blackbeard:Shrapnel+1","Madness+1","blackbeard:AgileStrike+1","blackbeard:Anchor+1","blackbeard:CatONineTails+1","blackbeard:GoldenCannonball+1","blackbeard:PirateStrength+1","blackbeard:BeatUp+1"],"relics":["Cursed Key","Darkstone Periapt","Du-Vu Doll","Frozen Eye","Pet Ghost","Molten Egg 2","Toy Ornithopter","aspiration:RunicSpoon","Membership Card","aspiration:StickyExplosives","blackbeard:WhitePearl","Shuriken","PreservedInsect","Replay:Bottled Snecko","Guide Book","Runic Pyramid","BargainBundle","Golden Egg","Replay:Wax Seal","TungstenRod","Replay:Accelerometer","Omamori","DollysMirror","Chameleon Ring","Oddly Smooth Stone","theForsaken:Gavel"],"acts_visited":["Exordium","TheCity","TheBeyond"],"potions_floor_usage":[5,7,7,8,8,8,12,12,16,16,18,19,19,23,23,23,23,28,28,30,30,33,33,33,33,33,33,33,44,44,50,50],"damage_taken":[{"damage":4,"enemies":"Jaw Worm","floor":1,"turns":2},{"damage":3,"enemies":"2 Louse","floor":5,"turns":2},{"damage":0,"enemies":"Cultist","floor":7,"turns":3},{"damage":2,"enemies":"Replay:BlueRogue","floor":8,"turns":4},{"damage":0,"enemies":"Looter","floor":12,"turns":2},{"damage":6,"enemies":"Blue Slaver","floor":13,"turns":2},{"damage":0,"enemies":"Slime Boss","floor":16,"turns":3},{"damage":11,"enemies":"Chosen","floor":18,"turns":3},{"damage":36,"enemies":"Shell Parasite","floor":19,"turns":4},{"damage":39,"enemies":"Snake Plant","floor":22,"turns":3},{"damage":21,"enemies":"Replay:Snechameleon","floor":23,"turns":3},{"damage":0,"enemies":"3 Cultists","floor":28,"turns":2},{"damage":0,"enemies":"Shelled Parasite and Fungi","floor":30,"turns":1},{"damage":79,"enemies":"Champ","floor":33,"turns":9},{"damage":5,"enemies":"3 Shapes","floor":35,"turns":3},{"damage":0,"enemies":"Orb Walker","floor":37,"turns":1},{"damage":9,"enemies":"Jaw Worm Horde","floor":38,"turns":3},{"damage":51,"enemies":"Writhing Mass","floor":44,"turns":3},{"damage":14,"enemies":"3 Darklings","floor":45,"turns":2},{"damage":0,"enemies":"Spire Growth","floor":46,"turns":2},{"damage":21,"enemies":"Jaw Worm Horde","floor":48,"turns":2},{"damage":28,"enemies":"Time Eater","floor":50,"turns":3}],"seed_played":"-4060160915487772418","potions_obtained":[{"floor":1,"key":"Energy Potion"},{"floor":5,"key":"PowerPotion"},{"floor":8,"key":"LiquidBronze"},{"floor":19,"key":"LiquidBronze"},{"floor":23,"key":"SpeedPotion"},{"floor":28,"key":"AttackPotion"},{"floor":33,"key":"jedi:StrikingPotion"},{"floor":45,"key":"Elixir"}],"is_trial":false,"path_per_floor":["M","?","?","?","M","R","M","E","T","$","R","M","M","?","R","B",null,"M","M","?","$","M","E","R","?","T","R","M","R","M","$","R","B",null,"M","?","M","M","?","R","$","R","T","M","M","M","$","M","R","B",null],"character_chosen":"BLACKBEARD_CLASS","items_purchased":["blackbeard:Boarding+1","jedi:StrikingPotion","Membership Card","PreservedInsect","Replay:Bottled Snecko","EntropicBrew","Guide Book","BargainBundle","Golden Egg","Replay:Wax Seal","blackbeard:ReapersScythe","blackbeard:Shrapnel+1","TungstenRod","Replay:Accelerometer","Cursed Concoction","Madness","blackbeard:AgileStrike+1","blackbeard:GoldenCannonball+1","DollysMirror","Chameleon Ring","Oddly Smooth Stone","theForsaken:Gavel"],"campfire_rested":4,"item_purchase_floors":[10,10,21,31,31,31,31,41,41,41,41,41,41,41,41,41,41,47,47,47,47,47],"current_hp_per_floor":[71,39,39,45,42,42,42,40,46,46,72,87,81,81,81,93,93,82,56,56,56,17,16,43,49,55,86,96,96,105,105,105,42,111,106,106,106,97,103,103,103,103,109,68,54,54,54,33,69,51],"gold":43,"neow_bonus":"","is_daily":true,"chose_seed":false,"campfire_upgraded":6,"win_rate":0.0,"timestamp":1613679007,"path_taken":["M","?","?","?","M","R","M","E","T","$","R","M","?","?","R","BOSS","M","M","?","$","M","E","R","?","T","R","M","R","?","$","R","BOSS","M","?","M","M","?","R","$","R","T","M","?","M","$","M","R","BOSS"],"items_purchased_type":["Card","Potion","Relic","Relic","Relic","Potion","Relic","Relic","Relic","Relic","Card","Card","Relic","Relic","Potion","Card","Card","Card","Relic","Relic","Relic","Relic"],"build_version":"2020-12-22","purchased_purges":3,"victory":true,"max_hp_per_floor":[75,75,75,81,81,81,81,81,87,87,87,87,87,87,87,93,93,93,93,93,93,93,93,93,99,105,105,105,105,105,105,105,111,111,111,111,111,111,117,117,117,117,123,123,123,123,123,123,123,123],"relic_stats":{"Darkstone Periapt":48,"counters":[153,454],"Shuriken":[7],"aspiration:RunicSpoon":[44],"PreservedInsect":0,"Cursed Key":3,"obtain_stats":[{"Golden Egg":43,"jedi:angrymask":11,"Replay:Accelerometer":41,"Ginger":0,"jedi:bottledfury":37,"blackbeard:CrossedSwords":0,"jedi:shrinkray":14,"Old Coin":9,"Blood Vial":6,"Sundial":26,"HandDrill":38,"Kunai":26,"Replay:Wax Seal":11,"Sneakers":0,"Counterbalance":42,"Blue Candle":26,"Pen Nib":0,"Akabeko":0,"SlaversCollar":34,"Water_Ring":4,"Bird Faced Urn":29,"Tintinnabulum":3,"StrikeDummy":31,"Unceasing Top":0,"Lantern":28,"Regal Pillow":26,"Singing Bowl":0,"Torii":24,"Blue Doll":13,"GremlinMask":13,"Mythril_Glove":39,"jedi:archwizardhat":25,"Power_Wrist":36,"White_Cape":6,"Cursed Key":17,"Pet Ghost":9,"Replay:Rubber Ducky":9,"Silver_Glasses":34,"Matryoshka":26,"Guardian:BottledAnomaly":37,"Replay:Bottled Eggs":37,"aspiration:FutureDiary":17,"InkBottle":39,"Potion Belt":42,"NeowsBlessing":0,"blackbeard:LoadTheCannons":20,"The Courier":26,"Omamori":38,"Ring of Greed":8,"jedi:crownofsimplicity":42,"Frozen Egg 2":13,"energizedSpire:DeadBattery":17,"MawBank":8,"Replay:Arrowhead":28,"Ornamental Fan":15,"Orrery":0,"Turnip":31,"Art of War":7,"Garlic":44,"Durian":11,"hexamod:BolsterEngine":13,"ReplayTheSpireMod:Lightbulb":38,"Calipers":0,"Gremlin Horn":0,"CeramicFish":22,"Vajra":37,"Sozu":17,"Lizard Tail":43,"HornCleat":14,"jedi:paperlyon":34,"DollysMirror":47,"Strawberry":0,"ReplayTheSpireMod:CursedCoin":14,"Dead Branch":40,"Choco_Feather":51,"Oddly Smooth Stone":3,"Ring of Chaos":34,"Letter Opener":9,"War Paint":10,"Question Card":9,"jedi:HeartOfTheCards":0,"blackbeard:HipFlask":37,"Bottled Flame":27,"Replay:Baseball":21,"Shuriken":10,"energizedSpire:NeverEndingSparkler":17,"Molten Egg 2":43,"Onion Ring":3,"Simple Rune":10,"ReplayTheSpireMod:TigerMarble":21,"Nloth\u0027s Gift":19,"Grinning Jar":47,"aspiration:HatOfInfinitePower":0,"Pocketwatch":0,"Snecko Heart":34,"Piano_Music":0,"Mango":43,"jedi:command_boss":20,"Juzu Bracelet":21,"Incense Burner":0,"Replay:Mystery Machine":6,"jedi:Pinwheel":0,"theForsaken:Gavel":47,"Dream Catcher":46,"Replay:Bandana":0,"Chameleon Ring":47,"Mummified Hand":42,"theForsaken:Kindling":0,"Gambling Chip":21,"Genji_Glove":10,"jedi:cryingmask":37,"Red Mask":24,"Replay:Bottled Snecko":0,"BargainBundle":0,"ReplayTheSpireMod:Ninjato":19,"Guide Book":21,"Quantum Egg":43,"Replay:WaspNest":28,"Orichalcum":27,"White Beast Statue":43,"Mercury Hourglass":20,"jedi:fakemustache":29,"Strange Spoon":14,"Anchor":29,"Pondfish Scales":0,"jedi:ominousloannote":0,"blackbeard:Karategi":20,"Membership Card":14,"jedi:arcanewood":29,"TungstenRod":0},{"Golden Egg":39,"jedi:angrymask":86,"Replay:Accelerometer":148,"Ginger":60,"jedi:bottledfury":99,"blackbeard:CrossedSwords":81,"jedi:shrinkray":48,"Old Coin":107,"Blood Vial":4,"Sundial":72,"HandDrill":143,"Kunai":10,"Replay:Wax Seal":47,"Sneakers":0,"Counterbalance":21,"Blue Candle":137,"Pen Nib":43,"Akabeko":43,"SlaversCollar":36,"Water_Ring":44,"Bird Faced Urn":34,"Tintinnabulum":44,"StrikeDummy":15,"Unceasing Top":103,"Lantern":33,"Regal Pillow":114,"Singing Bowl":23,"Torii":32,"Blue Doll":87,"GremlinMask":109,"Mythril_Glove":121,"jedi:archwizardhat":52,"Power_Wrist":57,"White_Cape":85,"Cursed Key":111,"Pet Ghost":65,"Replay:Rubber Ducky":46,"Silver_Glasses":76,"Matryoshka":32,"Guardian:BottledAnomaly":17,"Replay:Bottled Eggs":17,"aspiration:FutureDiary":134,"InkBottle":77,"Potion Belt":78,"NeowsBlessing":0,"blackbeard:LoadTheCannons":70,"The Courier":52,"Omamori":143,"Ring of Greed":46,"jedi:crownofsimplicity":123,"Frozen Egg 2":133,"energizedSpire:DeadBattery":7,"MawBank":46,"Replay:Arrowhead":53,"Ornamental Fan":48,"Orrery":81,"Turnip":15,"Art of War":26,"Garlic":78,"Durian":132,"hexamod:BolsterEngine":6,"ReplayTheSpireMod:Lightbulb":143,"Calipers":23,"Gremlin Horn":60,"CeramicFish":50,"Vajra":17,"Sozu":49,"Lizard Tail":21,"HornCleat":48,"jedi:paperlyon":16,"DollysMirror":151,"Strawberry":23,"ReplayTheSpireMod:CursedCoin":6,"Dead Branch":20,"Choco_Feather":42,"Oddly Smooth Stone":105,"Ring of Chaos":56,"Letter Opener":4,"War Paint":86,"Question Card":26,"jedi:HeartOfTheCards":60,"blackbeard:HipFlask":99,"Bottled Flame":33,"Replay:Baseball":50,"Shuriken":26,"energizedSpire:NeverEndingSparkler":29,"Molten Egg 2":101,"Onion Ring":128,"Simple Rune":132,"ReplayTheSpireMod:TigerMarble":91,"Nloth\u0027s Gift":135,"Grinning Jar":147,"aspiration:HatOfInfinitePower":81,"Pocketwatch":127,"Snecko Heart":98,"Piano_Music":23,"Mango":123,"jedi:command_boss":70,"Juzu Bracelet":70,"Incense Burner":103,"Replay:Mystery Machine":46,"jedi:Pinwheel":103,"theForsaken:Gavel":151,"Dream Catcher":22,"Replay:Bandana":43,"Chameleon Ring":151,"Mummified Hand":39,"theForsaken:Kindling":60,"Gambling Chip":50,"Genji_Glove":26,"jedi:cryingmask":99,"Red Mask":10,"Replay:Bottled Snecko":60,"BargainBundle":60,"ReplayTheSpireMod:Ninjato":8,"Guide Book":50,"Quantum Egg":145,"Replay:WaspNest":138,"Orichalcum":114,"White Beast Statue":39,"Mercury Hourglass":8,"jedi:fakemustache":53,"Strange Spoon":48,"Anchor":53,"Pondfish Scales":81,"jedi:ominousloannote":23,"blackbeard:Karategi":70,"Membership Card":6,"jedi:arcanewood":53,"TungstenRod":43},{"Golden Egg":118,"jedi:angrymask":240,"Replay:Accelerometer":442,"Ginger":178,"jedi:bottledfury":284,"blackbeard:CrossedSwords":226,"jedi:shrinkray":138,"Old Coin":311,"Blood Vial":12,"Sundial":205,"HandDrill":429,"Kunai":39,"Replay:Wax Seal":137,"Sneakers":0,"Counterbalance":67,"Blue Candle":413,"Pen Nib":128,"Akabeko":128,"SlaversCollar":109,"Water_Ring":130,"Bird Faced Urn":102,"Tintinnabulum":130,"StrikeDummy":52,"Unceasing Top":301,"Lantern":100,"Regal Pillow":334,"Singing Bowl":73,"Torii":97,"Blue Doll":245,"GremlinMask":315,"Mythril_Glove":360,"jedi:archwizardhat":149,"Power_Wrist":165,"White_Cape":236,"Cursed Key":322,"Pet Ghost":189,"Replay:Rubber Ducky":135,"Silver_Glasses":218,"Matryoshka":97,"Guardian:BottledAnomaly":58,"Replay:Bottled Eggs":58,"aspiration:FutureDiary":401,"InkBottle":220,"Potion Belt":222,"NeowsBlessing":0,"blackbeard:LoadTheCannons":199,"The Courier":149,"Omamori":429,"Ring of Greed":135,"jedi:crownofsimplicity":368,"Frozen Egg 2":397,"energizedSpire:DeadBattery":31,"MawBank":135,"Replay:Arrowhead":152,"Ornamental Fan":138,"Orrery":226,"Turnip":52,"Art of War":80,"Garlic":222,"Durian":396,"hexamod:BolsterEngine":22,"ReplayTheSpireMod:Lightbulb":429,"Calipers":73,"Gremlin Horn":178,"CeramicFish":143,"Vajra":58,"Sozu":141,"Lizard Tail":67,"HornCleat":138,"jedi:paperlyon":56,"DollysMirror":449,"Strawberry":73,"ReplayTheSpireMod:CursedCoin":22,"Dead Branch":64,"Choco_Feather":124,"Oddly Smooth Stone":306,"Ring of Chaos":163,"Letter Opener":12,"War Paint":240,"Question Card":80,"jedi:HeartOfTheCards":178,"blackbeard:HipFlask":284,"Bottled Flame":100,"Replay:Baseball":143,"Shuriken":80,"energizedSpire:NeverEndingSparkler":89,"Molten Egg 2":293,"Onion Ring":386,"Simple Rune":396,"ReplayTheSpireMod:TigerMarble":259,"Nloth\u0027s Gift":405,"Grinning Jar":438,"aspiration:HatOfInfinitePower":226,"Pocketwatch":383,"Snecko Heart":282,"Piano_Music":73,"Mango":368,"jedi:command_boss":199,"Juzu Bracelet":199,"Incense Burner":301,"Replay:Mystery Machine":135,"jedi:Pinwheel":301,"theForsaken:Gavel":449,"Dream Catcher":70,"Replay:Bandana":128,"Chameleon Ring":449,"Mummified Hand":118,"theForsaken:Kindling":178,"Gambling Chip":143,"Genji_Glove":80,"jedi:cryingmask":284,"Red Mask":39,"Replay:Bottled Snecko":178,"BargainBundle":178,"ReplayTheSpireMod:Ninjato":34,"Guide Book":143,"Quantum Egg":434,"Replay:WaspNest":415,"Orichalcum":334,"White Beast Statue":118,"Mercury Hourglass":34,"jedi:fakemustache":152,"Strange Spoon":138,"Anchor":152,"Pondfish Scales":226,"jedi:ominousloannote":73,"blackbeard:Karategi":199,"Membership Card":22,"jedi:arcanewood":152,"TungstenRod":128}],"Toy Ornithopter":92,"TungstenRod":12},"card_choices":[{"not_picked":["blackbeard:SwordDance","blackbeard:InfiniteBarrage"],"picked":"blackbeard:Provisioning","floor":1},{"not_picked":["blackbeard:FieryDefense","blackbeard:Upgrade"],"picked":"blackbeard:Sword","floor":5},{"not_picked":["blackbeard:Fencing","blackbeard:Sharpening"],"picked":"blackbeard:GoldenDefense","floor":7},{"not_picked":["blackbeard:TerrorOfTheSeas","blackbeard:WiseDefense"],"picked":"blackbeard:Revenge+1","floor":8},{"not_picked":["blackbeard:PiratesWill","blackbeard:GhostInTheRum"],"picked":"blackbeard:GoldenStrike+1","floor":12},{"not_picked":["blackbeard:SmithingHammer","blackbeard:WeaponMastery"],"picked":"blackbeard:TerrorOfTheSeas","floor":13},{"not_picked":["blackbeard:FinalBarrage+1","blackbeard:GoldenRain+1"],"picked":"blackbeard:Halberd","floor":16},{"not_picked":["blackbeard:WeaponProficiency","blackbeard:Upgrade"],"picked":"blackbeard:Bandana","floor":18},{"not_picked":["blackbeard:Provisioning","blackbeard:Sharpening+1","blackbeard:Fencing"],"picked":"SKIP","floor":19},{"not_picked":["blackbeard:Upgrade","blackbeard:RearmingStrike+1"],"picked":"blackbeard:PirateEarring","floor":22},{"not_picked":["blackbeard:DoubleCannonball+1","blackbeard:Sharpening+1"],"picked":"blackbeard:WoodenLeg+1","floor":23},{"not_picked":["blackbeard:AgileStrike+1","blackbeard:Shrapnel+1"],"picked":"blackbeard:RearmingStrike+1","floor":25},{"not_picked":["blackbeard:Sharpening","blackbeard:Shrapnel+1"],"picked":"blackbeard:FieryDefense+1","floor":25},{"not_picked":["blackbeard:GoldenStrike+1","blackbeard:Spear"],"picked":"blackbeard:BeatUp+1","floor":28},{"not_picked":["blackbeard:AgileStrike+1","blackbeard:DeadlyArsenal"],"picked":"blackbeard:GoldenGuillotine+1","floor":30},{"not_picked":["blackbeard:GoldenGuillotine+1","blackbeard:FinalBarrage+1"],"picked":"blackbeard:GoldenRain+1","floor":33},{"not_picked":["blackbeard:WiseDefense","blackbeard:TacticalRetreat+1"],"picked":"blackbeard:RearmingStrike+1","floor":35},{"not_picked":["blackbeard:DeadlyArsenal+1","blackbeard:CannonBarrage"],"picked":"blackbeard:SmithingHammer+1","floor":37},{"not_picked":["blackbeard:Dagger","blackbeard:GhostInTheRum+1"],"picked":"blackbeard:BeatUp+1","floor":38},{"not_picked":["blackbeard:CannonballSupply","blackbeard:Salvager"],"picked":"blackbeard:Anchor+1","floor":44},{"not_picked":["blackbeard:Recklessness+1","blackbeard:Shrapnel+1"],"picked":"blackbeard:CatONineTails+1","floor":45},{"not_picked":["blackbeard:SwordDance","blackbeard:Dagger","blackbeard:AgileStrike+1"],"picked":"SKIP","floor":46},{"not_picked":["blackbeard:TacticalRetreat+1","blackbeard:DelayedPain+1"],"picked":"blackbeard:BeatUp+1","floor":48}],"player_experience":1482532,"relics_obtained":[{"floor":8,"key":"Molten Egg 2"},{"floor":9,"key":"Toy Ornithopter"},{"floor":23,"key":"aspiration:StickyExplosives"},{"floor":25,"key":"blackbeard:WhitePearl"},{"floor":26,"key":"Shuriken"},{"floor":43,"key":"Omamori"}],"event_choices":[{"damage_healed":0,"gold_gain":0,"player_choice":"Take Wound","damage_taken":0,"relics_obtained":["Golden Idol"],"max_hp_gain":0,"max_hp_loss":0,"event_name":"Golden Idol","floor":4,"gold_loss":0,"cards_obtained":["Injury"]},{"damage_healed":0,"gold_gain":333,"player_choice":"Gave Idol","damage_taken":0,"max_hp_gain":0,"max_hp_loss":0,"event_name":"The Moai Head","floor":36,"relics_lost":["Golden Idol"],"gold_loss":0},{"damage_healed":0,"gold_gain":3,"player_choice":"3","damage_taken":0,"max_hp_gain":0,"max_hp_loss":0,"event_name":"betterStone:BetterStone","floor":39,"gold_loss":0,"cards_obtained":["blackbeard:PirateStrength"]}],"is_beta":false,"boss_relics":[{"not_picked":["energizedSpire:SpiderWeb","aspiration:DefectSkillbook"],"picked":"aspiration:RunicSpoon"},{"not_picked":["Sozu","Kintsugi"],"picked":"Runic Pyramid"}],"items_purged_floors":[10,41,47],"is_endless":false,"potions_floor_spawned":[1,5,8,19,22,23,28,33,38,45],"ascension_level":0}}