{"host":"c59zqhrgluvxuu0k","time":1613621739,"event":{"mods":["100% Spire Juice","BaseMod","Better Altar","Better Third Choice","BetterRewards","Colored Map","Colored Powertips","Curses Come First","Downfall","Friendly Minions","Hermit","Minty Spire (QoL Compilation)","Replay The Spire","Shop Mod","Spicy Shops","StSLib","The Blackbeard","The Cursed","The Death Knight","The Druid","The Jungle","The Necromancer","The Runesmith","The Wild Card"],"gold_per_floor":[99,112,126,142,142,142,142,81,81,95,33,333,333,353,368,469,469,469,485,505,605,618,628,652,662,562,762,772,23,40,40,50,145,145,45,58,28,40,50,66,92,122,139,199,213,225,125,139,157,157,157,187,35,35,35,35,35,35],"floor_reached":56,"language":"ENG","playtime":7354,"items_purged":["downfall:Aged","Decay","downfall:Haunted"],"score":706,"play_id":"59308026-504a-44d7-88ac-e22515228a59","local_time":"20210217211539","is_ascension_mode":false,"campfire_choices":[{"data":"bronze:Goto","floor":1,"key":"SMITH"},{"data":"bronze:Mutator","floor":18,"key":"SMITH"},{"floor":26,"key":"RECALL"},{"data":"bronze:MaxOutput","floor":35,"key":"SMITH"},{"data":"theWildCard:Scathach","floor":47,"key":"SMITH"},{"floor":54,"key":"REST"}],"circlet_count":0,"master_deck":["bronze:Strike","bronze:Strike","bronze:Strike","bronze:Strike","bronze:Defend","bronze:Defend","bronze:Defend","bronze:Defend","bronze:Replicate","bronze:Goto+1","bronze:FindAndReplace+1","bronze:WhirlingStrike+1","theWildCard:Scathach+1","bronze:ForceShield+1","bronze:ChosenStrike","bronze:Branch","bronze:ChosenStrike","bronze:Mutator+1","bronze:Repair+1","bronze:MaxOutput+1","bronze:ChosenStrike","bronze:RecursiveStrike+1","bronze:Shield","bronze:Overheat","bronze:InfiniteLoop","bronze:BronzeArmor+1","bronze:Boost+1","bronze:Refactor","bronze:OilSpill+1","bronze:DarkDash+1","bronze:ForceShield","expansioncontent:DashGenerateEvil+1","bronze:Shell","bronze:ThunderWave+1","bronze:Turbo+1","bronze:DarkDash+1","bronze:Branch+1","bronze:Branch+1","bronze:Invalidate+1","ReplayTheSpireMod:Splinters","bronze:ClassDefault+1","bronze:OilSpill+1","bronze:AlphaBuild+1"],"relics":["bronze:BronzeCore","Replay:Mystery Machine","Ornamental Fan","ReplayTheSpireMod:CursedCoin","ChewingGum","downfall:HeartBlessingBlue","BargainBundle","Golden Egg","hexamod:BolsterEngine","ClockworkSouvenir","expansioncontent:StudyCardRelic","downfall:HeartBlessingRed","Whetstone","Guide Book","Anchor","Replay:Wax Seal","Frozen Egg 2","downfall:HeartBlessingGreen","Boot"],"acts_visited":["Exordium","TheCity","TheBeyond","TheEnding"],"potions_floor_usage":[11,16,29,50,50,55,55],"damage_taken":[{"damage":0,"enemies":"Small Slimes","floor":2,"turns":3},{"damage":1,"enemies":"Jaw Worm","floor":3,"turns":4},{"damage":0,"enemies":"Cultist","floor":4,"turns":4},{"damage":1,"enemies":"downfall:FleeingMerchant","floor":8,"turns":4},{"damage":0,"enemies":"Exordium Thugs","floor":10,"turns":3},{"damage":0,"enemies":"downfall:FleeingMerchant","floor":11,"turns":4},{"damage":0,"enemies":"Blue Slaver","floor":14,"turns":1},{"damage":0,"enemies":"2 Fungi Beasts","floor":15,"turns":2},{"damage":4,"enemies":"SI_SHIV_ARCHETYPE","floor":16,"turns":7},{"damage":0,"enemies":"Spheric Guardian","floor":19,"turns":2},{"damage":4,"enemies":"Shell Parasite","floor":20,"turns":5},{"damage":0,"enemies":"Centurion and Healer","floor":22,"turns":4},{"damage":0,"enemies":"Snecko","floor":23,"turns":4},{"damage":0,"enemies":"3 Cultists","floor":25,"turns":5},{"damage":0,"enemies":"Sentry and Sphere","floor":28,"turns":3},{"damage":6,"enemies":"downfall:FleeingMerchant","floor":29,"turns":4},{"damage":4,"enemies":"Snake Plant","floor":30,"turns":3},{"damage":0,"enemies":"Cultist and Chosen","floor":32,"turns":3},{"damage":11,"enemies":"WA_ARCHETYPE_CALM","floor":33,"turns":7},{"damage":0,"enemies":"3 Shapes","floor":36,"turns":2},{"damage":0,"enemies":"downfall:FleeingMerchant","floor":37,"turns":2},{"damage":0,"enemies":"3 Darklings","floor":38,"turns":3},{"damage":0,"enemies":"Sphere and 2 Shapes","floor":39,"turns":4},{"damage":0,"enemies":"Maw","floor":40,"turns":6},{"damage":16,"enemies":"Nemesis","floor":42,"turns":5},{"damage":0,"enemies":"4 Shapes","floor":43,"turns":4},{"damage":0,"enemies":"3 Darklings","floor":45,"turns":3},{"damage":0,"enemies":"Spire Growth","floor":46,"turns":4},{"damage":0,"enemies":"Transient","floor":48,"turns":5},{"damage":0,"enemies":"3 Darklings","floor":49,"turns":3},{"damage":36,"enemies":"IC_BLOCK_ARCHETYPE","floor":50,"turns":11},{"damage":49,"enemies":"downfall:CharBossMerchant","floor":52,"turns":8},{"damage":0,"enemies":"downfall:NeowBoss","floor":55,"turns":16},{"damage":85,"enemies":"downfall:NeowBossFinal","floor":56,"turns":6}],"seed_played":"498083021409272956","potions_obtained":[{"floor":3,"key":"bronze:BuildAFunctionPotion"},{"floor":4,"key":"SkillPotion"},{"floor":20,"key":"Fire Potion"},{"floor":23,"key":"Ancient Potion"},{"floor":30,"key":"bronze:FreeFunctionsPotion"},{"floor":32,"key":"LiquidBronze"},{"floor":38,"key":"Ancient Potion"},{"floor":42,"key":"SkillPotion"},{"floor":46,"key":"BlessingOfTheForge"}],"is_trial":false,"path_per_floor":["R","M","M","M","?","?","T","$","?","M","$","?","?","M","M","B",null,"R","M","M","?","M","M","T","M","R","?","M","$","M","?","M","B",null,"R","M","$","M","M","M","T","E","M","?","M","M","R","M","M","B",null,"E","$","R","B","B"],"character_chosen":"THE_AUTOMATON","items_purchased":["bronze:Branch","ReplayTheSpireMod:CursedCoin","bronze:MaxOutput","bronze:ChosenStrike","BargainBundle","Golden Egg","hexamod:BolsterEngine","expansioncontent:DashGenerateEvil","ClockworkSouvenir","Whetstone","Guide Book","bronze:DarkDash","Dexterity Potion","Swift Potion"],"campfire_rested":1,"item_purchase_floors":[8,11,11,11,29,29,29,29,29,37,37,37,53,53],"current_hp_per_floor":[70,70,69,69,69,69,69,68,68,68,68,68,68,68,68,64,70,70,70,70,70,70,70,70,70,80,80,80,74,76,68,68,57,80,80,80,80,80,80,80,80,64,64,64,74,74,74,74,74,38,80,41,41,65,75,0,0,0],"gold":35,"neow_bonus":"RANDOM_COMMON_RELIC","is_daily":false,"chose_seed":false,"campfire_upgraded":4,"win_rate":0.0,"timestamp":1613621739,"path_taken":["R","M","M","M","?","?","T","$","?","?","$","?","?","M","M","BOSS","R","M","M","?","?","M","T","?","R","?","M","$","M","?","M","BOSS","R","M","?","M","M","M","T","E","?","?","M","M","R","M","M","BOSS","E","$","R","BOSS","BOSS"],"items_purchased_type":["Card","Relic","Card","Card","Relic","Relic","Relic","Card","Relic","Relic","Relic","Card","Potion","Potion"],"build_version":"2020-12-22","purchased_purges":3,"victory":false,"max_hp_per_floor":[70,70,70,70,70,70,70,70,70,70,70,70,70,70,70,70,70,70,70,70,70,70,70,70,70,80,80,80,80,80,80,80,80,80,80,80,80,80,80,80,80,80,80,80,80,80,80,80,80,80,80,80,80,80,80,80,80,80],"card_choices":[{"not_picked":["bronze:Separator","bronze:Frontload"],"picked":"bronze:Constructor","floor":2},{"not_picked":["bronze:FollowUp","bronze:BugBarrage"],"picked":"bronze:FindAndReplace","floor":3},{"not_picked":["bronze:Frontload","bronze:DelayedGuard"],"picked":"bronze:WhirlingStrike","floor":4},{"not_picked":["bronze:Optimize","bronze:Shield"],"picked":"bronze:ChosenStrike","floor":8},{"not_picked":["bronze:DelayedGuard","bronze:Separator"],"picked":"bronze:Mutator","floor":10},{"not_picked":["bronze:BitShift","bronze:NullPointer"],"picked":"bronze:Repair","floor":11},{"not_picked":["bronze:BitShift","bronze:Frontload"],"picked":"bronze:Shield","floor":14},{"not_picked":["bronze:DelayedSlice","bronze:DelayedGuard"],"picked":"bronze:Overheat","floor":15},{"not_picked":["bronze:ShipIt","bronze:ThunderWave"],"picked":"bronze:InfiniteLoop","floor":16},{"not_picked":["bronze:Constructor","bronze:FollowUp"],"picked":"bronze:BronzeArmor+1","floor":19},{"not_picked":["bronze:OilSpill","bronze:Invalidate"],"picked":"bronze:Boost+1","floor":20},{"not_picked":["bronze:BugBarrage","bronze:WhirlingStrike"],"picked":"bronze:Refactor","floor":22},{"not_picked":["bronze:Terminator","bronze:Frontload"],"picked":"bronze:OilSpill","floor":23},{"not_picked":["bronze:OilSpill","bronze:DelayedGuard","bronze:Turbo"],"picked":"SKIP","floor":25},{"not_picked":["bronze:Branch","bronze:OilSpill"],"picked":"bronze:DarkDash+1","floor":28},{"not_picked":["bronze:Terminator","bronze:Virus"],"picked":"bronze:ForceShield","floor":29},{"not_picked":["bronze:Constructor","bronze:Overheat","bronze:BugBarrage+1"],"picked":"SKIP","floor":30},{"not_picked":["bronze:Allocate+1","bronze:DelayedGuard"],"picked":"bronze:Shell","floor":32},{"not_picked":["bronze:HyperBeam","bronze:Virus"],"picked":"bronze:ThunderWave","floor":33},{"not_picked":["bronze:DigitalCarnage","bronze:Separator+1"],"picked":"bronze:Turbo+1","floor":36},{"not_picked":["bronze:ForLoop","bronze:BugBarrage+1","bronze:InfiniteBeams"],"picked":"SKIP","floor":37},{"not_picked":["bronze:Philosophize","bronze:Backtrace+1","bronze:Allocate+1"],"picked":"SKIP","floor":38},{"not_picked":["bronze:BugBarrage+1","bronze:Iterate+1"],"picked":"bronze:Branch+1","floor":39},{"not_picked":["bronze:MaxOutput","bronze:WhirlingStrike"],"picked":"bronze:Branch+1","floor":40},{"not_picked":["bronze:Virus","bronze:Shield+1","bronze:WhirlingStrike"],"picked":"SKIP","floor":42},{"not_picked":["bronze:BronzeOrb+1","bronze:Separator+1"],"picked":"bronze:Invalidate+1","floor":43},{"not_picked":["bronze:Terminator","bronze:DelayedSlice+1"],"picked":"bronze:ClassDefault+1","floor":45},{"not_picked":["bronze:Branch","bronze:CutThrough+1"],"picked":"bronze:OilSpill+1","floor":46},{"not_picked":["bronze:Overheat+1","bronze:Refactor+1","bronze:Mutator+1"],"picked":"SKIP","floor":48},{"not_picked":["bronze:Flail+1","bronze:CutThrough","bronze:BitShift"],"picked":"SKIP","floor":49},{"not_picked":["bronze:CleanCode+1","bronze:ItsAFeature+1"],"picked":"bronze:AlphaBuild","floor":52}],"player_experience":2253137,"relics_obtained":[{"floor":7,"key":"Ornamental Fan"},{"floor":41,"key":"Anchor"},{"floor":42,"key":"Replay:Wax Seal"},{"floor":44,"key":"Frozen Egg 2"},{"floor":52,"key":"Boot"}],"event_choices":[],"is_beta":false,"boss_relics":[{"not_picked":["Abe\u0027s Treasure","ReplayTheSpireMod:DimensionalGlitch"],"picked":"ChewingGum"},{"not_picked":["Replay:Wanted Poster","Honey Jar"],"picked":"expansioncontent:StudyCardRelic"}],"items_purged_floors":[11,29,29],"is_endless":false,"potions_floor_spawned":[3,4,20,23,30,32,38,42,46,48],"killed_by":"downfall:NeowBossFinal","ascension_level":0}}