{"host":"cbu6enf2xtq4r7r3","time":1613611778,"event":{"mods":["2.2 Compatiblity","AlwaysNeverKeys","BaseMod","Better Match","Better Note","Better Sensory Stone","Better Skull","Better Third Choice","Colored Map","Colored Powertips","Defuse TimeMaze Blight","Emptier Cage","Minty Spire (QoL Compilation)","Permanent Neow","Quick Restart","Random Character Button","Relic Sorter","Reorder Act Four","Shop Mod","StSLib"],"gold_per_floor":[111,111,186,203,203,203,218,218,244,277,290,303,330,348,348,452,452],"floor_reached":16,"language":"ENG","playtime":522,"items_purged":[],"score":196,"play_id":"bac2bbec-ecba-402a-abd7-ab11c8ba586a","local_time":"20210218022938","is_ascension_mode":true,"campfire_choices":[{"data":"TalkToTheHand","floor":6,"key":"SMITH"},{"data":"Eruption","floor":8,"key":"SMITH"},{"data":"SandsOfTime","floor":15,"key":"SMITH"}],"circlet_count":0,"master_deck":["Strike_P","Strike_P","Strike_P","Strike_P","Defend_P","Defend_P","Defend_P","Defend_P","Eruption+1","Vigilance","TalkToTheHand+1","FlurryOfBlows","WheelKick","SandsOfTime+1","EmptyFist","CutThroughFate+1","Halt"],"relics":["Velvet Choker","Lantern","Bag of Preparation","Tiny Chest","Molten Egg 2"],"acts_visited":["Exordium"],"potions_floor_usage":[11,13,14],"damage_taken":[{"damage":0,"enemies":"2 Louse","floor":1,"turns":4},{"damage":0,"enemies":"Jaw Worm","floor":4,"turns":4},{"damage":0,"enemies":"Cultist","floor":7,"turns":3},{"damage":7,"enemies":"Gremlin Nob","floor":10,"turns":5},{"damage":0,"enemies":"Gremlin Gang","floor":11,"turns":4},{"damage":0,"enemies":"3 Louse","floor":12,"turns":2},{"damage":0,"enemies":"Lagavulin","floor":13,"turns":7},{"damage":0,"enemies":"2 Fungi Beasts","floor":14,"turns":1},{"damage":16,"enemies":"Hexaghost","floor":16,"turns":5}],"seed_played":"-5333416553270932367","potions_obtained":[{"floor":4,"key":"AttackPotion"},{"floor":7,"key":"BlessingOfTheForge"},{"floor":11,"key":"AttackPotion"},{"floor":12,"key":"SteroidPotion"}],"is_trial":false,"path_per_floor":["M","?","?","M","?","R","M","R","T","E","M","M","E","M","R","B"],"character_chosen":"WATCHER","items_purchased":[],"campfire_rested":0,"item_purchase_floors":[],"current_hp_per_floor":[72,72,61,61,61,61,61,61,61,54,54,54,54,54,54,38,38],"gold":452,"neow_bonus":"BOSS_RELIC","is_daily":false,"chose_seed":false,"campfire_upgraded":3,"win_rate":0.0,"timestamp":1613611778,"path_taken":["M","?","?","M","?","R","?","R","T","E","M","M","E","M","R","BOSS"],"items_purchased_type":[],"build_version":"2020-12-22","purchased_purges":0,"victory":false,"max_hp_per_floor":[72,72,72,72,72,72,72,72,72,72,72,72,72,72,72,72,72],"card_choices":[{"not_picked":["FlurryOfBlows","Conclude"],"picked":"TalkToTheHand","floor":1},{"not_picked":["Wireheading","Evaluate"],"picked":"FlurryOfBlows","floor":4},{"not_picked":["Worship","EmptyBody"],"picked":"WheelKick","floor":7},{"not_picked":["Crescendo","Protect"],"picked":"SandsOfTime","floor":10},{"not_picked":["ThirdEye","Pray"],"picked":"EmptyFist","floor":11},{"not_picked":["FollowUp","Sanctity","Collect"],"picked":"SKIP","floor":12},{"not_picked":["SignatureMove+1","Evaluate"],"picked":"CutThroughFate+1","floor":13},{"not_picked":["WaveOfTheHand","CrushJoints+1"],"picked":"Halt","floor":14}],"player_experience":156123,"relics_obtained":[{"floor":9,"key":"Bag of Preparation"},{"floor":10,"key":"Tiny Chest"},{"floor":13,"key":"Molten Egg 2"}],"event_choices":[{"damage_healed":0,"gold_gain":0,"player_choice":"Ignored","damage_taken":111,"max_hp_gain":0,"max_hp_loss":0,"event_name":"betterThird:BetterSerpent","floor":2,"gold_loss":0},{"damage_healed":0,"gold_gain":75,"player_choice":"Gold","damage_taken":11,"max_hp_gain":0,"max_hp_loss":0,"event_name":"betterThird:BetterGoop","floor":3,"gold_loss":0},{"damage_healed":0,"gold_gain":0,"player_choice":"Gave Potion","damage_taken":0,"relics_obtained":["Lantern"],"max_hp_gain":0,"max_hp_loss":0,"event_name":"WeMeetAgain","floor":5,"gold_loss":0}],"is_beta":false,"boss_relics":[],"items_purged_floors":[],"is_endless":false,"potions_floor_spawned":[4,7,11,12],"killed_by":"Hexaghost","ascension_level":1}}