{"host":"8d3fefv2347kqkpz","time":1613688910,"event":{"mods":["AchievementEnabler","BaseMod","Better Vampires","BetterRewards","Colored Map","Colored Powertips","Downfall","Emptier Cage","Highlight Path","Marked Mod","Minty Spire (QoL Compilation)","Permanent Neow","Quick Restart","Rare Cards Sparkle","Relic Stats","Say the Spire","Spicy Shops","StSLib","Waifu the Spire"],"gold_per_floor":[114,129,146,163,183,216,233,58,58,71,97,114,129,143,143,243,243,260,273,273,273],"floor_reached":20,"language":"ZHS","playtime":928,"items_purged":["Strike_R","Defend_R"],"score":194,"play_id":"d858744e-09da-4594-b75c-bda9311be843","local_time":"20210219065510","is_ascension_mode":false,"campfire_choices":[{"floor":15.0,"key":"RECALL"}],"circlet_count":0,"master_deck":["Strike_R","Strike_R","Strike_R","Defend_R","Defend_R","Defend_R","Bash+1","Flame Barrier","Pommel Strike","Feel No Pain","Carnage+1","Ghostly Armor","Shrug It Off","Feed","Offering","Fire Breathing+1"],"relics":["Burning Blood","Centennial Puzzle","Bag of Preparation","Whetstone","Black Star"],"acts_visited":["Exordium","TheCity"],"potions_floor_usage":[],"damage_taken":[{"damage":1.0,"enemies":"Cultist","floor":1.0,"turns":3.0},{"damage":5.0,"enemies":"Small Slimes","floor":2.0,"turns":5.0},{"damage":1.0,"enemies":"Jaw Worm","floor":3.0,"turns":6.0},{"damage":2.0,"enemies":"3 Louse","floor":4.0,"turns":4.0},{"damage":7.0,"enemies":"Large Slime","floor":5.0,"turns":9.0},{"damage":19.0,"enemies":"3 Sentries","floor":6.0,"turns":14.0},{"damage":5.0,"enemies":"Looter","floor":7.0,"turns":3.0},{"damage":13.0,"enemies":"Gremlin Gang","floor":10.0,"turns":7.0},{"damage":34.0,"enemies":"Lagavulin","floor":11.0,"turns":8.0},{"damage":3.0,"enemies":"Red Slaver","floor":12.0,"turns":3.0},{"damage":0.0,"enemies":"Looter","floor":13.0,"turns":2.0},{"damage":0.0,"enemies":"3 Louse","floor":14.0,"turns":4.0},{"damage":36.0,"enemies":"The Guardian","floor":16.0,"turns":12.0},{"damage":6.0,"enemies":"Chosen","floor":18.0,"turns":3.0},{"damage":38,"enemies":"Spheric Guardian","floor":19,"turns":6},{"damage":57,"enemies":"3 Cultists","floor":20,"turns":7}],"seed_played":"5874326564636451894","potions_obtained":[{"floor":2.0,"key":"Fire Potion"},{"floor":3.0,"key":"LiquidMemories"},{"floor":4.0,"key":"LiquidBronze"},{"floor":7.0,"key":"DistilledChaos"}],"is_trial":false,"path_per_floor":["M","M","M","M","M","E","M","$","T","M","E","M","M","M","R","B",null,"M","M","M"],"character_chosen":"IRONCLAD","items_purchased":[],"campfire_rested":0,"item_purchase_floors":[],"current_hp_per_floor":[80,80,80,80,79,66,67,67,67,60,32,35,41,50,50,20,83,83,54,0,0],"gold":273,"neow_bonus":"REMOVE_CARD","is_daily":false,"chose_seed":false,"campfire_upgraded":0,"win_rate":0.0,"timestamp":1613688910,"path_taken":["M","M","M","M","M","E","M","$","T","M","E","M","M","M","R","BOSS","M","?","M"],"items_purchased_type":[],"build_version":"2020-12-22","purchased_purges":2,"victory":false,"max_hp_per_floor":[80,80,80,80,80,80,80,80,80,80,80,80,80,83,83,83,83,83,86,89,89],"relic_stats":{"Centennial Puzzle":[24],"counters":[16,96],"Bag of Preparation":[18],"Black Star":0,"Whetstone":["Bash","Carnage"],"obtain_stats":[{"Centennial Puzzle":6,"Bag of Preparation":9,"Black Star":17,"Whetstone":11,"Burning Blood":0},{"Centennial Puzzle":6,"Bag of Preparation":7,"Black Star":13,"Whetstone":9,"Burning Blood":0},{"Centennial Puzzle":41,"Bag of Preparation":44,"Black Star":80,"Whetstone":59,"Burning Blood":0}],"Burning Blood":75},"card_choices":[{"not_picked":["Warcry","Metallicize"],"picked":"Flame Barrier","floor":1.0},{"not_picked":["Pummel","Perfected Strike"],"picked":"Pommel Strike","floor":2.0},{"not_picked":["Pommel Strike","Heavy Blade"],"picked":"Feel No Pain","floor":3.0},{"not_picked":["Havoc","Power Through","Clash"],"picked":"SKIP","floor":4.0},{"not_picked":["Heavy Blade","Wild Strike","Spot Weakness"],"picked":"SKIP","floor":5.0},{"not_picked":["Anger","Sentinel"],"picked":"Carnage","floor":6.0},{"not_picked":["Iron Wave","Immolate","Thunderclap"],"picked":"SKIP","floor":7.0},{"not_picked":["Heavy Blade","Armaments"],"picked":"Ghostly Armor","floor":10.0},{"not_picked":["Iron Wave","Power Through"],"picked":"Shrug It Off","floor":11.0},{"not_picked":["Dual Wield","True Grit","Headbutt"],"picked":"SKIP","floor":12.0},{"not_picked":["Twin Strike","Carnage"],"picked":"Feed","floor":13.0},{"not_picked":["Clash","Thunderclap","Perfected Strike"],"picked":"SKIP","floor":14.0},{"not_picked":["Bludgeon","Juggernaut"],"picked":"Offering","floor":16.0},{"not_picked":["Burning Pact","Twin Strike","Clothesline"],"picked":"SKIP","floor":18.0},{"not_picked":["Power Through","Clothesline+1"],"picked":"Fire Breathing+1","floor":19}],"player_experience":473527,"relics_obtained":[{"floor":6.0,"key":"Centennial Puzzle"},{"floor":9.0,"key":"Bag of Preparation"},{"floor":11.0,"key":"Whetstone"}],"event_choices":[],"is_beta":false,"boss_relics":[{"not_picked":["Calling Bell","Mark of Pain"],"picked":"Black Star"}],"items_purged_floors":[8,8],"is_endless":false,"potions_floor_spawned":[2,3,4,7,14,16,19],"killed_by":"3 Cultists","ascension_level":0}}