{"host":"i9o3eksapkmftcbs","time":1613610329,"event":{"mods":["2.2 Compatiblity","AchievementEnabler","Act Like it!","Arknights","Bard","BaseMod","BetterRewards","Colored Map","Colored Powertips","Conspire","Duelist Mod","Halation","Hubris","Infinite Spire","Lobotomy","Minty Spire (QoL Compilation)","Rare Cards Sparkle","Reliquary","Robot Space Explorer","StSLib","The Blackbeard","The Clintock","The Disciple","The Dragon Tamer","The Mystic","Transform Curses"],"gold_per_floor":[109,109,11,11,11,11,41,41,66,98,98,118,146,166,166,261,261,280,280,290,290,290,324,334,366,393,393,409,439,439,93,93,192,192,204,204,204,216,227,255,255,266,266,0,19,19,19,36,36,135,135,169,169,169,177,0,30,30,42,42,54,54,69,79,99,99,191,191,207,207,207,198,198,217,226,3,48,62,62,64,67,73,73,163,163,172,172,19,19,19,36,36,63,63,77,82,84,84,98,98,168,168,177,179,189,205,220,220,239,239,239,260,262,260,267,269,269,355,355,365,15,19,119,131,131,155,155,182,97,103,99,99,99,99,177,177,177,5,28,31,31],"floor_reached":140,"language":"ENG","playtime":10434,"items_purged":["Pain","theDuelist:PsiCurse","theDuelist:VampireCurse","hubris:Lust"],"score":4112,"play_id":"e6bd708e-1f5a-4992-9976-17c54f3cd6a5","local_time":"20210217190529","is_ascension_mode":true,"campfire_choices":[{"floor":6.0,"key":"RECALL"},{"data":"Spot Weakness","floor":8.0,"key":"SMITH"},{"data":"Armaments","floor":11.0,"key":"SMITH"},{"floor":15.0,"key":"REST"},{"floor":27.0,"key":"REST"},{"data":"infinitespire:SevenWalls","floor":30.0,"key":"SMITH"},{"data":"infinitespire:FinalStrike","floor":32.0,"key":"SMITH"},{"data":"hubris:InfiniteBlow+22","floor":46.0,"key":"SMITH"},{"data":"infinitespire:Starlight","floor":49.0,"key":"SMITH"},{"data":"hubris:InfiniteBlow+23","floor":66.0,"key":"SMITH"},{"data":"hubris:InfiniteBlow+22","floor":79.0,"key":"SMITH"},{"floor":83.0,"key":"REST"},{"data":"hubris:InfiniteBlow+137","floor":100.0,"key":"SMITH"},{"data":"Limit Break","floor":108.0,"key":"SMITH"},{"data":"Barricade","floor":110.0,"key":"SMITH"},{"data":"hubris:Rewind","floor":117.0,"key":"SMITH"},{"data":"infinitespire:NeuralNetwork","floor":125.0,"key":"SMITH"},{"data":"Infernal Blade","floor":127.0,"key":"SMITH"},{"data":"Berserk","floor":134.0,"key":"SMITH"},{"data":"Exhume","floor":137.0,"key":"SMITH"}],"circlet_count":0,"master_deck":["Strike_R","Strike_R","Defend_R","Defend_R","Defend_R","Defend_R","Bash","infinitespire:OneForAll+1","Disarm","Shrug It Off","Spot Weakness+1","Armaments+1","Clash","infinitespire:Starlight+1","infinitespire:FinalStrike+1","infinitespire:UltimateForm","infinitespire:SevenWalls+1","Perfected Strike","Reaper","Dramatic Entrance","hubris:InfiniteBlow+276","CurseOfTheBell","hubris:InfiniteBlow+276","Fire Breathing","Iron Wave","hubris:Lust","infinitespire:Gouge","Feed","Limit Break","Barricade","Anger","Rage","conspire:Charge","Seeing Red+1","Heavy Blade+1","Blood for Blood","Heavy Blade+1","Iron Wave+1","infinitespire:OneForAll","Berserk+1","Headbutt","Fire Breathing","Carnage","hubris:CleavingFinish","Immolate","Thunderclap","Juggernaut","Combust","Dual Wield","Heavy Blade","Clash","Flex","Battle Trance+1","Blood for Blood","conspire:HitWhereItHurts","Bloodletting","Strike_R+1","Strike_R","Strike_R","Strike_R","Strike_R","Defend_R","Defend_R","Defend_R","Defend_R","Bash","infinitespire:OneForAll+1","Disarm","Shrug It Off","Spot Weakness+1","Armaments+1","Clash","infinitespire:Starlight+1","infinitespire:FinalStrike+1","infinitespire:UltimateForm","infinitespire:SevenWalls+1","Perfected Strike","Reaper","Dramatic Entrance","hubris:InfiniteBlow+276","CurseOfTheBell","hubris:InfiniteBlow+274","Fire Breathing","Iron Wave","infinitespire:Gouge","Feed","Limit Break+1","Barricade+1","Anger","Rage","conspire:Charge","Seeing Red","Heavy Blade+1","Blood for Blood","Heavy Blade+1","Iron Wave+1","infinitespire:OneForAll","Berserk","Headbutt","Fire Breathing","Carnage","hubris:CleavingFinish","Immolate","Thunderclap","Juggernaut","Combust","Dual Wield","Heavy Blade","Clash","Flex","Battle Trance+1","Blood for Blood+1","conspire:HitWhereItHurts","Bloodletting","hubris:StunningStrike","hubris:Envy","Anger+1","Rage+1","Feel No Pain","infinitespire:OneForAll","Perfected Strike","Body Slam","Barricade","Inflame","Evolve+1","Twin Strike+1","Reaper+1","infinitespire:NeuralNetwork+1","Sever Soul","Exhume+1","hubris:Sloth","Madness+1","Madness","conspire:NecroticWound","hubris:Rewind+1","Perfected Strike+1","Perfected Strike","Infernal Blade+1","Power Through","Thunderclap","Brutality","Berserk","Seeing Red","hubris:SharpeningStone","Clash","Battle Trance","Hemokinesis","Reckless Charge","Whirlwind","Perfected Strike","Perfected Strike","Shrug It Off+1","Corruption","Rupture","Anger","Flex","hubris:Envy","Dropkick","Corruption","Wild Strike","Disarm","Iron Wave","Transmutation"],"relics":["Burning Blood","Toolbox","WarpedTongs","Vajra","Nunchaku","Gambling Chip","reliquary:Sideboard","Cursed Key","halation:PeacePiece","conspire:Boomerang","WingedGreaves","Pen Nib","reliquary:JackalopeAntler","halation:LostSnail","Black Star","reliquary:Tamtam","Vajra","halation:PinkSoulGem","conspire:GiftBox","Red Mask","Calling Bell","reliquary:SilkGlove","hubris:Potato","halation:Jellyphish","Strange Spoon","infinitespire:Satchel","infinitespire:Lucky Rock","reliquary:Tamtam","infinitespire:Bottled Soul","TungstenRod","hubris:ChampionShield","infinitespire:Midas Blood","conspire:SlowCooker","Pantograph","Orichalcum","Happy Flower","halation:Komachan","conspire:TopHat","Astrolabe","halation:EternalFortune","reliquary:Stiletto","hubris:TenFootPole","Bag of Preparation","halation:PapillonHeart","PreservedInsect","infinitespire:Lychee Nut","infinitespire:Eraser","Medical Kit","conspire:SpecialSausage","reliquary:RoseTintedGlasses","Akabeko","hubris:AstralHammer","Mummified Hand","War Paint","InkBottle","reliquary:KinkedSpring","reliquary:Spinner","halation:IllGainedPizza","Gremlin Horn","Centennial Puzzle","halation:PromiseList","hubris:Towel","Mark of Pain","halation:WeightlessCrab","reliquary:Boomerang","Bird Faced Urn"],"acts_visited":["Exordium","TheCity","TheBeyond","Exordium","TheCity","TheBeyond","Exordium","TheCity","TheBeyond","TheEnding"],"potions_floor_usage":[],"damage_taken":[{"damage":12.0,"enemies":"Jaw Worm","floor":1.0,"turns":3.0},{"damage":7.0,"enemies":"Lagavulin","floor":7.0,"turns":7.0},{"damage":18.0,"enemies":"Gremlin Nob","floor":10.0,"turns":4.0},{"damage":0.0,"enemies":"2 Louse","floor":12.0,"turns":3.0},{"damage":19.0,"enemies":"Lagavulin","floor":13.0,"turns":5.0},{"damage":11.0,"enemies":"Small Slimes","floor":14.0,"turns":2.0},{"damage":0.0,"enemies":"Slime Boss","floor":16.0,"turns":6.0},{"damage":5.0,"enemies":"2 Thieves","floor":18.0,"turns":4.0},{"damage":14.0,"enemies":"3 Byrds","floor":20.0,"turns":5.0},{"damage":40.0,"enemies":"theDuelist:KaibaA2","floor":23.0,"turns":7.0},{"damage":0.0,"enemies":"3 Cultists","floor":24.0,"turns":4.0},{"damage":0.0,"enemies":"conspire:SneckoGhost","floor":25.0,"turns":4.0},{"damage":15.0,"enemies":"Snecko","floor":28.0,"turns":4.0},{"damage":0.0,"enemies":"theDuelist:KaibaA2","floor":29.0,"turns":2.0},{"damage":43.0,"enemies":"Automaton","floor":33.0,"turns":10.0},{"damage":27.0,"enemies":"3 Shapes","floor":35.0,"turns":4.0},{"damage":10.0,"enemies":"Orb Walker","floor":38.0,"turns":4.0},{"damage":0.0,"enemies":"3 Darklings","floor":39.0,"turns":4.0},{"damage":0.0,"enemies":"Nightmare","floor":40.0,"turns":4.0},{"damage":0.0,"enemies":"Spire Growth","floor":42.0,"turns":1.0},{"damage":0.0,"enemies":"Maw","floor":45.0,"turns":2.0},{"damage":0.0,"enemies":"Sphere and 2 Shapes","floor":48.0,"turns":4.0},{"damage":0.0,"enemies":"conspire:OrnateMirror","floor":50.0,"turns":4.0},{"damage":0.0,"enemies":"Cultist","floor":52.0,"turns":1.0},{"damage":0.0,"enemies":"Jaw Worm","floor":55.0,"turns":1.0},{"damage":0.0,"enemies":"3 Sentries","floor":57.0,"turns":2.0},{"damage":0.0,"enemies":"2 Louse","floor":59.0,"turns":1.0},{"damage":17.0,"enemies":"Gremlin Nob","floor":61.0,"turns":4.0},{"damage":0.0,"enemies":"2 Fungi Beasts","floor":63.0,"turns":1.0},{"damage":0.0,"enemies":"Large Slime","floor":64.0,"turns":1.0},{"damage":0.0,"enemies":"3 Sentries","floor":65.0,"turns":2.0},{"damage":0.0,"enemies":"Hexaghost","floor":67.0,"turns":2.0},{"damage":28.0,"enemies":"Shell Parasite","floor":69.0,"turns":2.0},{"damage":0.0,"enemies":"3 Byrds","floor":72.0,"turns":4.0},{"damage":22.0,"enemies":"Snecko","floor":73.0,"turns":5.0},{"damage":38.0,"enemies":"Slavers","floor":74.0,"turns":4.0},{"damage":0.0,"enemies":"3 Cultists","floor":75.0,"turns":2.0},{"damage":27.0,"enemies":"Snake Plant","floor":78.0,"turns":2.0},{"damage":0.0,"enemies":"Centurion and Healer","floor":81.0,"turns":2.0},{"damage":0.0,"enemies":"3 Cultists","floor":82.0,"turns":2.0},{"damage":17.0,"enemies":"Champ","floor":84.0,"turns":4.0},{"damage":0.0,"enemies":"Orb Walker","floor":86.0,"turns":1.0},{"damage":0.0,"enemies":"3 Darklings","floor":89.0,"turns":2.0},{"damage":0.0,"enemies":"Giant Head","floor":91.0,"turns":4.0},{"damage":0.0,"enemies":"Nightmare","floor":93.0,"turns":1.0},{"damage":0.0,"enemies":"Transient","floor":95.0,"turns":2.0},{"damage":0.0,"enemies":"Sphere and 2 Shapes","floor":96.0,"turns":2.0},{"damage":17.0,"enemies":"3 Darklings","floor":99.0,"turns":2.0},{"damage":54.0,"enemies":"Time Eater","floor":101.0,"turns":8.0},{"damage":1.0,"enemies":"ats:Genji","floor":103.0,"turns":2.0},{"damage":0.0,"enemies":"Small Slimes","floor":105.0,"turns":2.0},{"damage":3.0,"enemies":"conspire:MimicChest","floor":106.0,"turns":4.0},{"damage":0.0,"enemies":"Jaw Worm","floor":107.0,"turns":1.0},{"damage":0.0,"enemies":"3 Sentries","floor":109.0,"turns":2.0},{"damage":0.0,"enemies":"Gremlin Nob","floor":112.0,"turns":2.0},{"damage":3.0,"enemies":"conspire:2 RoseBushes","floor":113.0,"turns":2.0},{"damage":0.0,"enemies":"Lots of Slimes","floor":114.0,"turns":2.0},{"damage":0.0,"enemies":"Exordium Thugs","floor":115.0,"turns":1.0},{"damage":0.0,"enemies":"Large Slime","floor":116.0,"turns":2.0},{"damage":0.0,"enemies":"The Guardian","floor":118.0,"turns":1.0},{"damage":0.0,"enemies":"2 Thieves","floor":120.0,"turns":1.0},{"damage":0.0,"enemies":"Chosen","floor":122.0,"turns":2.0},{"damage":0.0,"enemies":"Snake Plant","floor":124.0,"turns":1.0},{"damage":0.0,"enemies":"conspire:SneckoGhost","floor":126.0,"turns":1.0},{"damage":0.0,"enemies":"Snecko","floor":130.0,"turns":1.0},{"damage":36.0,"enemies":"Centurion and Healer","floor":131.0,"turns":8.0},{"damage":88.0,"enemies":"infinitespire:LordOfFortification","floor":135.0,"turns":4.0},{"damage":65,"enemies":"Shield and Spear","floor":139,"turns":4},{"damage":123,"enemies":"The Heart","floor":140,"turns":2}],"seed_played":"3665356845158360655","potions_obtained":[{"floor":12.0,"key":"CultistPotion"},{"floor":13.0,"key":"Explosive Potion"},{"floor":14.0,"key":"Fire Potion"},{"floor":16.0,"key":"Dexterity Potion"},{"floor":20.0,"key":"SkillPotion"},{"floor":28.0,"key":"Explosive Potion"},{"floor":29.0,"key":"Weak Potion"},{"floor":33.0,"key":"Strength Potion"},{"floor":35.0,"key":"PowerPotion"},{"floor":39.0,"key":"ColorlessPotion"},{"floor":40.0,"key":"SkillPotion"},{"floor":48.0,"key":"SpeedPotion"},{"floor":55.0,"key":"conspire:TimeTravelPotion"},{"floor":59.0,"key":"Fire Potion"},{"floor":61.0,"key":"SkillPotion"},{"floor":67.0,"key":"EntropicBrew"},{"floor":73.0,"key":"Explosive Potion"},{"floor":75.0,"key":"Fire Potion"},{"floor":78.0,"key":"LiquidBronze"},{"floor":81.0,"key":"Regen Potion"},{"floor":82.0,"key":"Dexterity Potion"},{"floor":86.0,"key":"ColorlessPotion"},{"floor":91.0,"key":"SteroidPotion"},{"floor":99.0,"key":"Fire Potion"},{"floor":106.0,"key":"Ancient Potion"},{"floor":113.0,"key":"Strength Potion"},{"floor":114.0,"key":"FearPotion"},{"floor":116.0,"key":"Swift Potion"},{"floor":118.0,"key":"Swift Potion"},{"floor":122.0,"key":"Weak Potion"},{"floor":124.0,"key":"infinitespire:BlackPotion"},{"floor":130.0,"key":"DistilledChaos"},{"floor":131.0,"key":"BloodPotion"},{"floor":133.0,"key":"Fruit Juice"},{"floor":133.0,"key":"Weak Potion"},{"floor":133.0,"key":"BloodPotion"}],"is_trial":false,"path_per_floor":["M","?","$","?","$","R","E","R","T","E","R","M","E","M","R","B",null,"M","?","M","AVR","?","E","M","E","T","R","M","E","R","$","R","B",null,"M","AVR","?","M","M","NM","?","M","T","?","M","R","$","M","R","B",null,"M","AVR","?","M","$","E","?","M","T","E","T","M","M","E","R","B",null,"M","AVR","?","M","M","E","M","$","T","M","R","?","M","M","R","B",null,"M","?","$","M","?","E","?","NM","T","M","M","?","AVR","M","R","B",null,"M","?","M","?","M","R","E","R","T","E","M","M","M","M","R","B",null,"M","$","M","?","M","R","E","R","T","?","M","M","?","?","R","B",null,"R","$","E","B"],"character_chosen":"IRONCLAD","items_purchased":["infinitespire:OneForAll","Toolbox","Shrug It Off","halation:LostSnail","Reaper","Dramatic Entrance","Strange Spoon","Iron Wave","hubris:StunningStrike","halation:Komachan","reliquary:Stiletto","Rupture","reliquary:Spinner","Transmutation"],"campfire_rested":3,"item_purchase_floors":[0,0,3,31,31,31,56,56,76,76,88,121,121,138],"current_hp_per_floor":[68,68,68,68,68,68,67,67,67,55,55,61,48,43,67,73,80,80,60,52,52,52,33,39,45,45,69,70,76,76,76,76,49,80,78,78,78,74,80,80,80,80,80,80,80,80,80,80,80,80,80,80,80,80,80,80,80,80,80,80,80,80,80,80,80,80,80,80,80,80,80,80,64,50,83,83,83,62,62,47,53,67,91,82,91,91,94,94,94,94,97,92,69,69,69,69,65,65,69,69,24,69,69,63,80,80,90,90,90,90,90,104,104,104,104,104,104,107,107,107,107,107,107,107,107,107,107,107,107,107,83,83,111,111,57,115,115,115,59,0,0],"gold":31,"neow_bonus":"","is_daily":false,"chose_seed":false,"campfire_upgraded":16,"win_rate":0.0,"timestamp":1613610329,"path_taken":["M","?","?","?","?","R","E","R","T","E","R","M","E","M","R","BOSS","M","?","M","AVR","?","E","?","E","T","R","M","E","R","$","R","BOSS","M","AVR","?","M","?","NM","?","M","T","?","M","R","?","M","R","BOSS","M","AVR","?","?","$","E","?","M","T","E","?","M","M","E","R","BOSS","M","AVR","?","?","?","E","M","$","T","M","R","?","M","M","R","BOSS","M","?","$","M","?","E","?","NM","T","?","M","?","AVR","M","R","BOSS","M","?","M","?","M","R","E","R","T","E","M","M","M","M","R","BOSS","M","$","M","?","?","R","E","R","T","?","M","M","?","?","R","BOSS","R","$","E","BOSS"],"items_purchased_type":["Card","Relic","Card","Relic","Card","Card","Relic","Card","Card","Relic","Relic","Card","Relic","Card"],"build_version":"2020-12-22","purchased_purges":4,"victory":false,"max_hp_per_floor":[80,80,80,80,80,80,80,80,80,80,80,80,80,80,80,80,80,80,80,80,80,80,80,80,80,80,80,80,80,80,80,80,80,80,80,80,80,80,80,80,80,80,80,80,80,80,80,80,80,80,80,80,80,80,80,80,80,80,80,80,80,80,80,80,80,80,80,80,80,80,80,80,80,83,83,83,83,83,83,88,88,91,91,91,91,91,94,94,94,94,97,92,69,69,69,69,69,69,69,69,69,69,69,69,80,80,90,90,90,90,90,104,104,104,104,104,104,107,107,107,107,107,107,107,107,107,107,107,107,107,110,110,115,115,115,115,115,115,115,115,115],"card_choices":[{"not_picked":["Armaments","Shrug It Off"],"picked":"Disarm","floor":1.0},{"not_picked":["Dual Wield","Corruption"],"picked":"Spot Weakness","floor":7.0},{"not_picked":["Ghostly Armor","Twin Strike"],"picked":"Armaments","floor":10.0},{"not_picked":["Wild Strike","Clothesline"],"picked":"Clash","floor":12.0},{"not_picked":["Rampage","Inflame"],"picked":"infinitespire:OneForAll","floor":13.0},{"not_picked":["Armaments","Power Through"],"picked":"Feed","floor":14.0},{"not_picked":["Feed","conspire:Purge"],"picked":"Berserk","floor":16.0},{"not_picked":["Warcry","Twin Strike"],"picked":"Headbutt","floor":18.0},{"not_picked":["infinitespire:FutureSight","infinitespire:Menacing"],"picked":"infinitespire:Gouge","floor":19.0},{"not_picked":["Wild Strike","Entrench+1"],"picked":"Carnage","floor":20.0},{"not_picked":["Anger+1","Twin Strike"],"picked":"conspire:Charge","floor":23.0},{"not_picked":["Hemokinesis","True Grit+1"],"picked":"Fire Breathing","floor":24.0},{"not_picked":["Clash+1","Brutality"],"picked":"Iron Wave+1","floor":25.0},{"not_picked":["Body Slam","Warcry"],"picked":"Rage","floor":28.0},{"not_picked":["Twin Strike+1","Headbutt"],"picked":"hubris:CleavingFinish","floor":29.0},{"not_picked":["Juggernaut","Impervious"],"picked":"Limit Break","floor":33.0},{"not_picked":["Havoc+1","Armaments"],"picked":"Heavy Blade+1","floor":35.0},{"not_picked":["Havoc","Twin Strike"],"picked":"Blood for Blood","floor":38.0},{"not_picked":["Cleave+1","Armaments+1"],"picked":"Blood for Blood","floor":39.0},{"not_picked":["Bloodletting","Ghostly Armor+1"],"picked":"Barricade","floor":40.0},{"not_picked":["Headbutt","Havoc"],"picked":"Battle Trance+1","floor":42.0},{"not_picked":["Reaper","conspire:Purge"],"picked":"Immolate","floor":43.0},{"not_picked":["Hemokinesis+1","Shockwave+1"],"picked":"Thunderclap","floor":45.0},{"not_picked":["conspire:ExplosiveBarrier","Spot Weakness"],"picked":"Heavy Blade+1","floor":48.0},{"not_picked":["conspire:Purge","Bludgeon"],"picked":"Juggernaut","floor":50.0},{"not_picked":["Pommel Strike","Shrug It Off"],"picked":"Flex","floor":52.0},{"not_picked":["Wild Strike","Battle Trance"],"picked":"Anger","floor":55.0},{"not_picked":["Heavy Blade","Second Wind"],"picked":"Combust","floor":57.0},{"not_picked":["Hemokinesis","Wild Strike"],"picked":"Dual Wield","floor":59.0},{"not_picked":["infinitespire:OneForAll","Clothesline"],"picked":"Heavy Blade","floor":61.0},{"not_picked":["Burning Pact","Havoc"],"picked":"Clash","floor":63.0},{"not_picked":["Iron Wave","Warcry"],"picked":"conspire:HitWhereItHurts","floor":64.0},{"not_picked":["Dual Wield","Rupture"],"picked":"Seeing Red","floor":65.0},{"not_picked":["hubris:StunningStrike","Brutality"],"picked":"Barricade","floor":67.0},{"not_picked":["Anger","Warcry"],"picked":"Bloodletting","floor":69.0},{"not_picked":["Warcry","Inflame"],"picked":"Body Slam","floor":72.0},{"not_picked":["Sentinel","Flex+1"],"picked":"Feel No Pain","floor":73.0},{"not_picked":["Warcry","Whirlwind"],"picked":"Perfected Strike","floor":74.0},{"not_picked":["Body Slam","Cleave"],"picked":"infinitespire:OneForAll","floor":75.0},{"not_picked":["Body Slam","Entrench"],"picked":"Inflame","floor":78.0},{"not_picked":["conspire:HitWhereItHurts","Body Slam"],"picked":"Anger+1","floor":81.0},{"not_picked":["Spot Weakness","Whirlwind"],"picked":"Rage+1","floor":82.0},{"not_picked":["Fiend Fire","Immolate"],"picked":"Exhume","floor":84.0},{"not_picked":["Thunderclap+1","Clothesline"],"picked":"Sever Soul","floor":86.0},{"not_picked":["infinitespire:UltimateForm","infinitespire:Collect"],"picked":"infinitespire:NeuralNetwork","floor":88.0},{"not_picked":["Whirlwind+1","Thunderclap+1"],"picked":"Perfected Strike+1","floor":89.0},{"not_picked":["Anger+1","Body Slam"],"picked":"Perfected Strike","floor":91.0},{"not_picked":["infinitespire:DeathsTouch","infinitespire:FutureSight"],"picked":"hubris:Rewind","floor":93.0},{"not_picked":["Headbutt","Blood for Blood"],"picked":"Shrug It Off+1","floor":93.0},{"not_picked":["Headbutt+1","Wild Strike+1"],"picked":"Perfected Strike","floor":95.0},{"not_picked":["Whirlwind+1","Ghostly Armor"],"picked":"Hemokinesis","floor":96.0},{"not_picked":["Shockwave","Body Slam"],"picked":"Perfected Strike","floor":99.0},{"not_picked":["Fiend Fire","conspire:Purge"],"picked":"Berserk","floor":101.0},{"not_picked":["Blood for Blood","Body Slam"],"picked":"Battle Trance","floor":103.0},{"not_picked":["Clash","Shrug It Off"],"picked":"Reckless Charge","floor":105.0},{"not_picked":["Heavy Blade","Dual Wield"],"picked":"Clash","floor":106.0},{"not_picked":["Headbutt","Warcry"],"picked":"Power Through","floor":107.0},{"not_picked":["Armaments","Searing Blow"],"picked":"Whirlwind","floor":109.0},{"not_picked":["Sword Boomerang","Havoc"],"picked":"hubris:SharpeningStone","floor":112.0},{"not_picked":["Sever Soul","Havoc"],"picked":"Brutality","floor":113.0},{"not_picked":["Shrug It Off","Headbutt"],"picked":"Seeing Red","floor":114.0},{"not_picked":["Iron Wave","Sword Boomerang"],"picked":"Thunderclap","floor":115.0},{"not_picked":["Disarm","Thunderclap"],"picked":"Infernal Blade","floor":116.0},{"not_picked":["Juggernaut","Fiend Fire"],"picked":"Corruption","floor":118.0},{"not_picked":["Rampage","Warcry"],"picked":"Anger","floor":120.0},{"not_picked":["Clash","Thunderclap"],"picked":"Flex","floor":122.0},{"not_picked":["Heavy Blade+1","infinitespire:OneForAll"],"picked":"Disarm","floor":124.0},{"not_picked":["Searing Blow","Clothesline"],"picked":"Dropkick","floor":126.0},{"not_picked":["Shrug It Off","Heavy Blade"],"picked":"Wild Strike","floor":130.0},{"not_picked":["Blood for Blood","Berserk"],"picked":"Iron Wave","floor":131.0},{"not_picked":["Juggernaut","conspire:HitWhereItHurts"],"picked":"Corruption","floor":135.0},{"not_picked":["Pummel","conspire:ExplosiveBarrier+1"],"picked":"Metallicize+1","floor":139}],"player_experience":438436,"relics_obtained":[{"floor":7.0,"key":"Vajra"},{"floor":9.0,"key":"Nunchaku"},{"floor":10.0,"key":"Gambling Chip"},{"floor":13.0,"key":"reliquary:Sideboard"},{"floor":23.0,"key":"conspire:Boomerang"},{"floor":25.0,"key":"WingedGreaves"},{"floor":26.0,"key":"Pen Nib"},{"floor":29.0,"key":"reliquary:JackalopeAntler"},{"floor":40.0,"key":"reliquary:SculptingSteel"},{"floor":40.0,"key":"Self Forming Clay"},{"floor":43.0,"key":"conspire:GiftBox"},{"floor":51.0,"key":"reliquary:SilkGlove"},{"floor":51.0,"key":"reliquary:PurpleTingedLeaf"},{"floor":51.0,"key":"hubris:Potato"},{"floor":57.0,"key":"infinitespire:Satchel"},{"floor":57.0,"key":"infinitespire:Lucky Rock"},{"floor":60.0,"key":"reliquary:SculptingSteel"},{"floor":61.0,"key":"infinitespire:Bottled Soul"},{"floor":61.0,"key":"TungstenRod"},{"floor":65.0,"key":"hubris:ChampionShield"},{"floor":65.0,"key":"infinitespire:Midas Blood"},{"floor":74.0,"key":"Orichalcum"},{"floor":74.0,"key":"Happy Flower"},{"floor":77.0,"key":"conspire:TopHat"},{"floor":91.0,"key":"halation:EternalFortune"},{"floor":91.0,"key":"hubris:TenFootPole"},{"floor":91.0,"key":"Bag of Preparation"},{"floor":93.0,"key":"PreservedInsect"},{"floor":93.0,"key":"infinitespire:Lychee Nut"},{"floor":94.0,"key":"infinitespire:Eraser"},{"floor":105.0,"key":"halation:EternalFortune"},{"floor":106.0,"key":"reliquary:RoseTintedGlasses"},{"floor":109.0,"key":"Akabeko"},{"floor":109.0,"key":"hubris:AstralHammer"},{"floor":111.0,"key":"Mummified Hand"},{"floor":112.0,"key":"War Paint"},{"floor":112.0,"key":"InkBottle"},{"floor":118.0,"key":"halation:EternalFortune"},{"floor":126.0,"key":"halation:IllGainedPizza"},{"floor":126.0,"key":"Gremlin Horn"},{"floor":128.0,"key":"Centennial Puzzle"},{"floor":131.0,"key":"halation:EternalFortune"},{"floor":139,"key":"halation:WeightlessCrab"},{"floor":139,"key":"reliquary:Boomerang"}],"event_choices":[{"damage_healed":0.0,"max_hp_gain":0.0,"max_hp_loss":0.0,"gold_gain":0.0,"event_name":"Accursed Blacksmith","player_choice":"Rummage","floor":2.0,"gold_loss":0.0,"damage_taken":0.0,"relics_obtained":["WarpedTongs"],"cards_obtained":["Pain"]},{"damage_healed":0.0,"max_hp_gain":0.0,"max_hp_loss":0.0,"gold_gain":0.0,"event_name":"Living Wall","player_choice":"Grow","floor":4.0,"gold_loss":0.0,"damage_taken":0.0,"cards_upgraded":["infinitespire:OneForAll"]},{"damage_healed":0.0,"max_hp_gain":0.0,"max_hp_loss":0.0,"gold_gain":0.0,"event_name":"The Library","player_choice":"Read","floor":22.0,"gold_loss":0.0,"damage_taken":0.0,"cards_obtained":["Perfected Strike"]},{"damage_healed":0.0,"max_hp_gain":0.0,"max_hp_loss":0.0,"gold_gain":0.0,"event_name":"SecretPortal","player_choice":"Ignored","floor":37.0,"gold_loss":0.0,"damage_taken":0.0},{"damage_healed":0.0,"max_hp_gain":0.0,"max_hp_loss":0.0,"gold_gain":0.0,"event_name":"Tomb of Lord Red Mask","player_choice":"Paid","floor":44.0,"gold_loss":266.0,"damage_taken":0.0,"relics_obtained":["Red Mask"]},{"damage_healed":0.0,"max_hp_gain":0.0,"max_hp_loss":0.0,"gold_gain":0.0,"cards_transformed":["hubris:Lust"],"event_name":"Transmorgrifier","player_choice":"Transformed","floor":54.0,"gold_loss":0.0,"damage_taken":0.0,"cards_obtained":["Fire Breathing"]},{"damage_healed":0.0,"max_hp_gain":0.0,"max_hp_loss":0.0,"gold_gain":0.0,"event_name":"conspire:Investor","player_choice":"Leave","floor":58.0,"gold_loss":0.0,"damage_taken":0.0},{"damage_healed":0.0,"max_hp_gain":5.0,"max_hp_loss":0.0,"gold_gain":0.0,"event_name":"Forgotten Altar","player_choice":"Shed Blood","floor":80.0,"gold_loss":0.0,"damage_taken":21.0},{"damage_healed":0.0,"max_hp_gain":0.0,"max_hp_loss":0.0,"gold_gain":0.0,"event_name":"Winding Halls","player_choice":"Embrace Madness","floor":97.0,"gold_loss":0.0,"damage_taken":9.0,"cards_obtained":["Madness","Madness"]},{"damage_healed":0.0,"max_hp_gain":0.0,"max_hp_loss":0.0,"gold_gain":0.0,"event_name":"Shining Light","player_choice":"Entered Light","floor":104.0,"gold_loss":0.0,"damage_taken":14.0,"cards_upgraded":["Strike_R","Blood for Blood"]},{"damage_healed":0.0,"max_hp_gain":0.0,"max_hp_loss":0.0,"gold_gain":100.0,"event_name":"Golden Shrine","player_choice":"Pray","floor":123.0,"gold_loss":0.0,"damage_taken":0.0},{"damage_healed":0.0,"max_hp_gain":0.0,"max_hp_loss":0.0,"gold_gain":0.0,"event_name":"Addict","player_choice":"Obtained Relic","floor":129.0,"gold_loss":85.0,"damage_taken":0.0,"relics_obtained":["halation:PromiseList"]},{"damage_healed":0.0,"max_hp_gain":0.0,"max_hp_loss":0.0,"gold_gain":0.0,"event_name":"Lab","player_choice":"Got Potions","floor":133.0,"gold_loss":0.0,"damage_taken":0.0}],"is_beta":false,"boss_relics":[{"not_picked":["Busted Crown","SlaversCollar"],"picked":"Cursed Key"},{"not_picked":["conspire:RoyalGoblet","Empty Cage"],"picked":"Black Star"},{"not_picked":["hubris:RunicObelisk","hubris:ScarierMask"],"picked":"Calling Bell"},{"not_picked":["conspire:RunicOctahedron","halation:PlatinumPhoenix"],"picked":"conspire:SlowCooker"},{"not_picked":["Coffee Dripper","halation:Yufonium"],"picked":"Astrolabe"},{"not_picked":["halation:ForbiddenBikini","reliquary:WritOfMandamus"],"picked":"conspire:SpecialSausage"},{"not_picked":["Empty Cage","reliquary:RedCape"],"picked":"reliquary:KinkedSpring"},{"not_picked":["hubris:VirtuousBlindfold","reliquary:WritOfMandamus"],"picked":"Mark of Pain"}],"items_purged_floors":[3,31,70,121],"is_endless":true,"potions_floor_spawned":[12,13,14,16,20,28,29,33,35,39,40,48,55,59,61,67,73,75,78,81,82,86,91,99,106,113,114,116,118,122,124,130,131],"killed_by":"The Heart","ascension_level":2}}