{"host":"121m0oxswv9tg9hk","time":1613648448,"event":{"mods":["AchievementEnabler","BaseMod","Better Third Choice","Hermit","Hubris","Minty Spire (QoL Compilation)","Replay The Spire","Shade Mod","StSLib","The Gatherer","The Hierophant"],"gold_per_floor":[114,114,114,133,133,133,167,179,179,179,179],"floor_reached":10,"language":"ENG","playtime":316,"items_purged":[],"score":164,"play_id":"bdbefe8f-30f1-4d86-ae96-f4795c34729d","local_time":"20210218124048","is_ascension_mode":true,"campfire_choices":[{"data":"Eruption","floor":6,"key":"SMITH"}],"circlet_count":0,"master_deck":["AscendersBane","Strike_P","Strike_P","Strike_P","Defend_P","Defend_P","Defend_P","Defend_P+1","Eruption+1","Vigilance","EmptyFist","Consecrate+1","Replay:BluntJabs","TalkToTheHand"],"relics":["PureWater","NeowsBlessing","hubris:Towel","Thread and Needle","hubris:AstralHammer"],"acts_visited":["Exordium"],"potions_floor_usage":[],"damage_taken":[{"damage":0,"enemies":"2 Louse","floor":1,"turns":1},{"damage":0,"enemies":"Small Slimes","floor":4,"turns":1},{"damage":0,"enemies":"Gremlin Nob","floor":7,"turns":1},{"damage":0,"enemies":"Cultist","floor":8,"turns":2},{"damage":10,"enemies":"Lagavulin","floor":10,"turns":11}],"seed_played":"4800999261999872793","potions_obtained":[{"floor":1,"key":"Elixir"}],"is_trial":false,"path_per_floor":["M","?","?","M","?","R","E","M","T","E"],"character_chosen":"WATCHER","items_purchased":[],"campfire_rested":0,"item_purchase_floors":[],"current_hp_per_floor":[61,54,54,54,34,34,34,34,34,24,24],"gold":179,"neow_bonus":"THREE_ENEMY_KILL","is_daily":false,"chose_seed":false,"campfire_upgraded":1,"win_rate":0.0,"timestamp":1613648448,"path_taken":["M","?","?","M","?","R","E","M","T","E"],"items_purchased_type":[],"build_version":"2020-12-22","purchased_purges":0,"victory":false,"max_hp_per_floor":[68,68,68,68,68,68,68,68,68,68,68],"card_choices":[{"not_picked":["FollowUp","Replay:AtTheReady"],"picked":"EmptyFist","floor":1},{"not_picked":["Fasting2","EmptyFist"],"picked":"Consecrate","floor":4},{"not_picked":["Replay:Cycle","Swivel"],"picked":"Replay:BluntJabs","floor":7},{"not_picked":["SpiritShield","Worship"],"picked":"TalkToTheHand","floor":8}],"player_experience":2425479,"relics_obtained":[{"floor":7,"key":"Thread and Needle"},{"floor":9,"key":"hubris:AstralHammer"}],"event_choices":[{"cards_removed":["Strike_P"],"damage_healed":0,"gold_gain":0,"player_choice":"Card Removal","damage_taken":7,"max_hp_gain":0,"max_hp_loss":0,"event_name":"Golden Wing","floor":2,"gold_loss":0},{"damage_healed":54,"gold_gain":0,"player_choice":"Upgrade","damage_taken":20,"max_hp_gain":0,"max_hp_loss":68,"event_name":"betterThird:BetterShining","floor":5,"gold_loss":0,"cards_upgraded":["Defend_P","Consecrate"]}],"is_beta":false,"boss_relics":[],"items_purged_floors":[],"is_endless":false,"potions_floor_spawned":[1],"killed_by":"Lagavulin","ascension_level":16}}