{"host":"l2lylj0omvglf5x0","time":1613661974,"event":{"mods":["2.2 Compatiblity","BaseMod","Bestiary","Block Reminder","Colored Map","Colored Powertips","Curses Come First","Highlight Path","Keyboard Shortcuts","Minty Spire (QoL Compilation)","Relic Sorter","Relic Stats","Slay the Relics Exporter","StSLib","SuperFastMode"],"gold_per_floor":[117,137,137,151,169,194,194,194,221,256,226,238,20,38,38,140,140,127,140,60,79,79,79],"floor_reached":22,"language":"ENG","playtime":1251,"items_purged":["Strike_B"],"score":277,"play_id":"6aa18367-b681-4e78-9717-19d10e98491d","local_time":"20210218162614","is_ascension_mode":true,"campfire_choices":[{"data":"Creative AI","floor":7,"key":"SMITH"},{"floor":15,"key":"REST"}],"circlet_count":0,"master_deck":["Strike_B","Strike_B+1","Strike_B+1","Defend_B","Defend_B","Defend_B","Defend_B","Zap","Dualcast","Coolheaded","Hologram","Loop","Defragment","Creative AI+1","Echo Form","Chill","Leap","Core Surge","Lockon+1","Genetic Algorithm"],"relics":["Philosopher\u0027s Stone","Bag of Preparation","Anchor","Whetstone","Regal Pillow","Busted Crown"],"acts_visited":["Exordium","TheCity"],"potions_floor_usage":[10,12,14,21,21,21],"damage_taken":[{"damage":3,"enemies":"Jaw Worm","floor":1,"turns":3},{"damage":0,"enemies":"Cultist","floor":2,"turns":3},{"damage":8,"enemies":"2 Louse","floor":4,"turns":4},{"damage":12,"enemies":"Looter","floor":5,"turns":3},{"damage":24,"enemies":"3 Sentries","floor":6,"turns":9},{"damage":26,"enemies":"Gremlin Nob","floor":10,"turns":5},{"damage":19,"enemies":"Lots of Slimes","floor":12,"turns":6},{"damage":6,"enemies":"Large Slime","floor":14,"turns":6},{"damage":21,"enemies":"The Guardian","floor":16,"turns":11},{"damage":29,"enemies":"2 Thieves","floor":18,"turns":4},{"damage":26,"enemies":"3 Byrds","floor":19,"turns":7},{"damage":0,"enemies":"Shelled Parasite and Fungi","floor":21,"turns":5},{"damage":15,"enemies":"Snecko","floor":22,"turns":5}],"seed_played":"2816755575165323591","potions_obtained":[{"floor":2,"key":"LiquidBronze"},{"floor":4,"key":"BlessingOfTheForge"},{"floor":11,"key":"FocusPotion"},{"floor":11,"key":"Regen Potion"},{"floor":12,"key":"Energy Potion"},{"floor":16,"key":"Dexterity Potion"},{"floor":18,"key":"SneckoOil"}],"is_trial":false,"path_per_floor":["M","M","?","M","M","E","R","?","T","E","?","M","$","M","R","B",null,"M","M","$","M","M"],"character_chosen":"DEFECT","items_purchased":["Regal Pillow","Genetic Algorithm"],"campfire_rested":1,"item_purchase_floors":[13,20],"current_hp_per_floor":[65,65,65,57,45,21,21,46,46,20,20,16,16,10,47,26,63,34,8,8,8,0,0],"gold":79,"neow_bonus":"BOSS_RELIC","is_daily":false,"chose_seed":false,"campfire_upgraded":1,"win_rate":0.0,"timestamp":1613661974,"path_taken":["M","M","?","M","?","E","R","?","T","E","?","M","$","M","R","BOSS","M","M","$","M","M"],"items_purchased_type":["Relic","Card"],"build_version":"2020-12-22","purchased_purges":1,"victory":false,"max_hp_per_floor":[75,75,75,75,75,75,75,75,75,75,75,75,75,75,75,75,75,75,75,75,75,75,75],"relic_stats":{"Regal Pillow":15,"Busted Crown":6,"counters":[13,70],"Bag of Preparation":[22],"Whetstone":["Strike_B","Strike_B"],"obtain_stats":[{"Anchor":6,"Regal Pillow":13,"Busted Crown":17,"Philosopher\u0027s Stone":0,"Bag of Preparation":3,"Whetstone":10,"Cracked Core":0},{"Anchor":5,"Regal Pillow":7,"Busted Crown":9,"Philosopher\u0027s Stone":0,"Bag of Preparation":2,"Whetstone":6,"Cracked Core":0},{"Anchor":22,"Regal Pillow":33,"Busted Crown":49,"Philosopher\u0027s Stone":0,"Bag of Preparation":6,"Whetstone":27,"Cracked Core":0}]},"card_choices":[{"not_picked":["Steam","Barrage"],"picked":"Coolheaded","floor":1},{"not_picked":["Turbo","Go for the Eyes"],"picked":"Hologram","floor":2},{"not_picked":["Auto Shields","Coolheaded"],"picked":"Loop","floor":4},{"not_picked":["Loop","Steam"],"picked":"Defragment","floor":5},{"not_picked":["Static Discharge","Reinforced Body"],"picked":"Creative AI","floor":6},{"not_picked":["Turbo","Barrage"],"picked":"Echo Form","floor":10},{"not_picked":["Gash","Turbo"],"picked":"Chill","floor":12},{"not_picked":["Barrage","FTL"],"picked":"Leap","floor":14},{"not_picked":["Creative AI","Hyperbeam"],"picked":"Core Surge","floor":16},{"not_picked":[],"picked":"Lockon+1","floor":18},{"not_picked":["Auto Shields"],"picked":"SKIP","floor":19},{"not_picked":["Go for the Eyes+1"],"picked":"SKIP","floor":21}],"player_experience":969845,"relics_obtained":[{"floor":6,"key":"Anchor"},{"floor":10,"key":"Whetstone"}],"event_choices":[{"damage_healed":0,"gold_gain":0,"player_choice":"Gave Potion","damage_taken":0,"relics_obtained":["Bag of Preparation"],"max_hp_gain":0,"max_hp_loss":0,"event_name":"WeMeetAgain","floor":3,"gold_loss":0},{"damage_healed":25,"gold_gain":0,"player_choice":"Banana","damage_taken":0,"max_hp_gain":0,"max_hp_loss":0,"event_name":"Big Fish","floor":8,"gold_loss":0},{"damage_healed":0,"gold_gain":0,"player_choice":"Bought 2 Potions","damage_taken":0,"max_hp_gain":0,"max_hp_loss":0,"event_name":"The Woman in Blue","floor":11,"gold_loss":0}],"is_beta":false,"boss_relics":[{"not_picked":["SlaversCollar","Pandora\u0027s Box"],"picked":"Busted Crown"}],"items_purged_floors":[13],"is_endless":false,"potions_floor_spawned":[2,4,12,16,18,19],"killed_by":"Snecko","ascension_level":8}}