{"host":"m9osufisr3agwk96","time":1613614498,"event":{"mods":["AchievementEnabler","Aspiration","BaseMod","Colored Map","Colored Powertips","Downfall","Duelist Mod","Friendly Minions","GifTheSpireLib","Gremlin Mod","Hermit","Highlight Path","Hubris","Infinite Spire","Minty Spire (QoL Compilation)","Rare Cards Sparkle","Reliquary","Replay The Spire","Shop Mod","StSLib","The Cursed"],"gold_per_floor":[117,117,30,46,46,73,89,89,89,107,121,121,121,137,137,239,289,306,324,324,324,324,324,95,113,413,413,424,424,435,435,435],"floor_reached":31,"language":"ENG","playtime":1370,"items_purged":["Pain"],"score":236,"play_id":"6ec5c25e-bf02-407a-bea4-3593fd1a42bf","local_time":"20210217181458","is_ascension_mode":false,"campfire_choices":[{"floor":8,"key":"REST"},{"floor":15,"key":"REST"},{"floor":23,"key":"REST"},{"floor":27,"key":"REST"},{"floor":29,"key":"RECALL"}],"circlet_count":0,"master_deck":["Strike_P","Strike_P","Strike_P","Defend_P+1","Defend_P","Defend_P","Eruption","Vigilance","Scrawl+1","ReachHeaven","Bandage Up","ForeignInfluence","Prostrate","PathToVictory","Replay:DivineShield","Consecrate","Parasite","ForeignInfluence","Steam","Replay:AllIn","MasterReality+1","Pray","Replay:Anticipation+1","LikeWater+1","infinitespire:Starlight+1","CarveReality","Doubt","LessonLearned","Adaptation+1"],"relics":["PureWater","Spirit Poop","WarpedTongs","Frozen Egg 2","hubris:DisguiseKit","Cursed Key","reliquary:Sod","Nloth\u0027s Gift","Centennial Puzzle","Old Coin"],"acts_visited":["Exordium","TheCity"],"potions_floor_usage":[6,6,10,25,25,30,31],"damage_taken":[{"damage":10,"enemies":"Small Slimes","floor":1,"turns":3},{"damage":0,"enemies":"Cultist","floor":4,"turns":2},{"damage":26,"enemies":"3 Sentries","floor":6,"turns":6},{"damage":0,"enemies":"Jaw Worm","floor":7,"turns":3},{"damage":21,"enemies":"Lots of Slimes","floor":10,"turns":4},{"damage":3,"enemies":"Blue Slaver","floor":11,"turns":4},{"damage":18,"enemies":"Looter","floor":14,"turns":3},{"damage":60,"enemies":"The Guardian","floor":16,"turns":12},{"damage":39,"enemies":"Spheric Guardian","floor":18,"turns":6},{"damage":32,"enemies":"Chosen","floor":19,"turns":5},{"damage":0,"enemies":"3 Cultists","floor":25,"turns":4},{"damage":11,"enemies":"Snake Plant","floor":28,"turns":3},{"damage":21,"enemies":"Sentry and Sphere","floor":30,"turns":4},{"damage":76,"enemies":"Cultist and Chosen","floor":31,"turns":6}],"seed_played":"-7521257078244066331","potions_obtained":[{"floor":1,"key":"BlessingOfTheForge"},{"floor":4,"key":"Ancient Potion"},{"floor":7,"key":"Dexterity Potion"},{"floor":16,"key":"SneckoOil"},{"floor":17,"key":"Strength Potion"},{"floor":18,"key":"Venom Potion"},{"floor":19,"key":"AttackPotion"},{"floor":28,"key":"hexamod:SoulburnPotion"}],"is_trial":false,"path_per_floor":["M","?","$","M","?","E","M","R","T","M","M","?","?","M","R","B",null,"M","M","AVR","?","?","R","$","M","T","R","M","R","M","M"],"character_chosen":"WATCHER","items_purchased":["Bandage Up","Centennial Puzzle"],"campfire_rested":4,"item_purchase_floors":[3,24],"current_hp_per_floor":[62,62,62,66,66,46,46,67,67,50,51,69,69,51,72,15,77,42,14,14,14,14,37,37,56,56,77,66,66,63,0,0],"gold":435,"neow_bonus":"THREE_RARE_CARDS","is_daily":false,"chose_seed":false,"campfire_upgraded":0,"win_rate":0.0,"timestamp":1613614498,"path_taken":["M","?","$","?","?","E","?","R","T","M","M","?","?","M","R","BOSS","M","M","AVR","?","?","R","$","M","T","R","M","R","M","M"],"items_purchased_type":["Card","Relic"],"build_version":"2020-12-22","purchased_purges":1,"victory":false,"max_hp_per_floor":[72,72,72,72,72,72,72,72,72,72,72,72,72,72,72,72,77,77,77,77,77,77,77,77,77,77,77,77,77,77,77,77],"card_choices":[{"not_picked":["MasterReality","ConjureBlade"],"picked":"Scrawl","floor":0},{"not_picked":["Crescendo","SashWhip"],"picked":"ReachHeaven","floor":1},{"not_picked":["Evaluate","Nirvana"],"picked":"ForeignInfluence","floor":4},{"not_picked":["BowlingBash","Wireheading+1"],"picked":"Prostrate","floor":6},{"not_picked":["Replay:ManipulateFuture","BowlingBash"],"picked":"PathToVictory","floor":7},{"not_picked":["FlurryOfBlows","Perseverance"],"picked":"Replay:DivineShield","floor":10},{"not_picked":["Collect","Crescendo"],"picked":"Consecrate","floor":11},{"not_picked":["FlyingSleeves","Evaluate"],"picked":"Replay:AllIn","floor":14},{"not_picked":["Omniscience","Ragnarok"],"picked":"MasterReality+1","floor":16},{"not_picked":["FlyingSleeves","Replay:AtTheReady"],"picked":"Pray","floor":17},{"not_picked":["Protect","EmptyBody"],"picked":"Replay:Anticipation+1","floor":18},{"not_picked":["EmptyBody+1","BattleHymn+1"],"picked":"LikeWater+1","floor":19},{"not_picked":["Crescendo","ClearTheMind"],"picked":"CarveReality","floor":25},{"not_picked":["ClearTheMind","FlyingSleeves"],"picked":"LessonLearned","floor":28},{"not_picked":["Weave","Replay:Battleflow"],"picked":"Adaptation+1","floor":30}],"player_experience":498946,"relics_obtained":[{"floor":6,"key":"Frozen Egg 2"},{"floor":9,"key":"hubris:DisguiseKit"},{"floor":26,"key":"Old Coin"}],"event_choices":[{"cards_removed":["downfall:Aged"],"damage_healed":0,"gold_gain":0,"player_choice":"Offered Curse","damage_taken":0,"relics_obtained":["Spirit Poop"],"max_hp_gain":0,"max_hp_loss":0,"event_name":"Bonfire Elementals","floor":2,"gold_loss":0},{"damage_healed":0,"gold_gain":0,"player_choice":"Rummage","damage_taken":0,"relics_obtained":["WarpedTongs"],"max_hp_gain":0,"max_hp_loss":0,"event_name":"Accursed Blacksmith","floor":5,"gold_loss":0,"cards_obtained":["Pain"]},{"damage_healed":18,"gold_gain":0,"player_choice":"Healed and dodged fight","damage_taken":0,"max_hp_gain":0,"max_hp_loss":0,"event_name":"Mushrooms","floor":12,"gold_loss":0,"cards_obtained":["Parasite"]},{"damage_healed":0,"gold_gain":0,"player_choice":"Traded Relic","damage_taken":0,"relics_obtained":["Nloth\u0027s Gift"],"max_hp_gain":0,"max_hp_loss":0,"event_name":"N\u0027loth","floor":22,"relics_lost":["Tiny House"],"gold_loss":0}],"is_beta":false,"boss_relics":[{"not_picked":["VioletLotus","Replay:Grab Bag"],"picked":"Tiny House"}],"items_purged_floors":[24],"is_endless":false,"potions_floor_spawned":[1,4,7,16,18,19,28],"killed_by":"Cultist and Chosen","ascension_level":0}}