{"host":"xw7092rw7wabncmm","time":1613616375,"event":{"mods":["AchievementEnabler","BaseMod","Bestiary","Block Reminder","Minty Spire (QoL Compilation)","Quick Restart","Relic Stats","Slay-I","Weighted Paths"],"gold_per_floor":[18,31,51,69,88,114,114,124,176,176,201,201,201,227,227,330,330,346,46,56,66,76,101,101,101,101],"floor_reached":25,"language":"ENG","playtime":1616,"items_purged":[],"score":472,"play_id":"fe5e8ddc-0b42-4782-a3c6-fe24a0963f31","local_time":"20210217214615","is_ascension_mode":true,"campfire_choices":[{"data":"Zap","floor":7,"key":"SMITH"},{"floor":10,"key":"REST"},{"floor":12,"key":"REST"},{"data":"Buffer","floor":15,"key":"SMITH"}],"circlet_count":0,"master_deck":["AscendersBane","Strike_B","Strike_B","Strike_B","Strike_B","Defend_B","Defend_B","Defend_B","Defend_B","Zap+1","Dualcast","Seek","Go for the Eyes","Undo","Cold Snap","Gash","Buffer+1","Cold Snap","Streamline","Lockon","All For One","Hologram","Glacier","BootSequence","Self Repair"],"relics":["Cracked Core","Pear","Bronze Scales","Darkstone Periapt","Fusion Hammer","Shovel","Dream Catcher"],"acts_visited":["Exordium","TheCity"],"potions_floor_usage":[6,6,14,16,25],"damage_taken":[{"damage":1,"enemies":"Cultist","floor":1,"turns":3},{"damage":0,"enemies":"Small Slimes","floor":2,"turns":4},{"damage":0,"enemies":"2 Louse","floor":3,"turns":4},{"damage":17,"enemies":"Exordium Thugs","floor":4,"turns":5},{"damage":1,"enemies":"3 Louse","floor":5,"turns":6},{"damage":20,"enemies":"Gremlin Nob","floor":6,"turns":5},{"damage":8,"enemies":"Looter","floor":8,"turns":2},{"damage":37,"enemies":"3 Sentries","floor":11,"turns":11},{"damage":2,"enemies":"Lagavulin","floor":14,"turns":5},{"damage":0,"enemies":"Slime Boss","floor":16,"turns":8},{"damage":12,"enemies":"3 Byrds","floor":18,"turns":3},{"damage":10,"enemies":"Shell Parasite","floor":20,"turns":4},{"damage":10,"enemies":"Snake Plant","floor":21,"turns":4},{"damage":0,"enemies":"Centurion and Healer","floor":22,"turns":9},{"damage":15,"enemies":"Book of Stabbing","floor":23,"turns":5},{"damage":43,"enemies":"Gremlin Leader","floor":25,"turns":8}],"seed_played":"-6765647269338309190","potions_obtained":[{"floor":2,"key":"Ancient Potion"},{"floor":4,"key":"FocusPotion"},{"floor":6,"key":"CultistPotion"},{"floor":13,"key":"Fire Potion"},{"floor":16,"key":"PotionOfCapacity"},{"floor":22,"key":"FocusPotion"}],"is_trial":false,"path_per_floor":["M","M","M","M","M","E","R","M","T","R","E","R","?","E","R","B",null,"M","$","M","M","M","E","?","E"],"character_chosen":"DEFECT","items_purchased":["Shovel"],"campfire_rested":2,"item_purchase_floors":[19],"current_hp_per_floor":[67,67,67,50,49,39,39,31,31,56,19,44,44,42,42,42,74,62,62,52,42,42,27,27,0,0],"gold":101,"neow_bonus":"THREE_RARE_CARDS","is_daily":false,"chose_seed":false,"campfire_upgraded":2,"win_rate":0.0,"timestamp":1613616375,"path_taken":["M","M","M","?","M","E","R","M","T","R","E","R","?","E","R","BOSS","M","$","?","M","M","E","?","E"],"items_purchased_type":["Relic"],"build_version":"2020-12-22","purchased_purges":0,"victory":false,"max_hp_per_floor":[75,75,75,75,75,85,85,85,85,85,85,85,85,85,85,85,85,85,85,85,85,85,85,85,85,85],"relic_stats":{"Darkstone Periapt":0,"Dream Catcher":0,"Shovel":0,"counters":[16,86],"Bronze Scales":[144],"obtain_stats":[{"Darkstone Periapt":14,"Dream Catcher":23,"Pear":6,"Shovel":19,"Bronze Scales":11,"Fusion Hammer":17,"Cracked Core":0},{"Darkstone Periapt":9,"Dream Catcher":15,"Pear":6,"Shovel":11,"Bronze Scales":8,"Fusion Hammer":10,"Cracked Core":0},{"Darkstone Periapt":45,"Dream Catcher":78,"Pear":27,"Shovel":56,"Bronze Scales":40,"Fusion Hammer":53,"Cracked Core":0}]},"card_choices":[{"not_picked":["Rainbow","Reboot"],"picked":"Seek","floor":0},{"not_picked":["Rebound","Coolheaded"],"picked":"Go for the Eyes","floor":1},{"not_picked":["Redo","Coolheaded"],"picked":"Undo","floor":2},{"not_picked":["Rebound","Recycle","Conserve Battery"],"picked":"SKIP","floor":3},{"not_picked":["Compile Driver","Leap"],"picked":"Cold Snap","floor":4},{"not_picked":["Streamline","Barrage"],"picked":"Gash","floor":5},{"not_picked":["Consume","Redo"],"picked":"Buffer","floor":6},{"not_picked":["Conserve Battery","Rebound"],"picked":"Cold Snap","floor":8},{"not_picked":["Undo","Amplify"],"picked":"Streamline","floor":11},{"not_picked":["Steam Power","Turbo"],"picked":"Lockon","floor":14},{"not_picked":["Amplify","Multi-Cast"],"picked":"All For One","floor":16},{"not_picked":["Rebound","Conserve Battery","Hello World"],"picked":"SKIP","floor":18},{"not_picked":["Conserve Battery","Stack"],"picked":"Hologram","floor":20},{"not_picked":["Gash","Cold Snap"],"picked":"Glacier","floor":21},{"not_picked":["Machine Learning","Barrage"],"picked":"BootSequence","floor":22},{"not_picked":["Beam Cell","Stack+1"],"picked":"Self Repair","floor":23}],"player_experience":1668182,"relics_obtained":[{"floor":6,"key":"Pear"},{"floor":11,"key":"Bronze Scales"},{"floor":14,"key":"Darkstone Periapt"},{"floor":23,"key":"Dream Catcher"}],"event_choices":[{"damage_healed":0,"gold_gain":0,"player_choice":"Got Potions","damage_taken":0,"max_hp_gain":0,"max_hp_loss":0,"event_name":"Lab","floor":13,"gold_loss":0},{"damage_healed":0,"gold_gain":0,"player_choice":"Ignored","damage_taken":0,"max_hp_gain":0,"max_hp_loss":0,"event_name":"Cursed Tome","floor":24,"gold_loss":0}],"is_beta":false,"boss_relics":[{"not_picked":["Black Star","Busted Crown"],"picked":"Fusion Hammer"}],"items_purged_floors":[],"is_endless":false,"potions_floor_spawned":[2,4,6,16,22],"killed_by":"Gremlin Leader","ascension_level":12}}