{"host":"40gggw0x72bpm5se","time":1613626092,"event":{"mods":["ATMod(°¢èªMod)","Act Like it!","Aspiration","BaseMod","Better Vampires","Colored Map","Conspire","Energized Spire","Friendly Minions","Gensokyo","GungeonMod","GungeonMod Extend","Infinite Spire","Koishi","Library of Ruina","Library of Ruina Extra","Lobotomy","Luminous","Minty Spire (QoL Compilation)","MostiFishMod","Quarter Circle Forward PUNCH!","Quick Restart","Relic Filter Mod","Relic Stats","Replay The Spire","Ruina","RumiaBox-Â¶Ã×æ«µÄÉñÃØºÐ×Ó","Shop Mod","Spicy Shops","StSLib","TestMod","The Alterego","UnlockEverythingMod","Waifu the Spire","Youmu£¨»êÆÇÑýÃÎ£©","[LAZYMAN]RSMod","¡¾¹¦ÄÜMod¡¿»ìãçÖ®»·ÐÞ¸´²¹¶¡","¡¾ÒÅÎï¿¨ÅÆ¡¿REMEMod","Ä§½ä"],"gold_per_floor":[370,610,621,621,635,635,664,664,689,722,204,204,217,217,217,217,217],"floor_reached":16,"language":"ZHS","playtime":544,"items_purged":["ReplayTheSpireMod:Doomed","LightDefense"],"score":190,"play_id":"11140e89-5c99-4f5b-931c-c4baa3224f5c","local_time":"20210218132812","is_ascension_mode":true,"campfire_choices":[{"data":"AT_RealColorLess","floor":6,"key":"SMITH"},{"data":"Faith","floor":12,"key":"SMITH"}],"circlet_count":0,"master_deck":["Dodge","LightDefense","LightAttack","LightAttack","LightAttack","LightDefense","LightDefense","ChargeAndCover","FocusedStrikes","AT_RealColorLess+1","WillProduceFineSilk","Faith+1","SunsetBlade","GuidanceOfTheGears","SmokingPipe+1","UnavoidableGaze","dwlrmod:Caretaker+1"],"relics":["PageOfLibrarian","REME_ComplimentaryCards","AT_ATBox","testmod-TestBox","DaveBox","testmod-Brilliant","HereWithMe","SynthV:TestCard","Baka","DemoExt:KalibersBlessing","AT_Kusabimaru","dwlrmod:ProjectRecorder","Centennial Puzzle","Gensokyo:OccultBall","Blood Vial","BrkXgEgg","Strange Spoon","DemoMod:GlassGuonStoneRelic"],"acts_visited":["Gensokyo:Gensokyo"],"potions_floor_usage":[],"damage_taken":[{"damage":0,"enemies":"Gensokyo:3_Fairies","floor":1,"turns":2},{"damage":0,"enemies":"Gensokyo:Python","floor":3,"turns":1},{"damage":3,"enemies":"Gensokyo:Gryphon","floor":5,"turns":2},{"damage":7,"enemies":"Gensokyo:Aya","floor":7,"turns":3},{"damage":0,"enemies":"Gensokyo:Cirno","floor":10,"turns":4},{"damage":0,"enemies":"Gensokyo:Kitsune","floor":13,"turns":2},{"damage":0,"enemies":"Gensokyo:Yukari","floor":16,"turns":4}],"seed_played":"6152537729512623574","potions_obtained":[{"floor":1,"key":"Regen Potion"},{"floor":3,"key":"Toxic Potion"},{"floor":13,"key":"Milkshake"}],"is_trial":false,"path_per_floor":["M","?","M","COS","M","R","E","?","T","E","$","R","M","?","R_BF","B"],"character_chosen":"Librarian","items_purchased":["BrkXgEgg","SmokingPipe+1","Strange Spoon"],"campfire_rested":0,"item_purchase_floors":[11,11,11],"current_hp_per_floor":[60,20,20,20,29,29,22,22,22,22,22,22,24,33,59,89,89],"gold":217,"neow_bonus":"TWO_FIFTY_GOLD","is_daily":false,"chose_seed":false,"campfire_upgraded":2,"win_rate":0.0,"timestamp":1613626092,"path_taken":["M","?","M","COS","M","R","E","?","T","E","$","R","M","?","R_BF","BOSS"],"items_purchased_type":["Relic","Card","Relic"],"build_version":"2020-12-22","purchased_purges":2,"victory":false,"max_hp_per_floor":[63,63,89,89,89,89,89,89,89,89,89,89,89,89,89,89,89],"relic_stats":{"Blood Vial":4,"Strange Spoon":[14],"Centennial Puzzle":[0],"counters":[7,18],"obtain_stats":[{"dwlrmod:ProjectRecorder":5,"AT_ATBox":0,"testmod-TestBox":0,"DaveBox":0,"DemoMod:GlassGuonStoneRelic":1,"BrkXgEgg":11,"Baka":1,"PageOfLibrarian":0,"Blood Vial":10,"testmod-Brilliant":0,"Strange Spoon":11,"Centennial Puzzle":7,"SynthV:TestCard":1,"AT_Kusabimaru":3,"HereWithMe":0,"Gensokyo:OccultBall":8,"DemoExt:KalibersBlessing":2,"REME_ComplimentaryCards":0},{"dwlrmod:ProjectRecorder":3,"AT_ATBox":0,"testmod-TestBox":0,"DaveBox":0,"DemoMod:GlassGuonStoneRelic":1,"BrkXgEgg":5,"Baka":1,"PageOfLibrarian":0,"Blood Vial":5,"testmod-Brilliant":0,"Strange Spoon":5,"Centennial Puzzle":4,"SynthV:TestCard":1,"AT_Kusabimaru":2,"HereWithMe":0,"Gensokyo:OccultBall":4,"DemoExt:KalibersBlessing":1,"REME_ComplimentaryCards":0},{"dwlrmod:ProjectRecorder":5,"AT_ATBox":0,"testmod-TestBox":0,"DaveBox":0,"DemoMod:GlassGuonStoneRelic":2,"BrkXgEgg":12,"Baka":2,"PageOfLibrarian":0,"Blood Vial":12,"testmod-Brilliant":0,"Strange Spoon":12,"Centennial Puzzle":8,"SynthV:TestCard":2,"AT_Kusabimaru":3,"HereWithMe":0,"Gensokyo:OccultBall":8,"DemoExt:KalibersBlessing":2,"REME_ComplimentaryCards":0}]},"card_choices":[{"not_picked":["Pound","GatherIntel","FlowOfTheSword","ToWhereThePrescriptPoints","WillOfThePrescript","StrongStrike","BulkyImpact","SteelKnuckles"],"picked":"WillProduceFineSilk","floor":1},{"not_picked":["ToOvercomeCrisis","DarkCloud","Ripple","Punishment","UncannyStrike","Outburst","BackAttack","MultiBlock","Diversion","ViolentFlame"],"picked":"Faith","floor":3},{"not_picked":["Clone","Laceration","HiddenBlade","AGoldenOpportunity","Wallop_lor","StartinOutLightly","PreemptiveStrike","RapidGashes","DirtyBlow","Reload"],"picked":"SunsetBlade","floor":5},{"not_picked":["RhinoRam","Faith","Pound","ToOvercomeCrisis","GroundSmash","ShockingBlow","HardRehearsal","TendonChords","DefenseOrder","IngredientHunt"],"picked":"Parry2","floor":7},{"not_picked":["Quickness","MultiHit","PreparedMind","QuickAttack","InkOver","Standoff","HighSpeedStabbing","MindWhip","Eliminate","Wallop_lor"],"picked":"GuidanceOfTheGears","floor":10},{"not_picked":["GrazeTheGrass","Collision","BackAttack","FormingStorm+1","SharpSwipe","Parry2","ClassAndRespect","LossOfSenses","FrontalAssault","InkOver"],"picked":"UnavoidableGaze","floor":13},{"not_picked":["dwlrmod:Reneger","dwlrmod:FeignDeath"],"picked":"dwlrmod:Caretaker","floor":13}],"player_experience":110317,"relics_obtained":[{"floor":1,"key":"SynthV:TestCard"},{"floor":1,"key":"Baka"},{"floor":3,"key":"AT_Kusabimaru"},{"floor":5,"key":"dwlrmod:ProjectRecorder"},{"floor":7,"key":"Centennial Puzzle"},{"floor":10,"key":"Blood Vial"}],"event_choices":[],"is_beta":false,"boss_relics":[],"items_purged_floors":[11,11],"is_endless":false,"potions_floor_spawned":[1,3,13],"killed_by":"Gensokyo:Yukari","ascension_level":1}}