{"host":"9rqxlbwknj581inl","time":1613689857,"event":{"mods":["AchievementEnabler","BaseMod","Colored Map","Colored Powertips","Dark Map","Highlight Path","Minty Spire (QoL Compilation)","Quick Restart","Random Character Button","Random Character Mod"],"gold_per_floor":[114,133,150,150,150,150,175,175,175],"floor_reached":8,"language":"ENG","playtime":1084,"items_purged":[],"score":48,"play_id":"c047d6b4-b3ae-4f61-902d-c7dac8e96f33","local_time":"20210218161057","is_ascension_mode":false,"campfire_choices":[{"data":"Adaptation","floor":6,"key":"SMITH"}],"circlet_count":0,"master_deck":["Strike_P","Strike_P","Strike_P","Strike_P","Defend_P","Defend_P","Defend_P","Defend_P","Eruption","Vigilance+1","Adaptation+1","Crescendo","FearNoEvil","Injury","TalkToTheHand"],"relics":["PureWater","Golden Idol"],"acts_visited":["Exordium"],"potions_floor_usage":[],"damage_taken":[{"damage":11,"enemies":"Small Slimes","floor":1,"turns":3},{"damage":8,"enemies":"2 Louse","floor":2,"turns":3},{"damage":7,"enemies":"Cultist","floor":3,"turns":3},{"damage":15,"enemies":"Exordium Thugs","floor":7,"turns":4},{"damage":47,"enemies":"Lagavulin","floor":8,"turns":7}],"seed_played":"-8190125764132884819","potions_obtained":[{"floor":1,"key":"Regen Potion"}],"is_trial":false,"path_per_floor":["M","M","M","?","?","R","M","E"],"character_chosen":"WATCHER","items_purchased":[],"campfire_rested":0,"item_purchase_floors":[],"current_hp_per_floor":[68,60,53,53,53,53,38,0,0],"gold":175,"neow_bonus":"TEN_PERCENT_HP_BONUS","is_daily":false,"chose_seed":false,"campfire_upgraded":1,"win_rate":0.0,"timestamp":1613689857,"path_taken":["M","M","M","?","?","R","M","E"],"items_purchased_type":[],"build_version":"2020-12-22","purchased_purges":0,"victory":false,"max_hp_per_floor":[79,79,79,79,79,79,79,79,79],"card_choices":[{"not_picked":["Tantrum","Prostrate"],"picked":"Adaptation","floor":1},{"not_picked":["FlyingSleeves","Protect"],"picked":"Crescendo","floor":2},{"not_picked":["Crescendo","MasterReality"],"picked":"FearNoEvil","floor":3},{"not_picked":["WreathOfFlame","Prostrate"],"picked":"TalkToTheHand","floor":7}],"player_experience":142703,"relics_obtained":[],"event_choices":[{"damage_healed":0,"gold_gain":0,"player_choice":"Grow","damage_taken":0,"max_hp_gain":0,"max_hp_loss":0,"event_name":"Living Wall","floor":4,"gold_loss":0,"cards_upgraded":["Vigilance"]},{"damage_healed":0,"gold_gain":0,"player_choice":"Take Wound","damage_taken":0,"relics_obtained":["Golden Idol"],"max_hp_gain":0,"max_hp_loss":0,"event_name":"Golden Idol","floor":5,"gold_loss":0,"cards_obtained":["Injury"]}],"is_beta":false,"boss_relics":[],"items_purged_floors":[],"is_endless":false,"potions_floor_spawned":[1],"killed_by":"Lagavulin","ascension_level":0}}