{"host":"188x3om7sf6mgxv1","time":1613677040,"event":{"mods":["BaseMod","Block Reminder","Jorbs\u0027s Wanderer Trilogy","Minty Spire (QoL Compilation)","Relic Stats","StSLib"],"gold_per_floor":[111,131,131,149,0,25,25,53,53,53,100,112,1,18,18,121,121,134,151,151,164,41,76,76,111,162,162,196,213,230,230,230,328,328,341,361,361,373,423,456,456,489,513,543,563,563,598,643,643,643,643,643,15,49,49],"floor_reached":56,"language":"ENG","playtime":3023,"items_purged":["Strike_G","Blade Dance"],"score":1906,"play_id":"2cfaa358-f6da-4d6a-bb10-51ff8fc34f70","local_time":"20210218143720","is_ascension_mode":true,"campfire_choices":[{"data":"Glass Knife","floor":7,"key":"SMITH"},{"floor":15,"key":"REST"},{"floor":24,"key":"REST"},{"floor":32,"key":"REST"},{"floor":46,"key":"RECALL"},{"floor":49,"key":"REST"},{"data":"Night Terror","floor":52,"key":"SMITH"}],"circlet_count":0,"master_deck":["Defend_G","Defend_G","Defend_G","Defend_G","Defend_G","Survivor","Glass Knife+1","Deflect","Footwork","Leg Sweep","Crippling Poison","Malaise","Well Laid Plans","Footwork","Deadly Poison","Venomology","Deadly Poison+1","Blur","Bouncing Flask","Blur","Deadly Poison","Catalyst","Masterful Stab+1","Night Terror+1","Escape Plan","Catalyst","Wraith Form v2","Backstab+1","Dodge and Roll+1","Backstab+1","Deflect","Well Laid Plans","Catalyst+1","Catalyst","PiercingWail","Night Terror+1","Footwork","PiercingWail"],"relics":["Ring of the Snake","Anchor","Mummified Hand","Lantern","MawBank","Letter Opener","SlaversCollar","NlothsMask","Boot","Gremlin Horn","Prayer Wheel","Astrolabe","Incense Burner","Art of War","Orichalcum","Paper Crane","Nunchaku","FossilizedHelix","DollysMirror","Whetstone","Bronze Scales"],"acts_visited":["Exordium","TheCity","TheBeyond","TheEnding"],"potions_floor_usage":[6,16,21,23,25,28,30,33,38,38,42,48,48,48,50,50,55,55],"damage_taken":[{"damage":0,"enemies":"2 Louse","floor":1,"turns":2},{"damage":0,"enemies":"Small Slimes","floor":2,"turns":3},{"damage":4,"enemies":"Jaw Worm","floor":4,"turns":4},{"damage":0,"enemies":"Lagavulin","floor":6,"turns":8},{"damage":29,"enemies":"Gremlin Nob","floor":8,"turns":4},{"damage":1,"enemies":"3 Sentries","floor":11,"turns":8},{"damage":0,"enemies":"2 Fungi Beasts","floor":14,"turns":2},{"damage":0,"enemies":"The Guardian","floor":16,"turns":13},{"damage":0,"enemies":"Chosen","floor":18,"turns":6},{"damage":32,"enemies":"Spheric Guardian","floor":19,"turns":6},{"damage":11,"enemies":"Snake Plant","floor":21,"turns":6},{"damage":17,"enemies":"Gremlin Leader","floor":23,"turns":6},{"damage":9,"enemies":"Book of Stabbing","floor":25,"turns":6},{"damage":0,"enemies":"Slavers","floor":28,"turns":6},{"damage":2,"enemies":"Chosen and Byrds","floor":29,"turns":4},{"damage":12,"enemies":"Snecko","floor":30,"turns":5},{"damage":20,"enemies":"Champ","floor":33,"turns":6},{"damage":1,"enemies":"3 Shapes","floor":35,"turns":5},{"damage":0,"enemies":"Orb Walker","floor":36,"turns":2},{"damage":17,"enemies":"Jaw Worm Horde","floor":38,"turns":6},{"damage":0,"enemies":"Mind Bloom Boss Battle","floor":39,"turns":5},{"damage":2,"enemies":"Giant Head","floor":40,"turns":4},{"damage":3,"enemies":"Reptomancer","floor":42,"turns":9},{"damage":0,"enemies":"Nemesis","floor":44,"turns":6},{"damage":0,"enemies":"Maw","floor":45,"turns":7},{"damage":0,"enemies":"Reptomancer","floor":47,"turns":5},{"damage":19,"enemies":"2 Orb Walkers","floor":48,"turns":8},{"damage":16,"enemies":"Awakened One","floor":50,"turns":15},{"damage":0,"enemies":"Shield and Spear","floor":54,"turns":9},{"damage":3,"enemies":"The Heart","floor":55,"turns":8}],"seed_played":"-7228552115204302469","potions_obtained":[{"floor":1,"key":"FearPotion"},{"floor":8,"key":"Block Potion"},{"floor":18,"key":"Dexterity Potion"},{"floor":23,"key":"Dexterity Potion"},{"floor":25,"key":"SpeedPotion"},{"floor":40,"key":"GhostInAJar"},{"floor":48,"key":"Swift Potion"}],"is_trial":false,"path_per_floor":["M","M","?","M","$","E","R","E","T","?","E","?","$","M","R","B",null,"M","M","?","M","$","E","R","E","T","?","E","M","M","?","R","B",null,"M","M","$","M","?","E","?","E","T","E","M","R","E","?","R","B",null,"R","$","E","B",null],"character_chosen":"THE_SILENT","items_purchased":["Leg Sweep","Blade Dance","Footwork","Blur","Deadly Poison","DollysMirror","Block Potion","SkillPotion","Footwork","PiercingWail","Whetstone"],"campfire_rested":4,"item_purchase_floors":[5,13,13,22,22,53,53,53,53,53,53],"current_hp_per_floor":[63,63,56,52,52,52,52,23,23,23,22,22,22,22,43,43,63,63,31,31,34,34,17,38,29,29,29,29,27,15,15,36,16,57,56,56,56,39,39,37,37,34,34,34,34,34,34,15,36,20,58,58,58,58,55],"gold":49,"neow_bonus":"THREE_RARE_CARDS","is_daily":false,"chose_seed":false,"campfire_upgraded":2,"win_rate":0.0,"timestamp":1613677040,"path_taken":["M","M","?","M","$","E","R","E","T","?","E","?","?","M","R","BOSS","M","M","?","M","?","E","R","E","T","?","E","?","M","?","R","BOSS","M","M","$","M","?","E","?","E","T","E","?","R","E","?","R","BOSS","R","$","E","BOSS"],"items_purchased_type":["Card","Card","Card","Card","Card","Relic","Potion","Potion","Card","Card","Relic"],"build_version":"2020-12-22","purchased_purges":2,"victory":true,"max_hp_per_floor":[70,70,70,70,70,70,70,70,70,70,70,70,70,70,70,70,70,70,70,70,70,70,70,70,70,70,70,70,70,70,70,70,70,70,70,70,70,70,70,70,70,70,70,70,70,70,70,70,70,70,70,70,70,70,70],"relic_stats":{"Gremlin Horn":[22,22],"counters":[30,184],"Astrolabe":["Backstab","Dodge and Roll","Backstab"],"Letter Opener":[479],"Whetstone":["Masterful Stab"],"Orichalcum":[66],"MawBank":36,"Boot":[51],"Nunchaku":[2],"Mummified Hand":[115],"Bronze Scales":[96],"Prayer Wheel":6,"Art of War":[42],"obtain_stats":[{"Lantern":9,"Gremlin Horn":25,"Astrolabe":34,"Incense Burner":39,"Letter Opener":11,"Whetstone":53,"Orichalcum":42,"Paper Crane":44,"MawBank":10,"Boot":23,"SlaversCollar":17,"Anchor":6,"Nunchaku":47,"Mummified Hand":8,"DollysMirror":53,"Bronze Scales":54,"Prayer Wheel":28,"Art of War":40,"FossilizedHelix":48,"Ring of the Snake":0,"NlothsMask":20},{"Lantern":5,"Gremlin Horn":13,"Astrolabe":17,"Incense Burner":21,"Letter Opener":6,"Whetstone":28,"Orichalcum":23,"Paper Crane":24,"MawBank":5,"Boot":12,"SlaversCollar":8,"Anchor":4,"Nunchaku":26,"Mummified Hand":5,"DollysMirror":28,"Bronze Scales":29,"Prayer Wheel":14,"Art of War":22,"FossilizedHelix":27,"Ring of the Snake":0,"NlothsMask":10},{"Lantern":21,"Gremlin Horn":74,"Astrolabe":95,"Incense Burner":113,"Letter Opener":29,"Whetstone":167,"Orichalcum":126,"Paper Crane":132,"MawBank":21,"Boot":68,"SlaversCollar":44,"Anchor":17,"Nunchaku":144,"Mummified Hand":21,"DollysMirror":167,"Bronze Scales":176,"Prayer Wheel":80,"Art of War":117,"FossilizedHelix":152,"Ring of the Snake":0,"NlothsMask":56}],"Ring of the Snake":[60]},"card_choices":[{"not_picked":["Phantasmal Killer","Unload"],"picked":"Glass Knife","floor":0},{"not_picked":["Dagger Throw","PiercingWail"],"picked":"Predator","floor":1},{"not_picked":["Dagger Spray","Quick Slash"],"picked":"Deflect","floor":2},{"not_picked":["Deadly Poison","Bane"],"picked":"Footwork","floor":4},{"not_picked":["Slice","Tactician"],"picked":"Crippling Poison","floor":6},{"not_picked":["Dagger Throw","Prepared"],"picked":"Malaise","floor":8},{"not_picked":["Deflect","Footwork"],"picked":"Well Laid Plans","floor":11},{"not_picked":["Prepared","Endless Agony"],"picked":"Deadly Poison","floor":14},{"not_picked":["Grand Finale","Glass Knife"],"picked":"Venomology","floor":16},{"not_picked":["Slice","Caltrops+1"],"picked":"Deadly Poison+1","floor":18},{"not_picked":["Dash","Finisher"],"picked":"Blur","floor":19},{"not_picked":["Slice","Backflip"],"picked":"Bouncing Flask","floor":21},{"not_picked":["Sucker Punch+1","Blade Dance+1"],"picked":"Catalyst","floor":23},{"not_picked":["Cloak And Dagger","Quick Slash","Endless Agony+1"],"picked":"SKIP","floor":25},{"not_picked":["Infinite Blades+1","Choke+1"],"picked":"Escape Plan","floor":28},{"not_picked":["Quick Slash","Masterful Stab","Underhanded Strike"],"picked":"SKIP","floor":29},{"not_picked":["Slice","Leg Sweep","Tools of the Trade"],"picked":"SKIP","floor":29},{"not_picked":["Deflect+1","Bouncing Flask"],"picked":"Catalyst","floor":30},{"not_picked":["Cloak And Dagger","Dodge and Roll","Prepared+1"],"picked":"SKIP","floor":30},{"not_picked":["Glass Knife","Adrenaline"],"picked":"Wraith Form v2","floor":33},{"not_picked":["Endless Agony+1","Underhanded Strike+1"],"picked":"Deflect","floor":35},{"not_picked":["Dodge and Roll","Deadly Poison","Accuracy"],"picked":"SKIP","floor":35},{"not_picked":["Infinite Blades+1","Quick Slash+1"],"picked":"Well Laid Plans","floor":36},{"not_picked":["Cloak And Dagger","Dodge and Roll","Bouncing Flask"],"picked":"SKIP","floor":36},{"not_picked":["Deflect","Outmaneuver+1"],"picked":"Catalyst+1","floor":38},{"not_picked":["Deflect","Flying Knee"],"picked":"Catalyst","floor":38},{"not_picked":["Blur+1","Underhanded Strike","Acrobatics+1"],"picked":"SKIP","floor":40},{"not_picked":["Deadly Poison+1","Malaise","Choke"],"picked":"SKIP","floor":42},{"not_picked":["Deflect","Blur+1","Glass Knife"],"picked":"SKIP","floor":44},{"not_picked":["Dagger Throw+1","Riddle With Holes+1","Deadly Poison"],"picked":"SKIP","floor":45},{"not_picked":["Sucker Punch+1","Deflect","Underhanded Strike"],"picked":"SKIP","floor":45},{"not_picked":["Prepared","Sucker Punch+1","Quick Slash+1"],"picked":"SKIP","floor":47},{"not_picked":["Poisoned Stab+1","Deflect+1"],"picked":"PiercingWail","floor":48},{"not_picked":["Distraction+1","Acrobatics+1","Tactician"],"picked":"SKIP","floor":54}],"player_experience":99609,"relics_obtained":[{"floor":6,"key":"Anchor"},{"floor":8,"key":"Mummified Hand"},{"floor":9,"key":"Lantern"},{"floor":11,"key":"Letter Opener"},{"floor":23,"key":"Boot"},{"floor":25,"key":"Gremlin Horn"},{"floor":28,"key":"Prayer Wheel"},{"floor":39,"key":"Incense Burner"},{"floor":40,"key":"Art of War"},{"floor":42,"key":"Orichalcum"},{"floor":44,"key":"Paper Crane"},{"floor":47,"key":"Nunchaku"},{"floor":48,"key":"FossilizedHelix"},{"floor":54,"key":"Bronze Scales"}],"event_choices":[{"cards_removed":["stsjorbsmod:Amnesia"],"damage_healed":0,"gold_gain":0,"player_choice":"Card Removal","damage_taken":7,"max_hp_gain":0,"max_hp_loss":0,"event_name":"Golden Wing","floor":3,"gold_loss":0},{"damage_healed":0,"gold_gain":0,"player_choice":"Searched \u00271\u0027 times","damage_taken":0,"relics_obtained":["MawBank"],"max_hp_gain":0,"max_hp_loss":0,"event_name":"Dead Adventurer","floor":10,"gold_loss":0},{"damage_healed":0,"gold_gain":0,"player_choice":"Ignored","damage_taken":0,"max_hp_gain":0,"max_hp_loss":0,"event_name":"Shining Light","floor":12,"gold_loss":0},{"damage_healed":0,"gold_gain":0,"player_choice":"Trade","damage_taken":0,"relics_obtained":["NlothsMask"],"max_hp_gain":0,"max_hp_loss":0,"event_name":"FaceTrader","floor":20,"gold_loss":0},{"damage_healed":0,"gold_gain":0,"cards_transformed":["Strike_G","Strike_G"],"player_choice":"Became Test Subject","damage_taken":0,"max_hp_gain":0,"max_hp_loss":0,"event_name":"Drug Dealer","floor":27,"gold_loss":0,"cards_obtained":["Masterful Stab","Night Terror"]},{"damage_healed":0,"gold_gain":0,"player_choice":"Ignored","damage_taken":0,"max_hp_gain":0,"max_hp_loss":0,"event_name":"Cursed Tome","floor":31,"gold_loss":0},{"damage_healed":0,"gold_gain":0,"player_choice":"Fight","damage_taken":0,"max_hp_gain":0,"max_hp_loss":0,"event_name":"MindBloom","floor":39,"gold_loss":0},{"cards_removed":["Neutralize"],"damage_healed":0,"gold_gain":0,"player_choice":"Purged","damage_taken":0,"max_hp_gain":0,"max_hp_loss":0,"event_name":"Purifier","floor":41,"gold_loss":0},{"damage_healed":0,"gold_gain":0,"player_choice":"Fight","damage_taken":0,"max_hp_gain":0,"max_hp_loss":0,"event_name":"Mysterious Sphere","floor":48,"gold_loss":0}],"is_beta":false,"boss_relics":[{"not_picked":["WristBlade","Ring of the Serpent"],"picked":"SlaversCollar"},{"not_picked":["Black Star","Tiny House"],"picked":"Astrolabe"}],"items_purged_floors":[5,53],"is_endless":false,"potions_floor_spawned":[1,8,18,23,25,28,29,39,40,47,48,54],"ascension_level":6}}