{"host":"rihxvzvzrfpivboj","time":1613667850,"event":{"mods":["Act Like it!","BaseMod","Better Third Choice","Block Reminder","Colored Map","Colored Powertips","Downfall","Gensokyo","GifTheSpireLib","Googly Eyes","Keyboard Shortcuts","Minty Spire (QoL Compilation)","Quick Restart","Relic Sorter","StSLib","SuperFastMode","The Bug Knight","Unceasing Turn Reminder","Waifu the Spire"],"gold_per_floor":[117,133,133,150,165,165,200,200,200,227,227,244,264,295,295,393,393,411,411,431,8,19,44,44,44,44,44,44,44,54,83,83,186,186,198,198,198,198,208,241,54,87,87,7,19,33,46,57,57,57,57],"floor_reached":50,"language":"ENG","playtime":3107,"items_purged":["HollowMod:NailStrikeStart","HollowMod:NailStrikeStart"],"score":610,"play_id":"4c9761ff-c4d9-44e9-9cbc-47e270798c2e","local_time":"20210218180410","is_ascension_mode":true,"campfire_choices":[{"data":"HollowMod:Grubsong","floor":6,"key":"SMITH"},{"floor":8,"key":"REST"},{"data":"HollowMod:DungDefenderAura","floor":15,"key":"SMITH"},{"floor":24,"key":"REST"},{"data":"HollowMod:SiblingsSouls","floor":28,"key":"SMITH"},{"data":"HollowMod:SoulEater","floor":32,"key":"SMITH"},{"floor":49,"key":"RECALL"}],"circlet_count":0,"master_deck":["HollowMod:NailStrikeStart","HollowMod:NailStrikeStart","HollowMod:QuickDashStart","HollowMod:QuickDashStart","HollowMod:QuickDashStart","HollowMod:QuickDashStart","HollowMod:FocusHealStart","HollowMod:PogoStrike","HollowMod:SoulVessel","HollowMod:Grubsong+1","HollowMod:SharpenedNail","HollowMod:RecoilStrike","HollowMod:Weaversong","HollowMod:DungDefenderAura+1","HollowMod:BaldurShell","HollowMod:CloakDash","HollowMod:SlysStrikes","CurseOfTheBell","HollowMod:SiblingsSouls+1","HollowMod:ZotesMagnificence","HollowMod:SoulEater+1","HollowMod:CloakDash","HollowMod:PerfectDash","HollowMod:AwokenDreamNail","HollowMod:HeavyBlow+1","HollowMod:SoulEater","HollowMod:GoodIntentions","HollowMod:GoodIntentions+1"],"relics":["Runic Dome","Gensokyo:LunaticRedEyes","Gremlin Horn","Pantograph","Vajra","Toy Ornithopter","Calling Bell","Nunchaku","The Courier","Unceasing Top","Gensokyo:MosesMiracle","HollowMod:MillibellesNoteRelic","Lizard Tail","Ancient Tea Set","Blood Vial","Meat on the Bone","Gensokyo:ConquerorOfFear","Pen Nib","Snecko Eye","Du-Vu Doll","Lee\u0027s Waffle","Dream Catcher"],"acts_visited":["Exordium","Gensokyo:Gensokyo","Gensokyo:Gensokyoer"],"potions_floor_usage":[14,16,20,20,30,42,50],"damage_taken":[{"damage":1,"enemies":"Gensokyo:2_Kodama","floor":1,"turns":4},{"damage":1,"enemies":"Gensokyo:Python","floor":2,"turns":3},{"damage":8,"enemies":"Gensokyo:Gryphon","floor":4,"turns":4},{"damage":4,"enemies":"Gensokyo:Kitsune","floor":5,"turns":3},{"damage":61,"enemies":"Gensokyo:Mamizou","floor":7,"turns":10},{"damage":4,"enemies":"Gensokyo:Cirno","floor":10,"turns":5},{"damage":0,"enemies":"Gensokyo:Gryphon_and_Rabbit","floor":12,"turns":4},{"damage":0,"enemies":"Gensokyo:3_Kodama","floor":13,"turns":4},{"damage":8,"enemies":"Gensokyo:Mamizou","floor":14,"turns":5},{"damage":38,"enemies":"Gensokyo:Reimu","floor":16,"turns":13},{"damage":15,"enemies":"Gensokyo:CosmicMonolith","floor":18,"turns":6},{"damage":15,"enemies":"Gensokyo:3_Dogs","floor":20,"turns":6},{"damage":23,"enemies":"Gensokyo:Slime_Group","floor":22,"turns":5},{"damage":51,"enemies":"Gensokyo:Koishi","floor":23,"turns":7},{"damage":45,"enemies":"Gensokyo:3_Gloops","floor":30,"turns":7},{"damage":35,"enemies":"Gensokyo:Tenshi","floor":31,"turns":6},{"damage":7,"enemies":"Gensokyo:Kaguya","floor":33,"turns":12},{"damage":32,"enemies":"Gensokyo:3_Boulders","floor":35,"turns":6},{"damage":14,"enemies":"Gensokyo:AncientGuardian","floor":39,"turns":5},{"damage":26,"enemies":"Gensokyo:Kasen","floor":40,"turns":8},{"damage":81,"enemies":"Gensokyo:Marisa","floor":42,"turns":7},{"damage":2,"enemies":"Gensokyo:SeedOfUnknown","floor":45,"turns":6},{"damage":0,"enemies":"Gensokyo:Dusk_and_Dawn","floor":46,"turns":4},{"damage":0,"enemies":"Gensokyo:3_Boulders","floor":47,"turns":4},{"damage":9,"enemies":"Gensokyo:SeedOfUnknown","floor":48,"turns":4},{"damage":2,"enemies":"Gensokyo:Yuyuko","floor":50,"turns":10}],"seed_played":"-467324261817024434","potions_obtained":[{"floor":1,"key":"hexamod:SoulburnPotion"},{"floor":7,"key":"sneckomod:MuddlingPotion"},{"floor":12,"key":"champ:CounterPotion"},{"floor":16,"key":"SneckoOil"},{"floor":18,"key":"FairyPotion"},{"floor":22,"key":"Guardian:BlockOnCardUsePotion"},{"floor":35,"key":"Swift Potion"},{"floor":45,"key":"Dexterity Potion"},{"floor":46,"key":"LiquidBronze"},{"floor":47,"key":"Energy Potion"}],"is_trial":false,"path_per_floor":["M","M","?","M","M","R","E","R","T","E","?","M","M","E","R","B",null,"M","?","M","$","M","E","R","$","T","?","R","?","M","E","R","B",null,"M","?","?","?","M","E","$","E","T","$","M","M","M","M","R","B"],"character_chosen":"THE_BUGKNIGHT","items_purchased":["HollowMod:MillibellesNoteRelic","Lizard Tail","Lee\u0027s Waffle","HollowMod:SoulEater"],"campfire_rested":2,"item_purchase_floors":[21,21,41,41],"current_hp_per_floor":[74,73,73,65,61,61,10,32,32,34,34,40,40,32,32,30,75,66,66,66,66,49,4,26,26,26,26,26,75,41,30,30,62,75,47,47,47,36,36,34,82,24,24,24,48,56,64,63,63,0,0],"gold":57,"neow_bonus":"BOSS_RELIC","is_daily":false,"chose_seed":false,"campfire_upgraded":4,"win_rate":0.0,"timestamp":1613667850,"path_taken":["M","M","?","M","M","R","E","R","T","E","?","M","M","E","R","BOSS","M","?","M","$","?","E","R","?","T","?","R","?","M","E","R","BOSS","M","?","?","?","M","E","$","E","T","?","M","M","M","M","R","BOSS"],"items_purchased_type":["Relic","Relic","Relic","Card"],"build_version":"2020-12-22","purchased_purges":2,"victory":false,"max_hp_per_floor":[75,75,75,75,75,75,75,75,75,75,75,75,75,75,75,75,75,75,75,75,75,75,75,75,75,75,75,75,75,75,75,75,75,75,75,75,75,75,75,75,82,82,82,82,82,82,82,82,82,1,1],"card_choices":[{"not_picked":["HollowMod:NewJinnsSoul","HollowMod:ShadowDash"],"picked":"HollowMod:SoulVessel","floor":1},{"not_picked":["HollowMod:CoiledNail","HollowMod:MawleksShell"],"picked":"HollowMod:Grubsong","floor":2},{"not_picked":["HollowMod:InfectionAssault","HollowMod:DoubleDash"],"picked":"HollowMod:SharpenedNail","floor":4},{"not_picked":["HollowMod:DescendingDark","HollowMod:SharpenedNail"],"picked":"HollowMod:RecoilStrike","floor":5},{"not_picked":["HollowMod:CrystalDash","HollowMod:SoulStrike"],"picked":"HollowMod:Weaversong","floor":7},{"not_picked":["HollowMod:HowlingWraiths","HollowMod:SoulShaman"],"picked":"HollowMod:DungDefenderAura","floor":10},{"not_picked":["HollowMod:SoulSplash","HollowMod:CrystalDash"],"picked":"HollowMod:BaldurShell","floor":12},{"not_picked":["HollowMod:MothsMistake","HollowMod:InfectedCysts"],"picked":"HollowMod:CloakDash","floor":13},{"not_picked":["HollowMod:VoidDash","HollowMod:GrimmsGift","HollowMod:MonarchWings"],"picked":"SKIP","floor":14},{"not_picked":["HollowMod:Weaversong","HollowMod:ElderbugsWisdom"],"picked":"HollowMod:SlysStrikes","floor":16},{"not_picked":["HollowMod:LifebloodCocoon","HollowMod:SoulSplash"],"picked":"HollowMod:SiblingsSouls","floor":18},{"not_picked":["HollowMod:InfectedCysts","HollowMod:SiblingsShadow","HollowMod:NewJinnsSoul"],"picked":"SKIP","floor":20},{"not_picked":["HollowMod:FastStrike","HollowMod:DescendingDark"],"picked":"HollowMod:ZotesMagnificence","floor":22},{"not_picked":["HollowMod:GreatSlash","HollowMod:DescendingDark"],"picked":"HollowMod:SoulEater","floor":23},{"not_picked":["HollowMod:SiblingsShadow","HollowMod:InfectedAttack+1"],"picked":"HollowMod:CloakDash","floor":30},{"not_picked":["HollowMod:ChannelNail+1","HollowMod:NewInfectedGuardian"],"picked":"HollowMod:PerfectDash","floor":31},{"not_picked":["HollowMod:ZotesMagnificence","HollowMod:Hiveblood"],"picked":"HollowMod:AwokenDreamNail","floor":33},{"not_picked":["HollowMod:SoulShaman","HollowMod:NewJinnsSoul+1"],"picked":"HollowMod:HeavyBlow+1","floor":35},{"not_picked":["HollowMod:CornifersMapStart+1","HollowMod:NewJinnsSoul","HollowMod:CycloneSlash"],"picked":"SKIP","floor":39},{"not_picked":["HollowMod:SharpenedShadows+1","HollowMod:CycloneSlash+1","HollowMod:DoubleDash+1"],"picked":"SKIP","floor":40},{"not_picked":["HollowMod:Hiveblood","HollowMod:VengefulVoid","HollowMod:InfectedAttack+1"],"picked":"SKIP","floor":42},{"not_picked":["HollowMod:TaintedHusks","HollowMod:MantisMark+1","HollowMod:NewJinnsSoul+1"],"picked":"SKIP","floor":45},{"not_picked":["HollowMod:QuirrelsAssistance","HollowMod:MonomonsArchive+1","HollowMod:DoubleDash+1"],"picked":"SKIP","floor":46},{"not_picked":["HollowMod:ShadowDash+1","HollowMod:NewGlowingWomb+1"],"picked":"HollowMod:GoodIntentions","floor":47},{"not_picked":["HollowMod:SoulShaman","HollowMod:MothsMistake"],"picked":"HollowMod:GoodIntentions+1","floor":48}],"player_experience":1177268,"relics_obtained":[{"floor":7,"key":"Matryoshka"},{"floor":9,"key":"Gremlin Horn"},{"floor":9,"key":"Pantograph"},{"floor":10,"key":"Vajra"},{"floor":14,"key":"Toy Ornithopter"},{"floor":17,"key":"Nunchaku"},{"floor":17,"key":"The Courier"},{"floor":17,"key":"Unceasing Top"},{"floor":23,"key":"Gensokyo:MosesMiracle"},{"floor":23,"key":"Ancient Tea Set"},{"floor":26,"key":"Blood Vial"},{"floor":26,"key":"Meat on the Bone"},{"floor":30,"key":"Gensokyo:ConquerorOfFear"},{"floor":31,"key":"Pen Nib"},{"floor":40,"key":"Du-Vu Doll"},{"floor":42,"key":"Dream Catcher"}],"event_choices":[],"is_beta":false,"boss_relics":[{"not_picked":["Fusion Hammer","Tiny House"],"picked":"Calling Bell"},{"not_picked":["Velvet Choker","Busted Crown"],"picked":"Snecko Eye"}],"items_purged_floors":[21,44],"is_endless":false,"potions_floor_spawned":[1,7,12,13,16,18,22,35,45,46,47],"killed_by":"Gensokyo:Yuyuko","ascension_level":1}}