{"host":"a5csdf9n4csbv6sp","time":1613656267,"event":{"mods":["BaseMod","Minty Spire (QoL Compilation)","Permanent Neow","Relic Stats"],"gold_per_floor":[361,361,0,13,26,26,42,42,95,95,113,142,155,189,189,261,261,278,278,291,318,239,264,14,49,87,127,151,163,194,223,235,325,337,362,374,398,310,310,326,345,372,441,476,476,504,504,27,27,27,27,27,27,27,27,27],"floor_reached":55,"language":"ENG","playtime":3050,"items_purged":["Strike_B","Strike_B","Strike_B"],"score":2225,"play_id":"1e9828a4-6358-4d87-9d3f-6751f9b9c1c2","local_time":"20210218205107","is_ascension_mode":true,"campfire_choices":[{"data":"Defragment","floor":6.0,"key":"SMITH"},{"data":"Sweeping Beam","floor":8.0,"key":"SMITH"},{"data":"Biased Cognition","floor":15.0,"key":"SMITH"},{"data":"Biased Cognition","floor":29.0,"key":"SMITH"},{"data":"Capacitor","floor":32.0,"key":"SMITH"},{"floor":47,"key":"RECALL"},{"data":"Loop","floor":49,"key":"SMITH"},{"data":"Defragment","floor":53,"key":"SMITH"}],"circlet_count":0,"master_deck":["AscendersBane","Strike_B","Defend_B+1","Defend_B","Defend_B","Defend_B","Zap","Dualcast+1","Gash","Defragment+1","Glacier","Sweeping Beam","Sweeping Beam+1","Ball Lightning","Echo Form","Hologram","Biased Cognition+1","Biased Cognition+1","Glacier","Capacitor+1","Darkness","Coolheaded","Echo Form","Defragment+1","Conserve Battery+1","Turbo","Redo+1","Recycle","Buffer","Loop+1"],"relics":["Cracked Core","ClockworkSouvenir","Omamori","Bag of Preparation","Oddly Smooth Stone","Darkstone Periapt","Coffee Dripper","War Paint","Lantern","Regal Pillow","MawBank","Strawberry","Bag of Marbles","Runic Pyramid","Orichalcum","Boot","Dream Catcher","Pear"],"acts_visited":["Exordium","TheCity","TheBeyond","TheEnding"],"potions_floor_usage":[41,46,46],"damage_taken":[{"damage":0.0,"enemies":"2 Louse","floor":1.0,"turns":4.0},{"damage":0.0,"enemies":"Small Slimes","floor":4.0,"turns":4.0},{"damage":2.0,"enemies":"Jaw Worm","floor":5.0,"turns":4.0},{"damage":3.0,"enemies":"Blue Slaver","floor":7.0,"turns":4.0},{"damage":1.0,"enemies":"Exordium Thugs","floor":11.0,"turns":3.0},{"damage":0.0,"enemies":"Lagavulin","floor":12.0,"turns":6.0},{"damage":9.0,"enemies":"3 Louse","floor":13.0,"turns":3.0},{"damage":10.0,"enemies":"3 Sentries","floor":14.0,"turns":7.0},{"damage":0.0,"enemies":"Slime Boss","floor":16.0,"turns":5.0},{"damage":0.0,"enemies":"Spheric Guardian","floor":18.0,"turns":3.0},{"damage":0.0,"enemies":"Chosen","floor":20.0,"turns":5.0},{"damage":14.0,"enemies":"Gremlin Leader","floor":23.0,"turns":4.0},{"damage":7.0,"enemies":"Slavers","floor":25.0,"turns":5.0},{"damage":45.0,"enemies":"Gremlin Leader","floor":27.0,"turns":5.0},{"damage":0.0,"enemies":"Snecko","floor":28.0,"turns":6.0},{"damage":2.0,"enemies":"Snake Plant","floor":30.0,"turns":5.0},{"damage":0.0,"enemies":"3 Cultists","floor":31.0,"turns":5.0},{"damage":14.0,"enemies":"Automaton","floor":33.0,"turns":12.0},{"damage":9.0,"enemies":"3 Darklings","floor":35.0,"turns":6.0},{"damage":0.0,"enemies":"3 Shapes","floor":37.0,"turns":4.0},{"damage":0.0,"enemies":"Spire Growth","floor":40.0,"turns":5.0},{"damage":0,"enemies":"3 Darklings","floor":41,"turns":5},{"damage":1,"enemies":"Giant Head","floor":42,"turns":9},{"damage":0,"enemies":"Nemesis","floor":44,"turns":7},{"damage":11,"enemies":"Reptomancer","floor":46,"turns":10},{"damage":1,"enemies":"Donu and Deca","floor":50,"turns":12},{"damage":18,"enemies":"Time Eater","floor":51,"turns":13},{"damage":79,"enemies":"Shield and Spear","floor":55,"turns":3}],"seed_played":"-738119824408287725","potions_obtained":[{"floor":4.0,"key":"Weak Potion"},{"floor":5.0,"key":"BlessingOfTheForge"},{"floor":7.0,"key":"DuplicationPotion"},{"floor":28.0,"key":"SpeedPotion"},{"floor":30.0,"key":"Regen Potion"},{"floor":31.0,"key":"Fire Potion"},{"floor":33.0,"key":"GamblersBrew"},{"floor":41,"key":"FearPotion"},{"floor":45,"key":"Block Potion"}],"is_trial":false,"path_per_floor":["M","?","$","M","M","R","M","R","T","?","M","E","M","E","R","B",null,"M","?","M","T","?","E","$","E","T","E","M","R","M","M","R","B",null,"M","?","M","$","?","M","M","E","T","E","?","E","R","$","R","B","B",null,"R","$","E"],"character_chosen":"DEFECT","items_purchased":["Defragment","Glacier","ClockworkSouvenir","Capacitor","Regen Potion","Darkness","Loop","Pear"],"campfire_rested":0,"item_purchase_floors":[3,3,3,24,24,24,48,48],"current_hp_per_floor":[64,64,64,64,62,62,59,59,59,59,58,58,49,39,39,39,58,58,58,58,58,58,44,44,51,58,13,13,13,11,11,11,12,56,47,47,47,47,47,47,47,46,46,46,46,35,35,45,45,44,26,67,67,67,0,0],"gold":27,"neow_bonus":"TWO_FIFTY_GOLD","is_daily":false,"chose_seed":false,"campfire_upgraded":7,"win_rate":0.0,"timestamp":1613656267,"path_taken":["M","?","$","M","M","R","M","R","T","?","M","E","M","E","R","BOSS","M","?","M","?","?","E","$","E","T","E","?","R","M","M","R","BOSS","M","?","?","$","?","M","M","E","T","E","?","E","R","$","R","BOSS","BOSS","R","$","E"],"items_purchased_type":["Card","Card","Relic","Card","Potion","Card","Card","Relic"],"build_version":"2020-12-22","purchased_purges":3,"victory":false,"max_hp_per_floor":[64,64,64,64,64,64,64,64,64,64,64,64,64,64,64,64,64,64,64,64,64,64,64,64,64,71,71,71,71,71,71,71,71,71,71,71,71,71,71,71,71,71,71,71,71,71,71,81,81,81,81,81,81,81,81,81],"relic_stats":{"Darkstone Periapt":0,"Regal Pillow":0,"Dream Catcher":0,"counters":[28,164],"Bag of Preparation":[48],"War Paint":["Defend_B","Dualcast"],"Orichalcum":[24],"MawBank":156,"Boot":[10],"obtain_stats":[{"Darkstone Periapt":14,"Lantern":22,"Regal Pillow":23,"Pear":48,"Oddly Smooth Stone":12,"Omamori":9,"Bag of Preparation":10,"War Paint":21,"Orichalcum":42,"MawBank":25,"Boot":44,"ClockworkSouvenir":3,"Dream Catcher":46,"Strawberry":26,"Coffee Dripper":17,"Bag of Marbles":27,"Cracked Core":0,"Runic Pyramid":34},{"Darkstone Periapt":8,"Lantern":11,"Regal Pillow":12,"Pear":25,"Oddly Smooth Stone":6,"Omamori":4,"Bag of Preparation":4,"War Paint":11,"Orichalcum":23,"MawBank":13,"Boot":24,"ClockworkSouvenir":1,"Dream Catcher":25,"Strawberry":13,"Coffee Dripper":9,"Bag of Marbles":14,"Cracked Core":0,"Runic Pyramid":18},{"Darkstone Periapt":35,"Lantern":48,"Regal Pillow":52,"Pear":136,"Oddly Smooth Stone":25,"Omamori":16,"Bag of Preparation":16,"War Paint":48,"Orichalcum":119,"MawBank":57,"Boot":126,"ClockworkSouvenir":4,"Dream Catcher":136,"Strawberry":57,"Coffee Dripper":40,"Bag of Marbles":62,"Cracked Core":0,"Runic Pyramid":90}]},"card_choices":[{"not_picked":["Turbo","Coolheaded"],"picked":"Gash","floor":1.0},{"not_picked":["Blizzard","Skim"],"picked":"Sweeping Beam","floor":4.0},{"not_picked":["Turbo","Redo"],"picked":"Sweeping Beam","floor":5.0},{"not_picked":["Scrape","Sweeping Beam"],"picked":"Ball Lightning","floor":7.0},{"not_picked":["Storm","Lockon"],"picked":"Echo Form","floor":11.0},{"not_picked":["Reboot","Barrage","Beam Cell"],"picked":"SKIP","floor":12.0},{"not_picked":["Leap","Barrage"],"picked":"Hologram","floor":13.0},{"not_picked":["Static Discharge","Barrage"],"picked":"Biased Cognition","floor":14.0},{"not_picked":["Reboot","Creative AI"],"picked":"Biased Cognition","floor":16.0},{"not_picked":["Sweeping Beam","Stack+1","Rebound"],"picked":"SKIP","floor":18.0},{"not_picked":["Lockon","Skim"],"picked":"Glacier","floor":20.0},{"not_picked":["Conserve Battery","Hologram","Stack"],"picked":"SKIP","floor":23.0},{"not_picked":["Doom and Gloom+1","Gash","Streamline"],"picked":"SKIP","floor":25.0},{"not_picked":["Streamline","Redo","Auto Shields"],"picked":"SKIP","floor":27.0},{"not_picked":["Streamline","Cold Snap","Leap"],"picked":"SKIP","floor":28.0},{"not_picked":["Rebound","Steam"],"picked":"Coolheaded","floor":30.0},{"not_picked":["Reboot","Sweeping Beam","Cold Snap"],"picked":"SKIP","floor":31.0},{"not_picked":["Biased Cognition","Amplify"],"picked":"Echo Form","floor":33.0},{"not_picked":["Sweeping Beam+1","Coolheaded"],"picked":"Defragment","floor":35.0},{"not_picked":["Sweeping Beam","Beam Cell"],"picked":"Conserve Battery+1","floor":37.0},{"not_picked":["Stack","Loop"],"picked":"Turbo","floor":40.0},{"not_picked":["Auto Shields","Heatsinks","Sweeping Beam"],"picked":"SKIP","floor":41},{"not_picked":["Biased Cognition","Cold Snap"],"picked":"Redo+1","floor":42},{"not_picked":["Gash","Steam"],"picked":"Recycle","floor":44},{"not_picked":["Rebound","Defragment"],"picked":"Buffer","floor":46}],"player_experience":1894414,"relics_obtained":[{"floor":9.0,"key":"Omamori"},{"floor":12.0,"key":"Oddly Smooth Stone"},{"floor":14.0,"key":"Darkstone Periapt"},{"floor":21.0,"key":"War Paint"},{"floor":23.0,"key":"Regal Pillow"},{"floor":25.0,"key":"MawBank"},{"floor":26.0,"key":"Strawberry"},{"floor":27.0,"key":"Bag of Marbles"},{"floor":42,"key":"Orichalcum"},{"floor":44,"key":"Boot"},{"floor":46,"key":"Dream Catcher"}],"event_choices":[{"damage_healed":0.0,"max_hp_gain":0.0,"max_hp_loss":0.0,"gold_gain":0.0,"event_name":"The Cleric","player_choice":"Leave","floor":2.0,"gold_loss":0.0,"damage_taken":0.0},{"damage_healed":0.0,"max_hp_gain":0.0,"max_hp_loss":0.0,"gold_gain":0.0,"event_name":"Big Fish","player_choice":"Box","floor":10.0,"gold_loss":0.0,"damage_taken":0.0,"relics_obtained":["Bag of Preparation"],"cards_obtained":["Regret"]},{"damage_healed":0.0,"max_hp_gain":0.0,"max_hp_loss":0.0,"gold_gain":0.0,"event_name":"Vampires","player_choice":"Ignored","floor":19.0,"gold_loss":0.0,"damage_taken":0.0},{"damage_healed":0.0,"max_hp_gain":0.0,"max_hp_loss":0.0,"gold_gain":0.0,"event_name":"WeMeetAgain","player_choice":"Paid Gold","floor":22.0,"gold_loss":79.0,"damage_taken":0.0,"relics_obtained":["Lantern"]},{"damage_healed":0.0,"max_hp_gain":0.0,"max_hp_loss":0.0,"gold_gain":0.0,"event_name":"Match and Keep!","player_choice":"0 cards matched","floor":36.0,"gold_loss":0.0,"damage_taken":0.0,"cards_obtained":[]},{"damage_healed":0.0,"max_hp_gain":0.0,"max_hp_loss":0.0,"gold_gain":0.0,"event_name":"Tomb of Lord Red Mask","player_choice":"Ignored","floor":39.0,"gold_loss":0.0,"damage_taken":0.0},{"damage_healed":0,"gold_gain":0,"player_choice":"Got Potions","damage_taken":0,"max_hp_gain":0,"max_hp_loss":0,"event_name":"Lab","floor":45,"gold_loss":0}],"is_beta":false,"boss_relics":[{"not_picked":["Ectoplasm","Busted Crown"],"picked":"Coffee Dripper"},{"not_picked":["Velvet Choker","Pandora\u0027s Box"],"picked":"Runic Pyramid"}],"items_purged_floors":[3,38,48],"is_endless":false,"potions_floor_spawned":[4,5,7,14,16,20,28,30,31,33,40,41,42,44],"killed_by":"Shield and Spear","ascension_level":20}}