{"host":"ttx8tv95o5vka1nm","time":1613621177,"event":{"mods":["AchievementEnabler","BaseMod","Better Altar","Better Sensory Stone","Better Skull","Better Vampires","BetterRewards","Colored Map","Defuse TimeMaze Blight","Energized Spire","Evolution","Hubris","Infinite Spire","Minty Spire (QoL Compilation)","Relic Filter Mod","Relic Sorter","Reliquary","Replay The Spire","Shade Mod","Shop Mod","Spicy Shops","StSLib","The Blue Laboratory","Wandering Minibosses"],"gold_per_floor":[118,133,133,148,148,180,156,189,239,239,273,285,297,18,18,18,18],"floor_reached":16,"language":"ENG","playtime":1117,"items_purged":["Defend_R"],"score":122,"play_id":"97b33663-6f12-4ac3-b295-c0e70248f5f9","local_time":"20210218140617","is_ascension_mode":true,"campfire_choices":[{"floor":10,"key":"REST"},{"floor":15,"key":"REST"}],"circlet_count":0,"master_deck":["Thunderclap","Thunderclap","Thunderclap","Strike_R","Strike_R","Defend_R","Defend_R","Defend_R","Bash","Immolate","Battle Trance","Iron Wave","infinitespire:Fortify","Shrug It Off+1","Reckless Charge","Dual Wield","Heavy Blade"],"relics":["Burning Blood","EVO:Axolotl","reliquary:PurpleTingedLeaf","Tiny Chest","reliquary:TuningFork","Ring of Panic","MerchantsRug","Dream Catcher"],"acts_visited":["Exordium"],"potions_floor_usage":[8],"damage_taken":[{"damage":3,"enemies":"Jaw Worm","floor":1,"turns":3},{"damage":4,"enemies":"2 Louse","floor":2,"turns":2},{"damage":2,"enemies":"Small Slimes","floor":4,"turns":5},{"damage":49,"enemies":"Lagavulin","floor":6,"turns":9},{"damage":17,"enemies":"Gremlin Nob","floor":8,"turns":5},{"damage":14,"enemies":"3 Sentries","floor":11,"turns":4},{"damage":59,"enemies":"Hexaghost","floor":16,"turns":13}],"seed_played":"5508910083751292467","potions_obtained":[{"floor":4,"key":"blueLaboratory:NullPotion"},{"floor":6,"key":"BlessingOfTheForge"},{"floor":11,"key":"blueLaboratory:HeartbeatPotion"}],"is_trial":false,"path_per_floor":["M","M","?","M","?","E","?","E","T","R","E","?","?","$","R","B"],"character_chosen":"IRONCLAD","items_purchased":["MerchantsRug","Dream Catcher"],"campfire_rested":2,"item_purchase_floors":[14,14],"current_hp_per_floor":[80,80,60,64,64,21,21,12,12,36,30,30,30,30,54,0,0],"gold":18,"neow_bonus":"ONE_RANDOM_RARE_CARD","is_daily":false,"chose_seed":false,"campfire_upgraded":0,"win_rate":0.0,"timestamp":1613621177,"path_taken":["M","M","?","M","?","E","?","E","T","R","E","?","?","$","R","BOSS"],"items_purchased_type":["Relic","Relic"],"build_version":"2020-12-22","purchased_purges":1,"victory":false,"max_hp_per_floor":[80,80,80,80,80,80,80,80,80,80,80,80,80,80,80,80,80],"card_choices":[{"not_picked":["Power Through","Pommel Strike"],"picked":"Battle Trance","floor":1},{"not_picked":["Pommel Strike","Combust"],"picked":"Iron Wave","floor":2},{"not_picked":["infinitespire:DeathsTouch","Replay:Fractal Strike"],"picked":"infinitespire:Fortify","floor":3},{"not_picked":["Warcry","Thunderclap","Evolve"],"picked":"SKIP","floor":4},{"not_picked":["Clash","Havoc","Thunderclap"],"picked":"SKIP","floor":6},{"not_picked":["Warcry","Sever Soul"],"picked":"Reckless Charge","floor":8},{"not_picked":["Run Through","Blood for Blood"],"picked":"Dual Wield","floor":11},{"not_picked":["Infernal Blade","Sword Boomerang"],"picked":"Heavy Blade","floor":15}],"player_experience":783339,"relics_obtained":[{"floor":6,"key":"reliquary:PurpleTingedLeaf"},{"floor":8,"key":"Tiny Chest"},{"floor":9,"key":"reliquary:TuningFork"},{"floor":11,"key":"MawBank"},{"floor":13,"key":"Ring of Panic"}],"event_choices":[{"damage_healed":0,"gold_gain":0,"player_choice":"Left Gold","damage_taken":0,"max_hp_gain":0,"max_hp_loss":0,"event_name":"World of Goop","floor":7,"gold_loss":24}],"is_beta":false,"boss_relics":[],"items_purged_floors":[14],"is_endless":false,"potions_floor_spawned":[4,6,11],"killed_by":"Hexaghost","ascension_level":1}}