{"host":"hygln5axy5suw4oc","time":1613621908,"event":{"mods":["BaseMod","Colored Powertips","Custom Start","Infinite Spire","Minty Spire (QoL Compilation)","Replay The Spire","StSLib"],"gold_per_floor":[99,99999363,99999424,99999443,99999403,99998947,99998973,99998973,99999000,99998875,99998875,99998895,99998923,99998873,99998873,99998975,99998975,99998993,99998908,99998908,99998365,99998376,99998376,99998396,99998396,99998422,99998422,99997899,99997911,99998011,99997495,99997495,99997607,99997607,99997624,99997636,99997636,99997322,99997372,99997372,99997372,99997372,99997395,99997395,99997395,99997395,99997432,99997447,99997447,99997447],"floor_reached":51,"language":"ENG","playtime":3246,"items_purged":["Strike_G","Strike_G","Flying Knee","Strike_G","Defend_G","Overencumbered","Defend_G","Strike_G","ReplayTheSpireMod:Doomed"],"score":773,"play_id":"97f3b4d7-d831-4a76-b646-12db4e5a48fb","local_time":"20210217231828","daily_mods":["Flight"],"is_ascension_mode":false,"campfire_choices":[{"floor":8,"key":"REST"},{"floor":11,"key":"REST"},{"data":"Cloak And Dagger","floor":15,"key":"SMITH"},{"data":"Deadly Poison","floor":23,"key":"SMITH"},{"data":"Burst","floor":25,"key":"SMITH"},{"data":"ReplayTheSpireMod:Shiv Toss","floor":27,"key":"SMITH"},{"data":"Die Die Die","floor":40,"key":"SMITH"},{"data":"Accuracy","floor":42,"key":"SMITH"},{"data":"Hidden Blade","floor":44,"key":"SMITH"},{"data":"Blade Dance","floor":46,"key":"SMITH"},{"data":"ReplayTheSpireMod:Echoes of Time","floor":49,"key":"SMITH"}],"circlet_count":0,"master_deck":["Survivor","Neutralize","ReplayTheSpireMod:Necrosis+1","Acrobatics+1","Burst+1","Leg Sweep","Blade Dance+1","Infinite Blades+1","Cloak And Dagger+1","Outmaneuver+1","Deadly Poison+1","Die Die Die","Shame","Poisoned Stab+1","Dagger Spray","Noxious Fumes+1","ReplayTheSpireMod:Shiv Toss+1","A Thousand Cuts","Accuracy+1","infinitespire:Neurotoxin+1","ReplayUltimateDefense+1","Accuracy+1","Hidden Blade+1","ReplayTheSpireMod:Echoes of Time+1","ReplayTheSpireMod:The Works","Flying Knee+1","Blade Dance","Replay:Poison Smokescreen","infinitespire:Punishment+1"],"relics":["Ring of the Snake","replay:Trail_Library","Pen Nib","Paper Crane","Orichalcum","ClockworkSouvenir","Letter Opener","infinitespire:Beetle Shell","infinitespire:Joker Card","Replay:Ancient Bell","Happy Flower","Matryoshka","infinitespire:Golems Mask","Gambling Chip","Thread and Needle","Membership Card","Regal Pillow","Pantograph","Tingsha","Lee\u0027s Waffle","Replay:Wanted Poster","Frozen Egg 2","Molten Egg 2","infinitespire:Midas Blood","HoveringKite","Golden Egg","Ancient Tea Set","Basket Of Snakes","Frozen Egg 2","War Paint","Pandora\u0027s Box","Mercury Hourglass"],"acts_visited":["Exordium","TheCity","TheBeyond"],"potions_floor_usage":[],"damage_taken":[{"damage":1,"enemies":"Jaw Worm","floor":4,"turns":6},{"damage":20,"enemies":"Gremlin Nob","floor":7,"turns":6},{"damage":0,"enemies":"Cultist","floor":12,"turns":3},{"damage":18,"enemies":"3 Sentries","floor":13,"turns":8},{"damage":28,"enemies":"Slime Boss","floor":16,"turns":12},{"damage":0,"enemies":"Chosen","floor":18,"turns":4},{"damage":1,"enemies":"Spheric Guardian","floor":22,"turns":5},{"damage":0,"enemies":"Shelled Parasite and Fungi","floor":24,"turns":4},{"damage":3,"enemies":"Centurion and Healer","floor":29,"turns":4},{"damage":9,"enemies":"Pondfish","floor":33,"turns":6},{"damage":0,"enemies":"3 Darklings","floor":35,"turns":2},{"damage":1,"enemies":"3 Shapes","floor":36,"turns":5},{"damage":0,"enemies":"Mind Bloom Boss Battle","floor":39,"turns":4},{"damage":10,"enemies":"Nemesis","floor":47,"turns":3},{"damage":0,"enemies":"Jaw Worm Horde","floor":48,"turns":3},{"damage":0,"enemies":"Time Eater","floor":50,"turns":5}],"seed_played":"908957717482760402","potions_obtained":[{"floor":4,"key":"Milkshake"},{"floor":12,"key":"LiquidBronze"},{"floor":16,"key":"SkillPotion"}],"is_trial":true,"path_per_floor":["?","$","?","M","?","$","E","R","T","$","R","M","E","?","R","B",null,"M","?","?","$","M","R","M","R","T","R","$","M","AVR","$","R","B",null,"M","M","?","$","?","R","?","R","T","R","AVR","R","E","M","R","B",null],"character_chosen":"THE_SILENT","items_purchased":["Acrobatics","Burst","Pen Nib","Paper Crane","Orichalcum","ClockworkSouvenir","Infinite Blades+1","Thread and Needle","Membership Card","Poisoned Stab+1","Pantograph","Tingsha","Lee\u0027s Waffle","A Thousand Cuts","Molten Egg 2","infinitespire:Midas Blood","infinitespire:Neurotoxin","ReplayUltimateDefense+1","Golden Egg","Ancient Tea Set"],"campfire_rested":2,"item_purchase_floors":[2,2,2,2,6,6,6,21,21,21,28,28,28,28,31,31,31,31,38,38],"current_hp_per_floor":[70,70,42,41,41,41,21,42,42,42,63,63,45,45,45,17,70,70,70,70,70,69,69,69,69,69,69,77,74,74,74,77,68,77,77,76,76,76,77,77,77,77,77,77,77,77,67,67,67,77],"gold":99997447,"neow_bonus":"","is_daily":false,"chose_seed":false,"campfire_upgraded":9,"win_rate":0.0,"timestamp":1613621908,"path_taken":["?","?","?","M","?","$","E","R","T","$","R","?","E","?","R","BOSS","M","?","?","$","?","R","M","R","T","R","$","M","AVR","?","R","BOSS","M","?","?","$","?","R","?","R","T","R","AVR","R","E","?","R","BOSS"],"items_purchased_type":["Card","Card","Relic","Relic","Relic","Relic","Card","Relic","Relic","Card","Relic","Relic","Relic","Card","Relic","Relic","Card","Card","Relic","Relic"],"build_version":"2020-12-22","purchased_purges":9,"victory":true,"max_hp_per_floor":[70,70,70,70,70,70,70,70,70,70,70,70,70,70,70,70,70,70,70,70,70,70,70,70,70,70,70,77,77,77,77,77,77,77,77,77,77,77,77,77,77,77,77,77,77,77,77,77,77,77],"card_choices":[{"not_picked":["Skewer","Blade Dance"],"picked":"Leg Sweep","floor":3},{"not_picked":["Dagger Throw","Bane"],"picked":"Blade Dance","floor":4},{"not_picked":["Backflip","Catalyst"],"picked":"Cloak And Dagger","floor":7},{"not_picked":["Quick Slash","Blade Dance"],"picked":"Outmaneuver","floor":12},{"not_picked":["Masterful Stab","Sneak Up"],"picked":"Deadly Poison","floor":13},{"not_picked":["Wraith Form v2","Phantasmal Killer"],"picked":"Die Die Die","floor":16},{"not_picked":["Looming Evil","Spreading Infection"],"picked":"Overencumbered","floor":17},{"not_picked":["Languid","Looming Evil"],"picked":"ReplayTheSpireMod:Doomed","floor":17},{"not_picked":["Looming Evil","ReplayTheSpireMod:Faulty Equipment"],"picked":"Shame","floor":17},{"not_picked":["Prepared","Outmaneuver","Deflect"],"picked":"SKIP","floor":18},{"not_picked":["PiercingWail","Dash"],"picked":"Dagger Spray","floor":22},{"not_picked":["Well Laid Plans","Masterful Stab+1"],"picked":"Noxious Fumes+1","floor":24},{"not_picked":["ReplayTheSpireMod:Shiv Toss","Infinite Blades"],"picked":"Accuracy","floor":29},{"not_picked":["Poisoned Stab+1","Prepared","Fluid Movement+1"],"picked":"SKIP","floor":35},{"not_picked":["Well Laid Plans+1","Backflip+1"],"picked":"Accuracy+1","floor":36},{"not_picked":["Bane+1","Dodge and Roll","ReplayTheSpireMod:Tripwire+1"],"picked":"SKIP","floor":47},{"not_picked":["Dagger Spray+1","PiercingWail","Deadly Poison"],"picked":"SKIP","floor":48}],"player_experience":438920,"relics_obtained":[{"floor":7,"key":"Letter Opener"},{"floor":9,"key":"infinitespire:Beetle Shell"},{"floor":13,"key":"infinitespire:Joker Card"},{"floor":26,"key":"Regal Pillow"},{"floor":39,"key":"Basket Of Snakes"},{"floor":43,"key":"Frozen Egg 2"},{"floor":43,"key":"War Paint"}],"event_choices":[{"damage_healed":0,"gold_gain":0,"player_choice":"Bought 3 Potions","damage_taken":0,"max_hp_gain":0,"max_hp_loss":0,"event_name":"The Woman in Blue","floor":5,"gold_loss":0},{"damage_healed":0,"gold_gain":0,"player_choice":"Obtained Relic","damage_taken":0,"relics_obtained":["Gambling Chip"],"max_hp_gain":0,"max_hp_loss":0,"event_name":"Addict","floor":19,"gold_loss":85},{"damage_healed":0,"gold_gain":0,"player_choice":"Copied","damage_taken":0,"max_hp_gain":0,"max_hp_loss":0,"event_name":"Duplicator","floor":20,"gold_loss":0,"cards_obtained":["Die Die Die"]},{"damage_healed":0,"gold_gain":0,"player_choice":"Memory 1","damage_taken":0,"max_hp_gain":0,"max_hp_loss":0,"event_name":"SensoryStone","floor":37,"gold_loss":0},{"damage_healed":0,"gold_gain":0,"player_choice":"Fight","damage_taken":0,"max_hp_gain":0,"max_hp_loss":0,"event_name":"MindBloom","floor":39,"gold_loss":0},{"cards_removed":["Die Die Die"],"damage_healed":0,"gold_gain":0,"player_choice":"Removed Attack","damage_taken":0,"max_hp_gain":0,"max_hp_loss":0,"event_name":"Falling","floor":41,"gold_loss":0}],"is_beta":false,"boss_relics":[{"not_picked":["Philosopher\u0027s Stone","Painkiller Herb"],"picked":"Replay:Ancient Bell"},{"not_picked":["Potion Belt","Nunchaku"],"picked":"Happy Flower"},{"not_picked":["Replay:Accelerometer","Meat on the Bone"],"picked":"Matryoshka"},{"not_picked":["Replay:Arrowhead","Peace Pipe"],"picked":"infinitespire:Golems Mask"},{"not_picked":["ReplayTheSpireMod:DimensionalGlitch","Snecko Scales"],"picked":"HoveringKite"}],"items_purged_floors":[2,6,10,21,28,30,31,38,45],"is_endless":false,"potions_floor_spawned":[4,12,16,24,33,36,47,48],"ascension_level":0}}