{"host":"ae5qzhu73hqqkzt3","time":1613621650,"event":{"mods":["2.2 Compatiblity","AchievementEnabler","AlwaysNeverKeys","Aspiration","BaseMod","Better Note","BetterRewards","Jorbs\u0027s Wanderer Trilogy","Minty Spire (QoL Compilation)","Replay The Spire","StSLib","The Hierophant"],"gold_per_floor":[117,117,142,142,169,194,194,209,233,252,280,294,294,306,306,408,408,419,432,443,135,161,161,191,210,210,55,66,86,86,99,99,197,197,216,216,216],"floor_reached":36,"language":"ENG","playtime":4253,"items_purged":[],"score":925,"play_id":"1a462612-d1a3-4bc5-b57f-4a1c5bd948b3","local_time":"20210217231410","is_ascension_mode":false,"campfire_choices":[{"data":"stsjorbsmod:TrueStrike","floor":7.0,"key":"SMITH"},{"data":"stsjorbsmod:FindFamiliar","floor":15.0,"key":"SMITH"},{"data":"stsjorbsmod:ThirstingSword","floor":23.0,"key":"SMITH"}],"circlet_count":0,"master_deck":["stsjorbsmod:ForbiddenGrimoire+1","stsjorbsmod:Strike_Wanderer","stsjorbsmod:Strike_Wanderer+1","stsjorbsmod:Strike_Wanderer","stsjorbsmod:Strike_Wanderer","stsjorbsmod:Defend_Wanderer+1","stsjorbsmod:Defend_Wanderer+1","stsjorbsmod:Defend_Wanderer","stsjorbsmod:Defend_Wanderer+1","stsjorbsmod:FreshAdventure","stsjorbsmod:EyeOfTheStorm+1","stsjorbsmod:TinyHut","stsjorbsmod:Counterspell+1","stsjorbsmod:WanderingMind+1","stsjorbsmod:TrueStrike+1","Injury","stsjorbsmod:FaerieFire+1","stsjorbsmod:Inferno+1","stsjorbsmod:MistyStep+1","stsjorbsmod:FlameWard+1","stsjorbsmod:FindFamiliar+1","stsjorbsmod:ThirstingSword+1","Bouncing Flask+1","stsjorbsmod:Patron","Toxin Wave+1","ReplayTheSpireMod:Scrap Shanks","ReplayTheSpireMod:Scrap Shanks+1","stsjorbsmod:Determination+1","Accuracy","stsjorbsmod:Pyromancy+1","stsjorbsmod:ScorchingRay+1","stsjorbsmod:Counterspell+1","Delirium","Bullet Time+1","stsjorbsmod:PollutedStrike","Voices","Clumsy","Acrobatics+1"],"relics":["stsjorbsmod:GrimoireRelic","aspiration:AnachronicSnailShell","Toxic Egg 2","War Paint","Ancient Tea Set","Regal Pillow","Quantum Egg","Matryoshka","aspiration:SilentSkillbook","Molten Egg 2","Golden Egg","Bronze Scales","Sundial","ReplayTheSpireMod:Ring of Collecting","Ring of Panic","Replay:Ancient Bell","Oddly Smooth Stone","The Courier","Shovel"],"acts_visited":["Exordium","TheCity","TheBeyond"],"potions_floor_usage":[36],"damage_taken":[{"damage":2.0,"enemies":"Cultist","floor":1.0,"turns":5.0},{"damage":1.0,"enemies":"Jaw Worm","floor":3.0,"turns":7.0},{"damage":0.0,"enemies":"Replay:BlueRogue","floor":6.0,"turns":7.0},{"damage":0.0,"enemies":"Small Slimes","floor":8.0,"turns":3.0},{"damage":0.0,"enemies":"Gremlin Gang","floor":10.0,"turns":3.0},{"damage":11.0,"enemies":"3 Sentries","floor":11.0,"turns":5.0},{"damage":2.0,"enemies":"Red Slaver","floor":12.0,"turns":2.0},{"damage":0.0,"enemies":"Looter","floor":14.0,"turns":2.0},{"damage":22.0,"enemies":"Slime Boss","floor":16.0,"turns":9.0},{"damage":3.0,"enemies":"3 Byrds","floor":18.0,"turns":5.0},{"damage":1.0,"enemies":"Spheric Guardian","floor":19.0,"turns":4.0},{"damage":4.0,"enemies":"3 Cultists","floor":20.0,"turns":5.0},{"damage":5.0,"enemies":"Snake Plant","floor":22.0,"turns":5.0},{"damage":5.0,"enemies":"Gremlin Leader","floor":24.0,"turns":5.0},{"damage":7.0,"enemies":"Snecko","floor":25.0,"turns":4.0},{"damage":13.0,"enemies":"3 Cultists","floor":28.0,"turns":5.0},{"damage":27.0,"enemies":"Shelled Parasite and Fungi","floor":29.0,"turns":6.0},{"damage":10.0,"enemies":"Centurion and Healer","floor":31.0,"turns":5.0},{"damage":33.0,"enemies":"Pondfish","floor":33.0,"turns":7.0},{"damage":48.0,"enemies":"3 Shapes","floor":35.0,"turns":6.0},{"damage":31,"enemies":"3 Darklings","floor":36,"turns":3}],"seed_played":"-3016052925974177502","potions_obtained":[{"floor":1.0,"key":"Languid Potion"},{"floor":3.0,"key":"ColorlessPotion"},{"floor":8.0,"key":"Explosive Potion"},{"floor":12.0,"key":"Languid Potion"},{"floor":14.0,"key":"BlessingOfTheForge"},{"floor":18.0,"key":"Energy Potion"},{"floor":19.0,"key":"Swift Potion"},{"floor":25.0,"key":"Dexterity Potion"},{"floor":31.0,"key":"Swift Potion"}],"is_trial":false,"path_per_floor":["M","?","M","?","T","E","R","M","T","M","E","M","?","M","R","B",null,"M","M","M","$","M","R","E","M","T","$","M","M","?","M","R","B",null,"M","M"],"character_chosen":"WANDERER","items_purchased":["stsjorbsmod:TinyHut","stsjorbsmod:Counterspell","ReplayTheSpireMod:Scrap Shanks","Molten Egg 2","stsjorbsmod:Pyromancy"],"campfire_rested":0,"item_purchase_floors":[0,0,21,21,27],"current_hp_per_floor":[54,54,59,59,59,61,61,64,64,65,56,55,55,55,55,33,70,76,76,79,79,77,77,77,72,72,72,72,60,60,69,69,41,69,25,0,0],"gold":216,"neow_bonus":"","is_daily":false,"chose_seed":false,"campfire_upgraded":3,"win_rate":0.0,"timestamp":1613621650,"path_taken":["M","?","M","?","?","E","R","?","T","M","E","M","?","M","R","BOSS","M","?","M","?","?","R","E","M","T","$","M","M","?","M","R","BOSS","M","?"],"items_purchased_type":["Card","Card","Card","Relic","Card"],"build_version":"2020-12-22","purchased_purges":0,"victory":false,"max_hp_per_floor":[68,68,70,70,70,70,70,70,70,70,70,70,70,70,70,70,70,76,76,79,79,79,79,77,77,77,77,75,73,73,71,71,69,69,69,69,69],"card_choices":[{"not_picked":["stsjorbsmod:DoubleCheck","stsjorbsmod:LoseGrip"],"picked":"stsjorbsmod:WanderingMind","floor":1.0},{"not_picked":["stsjorbsmod:Index","stsjorbsmod:Firebolt"],"picked":"stsjorbsmod:TrueStrike","floor":3.0},{"not_picked":["stsjorbsmod:FracturedMind","stsjorbsmod:DoubleCheck+1"],"picked":"stsjorbsmod:FaerieFire+1","floor":6.0},{"not_picked":["stsjorbsmod:SchoolsOfMagic+1","stsjorbsmod:Prepare+1"],"picked":"stsjorbsmod:Inferno+1","floor":8.0},{"not_picked":["stsjorbsmod:Firebolt","stsjorbsmod:WeightOfMemory"],"picked":"stsjorbsmod:MistyStep+1","floor":10.0},{"not_picked":["stsjorbsmod:FaerieFire+1","stsjorbsmod:Prestidigitation"],"picked":"stsjorbsmod:Patron","floor":11.0},{"not_picked":["stsjorbsmod:Will+1","stsjorbsmod:FindFamiliar"],"picked":"stsjorbsmod:FlameWard+1","floor":12.0},{"not_picked":["stsjorbsmod:TrueStrike","stsjorbsmod:Hibernate+1"],"picked":"stsjorbsmod:FindFamiliar","floor":14.0},{"not_picked":["stsjorbsmod:SiphonEnergy+1","stsjorbsmod:MirrorImage+1"],"picked":"stsjorbsmod:ThirstingSword","floor":16.0},{"not_picked":["stsjorbsmod:Thorns+1","Infinite Blades","Deadly Poison+1"],"picked":"Bouncing Flask+1","floor":18.0},{"not_picked":["stsjorbsmod:ColorSpray","Tactician+1","Draining Mist+1"],"picked":"stsjorbsmod:Patron","floor":19.0},{"not_picked":["stsjorbsmod:OldPocket+1","PiercingWail+1","stsjorbsmod:ArcaneWeapon"],"picked":"Toxin Wave+1","floor":20.0},{"not_picked":["stsjorbsmod:MistyStep+1","Masterful Stab+1","stsjorbsmod:Prestidigitation","ReplayTheSpireMod:The Works+1"],"picked":"SKIP","floor":22.0},{"not_picked":["Dagger Throw+1","PiercingWail+1","Dagger Spray+1"],"picked":"stsjorbsmod:Determination+1","floor":24.0},{"not_picked":["stsjorbsmod:ColorSpray+1","Riddle With Holes+1","PiercingWail+1","Accuracy"],"picked":"SKIP","floor":25.0},{"not_picked":["stsjorbsmod:ColorSpray+1","Riddle With Holes+1","PiercingWail+1"],"picked":"Accuracy","floor":25.0},{"not_picked":["stsjorbsmod:MagicMissiles+1","stsjorbsmod:RayOfFrost+1","Blur+1"],"picked":"stsjorbsmod:ScorchingRay+1","floor":28.0},{"not_picked":["stsjorbsmod:UnseenServant+1","Slice+1","stsjorbsmod:RayOfFrost+1","stsjorbsmod:Prepare+1"],"picked":"SKIP","floor":29.0},{"not_picked":["stsjorbsmod:FranticSearch+1","stsjorbsmod:DoubleCheck+1","Bane+1"],"picked":"stsjorbsmod:Counterspell+1","floor":31.0},{"not_picked":["stsjorbsmod:Banish+1","Poison Darts+1","stsjorbsmod:Entangle"],"picked":"Bullet Time+1","floor":33.0},{"not_picked":["Normality","ReplayTheSpireMod:Splinters","Amnesia"],"picked":"stsjorbsmod:PollutedStrike","floor":34.0},{"not_picked":["Overencumbered","CurseOfTheBell","Shame"],"picked":"Voices","floor":34.0},{"not_picked":["Doubt","Amnesia","Hallucinations"],"picked":"Clumsy","floor":34.0},{"not_picked":["Sucker Punch+1","stsjorbsmod:Will+1","Quick Slash+1"],"picked":"Acrobatics+1","floor":35}],"player_experience":1146349,"relics_obtained":[{"floor":5.0,"key":"War Paint"},{"floor":6.0,"key":"Ancient Tea Set"},{"floor":9.0,"key":"Regal Pillow"},{"floor":11.0,"key":"Quantum Egg"},{"floor":13.0,"key":"Matryoshka"},{"floor":24.0,"key":"Golden Egg"},{"floor":26.0,"key":"Bronze Scales"},{"floor":26.0,"key":"Sundial"},{"floor":32.0,"key":"ReplayTheSpireMod:Ring of Collecting"},{"floor":32.0,"key":"Ring of Panic"}],"event_choices":[{"damage_healed":0.0,"max_hp_gain":0.0,"max_hp_loss":0.0,"gold_gain":0.0,"event_name":"Wheel of Change","player_choice":"Relic","floor":13.0,"gold_loss":0.0,"damage_taken":0.0},{"cards_removed":["stsjorbsmod:TrueStrike"],"damage_healed":0.0,"max_hp_gain":0.0,"max_hp_loss":0.0,"gold_gain":0.0,"event_name":"betterNote:BetterNote","player_choice":"Give","floor":30.0,"gold_loss":0.0,"damage_taken":0.0,"cards_obtained":["Strike_P"]}],"is_beta":false,"boss_relics":[{"not_picked":["Replay:Drink Me","Pandora\u0027s Box"],"picked":"aspiration:SilentSkillbook"},{"not_picked":["ReplayTheSpireMod:DimensionalGlitch","Coffee Dripper"],"picked":"Replay:Ancient Bell"},{"not_picked":["Dream Catcher","ReplayFunnel"],"picked":"Oddly Smooth Stone"},{"not_picked":["InkBottle","Garlic"],"picked":"The Courier"},{"not_picked":["Prayer Wheel","Replay:Towering Pillar of Hats"],"picked":"Shovel"}],"items_purged_floors":[],"is_endless":false,"potions_floor_spawned":[1,3,8,12,14,18,19,25,31],"killed_by":"3 Darklings","ascension_level":0}}