{"host":"0utx1lcxgx5vu4k0","time":1613629388,"event":{"mods":["BaseMod","Colored Powertips","Minty Spire (QoL Compilation)","Permanent Neow","Relic Stats","StSLib"],"gold_per_floor":[114,114,130,143,143,177,197,226,252,65,99,129,129,103,103,207,207,227,41,41,41,41,74,74,86,86,1,17,17,30,62,62,165,165,178,189,243,243,243,243,273,293,293,293,326,109,159,179,179,179,179,179,79,113,113],"floor_reached":56,"language":"ENG","playtime":2021,"items_purged":["Bite","Zap"],"score":1528,"play_id":"4189701a-b814-465e-953c-8f9f0f6ceca3","local_time":"20210218012308","is_ascension_mode":true,"campfire_choices":[{"data":"1","floor":13,"key":"LIFT"},{"data":"2","floor":15,"key":"LIFT"},{"data":"3","floor":24,"key":"LIFT"},{"floor":32,"key":"RECALL"},{"floor":40,"key":"REST"},{"floor":49,"key":"REST"},{"floor":52,"key":"REST"}],"circlet_count":0,"master_deck":["Defend_B","Defend_B","Defend_B","Defend_B","Gash","Auto Shields","Gash","Sunder","Doom and Gloom","Gash","Skim","BootSequence","Seek","Scrape","Necronomicurse","Bite","Bite","Bite","Bite","Beam Cell","Chill","Compile Driver+1","Hologram+1","Echo Form","Glacier+1","Conserve Battery+1","Stack+1","Turbo+1","Go for the Eyes+1","Apotheosis","Dark Shackles","Dark Shackles","All For One+1","Gash+1","Cold Snap+1"],"relics":["Cracked Core","Orichalcum","Toy Ornithopter","InkBottle","Nunchaku","Bag of Marbles","Girya","Centennial Puzzle","Fusion Hammer","Necronomicon","Pen Nib","Prayer Wheel","Molten Egg 2","Art of War","Runic Pyramid","Turnip","Incense Burner","Boot","Lizard Tail","Vajra"],"acts_visited":["Exordium","TheCity","TheBeyond","TheEnding"],"potions_floor_usage":[8,11,16,18,31,37,41,54,55,55],"damage_taken":[{"damage":0,"enemies":"Cultist","floor":1,"turns":3},{"damage":2,"enemies":"2 Louse","floor":3,"turns":2},{"damage":1,"enemies":"Jaw Worm","floor":4,"turns":3},{"damage":27,"enemies":"3 Sentries","floor":6,"turns":8},{"damage":1,"enemies":"Looter","floor":7,"turns":3},{"damage":24,"enemies":"Lagavulin","floor":8,"turns":5},{"damage":4,"enemies":"3 Sentries","floor":11,"turns":6},{"damage":3,"enemies":"Slime Boss","floor":16,"turns":7},{"damage":1,"enemies":"2 Thieves","floor":18,"turns":3},{"damage":1,"enemies":"Slavers","floor":23,"turns":3},{"damage":0,"enemies":"3 Byrds","floor":25,"turns":2},{"damage":0,"enemies":"Shelled Parasite and Fungi","floor":28,"turns":1},{"damage":0,"enemies":"3 Cultists","floor":30,"turns":2},{"damage":4,"enemies":"Gremlin Leader","floor":31,"turns":5},{"damage":15,"enemies":"Collector","floor":33,"turns":5},{"damage":0,"enemies":"Orb Walker","floor":35,"turns":2},{"damage":0,"enemies":"3 Shapes","floor":36,"turns":1},{"damage":1,"enemies":"2 Orb Walkers","floor":37,"turns":2},{"damage":18,"enemies":"Reptomancer","floor":41,"turns":5},{"damage":0,"enemies":"Sphere and 2 Shapes","floor":42,"turns":3},{"damage":0,"enemies":"Nemesis","floor":45,"turns":5},{"damage":0,"enemies":"Mind Bloom Boss Battle","floor":47,"turns":5},{"damage":0,"enemies":"Jaw Worm Horde","floor":48,"turns":1},{"damage":5,"enemies":"Awakened One","floor":50,"turns":7},{"damage":3,"enemies":"Shield and Spear","floor":54,"turns":4},{"damage":40,"enemies":"The Heart","floor":55,"turns":5}],"seed_played":"-352305572664959971","potions_obtained":[{"floor":3,"key":"SpeedPotion"},{"floor":6,"key":"Regen Potion"},{"floor":7,"key":"CultistPotion"},{"floor":11,"key":"CultistPotion"},{"floor":16,"key":"LiquidMemories"},{"floor":25,"key":"FocusPotion"},{"floor":28,"key":"SpeedPotion"},{"floor":31,"key":"AttackPotion"},{"floor":37,"key":"SpeedPotion"},{"floor":45,"key":"LiquidBronze"}],"is_trial":false,"path_per_floor":["M","T","M","M","?","E","M","E","T","$","E","?","R","?","R","B",null,"M","$","?","?","?","E","R","M","T","?","M","$","M","E","R","B",null,"M","M","?","?","?","R","E","M","T","?","E","$","?","M","R","B",null,"R","$","E","B",null],"character_chosen":"DEFECT","items_purchased":["Bag of Marbles","Skim","Scrape","Blood Vial","All For One+1"],"campfire_rested":3,"item_purchase_floors":[10,10,19,19,46],"current_hp_per_floor":[68,68,66,65,47,20,19,14,14,14,15,15,15,15,15,17,89,88,88,71,55,55,64,64,66,66,66,70,70,74,85,85,84,94,94,94,94,94,94,94,86,90,90,80,94,94,94,94,94,94,94,94,94,94,66],"gold":113,"neow_bonus":"TWENTY_PERCENT_HP_BONUS","is_daily":false,"chose_seed":false,"campfire_upgraded":0,"win_rate":0.0,"timestamp":1613629388,"path_taken":["M","?","M","?","?","E","M","E","T","$","E","?","R","?","R","BOSS","M","$","?","?","?","E","R","M","T","?","M","?","M","E","R","BOSS","M","M","?","?","?","R","E","?","T","?","E","$","?","M","R","BOSS","R","$","E","BOSS"],"items_purchased_type":["Relic","Card","Card","Relic","Card"],"build_version":"2020-12-22","purchased_purges":2,"victory":true,"max_hp_per_floor":[89,89,89,89,89,89,89,89,89,89,89,89,89,89,89,89,89,89,89,94,94,94,94,94,94,94,94,94,94,94,94,94,94,94,94,94,94,94,94,94,94,94,94,94,94,94,94,94,94,94,94,94,94,94,94],"relic_stats":{"counters":[26,98],"Pen Nib":[20],"Orichalcum":[150],"Boot":[0],"Nunchaku":[25],"Centennial Puzzle":[30],"Lizard Tail":0,"Prayer Wheel":6,"Turnip":[7],"Necronomicon":[30],"Art of War":[0],"obtain_stats":[{"Girya":11,"Vajra":54,"Pen Nib":23,"Incense Burner":41,"Orichalcum":2,"Boot":45,"Blood Vial":19,"Nunchaku":9,"Centennial Puzzle":12,"Lizard Tail":47,"Prayer Wheel":26,"Molten Egg 2":27,"Fusion Hammer":17,"Turnip":37,"Bag of Marbles":10,"Necronomicon":21,"Art of War":31,"Cracked Core":0,"Toy Ornithopter":6,"InkBottle":8,"Runic Pyramid":34},{"Girya":7,"Vajra":25,"Pen Nib":10,"Incense Burner":19,"Orichalcum":1,"Boot":21,"Blood Vial":9,"Nunchaku":6,"Centennial Puzzle":7,"Lizard Tail":22,"Prayer Wheel":11,"Molten Egg 2":11,"Fusion Hammer":8,"Turnip":18,"Bag of Marbles":6,"Necronomicon":9,"Art of War":14,"Cracked Core":0,"Toy Ornithopter":4,"InkBottle":6,"Runic Pyramid":15},{"Girya":30,"Vajra":93,"Pen Nib":43,"Incense Burner":68,"Orichalcum":3,"Boot":76,"Blood Vial":40,"Nunchaku":24,"Centennial Puzzle":30,"Lizard Tail":81,"Prayer Wheel":45,"Molten Egg 2":45,"Fusion Hammer":37,"Turnip":63,"Bag of Marbles":24,"Necronomicon":40,"Art of War":53,"Cracked Core":0,"Toy Ornithopter":16,"InkBottle":24,"Runic Pyramid":58}],"Toy Ornithopter":29,"InkBottle":[41]},"card_choices":[{"not_picked":["Go for the Eyes","Turbo"],"picked":"Gash","floor":1},{"not_picked":["Steam Power","Blizzard"],"picked":"Auto Shields","floor":3},{"not_picked":["Rebound","Skim"],"picked":"Gash","floor":4},{"not_picked":["Compile Driver","Undo"],"picked":"Sunder","floor":6},{"not_picked":["Coolheaded","Compile Driver"],"picked":"Doom and Gloom","floor":7},{"not_picked":["Stack","Steam"],"picked":"Gash","floor":8},{"not_picked":["Blizzard","Reprogram"],"picked":"BootSequence","floor":11},{"not_picked":["Creative AI","Multi-Cast"],"picked":"Seek","floor":16},{"not_picked":["Steam","Rebound","Defragment"],"picked":"SKIP","floor":18},{"not_picked":["Hologram","Conserve Battery"],"picked":"Beam Cell","floor":23},{"not_picked":["White Noise","Sunder","Sweeping Beam+1"],"picked":"SKIP","floor":25},{"not_picked":["Streamline+1","Hyperbeam+1"],"picked":"Chill","floor":28},{"not_picked":["Sweeping Beam+1","Streamline+1"],"picked":"Compile Driver+1","floor":28},{"not_picked":["White Noise+1","Compile Driver+1"],"picked":"Hologram+1","floor":30},{"not_picked":["Loop","Rebound+1"],"picked":"Echo Form","floor":30},{"not_picked":["Stack","Hologram","Leap"],"picked":"SKIP","floor":31},{"not_picked":["Hello World","Reprogram"],"picked":"Glacier+1","floor":35},{"not_picked":["Rebound+1","Conserve Battery","Sunder+1"],"picked":"SKIP","floor":35},{"not_picked":["Stack","Doom and Gloom+1"],"picked":"Conserve Battery+1","floor":36},{"not_picked":["Steam Power","Sweeping Beam+1"],"picked":"Stack+1","floor":36},{"not_picked":["Storm+1","Ball Lightning+1"],"picked":"Turbo+1","floor":37},{"not_picked":["Turbo","Streamline+1","Sweeping Beam+1"],"picked":"SKIP","floor":41},{"not_picked":["Auto Shields","Barrage+1"],"picked":"Go for the Eyes+1","floor":42},{"not_picked":["Ball Lightning+1","Redo","Sweeping Beam+1"],"picked":"SKIP","floor":42},{"not_picked":["Good Instincts","Panache"],"picked":"Apotheosis","floor":44},{"not_picked":["Discovery","Mind Blast+1"],"picked":"Dark Shackles","floor":44},{"not_picked":["Secret Technique","Violence"],"picked":"Dark Shackles","floor":44},{"not_picked":["Conserve Battery","Stack","Compile Driver+1"],"picked":"SKIP","floor":45},{"not_picked":["Stack","Fusion"],"picked":"Gash+1","floor":48},{"not_picked":["Stack+1","Rebound+1"],"picked":"Cold Snap+1","floor":48},{"not_picked":["Rebound+1","Redo","Meteor Strike+1"],"picked":"SKIP","floor":54}],"player_experience":65357,"relics_obtained":[{"floor":2,"key":"Orichalcum"},{"floor":6,"key":"Toy Ornithopter"},{"floor":8,"key":"InkBottle"},{"floor":9,"key":"Nunchaku"},{"floor":11,"key":"Girya"},{"floor":21,"key":"Necronomicon"},{"floor":23,"key":"Pen Nib"},{"floor":26,"key":"Prayer Wheel"},{"floor":31,"key":"Art of War"},{"floor":37,"key":"Turnip"},{"floor":41,"key":"Incense Burner"},{"floor":45,"key":"Boot"},{"floor":47,"key":"Lizard Tail"},{"floor":54,"key":"Vajra"}],"event_choices":[{"damage_healed":0,"gold_gain":0,"player_choice":"Entered Light","damage_taken":18,"max_hp_gain":0,"max_hp_loss":0,"event_name":"Shining Light","floor":5,"gold_loss":0,"cards_upgraded":["Strike_B","Strike_B"]},{"damage_healed":0,"gold_gain":30,"player_choice":"Searched \u00272\u0027 times","damage_taken":0,"relics_obtained":["Centennial Puzzle"],"max_hp_gain":0,"max_hp_loss":0,"event_name":"Dead Adventurer","floor":12,"gold_loss":0},{"damage_healed":0,"gold_gain":0,"player_choice":"Left Gold","damage_taken":0,"max_hp_gain":0,"max_hp_loss":0,"event_name":"World of Goop","floor":14,"gold_loss":26},{"damage_healed":0,"gold_gain":0,"player_choice":"Shed Blood","damage_taken":22,"max_hp_gain":5,"max_hp_loss":0,"event_name":"Forgotten Altar","floor":20,"gold_loss":0},{"damage_healed":0,"gold_gain":0,"player_choice":"Obtained Book","damage_taken":16,"max_hp_gain":0,"max_hp_loss":0,"event_name":"Cursed Tome","floor":21,"gold_loss":0},{"damage_healed":0,"gold_gain":0,"player_choice":"Became a vampire (Vial)","damage_taken":0,"max_hp_gain":0,"max_hp_loss":0,"event_name":"Vampires","floor":22,"relics_lost":["Blood Vial"],"gold_loss":0,"cards_obtained":["Bite","Bite","Bite","Bite","Bite"]},{"damage_healed":0,"gold_gain":0,"player_choice":"Obtained Relic","damage_taken":0,"relics_obtained":["Molten Egg 2"],"max_hp_gain":0,"max_hp_loss":0,"event_name":"Addict","floor":27,"gold_loss":85},{"damage_healed":0,"gold_gain":0,"player_choice":"Fight","damage_taken":0,"max_hp_gain":0,"max_hp_loss":0,"event_name":"Mysterious Sphere","floor":37,"gold_loss":0},{"cards_removed":["Dualcast"],"damage_healed":0,"gold_gain":0,"player_choice":"Removed Skill","damage_taken":0,"max_hp_gain":0,"max_hp_loss":0,"event_name":"Falling","floor":38,"gold_loss":0},{"damage_healed":0,"gold_gain":0,"player_choice":"Ignored","damage_taken":0,"max_hp_gain":0,"max_hp_loss":0,"event_name":"SecretPortal","floor":39,"gold_loss":0},{"damage_healed":0,"gold_gain":0,"player_choice":"Memory 3","damage_taken":10,"max_hp_gain":0,"max_hp_loss":0,"event_name":"SensoryStone","floor":44,"gold_loss":0},{"damage_healed":0,"gold_gain":0,"player_choice":"Fight","damage_taken":0,"max_hp_gain":0,"max_hp_loss":0,"event_name":"MindBloom","floor":47,"gold_loss":0}],"is_beta":false,"boss_relics":[{"not_picked":["Velvet Choker","Inserter"],"picked":"Fusion Hammer"},{"not_picked":["SlaversCollar","Black Star"],"picked":"Runic Pyramid"}],"items_purged_floors":[46,53],"is_endless":false,"potions_floor_spawned":[3,6,7,11,16,25,28,31,33,36,37,45],"ascension_level":3}}