{"host":"tm3ghj8mno6gwywm","time":1613622594,"event":{"mods":["2.2 Compatiblity","AchievementEnabler","Bard","BaseMod","Beaked The Cultist","Better Third Choice","Colored Map","Colored Powertips","Conspire","Downfall","Glutton Mod","GungeonMod","Halation","Hermit","Hubris","Infinite Spire","Jorbs\u0027s Wanderer Trilogy","Mad Scientist","Marisa????????","Marked Mod","Mimic Mod","Minty Spire (QoL Compilation)","Potionbrewer","Quick Restart","Replay The Spire","Shade Mod","Shop Mod","Somnambulant","Spicy Shops","StSLib","SuperFastMode","The Bug Knight","The Construct","The Cursed","The Disciple","The Hierophant","The IronCluck","The Judge","The Jungle","The Necromancer","The Runesmith","The Servant 0.9.4","egg"],"gold_per_floor":[416,428,446,464,479,479,479,491,491,518,529,529,540,276,276,375,375,392,407,423,456,470,501,451,451,451,451,471,33,45,64,64,162,162,174,224,224,28,28,54,104,28,58,58,58,58,58,89,89,89,89,89,14,44,44],"floor_reached":56,"language":"ENG","playtime":1736,"items_purged":[],"score":1427,"play_id":"a68a53d9-eb09-4afc-b358-bc116a053490","local_time":"20210217232954","is_ascension_mode":false,"campfire_choices":[{"floor":6,"key":"RECALL"},{"floor":12,"key":"REST"},{"data":"Survivor","floor":15,"key":"SMITH"},{"floor":25,"key":"REST"},{"floor":27,"key":"REST"},{"floor":32,"key":"REST"},{"floor":47,"key":"DIG"},{"floor":49,"key":"REST"}],"circlet_count":0,"master_deck":["Strike_G+1","Strike_G","Strike_G+1","Strike_G","Defend_G","Defend_G","Defend_G","Defend_G","Defend_G","Survivor+1","Neutralize+1","Deflect+1","Dagger Spray+1","Slice+1","Dagger Spray+1","Riddle With Holes+1","Deflect+1","Adrenaline+1","Distraction+1","Slice+1","Die Die Die+1","Hidden Blade+1","ReplayTheSpireMod:The Works+1","All Out Attack+1","Sucker Punch+1","Slice+1","hubris:Sniper+1","hubris:SlightOfHand+1","Escape Plan+1","Dagger Spray+1","Madness+1","Madness+1","Hidden Blade+1","After Image+1","Deflect+1","Outmaneuver+1","ReplayTheSpireMod:Speed Training+1"],"relics":["Ring of the Snake","Old Coin","WingedGreaves","Lizard Tail","Mummified Hand","Black Star","Molten Egg 2","Toxic Egg 2","Frozen Egg 2","Quantum Egg","Membership Card","hubris:Towel","Whetstone","Replay:Mystery Machine","Potion Belt","Membership Card","ReplayTheSpireMod:Lightbulb","Bottled Flame","DemoMod:Orange","hubris:SlimyHat","Ninja Scroll","infinitespire:FocusingShard","Strawberry","Orichalcum","Runesmith:Nanobots","Toolbox","HoveringKite","Replay:Multitool","Lee\u0027s Waffle","Gremlin Horn","halation:LettersToHer","Happy Flower","Pondfish Scales","Onion Ring","Ice Cream","Ornamental Fan","Vajra","hubris:TinFlute","infinitespire:Beetle Shell","DemoMod:WhiteGuonStone","Strange Spoon","DemoMod:NanoMachines","hexamod:CandleOfCauterizing"],"acts_visited":[],"potions_floor_usage":[16,16,23,33,33,33,33,33,33,43,43,43,43,55,55,55,55],"damage_taken":[{"damage":0,"enemies":"Cultist","floor":1,"turns":3},{"damage":3,"enemies":"Jaw Worm","floor":2,"turns":6},{"damage":2,"enemies":"2 Louse","floor":3,"turns":2},{"damage":0,"enemies":"Looter","floor":4,"turns":3},{"damage":6,"enemies":"Exordium Thugs","floor":5,"turns":2},{"damage":0,"enemies":"Lots of Slimes","floor":8,"turns":1},{"damage":5,"enemies":"3 Sentries","floor":10,"turns":6},{"damage":0,"enemies":"2 Fungi Beasts","floor":11,"turns":2},{"damage":0,"enemies":"Exordium Wildlife","floor":13,"turns":2},{"damage":8,"enemies":"Hexaghost","floor":16,"turns":12},{"damage":0,"enemies":"Chosen","floor":18,"turns":3},{"damage":1,"enemies":"2 Thieves","floor":19,"turns":3},{"damage":9,"enemies":"Snake Plant","floor":20,"turns":4},{"damage":35,"enemies":"conspire:MimicChest","floor":21,"turns":7},{"damage":13,"enemies":"Shelled Parasite and Fungi","floor":22,"turns":2},{"damage":13,"enemies":"Replay:Snechameleon","floor":23,"turns":9},{"damage":4,"enemies":"Sentry and Sphere","floor":28,"turns":3},{"damage":0,"enemies":"3 Cultists","floor":30,"turns":2},{"damage":0,"enemies":"Cultist and Chosen","floor":31,"turns":4},{"damage":2,"enemies":"Automaton","floor":33,"turns":6},{"damage":3,"enemies":"3 Shapes","floor":35,"turns":3},{"damage":17,"enemies":"Mind Bloom Boss Battle","floor":36,"turns":7},{"damage":0,"enemies":"R_Hoarder","floor":40,"turns":4},{"damage":1,"enemies":"3 Darklings","floor":43,"turns":8},{"damage":0,"enemies":"Nemesis","floor":48,"turns":3},{"damage":12,"enemies":"Awakened One","floor":50,"turns":8},{"damage":0,"enemies":"Shield and Spear","floor":54,"turns":1},{"damage":7,"enemies":"The Heart","floor":55,"turns":8}],"seed_played":"-3883435356822428751","potions_obtained":[{"floor":2,"key":"Block Potion"},{"floor":4,"key":"Elixir"},{"floor":5,"key":"potionbrewer:BoundlessPotion"},{"floor":8,"key":"Guardian:BlockOnCardUsePotion"},{"floor":22,"key":"Adrenaline Potion"},{"floor":23,"key":"Strength Potion"},{"floor":33,"key":"potionbrewer:NoxiousPotion"},{"floor":35,"key":"Energy Potion"},{"floor":36,"key":"Elixir"}],"is_trial":false,"path_per_floor":["M","M","M","M","M","R","?","M","T","E","M","R","M","$","R","B",null,"M","M","M","?","M","E","?","R","T","R","M","$","M","M","R","B",null,"M","?","?","$","?","E","R","$","MIM","?","R","$","R","E","R","B",null,"R","$","E","B",null],"character_chosen":"THE_SILENT","items_purchased":["Potion Belt","Membership Card","ReplayTheSpireMod:Lightbulb","Bottled Flame","Strawberry","Orichalcum","Runesmith:Nanobots","Toolbox","PowerPotion","Dexterity Potion","PowerPotion","Lee\u0027s Waffle","Gremlin Horn","After Image+1","Strange Spoon"],"campfire_rested":5,"item_purchase_floors":[14,14,14,14,29,29,29,29,29,29,29,38,38,42,53],"current_hp_per_floor":[70,67,65,65,59,59,59,59,59,54,54,70,70,70,70,62,70,70,69,60,37,24,11,11,35,35,59,55,62,62,62,88,86,89,86,69,69,96,84,84,84,84,83,83,83,83,83,83,96,84,96,96,96,96,89],"gold":44,"neow_bonus":"RANDOM_EVENT","is_daily":false,"chose_seed":false,"campfire_upgraded":1,"win_rate":0.0,"timestamp":1613622594,"path_taken":["M","?","M","M","M","R","?","M","T","E","M","R","M","$","R","BOSS","M","M","M","?","M","E","?","R","T","R","?","$","?","M","R","BOSS","M","?","?","?","?","E","R","$","MIM","?","R","$","R","E","R","BOSS","R","$","E","BOSS"],"items_purchased_type":["Relic","Relic","Relic","Relic","Relic","Relic","Relic","Relic","Potion","Potion","Potion","Relic","Relic","Card","Relic"],"build_version":"2020-12-22","purchased_purges":0,"victory":true,"max_hp_per_floor":[70,70,70,70,70,70,70,70,70,70,70,70,70,70,70,70,70,70,70,70,82,82,82,82,82,82,82,82,89,89,89,89,89,89,89,89,89,96,96,96,96,96,96,96,96,96,96,96,96,96,96,96,96,96,96],"card_choices":[{"not_picked":["Quick Slash+1","Deadly Poison+1"],"picked":"Deflect+1","floor":1},{"not_picked":["Finisher+1","Quick Slash+1"],"picked":"Dagger Spray+1","floor":2},{"not_picked":["Choke+1","Prepared+1"],"picked":"Slice+1","floor":3},{"not_picked":["Quick Slash+1","ReplayTheSpireMod:The Works+1"],"picked":"Dagger Spray+1","floor":4},{"not_picked":["Acrobatics+1","Night Terror+1"],"picked":"Riddle With Holes+1","floor":5},{"not_picked":["Dagger Throw+1","ReplayTheSpireMod:Exploit Weakness+1"],"picked":"Deflect+1","floor":8},{"not_picked":["Sucker Punch+1","Backflip+1"],"picked":"Adrenaline+1","floor":10},{"not_picked":["Cloak And Dagger+1","PiercingWail+1"],"picked":"Distraction+1","floor":11},{"not_picked":["Envenom+1","Dash+1","Crippling Poison+1"],"picked":"SKIP","floor":13},{"not_picked":["Quick Slash+1","Underhanded Strike+1"],"picked":"Slice+1","floor":18},{"not_picked":["Sucker Punch+1","hubris:TrickCloak+1"],"picked":"Die Die Die+1","floor":19},{"not_picked":["Catalyst+1","Blade Dance+1"],"picked":"Hidden Blade+1","floor":20},{"not_picked":["Prepared+1","ReplayTheSpireMod:Scrap Shanks+1"],"picked":"ReplayTheSpireMod:The Works+1","floor":21},{"not_picked":["Bane+1","Cloak And Dagger+1"],"picked":"All Out Attack+1","floor":22},{"not_picked":["Poisoned Stab+1","Acrobatics+1"],"picked":"Sucker Punch+1","floor":23},{"not_picked":["Noxious Fumes+1","Well Laid Plans+1"],"picked":"Slice+1","floor":28},{"not_picked":["Infinite Blades+1","Deflect+1"],"picked":"hubris:Sniper+1","floor":30},{"not_picked":["Heel Hook+1","Draining Mist+1"],"picked":"hubris:SlightOfHand+1","floor":31},{"not_picked":["Crippling Poison+1","Blade Dance+1"],"picked":"Escape Plan+1","floor":35},{"not_picked":["Cloak And Dagger+1","Dodge and Roll+1"],"picked":"Hidden Blade+1","floor":40},{"not_picked":["Slice+1","Bullet Time+1"],"picked":"Deflect+1","floor":43},{"not_picked":["Acrobatics+1","Grand Finale+1"],"picked":"Outmaneuver+1","floor":48},{"not_picked":["Noxious Fumes+1","Draining Mist+1"],"picked":"ReplayTheSpireMod:Speed Training+1","floor":54}],"player_experience":883082,"relics_obtained":[{"floor":10,"key":"Whetstone"},{"floor":10,"key":"Replay:Mystery Machine"},{"floor":21,"key":"DemoMod:Orange"},{"floor":23,"key":"hubris:SlimyHat"},{"floor":23,"key":"Ninja Scroll"},{"floor":26,"key":"infinitespire:FocusingShard"},{"floor":36,"key":"Replay:Multitool"},{"floor":40,"key":"halation:LettersToHer"},{"floor":40,"key":"Happy Flower"},{"floor":43,"key":"Pondfish Scales"},{"floor":43,"key":"Onion Ring"},{"floor":43,"key":"Ice Cream"},{"floor":43,"key":"Ornamental Fan"},{"floor":43,"key":"halation:LettersToHer"},{"floor":43,"key":"Vajra"},{"floor":47,"key":"hubris:TinFlute"},{"floor":48,"key":"infinitespire:Beetle Shell"},{"floor":48,"key":"DemoMod:WhiteGuonStone"},{"floor":54,"key":"DemoMod:NanoMachines"},{"floor":54,"key":"hexamod:CandleOfCauterizing"}],"event_choices":[{"damage_healed":0,"gold_gain":0,"player_choice":"Grow","damage_taken":0,"max_hp_gain":0,"max_hp_loss":0,"event_name":"Living Wall","floor":0,"gold_loss":0,"cards_upgraded":["Neutralize"]},{"damage_healed":0,"gold_gain":0,"player_choice":"Bet on Murderer","damage_taken":0,"max_hp_gain":0,"max_hp_loss":0,"event_name":"The Joust","floor":24,"gold_loss":50},{"damage_healed":0,"gold_gain":0,"player_choice":"Fight","damage_taken":0,"max_hp_gain":0,"max_hp_loss":0,"event_name":"MindBloom","floor":36,"gold_loss":0},{"damage_healed":0,"gold_gain":0,"player_choice":"Embrace Madness","damage_taken":12,"max_hp_gain":0,"max_hp_loss":0,"event_name":"Winding Halls","floor":39,"gold_loss":0,"cards_obtained":["Madness","Madness"]},{"cards_removed":["Strike_G"],"damage_healed":0,"gold_gain":0,"player_choice":"Removed Attack","damage_taken":0,"max_hp_gain":0,"max_hp_loss":0,"event_name":"Falling","floor":44,"gold_loss":0},{"damage_healed":0,"gold_gain":0,"player_choice":"Leave","damage_taken":0,"max_hp_gain":0,"max_hp_loss":0,"event_name":"conspire:Investor","floor":45,"gold_loss":0}],"is_beta":false,"boss_relics":[{"not_picked":["conspire:SlowCooker","halation:HeavySnake","Replay:Fungal Core"]},{"not_picked":["hubris:ScarierMask","Snecko Heart"],"picked":"HoveringKite"}],"items_purged_floors":[],"is_endless":false,"potions_floor_spawned":[2,4,5,8,13,22,23,30,31,33,35,36],"ascension_level":0}}