{"host":"nhhqxetgwwd7qseb","time":1613624577,"event":{"mods":["ATMod(阿瑾Mod)","Act Like it!","BaseMod","Chen","Dota2Spire","Downfall","Energized Spire","Gensokyo","GungeonMod","Hallownest","Hermit","Koishi","LagranYue(拉格朗・月)","Marisa（F雨　魔理沙）","Minty Spire (QoL Compilation)","Quick Restart","Rare Cards Sparkle","Reimu（博丽灵梦）","Remilia（蕾米莉亚）","Replay The Spire","SOS（斯巴达之子）","StSLib","The Alterego","The Bladedancer","The Bug Knight","The Senshi","The Servant 0.9.4","TheWitcher","UnlockEverythingMod","WarShipGirlsR/战舰少女R mod","Warlord Emblem","Yakumo Yukari mod","Youmu（魂魄妖梦）","【功能Mod】混沌之环修复补丁","【功能Mod】聪明的最终Boss","【遗物卡牌】REMEMod"],"gold_per_floor":[99,112,23,23,23,35,35,68,84,84,95,112,112,126,139,243,243,43,61,73,73,73,73],"floor_reached":21,"language":"ZHS","playtime":1785,"items_purged":[],"score":208,"play_id":"fe5b2c1b-9c70-4e47-ae5e-ca3ec24936b4","local_time":"20210218130257","is_ascension_mode":false,"campfire_choices":[{"floor":1,"key":"RECALL"},{"data":"hexamod:PhantomFireball","floor":10,"key":"SMITH"},{"floor":18,"key":"DIG"}],"circlet_count":0,"master_deck":["hexamod:Strike","hexamod:Strike","hexamod:Strike+1","hexamod:Strike","hexamod:Defend","hexamod:Defend","hexamod:Defend","hexamod:Sear","hexamod:Float","hexamod:FastForward","hexamod:PhantomFireball+1","hexamod:TimeOfNeed+1","hexamod:FirstSeal","hexamod:Firestarter","hexamod:ThermalTransfer","hexamod:HeatMetal","hexamod:InspiringFlames","hexamod:DynamicBlow","hexamod:EmpoweredFlame","hexamod:SixthSeal","hexamod:EmpoweredFlame+1","hexamod:Rewind"],"relics":["hexamod:SpiritBrand","REME_ComplimentaryCards","AT_ATBox","REME_LimitBreaker","REME_LowDesire","AT_BladeRuinedKing","downfall:HeartBlessingRed","downfall:HeartBlessingBlue","Oddly Smooth Stone"],"acts_visited":["Exordium","TheCity"],"potions_floor_usage":[20],"damage_taken":[{"damage":0,"enemies":"2 Louse","floor":2,"turns":4},{"damage":0,"enemies":"downfall:FleeingMerchant","floor":3,"turns":4},{"damage":0,"enemies":"Jaw Worm","floor":6,"turns":3},{"damage":38,"enemies":"Lagavulin","floor":8,"turns":7},{"damage":2,"enemies":"Small Slimes","floor":9,"turns":3},{"damage":0,"enemies":"Exordium Wildlife","floor":11,"turns":3},{"damage":3,"enemies":"Gremlin Gang","floor":12,"turns":5},{"damage":6,"enemies":"Red Slaver","floor":14,"turns":3},{"damage":4,"enemies":"downfall:LooterAlt","floor":15,"turns":3},{"damage":32,"enemies":"IC_STATUS_ARCHETYPE","floor":16,"turns":7},{"damage":0,"enemies":"Chosen","floor":19,"turns":4},{"damage":60,"enemies":"3 Byrds","floor":20,"turns":7},{"damage":55,"enemies":"Cultist and Chosen","floor":21,"turns":6}],"seed_played":"-5536662450118815977","potions_obtained":[{"floor":2,"key":"Guardian:BlockOnCardUsePotion"},{"floor":6,"key":"Reflective Coating"},{"floor":8,"key":"AttackPotion"},{"floor":11,"key":"Fruit Juice"},{"floor":20,"key":"REME_GoldPotion"}],"is_trial":false,"path_per_floor":["R","M","$","?","?","M","T","E","M","R","M","M","?","M","M","B",null,"R","M","M","M"],"character_chosen":"THE_SPIRIT","items_purchased":["hexamod:PhantomFireball"],"campfire_rested":0,"item_purchase_floors":[3],"current_hp_per_floor":[77,77,77,77,70,77,77,46,51,51,58,62,62,63,66,41,77,87,87,39,0,0,0],"gold":73,"neow_bonus":"TEN_PERCENT_HP_BONUS","is_daily":false,"chose_seed":false,"campfire_upgraded":1,"win_rate":0.0,"timestamp":1613624577,"path_taken":["R","M","$","?","?","M","T","E","M","R","M","M","?","?","M","BOSS","R","M","M","M"],"items_purchased_type":["Card"],"build_version":"2020-12-22","purchased_purges":0,"victory":false,"max_hp_per_floor":[77,77,77,77,77,77,77,77,77,77,77,77,77,77,77,77,77,87,87,92,92,92,92],"card_choices":[{"not_picked":["hexamod:ShieldOfDarkness","hexamod:Hexaguard"],"picked":"hexamod:FastForward","floor":2},{"not_picked":["hexamod:NightmareGuise","hexamod:GhostflameBarrier","hexamod:ShieldOfDarkness"],"picked":"SKIP","floor":3},{"not_picked":["hexamod:EtherealExpedition","hexamod:GhostLash"],"picked":"hexamod:Firestarter","floor":6},{"not_picked":["hexamod:TurnItUp","hexamod:ForkedFlame"],"picked":"hexamod:ThermalTransfer","floor":8},{"not_picked":["hexamod:StepThrough","hexamod:AdvancingGuard"],"picked":"hexamod:HeatMetal","floor":9},{"not_picked":["hexamod:RecurringNightmare","hexamod:GhostflameBarrier"],"picked":"hexamod:InspiringFlames","floor":11},{"not_picked":["hexamod:HeatShield","hexamod:HeatMetal"],"picked":"hexamod:DynamicBlow","floor":12},{"not_picked":["hexamod:NightmareStrike","hexamod:HeatMetal","hexamod:Incineration"],"picked":"SKIP","floor":14},{"not_picked":["hexamod:NightmareGuise","hexamod:FastForward"],"picked":"hexamod:EmpoweredFlame","floor":15},{"not_picked":["hexamod:TimeWarp","hexamod:WildfireWeapon"],"picked":"hexamod:SixthSeal","floor":16},{"not_picked":["hexamod:SpectersWail","hexamod:PhantomCloak","REME_MagicPocketWatch"],"picked":"hexamod:EmpoweredFlame+1","floor":19},{"not_picked":["hexamod:ShieldOfDarkness","hexamod:AdvancingGuard","ReplayTheSpireMod:Brewmster"],"picked":"hexamod:Rewind","floor":20}],"player_experience":88380,"relics_obtained":[{"floor":8,"key":"REME_LimitBreaker"},{"floor":17,"key":"AT_BladeRuinedKing"},{"floor":18,"key":"Oddly Smooth Stone"}],"event_choices":[],"is_beta":false,"boss_relics":[{"not_picked":["Philosopher\u0027s Stone","Empty Cage"],"picked":"REME_LowDesire"}],"items_purged_floors":[],"is_endless":false,"potions_floor_spawned":[2,6,8,11,14,20],"killed_by":"Cultist and Chosen","ascension_level":0}}