{"host":"znvnxllcillb3rtw","time":1613646717,"event":{"mods":["BaseMod","DeckTracker","Minty Spire (QoL Compilation)","Relic Stats","StSLib","SuperFastMode","everything is the same but u backflip on backflip"],"gold_per_floor":[111,111,123,123,123,153,153,153,153],"floor_reached":8,"language":"KOR","playtime":117,"items_purged":[],"score":158,"play_id":"0ab68ee3-5220-447d-b75e-79f90248b808","local_time":"20210218201157","is_ascension_mode":true,"campfire_choices":[{"floor":7,"key":"REST"}],"circlet_count":0,"master_deck":["AscendersBane","Strike_B","Strike_B","Strike_B+1","Defend_B","Defend_B","Defend_B","Defend_B+1","Zap","Dualcast","Genetic Algorithm","Self Repair","Sweeping Beam"],"relics":["Cracked Core","NeowsBlessing","Boot","The Courier"],"acts_visited":["Exordium"],"potions_floor_usage":[8,8],"damage_taken":[{"damage":0,"enemies":"2 Louse","floor":1,"turns":1},{"damage":0,"enemies":"Small Slimes","floor":3,"turns":1},{"damage":0,"enemies":"Lagavulin","floor":6,"turns":2},{"damage":29,"enemies":"3 Sentries","floor":8,"turns":4}],"seed_played":"-3294701540001143881","potions_obtained":[{"floor":3,"key":"SkillPotion"},{"floor":6,"key":"Dexterity Potion"}],"is_trial":false,"path_per_floor":["M","?","M","?","?","E","R","E"],"character_chosen":"DEFECT","items_purchased":[],"campfire_rested":1,"item_purchase_floors":[],"current_hp_per_floor":[64,57,57,36,1,8,29,0,0],"gold":153,"neow_bonus":"THREE_ENEMY_KILL","is_daily":false,"chose_seed":false,"campfire_upgraded":0,"win_rate":0.0,"timestamp":1613646717,"path_taken":["M","?","M","?","?","E","R","E"],"items_purchased_type":[],"build_version":"2020-12-22","purchased_purges":0,"victory":false,"max_hp_per_floor":[71,71,71,71,71,71,71,71,71],"relic_stats":{"counters":[4,8],"Boot":[1],"obtain_stats":[{"NeowsBlessing":0,"The Courier":6,"Cracked Core":0,"Boot":5},{"NeowsBlessing":0,"The Courier":3,"Cracked Core":0,"Boot":2},{"NeowsBlessing":0,"The Courier":4,"Cracked Core":0,"Boot":2}]},"card_choices":[{"not_picked":["Ball Lightning","Skim"],"picked":"Genetic Algorithm","floor":1},{"not_picked":["Turbo","Barrage"],"picked":"Self Repair","floor":3},{"not_picked":["Redo","Force Field"],"picked":"Sweeping Beam","floor":6}],"player_experience":2915442,"relics_obtained":[{"floor":6,"key":"The Courier"}],"event_choices":[{"cards_removed":["Strike_B"],"damage_healed":0,"gold_gain":0,"player_choice":"Card Removal","damage_taken":7,"max_hp_gain":0,"max_hp_loss":0,"event_name":"Golden Wing","floor":2,"gold_loss":0},{"damage_healed":0,"gold_gain":0,"player_choice":"Entered Light","damage_taken":21,"max_hp_gain":0,"max_hp_loss":0,"event_name":"Shining Light","floor":4,"gold_loss":0,"cards_upgraded":["Strike_B","Defend_B"]},{"damage_healed":0,"gold_gain":0,"player_choice":"Success","damage_taken":35,"relics_obtained":["Boot"],"max_hp_gain":0,"max_hp_loss":0,"event_name":"Scrap Ooze","floor":5,"gold_loss":0}],"is_beta":false,"boss_relics":[],"items_purged_floors":[],"is_endless":false,"potions_floor_spawned":[3,6],"killed_by":"3 Sentries","ascension_level":20}}