{"host":"ufhw4cf0hh51lveu","time":1613625478,"event":{"mods":["BaseMod","DeckTracker","Minty Spire (QoL Compilation)","SuperFastMode"],"gold_per_floor":[116,134,59,74,84,84,95,114,114,124,124,144,219,189,189,290,290,303,313,313,313,313,313,333,83,132,132,166,183,183,183],"floor_reached":30,"language":"KOR","playtime":1034,"items_purged":["Strike_B"],"score":248,"play_id":"c847efbe-1913-4bb6-80c3-d56f1feaade8","local_time":"20210218141758","is_ascension_mode":false,"campfire_choices":[{"data":"Glacier","floor":6,"key":"SMITH"},{"floor":11,"key":"REST"},{"data":"Lockon","floor":15,"key":"SMITH"},{"data":"Biased Cognition","floor":23,"key":"SMITH"}],"circlet_count":0,"master_deck":["Defend_B+1","Defend_B+1","Defend_B+1","Zap","Dualcast","Compile Driver","Lockon+1","Auto Shields","Glacier+1","Leap","Amplify","Barrage","Storm","Biased Cognition+1","Compile Driver+1","Streamline","Scrape","Machine Learning","Capacitor","Redo+1"],"relics":["Cracked Core","HornCleat","Empty Cage","Bottled Tornado","PreservedInsect","Pocketwatch"],"acts_visited":["Exordium","TheCity"],"potions_floor_usage":[8,16,16,24,27,28,30],"damage_taken":[{"damage":2,"enemies":"2 Louse","floor":1,"turns":3},{"damage":3,"enemies":"Jaw Worm","floor":2,"turns":3},{"damage":0,"enemies":"Small Slimes","floor":4,"turns":3},{"damage":11,"enemies":"Exordium Wildlife","floor":5,"turns":6},{"damage":4,"enemies":"2 Fungi Beasts","floor":7,"turns":5},{"damage":11,"enemies":"Lots of Slimes","floor":8,"turns":5},{"damage":3,"enemies":"Large Slime","floor":10,"turns":9},{"damage":0,"enemies":"Exordium Wildlife","floor":12,"turns":7},{"damage":0,"enemies":"Exordium Thugs","floor":14,"turns":7},{"damage":8,"enemies":"Hexaghost","floor":16,"turns":10},{"damage":1,"enemies":"Chosen","floor":18,"turns":6},{"damage":5,"enemies":"Shell Parasite","floor":19,"turns":9},{"damage":6,"enemies":"Sentry and Sphere","floor":24,"turns":7},{"damage":0,"enemies":"Centurion and Healer","floor":27,"turns":1},{"damage":27,"enemies":"Slavers","floor":28,"turns":3},{"damage":19,"enemies":"Snake Plant","floor":29,"turns":4},{"damage":12,"enemies":"Shelled Parasite and Fungi","floor":30,"turns":1}],"seed_played":"6249270841301001928","potions_obtained":[{"floor":2,"key":"SmokeBomb"},{"floor":7,"key":"SteroidPotion"},{"floor":8,"key":"FocusPotion"},{"floor":12,"key":"CultistPotion"},{"floor":16,"key":"AttackPotion"},{"floor":18,"key":"Strength Potion"},{"floor":29,"key":"EssenceOfDarkness"}],"is_trial":false,"path_per_floor":["M","M","$","M","M","R","M","M","T","M","R","M","?","M","R","B",null,"M","M","?","?","?","R","M","$","T","M","E","M","M"],"character_chosen":"DEFECT","items_purchased":["Bottled Tornado"],"campfire_rested":1,"item_purchase_floors":[25],"current_hp_per_floor":[80,77,77,77,66,66,62,51,51,48,72,72,61,61,61,53,82,81,76,60,60,60,60,54,54,54,54,27,8,0,0],"gold":183,"neow_bonus":"TEN_PERCENT_HP_BONUS","is_daily":false,"chose_seed":false,"campfire_upgraded":3,"win_rate":0.0,"timestamp":1613625478,"path_taken":["M","M","$","M","M","R","M","M","T","M","R","M","?","M","R","BOSS","M","M","?","?","?","R","M","$","T","M","E","M","?"],"items_purchased_type":["Relic"],"build_version":"2020-12-22","purchased_purges":1,"victory":false,"max_hp_per_floor":[82,82,82,82,82,82,82,82,82,82,82,82,82,82,82,82,82,82,82,87,87,87,87,87,87,87,87,87,87,87,87],"card_choices":[{"not_picked":["Steam","Ball Lightning"],"picked":"Compile Driver","floor":1},{"not_picked":["Chill","Go for the Eyes"],"picked":"Lockon","floor":2},{"not_picked":["Skim","Go for the Eyes"],"picked":"Auto Shields","floor":4},{"not_picked":["Lockon","Barrage"],"picked":"Glacier","floor":5},{"not_picked":["Darkness","Stack"],"picked":"Leap","floor":7},{"not_picked":["Coolheaded","Sweeping Beam"],"picked":"Amplify","floor":8},{"not_picked":["Go for the Eyes","Hello World","Chill"],"picked":"SKIP","floor":10},{"not_picked":["Steam Power","Scrape"],"picked":"Barrage","floor":12},{"not_picked":["Doom and Gloom","Darkness"],"picked":"Storm","floor":14},{"not_picked":["All For One","Rainbow"],"picked":"Biased Cognition","floor":16},{"not_picked":["Turbo","Beam Cell"],"picked":"Compile Driver+1","floor":18},{"not_picked":["Steam","Gash"],"picked":"Streamline","floor":19},{"not_picked":["Glacier+1","Compile Driver"],"picked":"Capacitor","floor":24},{"not_picked":["Melter","Stack"],"picked":"Redo+1","floor":28},{"not_picked":["Stack+1","Aggregate","Lockon"],"picked":"SKIP","floor":29}],"player_experience":39324,"relics_obtained":[{"floor":9,"key":"HornCleat"},{"floor":26,"key":"PreservedInsect"},{"floor":28,"key":"Pocketwatch"}],"event_choices":[{"damage_healed":0,"gold_gain":75,"player_choice":"Gather Gold","damage_taken":11,"max_hp_gain":0,"max_hp_loss":0,"event_name":"World of Goop","floor":13,"gold_loss":0},{"damage_healed":0,"gold_gain":0,"player_choice":"Shed Blood","damage_taken":21,"max_hp_gain":5,"max_hp_loss":0,"event_name":"Forgotten Altar","floor":20,"gold_loss":0},{"damage_healed":0,"gold_gain":0,"player_choice":"Simplicity","damage_taken":0,"max_hp_gain":0,"max_hp_loss":0,"event_name":"Back to Basics","floor":21,"gold_loss":0,"cards_upgraded":["Strike_B","Defend_B","Defend_B","Defend_B","Defend_B"]},{"damage_healed":0,"gold_gain":0,"cards_transformed":["Strike_B","Defend_B"],"player_choice":"Became Test Subject","damage_taken":0,"max_hp_gain":0,"max_hp_loss":0,"event_name":"Drug Dealer","floor":22,"gold_loss":0,"cards_obtained":["Scrape","Machine Learning"]}],"is_beta":false,"boss_relics":[{"not_picked":["Cursed Key","Ectoplasm"],"picked":"Empty Cage"}],"items_purged_floors":[3],"is_endless":false,"potions_floor_spawned":[2,7,8,12,14,16,18,19,29],"killed_by":"Shelled Parasite and Fungi","ascension_level":0}}