{"host":"cgwysqtmt736mr58","time":1613655690,"event":{"mods":["2.2 Compatiblity","Aspiration","BaseMod","Beaked The Cultist","BetterRewards","Colored Map","Colored Powertips","Downfall","Duelist Mod","GifTheSpireLib","Googly Eyes","Halation","Hermit","Hubris","Infinite Spire","Lobotomy","LobotomyExtend","Minty Spire (QoL Compilation)","Relic Stats","Replay The Spire","Shade Mod","Shop Mod","StSLib","The Construct","The Cursed","The Disciple","The Exalted","The Necromancer","The Runesmith","Waifu the Spire","Yuri Mod"],"gold_per_floor":[99,119,138,138,149,149,149,149,149,175,192,192,211,211,225,329,329,329,348,61,72,72,72,72,85,85,110,126,126,136,136,151,151,151,151],"floor_reached":33,"language":"ENG","playtime":1127,"items_purged":[],"score":415,"play_id":"a742b432-dbc9-45f7-b3cb-f51a318212e6","local_time":"20210219004130","is_ascension_mode":true,"campfire_choices":[{"data":"bronze:DazingPulse","floor":6,"key":"SMITH"},{"data":"bronze:Mutator","floor":8,"key":"SMITH"},{"floor":12,"key":"REST"},{"data":"bronze:BurnOut","floor":18,"key":"SMITH"},{"floor":26,"key":"REST"}],"circlet_count":0,"master_deck":["bronze:Strike","bronze:Strike","bronze:Strike","bronze:Strike","bronze:Defend","bronze:Defend","bronze:Defend","bronze:Defend","bronze:Replicate","bronze:AlphaBuild","bronze:DelayedSlice","bronze:DazingPulse+1","bronze:Explode","bronze:DelayedSlice","bronze:Mutator+1","Parasite","bronze:InfiniteBeams","bronze:Branch","downfall:Haunted","downfall:Haunted","Amnesia","bronze:Verify","bronze:BurnOut+1","bronze:Repulsor","bronze:OilSpill+1","bronze:MaxOutput+1","bronze:Iterate","bronze:FineTuning","bronze:Break"],"relics":["bronze:BronzeCore","LetterFromLob","Bottled Tornado","Tiny Chest","Darkstone Periapt","RedMistMask","bronze:SilverBullet","Question Card","Replay:Bottled Steam","construct:BoolHorns","MutagenicStrength"],"acts_visited":["Exordium","TheCity"],"potions_floor_usage":[4,10,16,25,30,30],"damage_taken":[{"damage":0,"enemies":"2 Louse","floor":2,"turns":2},{"damage":2,"enemies":"Jaw Worm","floor":3,"turns":2},{"damage":1,"enemies":"Jaw Worm","floor":4,"turns":5},{"damage":0,"enemies":"Cultist","floor":5,"turns":2},{"damage":12,"enemies":"3 Sentries","floor":10,"turns":4},{"damage":10,"enemies":"Gremlin Gang","floor":11,"turns":4},{"damage":1,"enemies":"2 Fungi Beasts","floor":13,"turns":2},{"damage":20,"enemies":"3 Louse","floor":15,"turns":3},{"damage":65,"enemies":"DF_ARCHETYPE_STREAMLINE","floor":16,"turns":11},{"damage":13,"enemies":"3 Byrds","floor":19,"turns":3},{"damage":0,"enemies":"downfall:FleeingMerchant","floor":20,"turns":4},{"damage":7,"enemies":"Chosen","floor":21,"turns":4},{"damage":24,"enemies":"Snake Plant","floor":25,"turns":3},{"damage":40,"enemies":"theDuelist:KaibaA2","floor":27,"turns":4},{"damage":3,"enemies":"Chosen and Byrds","floor":28,"turns":3},{"damage":12,"enemies":"Cultist and Chosen","floor":30,"turns":3},{"damage":0,"enemies":"Centurion and Healer","floor":32,"turns":3},{"damage":16,"enemies":"SI_MIRROR_ARCHETYPE","floor":33,"turns":1}],"seed_played":"-4852123264958885216","potions_obtained":[{"floor":2,"key":"SkillPotion"},{"floor":5,"key":"BlessingOfTheForge"},{"floor":10,"key":"sneckomod:MuddlingPotion"},{"floor":15,"key":"Explosive Potion"},{"floor":16,"key":"Ancient Potion"},{"floor":21,"key":"Elixir"},{"floor":27,"key":"LiquidBronze"}],"is_trial":false,"path_per_floor":["R_BF","M","M","?","M","R","T","R","?","E","M","R","M","?","M","B",null,"R","M","$","M","T","?","T","M","R","E","M","?","M","?","M","B"],"character_chosen":"THE_AUTOMATON","items_purchased":["bronze:SilverBullet","PowerPotion","bronze:Repulsor"],"campfire_rested":2,"item_purchase_floors":[20,20,20],"current_hp_per_floor":[70,70,68,67,67,67,67,67,77,65,55,77,76,94,74,9,74,74,61,61,54,54,54,54,30,58,18,15,15,3,3,3,0,0,0],"gold":151,"neow_bonus":"TEN_PERCENT_HP_BONUS","is_daily":false,"chose_seed":false,"campfire_upgraded":3,"win_rate":0.0,"timestamp":1613655690,"path_taken":["R_BF","M","M","?","M","R","T","R","?","E","?","R","?","?","M","BOSS","R","M","$","M","?","?","T","M","R","E","M","?","M","?","M","BOSS"],"items_purchased_type":["Relic","Potion","Card"],"build_version":"2020-12-22","purchased_purges":0,"victory":false,"max_hp_per_floor":[77,77,77,77,77,77,77,77,77,77,77,77,77,95,95,95,95,95,95,95,95,95,95,95,95,95,95,95,95,95,95,95,95,95,95],"relic_stats":{"Darkstone Periapt":18,"counters":[18,63],"Tiny Chest":1,"Question Card":6,"obtain_stats":[{"Darkstone Periapt":14,"construct:BoolHorns":27,"bronze:BronzeCore":0,"MutagenicStrength":29,"Tiny Chest":10,"RedMistMask":19,"LetterFromLob":2,"Bottled Tornado":7,"bronze:SilverBullet":20,"Question Card":22,"Replay:Bottled Steam":24},{"Darkstone Periapt":7,"construct:BoolHorns":14,"bronze:BronzeCore":0,"MutagenicStrength":15,"Tiny Chest":5,"RedMistMask":10,"LetterFromLob":1,"Bottled Tornado":4,"bronze:SilverBullet":11,"Question Card":12,"Replay:Bottled Steam":12},{"Darkstone Periapt":21,"construct:BoolHorns":53,"bronze:BronzeCore":0,"MutagenicStrength":56,"Tiny Chest":15,"RedMistMask":38,"LetterFromLob":2,"Bottled Tornado":11,"bronze:SilverBullet":42,"Question Card":46,"Replay:Bottled Steam":46}]},"card_choices":[{"not_picked":["bronze:BugBarrage","bronze:BitShift"],"picked":"bronze:DelayedSlice","floor":2},{"not_picked":["bronze:WildBeam","bronze:BugBarrage","bronze:Constructor"],"picked":"SKIP","floor":3},{"not_picked":[],"picked":"bronze:DazingPulse","floor":4},{"not_picked":[],"picked":"bronze:Explode","floor":4},{"not_picked":["bronze:Repulsor","bronze:FineTuning"],"picked":"bronze:DelayedSlice","floor":4},{"not_picked":["bronze:Overheat","bronze:WhirlingStrike"],"picked":"bronze:Mutator","floor":5},{"not_picked":["bronze:Frontload","bronze:BitShift"],"picked":"bronze:InfiniteBeams","floor":10},{"not_picked":["bronze:Deprecate","bronze:Boost"],"picked":"bronze:Branch","floor":11},{"not_picked":["bronze:Constructor","bronze:BuggyMess","bronze:ForLoop"],"picked":"SKIP","floor":13},{"not_picked":["bronze:Safeguard","bronze:Invalidate","bronze:InfiniteBeams"],"picked":"SKIP","floor":15},{"not_picked":["bronze:Library","bronze:Hardcode"],"picked":"bronze:BurnOut","floor":16},{"not_picked":["bronze:Repair","bronze:WhirlingStrike","bronze:Deprecate"],"picked":"SKIP","floor":19},{"not_picked":["bronze:Frontload","bronze:Shell+1","bronze:Invalidate+1"],"picked":"SKIP","floor":20},{"not_picked":["bronze:BronzeArmor","bronze:WildBeam"],"picked":"bronze:OilSpill+1","floor":21},{"not_picked":["bronze:WildBeam+1","bronze:ForceShield","bronze:Verify"],"picked":"bronze:MaxOutput+1","floor":25},{"not_picked":["bronze:Repulsor","bronze:MaxOutput+1","bronze:Invalidate+1","bronze:Return"],"picked":"SKIP","floor":27},{"not_picked":["bronze:DigitalCarnage+1","bronze:DelayedSlice","bronze:Separator+1"],"picked":"bronze:Iterate","floor":28},{"not_picked":["bronze:Iterate","bronze:Invalidate","bronze:Separator"],"picked":"bronze:FineTuning","floor":30},{"not_picked":["bronze:Return+1","bronze:GetLatest","bronze:Terminator+1"],"picked":"bronze:Break","floor":32}],"player_experience":1102743,"relics_obtained":[{"floor":2,"key":"LetterFromLob"},{"floor":7,"key":"Bottled Tornado"},{"floor":10,"key":"Tiny Chest"},{"floor":19,"key":"RedMistMask"},{"floor":22,"key":"Question Card"},{"floor":24,"key":"Replay:Bottled Steam"},{"floor":27,"key":"construct:BoolHorns"}],"event_choices":[{"damage_healed":19,"gold_gain":0,"player_choice":"Healed and dodged fight","damage_taken":0,"max_hp_gain":0,"max_hp_loss":0,"event_name":"Mushrooms","floor":9,"gold_loss":0,"cards_obtained":["Parasite"]},{"damage_healed":0,"gold_gain":0,"player_choice":"Inject Mutagens","damage_taken":0,"relics_obtained":["MutagenicStrength"],"max_hp_gain":0,"max_hp_loss":0,"event_name":"Drug Dealer","floor":29,"gold_loss":0}],"is_beta":false,"boss_relics":[{"not_picked":["halation:Yufonium","hubris:BlackHole","Philosopher\u0027s Stone"]}],"items_purged_floors":[],"is_endless":false,"potions_floor_spawned":[2,5,10,15,16,21,27],"killed_by":"SI_MIRROR_ARCHETYPE","ascension_level":9}}