{"host":"qrbkigq52dd42dk0","time":1613683180,"event":{"mods":["AchievementEnabler","BaseMod","Colored Map","Colored Powertips","Minty Spire (QoL Compilation)","Morshu Shopkeeper - ENHANCED","Quick Restart","StSLib","SuperFastMode","The IronCluck","everything is the same but u backflip on backflip"],"gold_per_floor":[116,116,116,134,146,146,160,160,160,185,185,197,228,245,245,245,245],"floor_reached":16,"language":"ENG","playtime":410,"items_purged":[],"score":134,"play_id":"bad7dec9-ce90-4687-a27f-d1d6c8f6de18","local_time":"20210218221940","is_ascension_mode":true,"campfire_choices":[{"data":"Leg Sweep","floor":6,"key":"SMITH"},{"data":"Deadly Poison","floor":8,"key":"SMITH"},{"data":"Poisoned Stab","floor":15,"key":"SMITH"}],"circlet_count":0,"master_deck":["Strike_G","Strike_G","Strike_G","Strike_G+1","Defend_G","Defend_G","Defend_G+1","Defend_G","Defend_G","Survivor","Neutralize","Poisoned Stab+1","Deadly Poison+1","Leg Sweep+1","Heel Hook","Dodge and Roll","Corpse Explosion","Poisoned Stab+1"],"relics":["Sozu","Regal Pillow","Blue Candle","Nunchaku"],"acts_visited":["Exordium"],"potions_floor_usage":[],"damage_taken":[{"damage":0,"enemies":"2 Louse","floor":1,"turns":3},{"damage":5,"enemies":"Small Slimes","floor":4,"turns":3},{"damage":1,"enemies":"Cultist","floor":5,"turns":3},{"damage":4,"enemies":"2 Fungi Beasts","floor":7,"turns":4},{"damage":8,"enemies":"Lagavulin","floor":10,"turns":7},{"damage":1,"enemies":"Looter","floor":12,"turns":3},{"damage":11,"enemies":"3 Sentries","floor":13,"turns":12},{"damage":0,"enemies":"Exordium Wildlife","floor":14,"turns":2},{"damage":28,"enemies":"Slime Boss","floor":16,"turns":7}],"seed_played":"-551591211229530147","potions_obtained":[],"is_trial":false,"path_per_floor":["M","?","?","M","M","R","M","R","T","E","?","M","E","M","R","B"],"character_chosen":"THE_SILENT","items_purchased":[],"campfire_rested":0,"item_purchase_floors":[],"current_hp_per_floor":[70,70,70,65,64,64,60,60,60,52,38,37,26,26,26,0,0],"gold":245,"neow_bonus":"BOSS_RELIC","is_daily":false,"chose_seed":false,"campfire_upgraded":3,"win_rate":0.0,"timestamp":1613683180,"path_taken":["M","?","?","?","M","R","M","R","T","E","?","M","E","M","R","BOSS"],"items_purchased_type":[],"build_version":"2020-12-22","purchased_purges":0,"victory":false,"max_hp_per_floor":[70,70,70,70,70,70,70,70,70,70,70,70,70,70,70,70,70],"card_choices":[{"not_picked":["Outmaneuver","Setup"],"picked":"Poisoned Stab","floor":1},{"not_picked":["Slice","Distraction"],"picked":"Deadly Poison","floor":4},{"not_picked":["Deadly Poison","Dagger Spray"],"picked":"Leg Sweep","floor":5},{"not_picked":["Setup","PiercingWail"],"picked":"Heel Hook","floor":7},{"not_picked":["Flying Knee","Escape Plan"],"picked":"Dodge and Roll","floor":10},{"not_picked":["PiercingWail","Prepared","Masterful Stab"],"picked":"SKIP","floor":12},{"not_picked":["Bouncing Flask","Leg Sweep"],"picked":"Corpse Explosion","floor":13},{"not_picked":["Dodge and Roll","Deadly Poison"],"picked":"Poisoned Stab","floor":14}],"player_experience":244254,"relics_obtained":[{"floor":9,"key":"Regal Pillow"},{"floor":10,"key":"Blue Candle"},{"floor":13,"key":"Nunchaku"}],"event_choices":[{"cards_removed":["Strike_G"],"damage_healed":0,"gold_gain":0,"player_choice":"Forget","damage_taken":0,"max_hp_gain":0,"max_hp_loss":0,"event_name":"Living Wall","floor":2,"gold_loss":0},{"damage_healed":0,"gold_gain":0,"player_choice":"Upgraded","damage_taken":0,"max_hp_gain":0,"max_hp_loss":0,"event_name":"Upgrade Shrine","floor":3,"gold_loss":0,"cards_upgraded":["Poisoned Stab"]},{"damage_healed":0,"gold_gain":0,"player_choice":"Entered Light","damage_taken":14,"max_hp_gain":0,"max_hp_loss":0,"event_name":"Shining Light","floor":11,"gold_loss":0,"cards_upgraded":["Strike_G","Defend_G"]}],"is_beta":false,"boss_relics":[],"items_purged_floors":[],"is_endless":false,"potions_floor_spawned":[7,10,13,14],"killed_by":"Slime Boss","ascension_level":4}}