{"host":"vlqej45p0v31lhdi","time":1613660754,"event":{"mods":["AchievementEnabler","BaseMod","Bestiary","Colored Powertips","Minty Spire (QoL Compilation)","Relic Stats"],"gold_per_floor":[117,135,153,170,187,187,219,231,257,267,267,0,15,41,41,115,115,125,8,8,24,40,40,59,59,59,59,14,14,14,14],"floor_reached":30,"language":"ENG","playtime":36177,"items_purged":["Strike_R"],"score":476,"play_id":"f1c69ba0-7a89-4855-8d0a-f7a7b507277f","local_time":"20210218090554","is_ascension_mode":true,"campfire_choices":[{"data":"Blood for Blood","floor":6.0,"key":"SMITH"},{"floor":11.0,"key":"REST"},{"floor":15.0,"key":"REST"},{"floor":23,"key":"REST"},{"data":"Juggernaut","floor":25,"key":"SMITH"},{"data":"Evolve","floor":27,"key":"SMITH"},{"floor":29,"key":"REST"}],"circlet_count":0,"master_deck":["AscendersBane","Strike_R","Defend_R","Defend_R","Defend_R","Defend_R","Bash","Exhume","Hemokinesis","Power Through","Evolve+1","Blood for Blood+1","True Grit","Immolate","Whirlwind","Thunderclap","Rupture","Armaments","Wild Strike","Inflame","Limit Break+1","Second Wind+1","Hemokinesis+1","Bludgeon+1","Shrug It Off","Metallicize","Power Through","Battle Trance","Juggernaut+1","Spot Weakness"],"relics":["Burning Blood","Oddly Smooth Stone","Regal Pillow","OrangePellets","Shuriken","Astrolabe","Pantograph"],"acts_visited":["Exordium","TheCity"],"potions_floor_usage":[21,21,22],"damage_taken":[{"damage":6.0,"enemies":"Cultist","floor":1.0,"turns":3.0},{"damage":10.0,"enemies":"Small Slimes","floor":2.0,"turns":4.0},{"damage":2.0,"enemies":"2 Louse","floor":3.0,"turns":2.0},{"damage":11.0,"enemies":"Red Slaver","floor":4.0,"turns":3.0},{"damage":20.0,"enemies":"3 Louse","floor":5.0,"turns":4.0},{"damage":49.0,"enemies":"Gremlin Nob","floor":7.0,"turns":5.0},{"damage":11.0,"enemies":"2 Fungi Beasts","floor":8.0,"turns":3.0},{"damage":16.0,"enemies":"Large Slime","floor":10.0,"turns":6.0},{"damage":16.0,"enemies":"Looter","floor":13.0,"turns":3.0},{"damage":22.0,"enemies":"3 Sentries","floor":14.0,"turns":7.0},{"damage":68.0,"enemies":"The Guardian","floor":16.0,"turns":12.0},{"damage":6.0,"enemies":"Chosen","floor":18.0,"turns":5.0},{"damage":33,"enemies":"2 Thieves","floor":21,"turns":4},{"damage":19,"enemies":"Snecko","floor":22,"turns":7},{"damage":25,"enemies":"Centurion and Healer","floor":24,"turns":6},{"damage":73,"enemies":"Slavers","floor":30,"turns":4}],"seed_played":"7211546174021857999","potions_obtained":[{"floor":3.0,"key":"DistilledChaos"},{"floor":4.0,"key":"BloodPotion"},{"floor":5.0,"key":"BloodPotion"},{"floor":7.0,"key":"Swift Potion"},{"floor":13.0,"key":"Energy Potion"},{"floor":16.0,"key":"SteroidPotion"},{"floor":18.0,"key":"DistilledChaos"},{"floor":21,"key":"EssenceOfSteel"}],"is_trial":false,"path_per_floor":["M","M","M","M","M","R","E","M","T","M","R","$","M","E","R","B",null,"M","$","?","M","M","R","M","R","T","R","$","R","E"],"character_chosen":"IRONCLAD","items_purchased":["Rupture","OrangePellets","Armaments","Metallicize","Spot Weakness"],"campfire_rested":4,"item_purchase_floors":[12,12,12,19,28],"current_hp_per_floor":[68,64,68,63,64,64,21,16,16,21,58,58,48,32,69,7,58,58,58,58,31,18,55,36,36,36,36,36,73,0,0],"gold":14,"neow_bonus":"ONE_RANDOM_RARE_CARD","is_daily":false,"chose_seed":false,"campfire_upgraded":3,"win_rate":0.0,"timestamp":1613660754,"path_taken":["M","?","?","M","M","R","E","M","T","M","R","$","M","E","R","BOSS","M","$","?","?","M","R","M","R","T","R","?","R","E"],"items_purchased_type":["Card","Relic","Card","Card","Card"],"build_version":"2020-12-22","purchased_purges":1,"victory":false,"max_hp_per_floor":[75,75,75,75,75,75,75,75,75,75,75,75,75,75,75,75,75,75,75,75,75,75,75,75,75,75,75,75,75,75,75],"relic_stats":{"OrangePellets":[3],"Regal Pillow":60,"counters":[16,78],"Shuriken":[5],"Astrolabe":["Second Wind","Hemokinesis","Bludgeon"],"Pantograph":0,"obtain_stats":[{"OrangePellets":12,"Regal Pillow":9,"Shuriken":14,"Astrolabe":17,"Pantograph":26,"Oddly Smooth Stone":7,"Burning Blood":0},{"OrangePellets":8,"Regal Pillow":7,"Shuriken":10,"Astrolabe":11,"Pantograph":15,"Oddly Smooth Stone":6,"Burning Blood":0},{"OrangePellets":30,"Regal Pillow":24,"Shuriken":40,"Astrolabe":52,"Pantograph":74,"Oddly Smooth Stone":21,"Burning Blood":0}],"Burning Blood":90},"card_choices":[{"not_picked":["Heavy Blade","True Grit"],"picked":"Hemokinesis","floor":1.0},{"not_picked":["Clash","Shrug It Off"],"picked":"Power Through","floor":2.0},{"not_picked":["Twin Strike","Perfected Strike"],"picked":"Evolve","floor":3.0},{"not_picked":["Dual Wield","Heavy Blade"],"picked":"Blood for Blood","floor":4.0},{"not_picked":["Infernal Blade","Perfected Strike"],"picked":"True Grit","floor":5.0},{"not_picked":["Headbutt","Dark Embrace"],"picked":"Immolate","floor":7.0},{"not_picked":["Reckless Charge","Hemokinesis"],"picked":"Whirlwind","floor":8.0},{"not_picked":["Heavy Blade","Intimidate"],"picked":"Thunderclap","floor":10.0},{"not_picked":["Perfected Strike","Anger"],"picked":"Wild Strike","floor":13.0},{"not_picked":["Fiend Fire","Infernal Blade"],"picked":"Inflame","floor":14.0},{"not_picked":["Corruption","Double Tap"],"picked":"Limit Break","floor":16.0},{"not_picked":["Flex+1","Combust"],"picked":"Shrug It Off","floor":18.0},{"not_picked":["Anger","Shrug It Off"],"picked":"Power Through","floor":21},{"not_picked":["Armaments","Combust+1"],"picked":"Battle Trance","floor":22},{"not_picked":["Searing Blow","Dual Wield"],"picked":"Juggernaut","floor":24}],"player_experience":3038179,"relics_obtained":[{"floor":7.0,"key":"Oddly Smooth Stone"},{"floor":9.0,"key":"Regal Pillow"},{"floor":14.0,"key":"Shuriken"},{"floor":26,"key":"Pantograph"}],"event_choices":[{"damage_healed":0.0,"max_hp_gain":0.0,"max_hp_loss":0.0,"gold_gain":0.0,"event_name":"Upgrade Shrine","player_choice":"Upgraded","floor":20.0,"gold_loss":0.0,"damage_taken":0.0,"cards_upgraded":["Limit Break"]}],"is_beta":false,"boss_relics":[{"not_picked":["Black Star","SlaversCollar"],"picked":"Astrolabe"}],"items_purged_floors":[19],"is_endless":false,"potions_floor_spawned":[3,4,5,7,13,16,18,21],"killed_by":"Slavers","ascension_level":19}}