{"host":"f7rb14kzcw8hx1r1","time":1613681474,"event":{"mods":["BaseMod","Better Note","Better Third Choice","Colored Map","Curses Come First","Highlight Path","Hubris","Minty Spire (QoL Compilation)","Reliquary","Replay The Spire","StSLib","The Forsaken"],"gold_per_floor":[364,569,569,586,600,600,631,631,654,667,698,710,710,197,197,292,292,312,312,326,326,336,336,367,377,428,428,5,5,32,32,32,135,135,147,147,162,174,71,71,98,115,115,135,135,145,70,86,86,86],"floor_reached":51,"language":"ENG","playtime":2202,"items_purged":["Strike_B","Strike_B","Strike_B","Strike_B"],"score":776,"play_id":"c6a1ccb9-a56c-4929-8ef3-cc23d8028547","local_time":"20210218215114","is_ascension_mode":false,"campfire_choices":[{"data":"Zap","floor":6,"key":"SMITH"},{"data":"Fusion","floor":8,"key":"SMITH"},{"data":"Dualcast","floor":13,"key":"SMITH"},{"data":"BasicCrystalCard","floor":15,"key":"SMITH"},{"data":"Hologram","floor":23,"key":"SMITH"},{"floor":32,"key":"REST"},{"data":"Tempest","floor":40,"key":"SMITH"},{"floor":49,"key":"DIG"}],"circlet_count":0,"master_deck":["Defend_B","Defend_B","Defend_B","Defend_B","Zap+1","Dualcast+1","Fusion+1","Cold Snap","Self Repair","Leap","Ball Lightning+1","BasicCrystalCard+1","Tempest+1","Barrage+1","Electrodynamics","Compile Driver+1","Feed+1","Hologram+1","Consume+1","Chill","Crystallizer+1","Reboot","BasicCrystalCard+1","FIFO Queue","Coolheaded+1","Barrage+1"],"relics":["Cracked Core","Happy Flower","reliquary:Boomerang","hubris:BundleOfHerbs","reliquary:Conveyor","Orrery","Black Star","reliquary:Aerogel","Lizard Tail","Replay:Rubber Ducky","Membership Card","Question Card","Anchor","reliquary:RoseTintedGlasses","Cables","Ancient Tea Set","Spirit Poop","Whetstone","ReplayTheSpireMod:Shallot","reliquary:QuartzCube","Replay:Arrowhead"],"acts_visited":["Exordium","TheCity","TheBeyond"],"potions_floor_usage":[5,7,11,20,24,50],"damage_taken":[{"damage":3,"enemies":"Small Slimes","floor":1,"turns":3},{"damage":3,"enemies":"Jaw Worm","floor":4,"turns":3},{"damage":0,"enemies":"2 Louse","floor":5,"turns":2},{"damage":9,"enemies":"Gremlin Nob","floor":7,"turns":4},{"damage":1,"enemies":"2 Fungi Beasts","floor":10,"turns":3},{"damage":7,"enemies":"3 Sentries","floor":11,"turns":9},{"damage":0,"enemies":"3 Louse","floor":12,"turns":3},{"damage":27,"enemies":"The Guardian","floor":16,"turns":10},{"damage":8,"enemies":"Spheric Guardian","floor":18,"turns":4},{"damage":7,"enemies":"2 Thieves","floor":20,"turns":2},{"damage":13,"enemies":"Sentry and Sphere","floor":22,"turns":4},{"damage":46,"enemies":"Book of Stabbing","floor":24,"turns":8},{"damage":10,"enemies":"Centurion and Healer","floor":25,"turns":5},{"damage":18,"enemies":"Gremlin Leader","floor":30,"turns":5},{"damage":40,"enemies":"Champ","floor":33,"turns":11},{"damage":14,"enemies":"3 Darklings","floor":35,"turns":3},{"damage":0,"enemies":"3 Shapes","floor":37,"turns":5},{"damage":0,"enemies":"Sphere and 2 Shapes","floor":38,"turns":3},{"damage":25,"enemies":"Nemesis","floor":41,"turns":6},{"damage":0,"enemies":"4 Shapes","floor":42,"turns":5},{"damage":0,"enemies":"Spire Growth","floor":44,"turns":4},{"damage":0,"enemies":"3 Darklings","floor":46,"turns":4},{"damage":7,"enemies":"Writhing Mass","floor":48,"turns":7},{"damage":54,"enemies":"Awakened One","floor":50,"turns":9}],"seed_played":"-1111930676493824342","potions_obtained":[{"floor":4,"key":"Fire Potion"},{"floor":5,"key":"Block Potion"},{"floor":7,"key":"LifebloodPotion"},{"floor":11,"key":"SkillPotion"},{"floor":22,"key":"Adrenaline Potion"},{"floor":30,"key":"PowerPotion"},{"floor":35,"key":"Venom Potion"},{"floor":41,"key":"SteroidPotion"}],"is_trial":false,"path_per_floor":["M","?","?","M","M","R","E","R","T","M","E","M","R","$","R","B",null,"M","?","M","?","M","R","E","M","T","?","$","?","E","$","R","B",null,"M","?","M","M","$","R","E","M","T","M","?","M","$","M","R_BF","B",null],"character_chosen":"DEFECT","items_purchased":["reliquary:Conveyor","Orrery","Membership Card","Question Card","Anchor","Energy Potion","FIFO Queue"],"campfire_rested":1,"item_purchase_floors":[14,14,28,28,28,28,39],"current_hp_per_floor":[51,33,33,30,30,30,21,21,21,27,27,34,34,34,34,14,75,74,74,67,67,65,65,30,27,27,27,27,27,16,16,40,48,83,69,69,76,80,80,80,62,73,73,80,80,87,87,87,87,84],"gold":86,"neow_bonus":"TWO_FIFTY_GOLD","is_daily":false,"chose_seed":false,"campfire_upgraded":6,"win_rate":0.0,"timestamp":1613681474,"path_taken":["M","?","?","M","M","R","E","R","T","M","E","M","R","$","R","BOSS","M","?","M","?","M","R","E","M","T","?","$","?","E","$","R","BOSS","M","?","M","M","$","R","E","M","T","?","?","?","$","M","R_BF","BOSS"],"items_purchased_type":["Relic","Relic","Relic","Relic","Relic","Potion","Card"],"build_version":"2020-12-22","purchased_purges":4,"victory":true,"max_hp_per_floor":[75,75,75,75,75,75,75,75,75,75,75,75,75,75,75,75,75,75,75,75,75,79,79,83,83,83,83,83,83,83,83,83,83,83,83,83,83,87,87,87,87,91,91,91,91,91,91,91,91,91],"card_choices":[{"not_picked":["Steam","Force Field"],"picked":"Fusion","floor":1},{"not_picked":["Rip and Tear","Beam Cell"],"picked":"Cold Snap","floor":4},{"not_picked":["Gash","Darkness","Go for the Eyes"],"picked":"SKIP","floor":5},{"not_picked":["Heatsinks","hubris:PowerSurge"],"picked":"Self Repair","floor":7},{"not_picked":["Steam","Self Repair","ReplayGash"],"picked":"SKIP","floor":10},{"not_picked":["Go for the Eyes","Stack"],"picked":"Leap","floor":11},{"not_picked":["Redo","ReplayTheSpireMod:System Scan","All For One"],"picked":"SKIP","floor":12},{"not_picked":["Beam Cell","Redo"],"picked":"Ball Lightning","floor":14},{"not_picked":["Steam","Coolheaded"],"picked":"BasicCrystalCard","floor":14},{"not_picked":["Cold Snap","ReplaySort"],"picked":"Tempest","floor":14},{"not_picked":["Compile Driver","Leap"],"picked":"Barrage","floor":14},{"not_picked":["Thunder Strike","hubris:SpecializedCircuitry"],"picked":"Electrodynamics","floor":16},{"not_picked":["Panic Button","ReplayGash"],"picked":"Compile Driver","floor":18},{"not_picked":["Compile Driver","Auto Shields","Streamline"],"picked":"SKIP","floor":20},{"not_picked":["Turbo","Stack"],"picked":"Hologram","floor":22},{"not_picked":["Stack+1","FTL"],"picked":"Consume+1","floor":24},{"not_picked":["ReplayTheSpireMod:System Scan","Doom and Gloom"],"picked":"Chill","floor":25},{"not_picked":["Compile Driver","Redo","Barrage"],"picked":"Crystallizer+1","floor":30},{"not_picked":["Multi-Cast","Rainbow","Hyperbeam"],"picked":"Reboot","floor":33},{"not_picked":["Conserve Battery","Barrage","Sweeping Beam+1"],"picked":"BasicCrystalCard+1","floor":35},{"not_picked":["Stack","Reinforced Body+1","Redo+1","Steam"],"picked":"SKIP","floor":37},{"not_picked":["Panic Button","Amplify","Chaos+1","Compile Driver+1"],"picked":"SKIP","floor":38},{"not_picked":["Gash+1","Stack+1","Blizzard+1","hubris:Prefetch"],"picked":"SKIP","floor":41},{"not_picked":["Gash+1","Stack+1","Blizzard+1","hubris:Prefetch"],"picked":"SKIP","floor":41},{"not_picked":["Hologram","Stack","Beam Cell+1"],"picked":"Coolheaded+1","floor":42},{"not_picked":["Compile Driver+1","Stack","Sweeping Beam","Time Bomb"],"picked":"SKIP","floor":44},{"not_picked":["Streamline","Redo","Leap+1","Go for the Eyes"],"picked":"SKIP","floor":46},{"not_picked":["Coolheaded","Redo","Doom and Gloom","Panic Button+1"],"picked":"SKIP","floor":48},{"not_picked":["Coolheaded","Redo","Doom and Gloom","Panic Button+1"],"picked":"SKIP","floor":48}],"player_experience":976313,"relics_obtained":[{"floor":7,"key":"Happy Flower"},{"floor":9,"key":"reliquary:Boomerang"},{"floor":11,"key":"hubris:BundleOfHerbs"},{"floor":24,"key":"reliquary:Aerogel"},{"floor":24,"key":"Lizard Tail"},{"floor":26,"key":"Replay:Rubber Ducky"},{"floor":30,"key":"Cables"},{"floor":30,"key":"Ancient Tea Set"},{"floor":41,"key":"Whetstone"},{"floor":41,"key":"ReplayTheSpireMod:Shallot"},{"floor":43,"key":"reliquary:QuartzCube"},{"floor":49,"key":"Replay:Arrowhead"}],"event_choices":[{"damage_healed":0,"gold_gain":0,"player_choice":"Upgraded","damage_taken":0,"max_hp_gain":0,"max_hp_loss":0,"event_name":"Upgrade Shrine","floor":19,"gold_loss":0,"cards_upgraded":["Barrage"]},{"cards_removed":["Fusion"],"damage_healed":0,"gold_gain":0,"player_choice":"Take \u0026 Give","damage_taken":0,"max_hp_gain":0,"max_hp_loss":0,"event_name":"betterNote:BetterNote","floor":21,"gold_loss":0,"cards_obtained":["Feed"]},{"damage_healed":0,"gold_gain":0,"player_choice":"Adaptability","damage_taken":0,"max_hp_gain":0,"max_hp_loss":0,"event_name":"betterThird:BetterWriting","floor":27,"gold_loss":0},{"cards_removed":["Doubt"],"damage_healed":0,"gold_gain":0,"player_choice":"Offered Curse","damage_taken":0,"relics_obtained":["Spirit Poop"],"max_hp_gain":0,"max_hp_loss":0,"event_name":"Bonfire Elementals","floor":36,"gold_loss":0},{"damage_healed":0,"gold_gain":0,"player_choice":"Copied","damage_taken":0,"max_hp_gain":0,"max_hp_loss":0,"event_name":"Duplicator","floor":45,"gold_loss":0,"cards_obtained":["Barrage"]}],"is_beta":false,"boss_relics":[{"not_picked":["SacredBark","reliquary:Ember"],"picked":"Black Star"},{"not_picked":["ReplayTheSpireMod:DimensionalGlitch","hubris:BlackHole","theForsaken:PaleLantern"]}],"items_purged_floors":[14,28,39,47],"is_endless":false,"potions_floor_spawned":[4,5,7,11,22,30,35,41,42,44],"ascension_level":0}}