{"host":"ygf22gznhdznt0qf","time":1613623085,"event":{"mods":["10 clothes from DAL","Act Like it!","Arknights","Ascension Reborn","BaseMod","Library of Ruina","Library of Ruina Extra","Lobotomy","LobotomyExtend","Minty Spire (QoL Compilation)","Quick Restart","StSLib","TestMod","The Runesmith","Waifu the Spire","【功能Mod】聪明的最终Boss","篝火指南"],"gold_per_floor":[120,139,159,175,188,213,37,63,86,122,26,45,45,77,77,179,179,203,118,138,138,158,494,522,536,586,300,327,365,379,418,181,293,293,311,327,327,339,339,377,84,94,94,126,150,180,198,215,147,158,167],"floor_reached":52,"language":"ZHS","playtime":2172,"items_purged":["FormingStorm"],"score":1506,"play_id":"fd1fd239-85f8-4d96-9125-4e21237a4486","local_time":"20210218123805","daily_mods":["Draft","Specialized","Vintage","Allstar","Heirloom","Time Dilation","DeadlyEvents","Elite Swarm"],"is_ascension_mode":true,"campfire_choices":[{"data":"UnforgettableMelody","floor":13.0,"key":"SMITH"},{"data":"BackAttack","floor":15.0,"key":"SMITH"}],"circlet_count":0,"master_deck":["DesperateStruggle","DesperateStruggle","DesperateStruggle","DesperateStruggle","DesperateStruggle","RushDown","BackAttack+1","EnergyCycle","IllEndYou","FervidEmotions","Pound","IronWall","GuidanceOfTheGears","AsThePrescriptOrders","GuidanceOfTheGears","DimensionalRift","SerpentSwordTechnique","GrazeTheGrass","SmokingPipe","KeepItFresh+1","Faith","UnforgettableMelody+1","CleanUp","Leap_lor+1","CleanUp","RagingStorm","GoinFirst","RagingStorm","GrazeTheGrass","FocusFire","GuidanceOfTheGears","Discovery","TrashDisposal","BoundaryOfDeath","SetFire","Tttonst","RagingStorm","UpbeatPerformance","UnforgettableMelody+1","CleanUp","ExtractFuel+1"],"relics":["PageOfLibrarian","testmod-TestBox","testmod-InjuryResistance","testmod-CardMagician","Art of War","Akabeko","Boot","Toy Ornithopter","Kunai","Smiling Mask","PageOfPorccubus","Nunchaku","testmod-Acrobat","MealTicket","testmod-Muramasa","Pocketwatch","Busted Crown","PreservedInsect","PageOfLittleHelper","Eternal Feather","testmod-CyclicPeriapt","Old Coin","Whetstone","testmod-Hope","PageOfTodaysShyLook","testmod-AssaultLearning","PageOfBloodbath","Vajra","Frozen Egg 2","Bag of Preparation","SlaversCollar","Torii","Runesmith:Nanobots","Dream Catcher","Toxic Egg 2","testmod-Antiphasic","Bottled Tornado","testmod-BlackFramedGlasses","Darkstone Periapt","Shuriken","Mercury Hourglass"],"acts_visited":["Exordium","TheCity","TheBeyond"],"potions_floor_usage":[],"damage_taken":[{"damage":5.0,"enemies":"ats:Genji","floor":1.0,"turns":2.0},{"damage":7.0,"enemies":"Jaw Worm","floor":2.0,"turns":1.0},{"damage":2.0,"enemies":"Small Slimes","floor":3.0,"turns":1.0},{"damage":6.0,"enemies":"Red Slaver","floor":4.0,"turns":1.0},{"damage":4.0,"enemies":"Looter","floor":5.0,"turns":1.0},{"damage":3.0,"enemies":"Lagavulin","floor":6.0,"turns":2.0},{"damage":3.0,"enemies":"3 Sentries","floor":8.0,"turns":3.0},{"damage":12.0,"enemies":"Lagavulin","floor":10.0,"turns":2.0},{"damage":2.0,"enemies":"2 Fungi Beasts","floor":12.0,"turns":2.0},{"damage":0.0,"enemies":"Gremlin Nob","floor":14.0,"turns":2.0},{"damage":6.0,"enemies":"Slime Boss","floor":16.0,"turns":4.0},{"damage":7.0,"enemies":"3 Byrds","floor":18.0,"turns":2.0},{"damage":3.0,"enemies":"Shell Parasite","floor":20.0,"turns":2.0},{"damage":5.0,"enemies":"Centurion and Healer","floor":22.0,"turns":1.0},{"damage":4.0,"enemies":"Gremlin Leader","floor":23.0,"turns":2.0},{"damage":7.0,"enemies":"Slavers","floor":24.0,"turns":2.0},{"damage":11.0,"enemies":"Snake Plant","floor":25.0,"turns":2.0},{"damage":5.0,"enemies":"Gremlin Leader","floor":29.0,"turns":2.0},{"damage":9.0,"enemies":"Cultist and Chosen","floor":30.0,"turns":2.0},{"damage":0.0,"enemies":"Slavers","floor":31.0,"turns":1.0},{"damage":13.0,"enemies":"RedHoodMercenary","floor":33.0,"turns":4.0},{"damage":5,"enemies":"3 Darklings","floor":35,"turns":2},{"damage":5,"enemies":"Orb Walker","floor":36,"turns":1},{"damage":4,"enemies":"3 Darklings","floor":38,"turns":1},{"damage":5,"enemies":"Giant Head","floor":40,"turns":1},{"damage":0,"enemies":"Sphere and 2 Shapes","floor":42,"turns":2},{"damage":0,"enemies":"Reptomancer","floor":44,"turns":1},{"damage":6,"enemies":"Transient","floor":45,"turns":4},{"damage":3,"enemies":"Nemesis","floor":46,"turns":1},{"damage":3,"enemies":"Spire Growth","floor":47,"turns":1},{"damage":5,"enemies":"3 Darklings","floor":48,"turns":1},{"damage":7,"enemies":"Donu and Deca","floor":50,"turns":2},{"damage":20,"enemies":"Donu and Deca","floor":51,"turns":2}],"seed_played":"-3106472452433885042","potions_obtained":[{"floor":1.0,"key":"FearPotion"},{"floor":3.0,"key":"SpeedPotion"},{"floor":5.0,"key":"EssenceOfSteel"},{"floor":6.0,"key":"LiquidMemories"},{"floor":10.0,"key":"testmod-TestPotion"},{"floor":20.0,"key":"BlessingOfTheForge"},{"floor":29.0,"key":"testmod-SpacePotion"},{"floor":31.0,"key":"Strength Potion"},{"floor":33.0,"key":"Explosive Potion"},{"floor":35,"key":"AttackPotion"}],"is_trial":true,"path_per_floor":["M","M","M","M","M","E","$","E","T","E","$","M","R","E","R","B",null,"M","?","M","?","M","E","E","M","T","$","T","E","M","E","R","B",null,"M","M","?","M","?","E","R","M","T","E","M","E","M","M","R","B",null,null],"character_chosen":"Librarian","items_purchased":["PageOfPorccubus","Faith","Leap_lor","Explosive Potion","GrazeTheGrass","FocusFire","GuidanceOfTheGears","Discovery","Bag of Preparation","SetFire","Toxic Egg 2","UpbeatPerformance","ExtractFuel+1"],"campfire_rested":0,"item_purchase_floors":[7,7,11,11,27,27,27,27,32,32,41,41,49],"current_hp_per_floor":[55,48,46,40,36,43,43,40,40,33,48,46,46,46,46,45,91,84,84,81,81,76,72,65,54,54,69,69,64,60,60,78,75,91,86,81,81,77,77,76,91,91,91,91,86,87,85,83,91,87,69],"gold":167,"neow_bonus":"","is_daily":false,"chose_seed":false,"campfire_upgraded":2,"win_rate":0.0,"timestamp":1613623085,"path_taken":["M","M","M","M","?","E","$","E","T","E","?","M","R","E","R","BOSS","M","?","M","?","M","E","?","M","T","$","?","E","M","E","R","BOSS","M","M","?","M","?","E","R","M","T","E","M","E","M","M","R","BOSS"],"items_purchased_type":["Relic","Card","Card","Potion","Card","Card","Card","Card","Relic","Card","Relic","Card","Card"],"build_version":"2020-12-22","purchased_purges":1,"victory":true,"max_hp_per_floor":[63,70,71,71,71,77,77,77,77,77,77,77,77,77,77,91,91,91,91,91,91,91,91,91,91,91,91,91,91,91,91,91,91,91,91,91,91,91,91,91,91,91,91,91,91,91,91,91,91,91,91],"card_choices":[{"not_picked":["Gigigig","FaintMemories"],"picked":"RushDown","floor":0.0},{"not_picked":["DarkCloud","MultiBlock"],"picked":"BackAttack","floor":0.0},{"not_picked":["Parry","ViolentFlame"],"picked":"EnergyCycle","floor":0.0},{"not_picked":["Standoff","UnavoidableGaze"],"picked":"IllEndYou","floor":0.0},{"not_picked":["TraceOfFumes","GuardingStance"],"picked":"FervidEmotions","floor":0.0},{"not_picked":["MultiBlock","DriedUp"],"picked":"Pound","floor":0.0},{"not_picked":["StrikeDown","HandleRequest"],"picked":"IronWall","floor":0.0},{"not_picked":["BackAttack","EnergyStrike"],"picked":"GuidanceOfTheGears","floor":0.0},{"not_picked":["ClassAndRespect","LoosenUp"],"picked":"AsThePrescriptOrders","floor":0.0},{"not_picked":["FervidEmotions","DriedUp"],"picked":"GuidanceOfTheGears","floor":0.0},{"not_picked":["DefenseOrder","MindWhip"],"picked":"DimensionalRift","floor":0.0},{"not_picked":["DeepDrag","TraceOfFumes"],"picked":"SerpentSwordTechnique","floor":0.0},{"not_picked":["Parry","IllEndYou"],"picked":"GrazeTheGrass","floor":0.0},{"not_picked":["UnavoidableGaze","WillOfThePrescript"],"picked":"SmokingPipe","floor":0.0},{"not_picked":["BackAttack","Diversion"],"picked":"KeepItFresh","floor":0.0},{"not_picked":["Disposal","BoundaryOfDeath","TrashDisposal","Castigation","Eradication","FleshFillet","SilentNight","Punishment"],"picked":"FormingStorm","floor":6.0},{"not_picked":["Suppress","Observe","BoundaryOfDeath","ChargeUp","Cruelty","SavageMode","EmotionalTurbulence","Commandeering"],"picked":"UnforgettableMelody","floor":8.0},{"not_picked":["Disposal","EnergyBeam","SenseQuarry","ScratchThat","DaringDecision","BoundaryOfDeath","UnforgettableMelody","Observe"],"picked":"CleanUp","floor":10.0},{"not_picked":["Decapitation","ChargeUp","WillProduceFineSilk","Disposal","Eradication","GroundSmash","Observe","Deflect_lor"],"picked":"CleanUp","floor":14.0},{"not_picked":["SenseQuarry","Commandeering"],"picked":"RagingStorm","floor":16.0},{"not_picked":["TieShanKao","ChargeUp","DaringDecision","FlamingDragonFist","Punishment","EnergyBeam"],"picked":"GoinFirst","floor":23.0},{"not_picked":["LeRegole","Disposal","MindCrush","Observe","Commandeering","ChargeUp"],"picked":"RagingStorm","floor":24.0},{"not_picked":["SilentNight","Cruelty","WillProduceFineSilk","SenseQuarry","Suppress","Observe"],"picked":"TrashDisposal","floor":29.0},{"not_picked":["Transpierce","ScratchThat","Commandeering","TieShanKao","CrackOfDawn","Decapitation"],"picked":"BoundaryOfDeath","floor":31.0},{"not_picked":[],"picked":"Tttonst","floor":33.0},{"not_picked":["GroundSmash","FleshFillet","GutHarvesting","EnergyBeam","Eradication","EmotionalTurbulence"],"picked":"RagingStorm","floor":40},{"not_picked":["LeRegole+1","Commandeering+1","FormingStorm","SavageMode","Punishment","SenseQuarry+1"],"picked":"UnforgettableMelody+1","floor":44},{"not_picked":["Disposal","CrackOfDawn","EnergyBeam","Tttonst+1","Cruelty","FleshFillet"],"picked":"CleanUp","floor":46}],"player_experience":59480,"relics_obtained":[{"floor":1.0,"key":"Art of War"},{"floor":2.0,"key":"Akabeko"},{"floor":3.0,"key":"Boot"},{"floor":4.0,"key":"Toy Ornithopter"},{"floor":5.0,"key":"Kunai"},{"floor":6.0,"key":"Smiling Mask"},{"floor":8.0,"key":"Nunchaku"},{"floor":9.0,"key":"testmod-Acrobat"},{"floor":10.0,"key":"MealTicket"},{"floor":12.0,"key":"testmod-Muramasa"},{"floor":14.0,"key":"Pocketwatch"},{"floor":18.0,"key":"PreservedInsect"},{"floor":20.0,"key":"Eternal Feather"},{"floor":22.0,"key":"testmod-CyclicPeriapt"},{"floor":23.0,"key":"Old Coin"},{"floor":24.0,"key":"Whetstone"},{"floor":25.0,"key":"testmod-Hope"},{"floor":26.0,"key":"PageOfTodaysShyLook"},{"floor":28.0,"key":"testmod-AssaultLearning"},{"floor":29.0,"key":"PageOfBloodbath"},{"floor":30.0,"key":"Vajra"},{"floor":31.0,"key":"Frozen Egg 2"},{"floor":35,"key":"Torii"},{"floor":36,"key":"Runesmith:Nanobots"},{"floor":38,"key":"Dream Catcher"},{"floor":42,"key":"testmod-Antiphasic"},{"floor":43,"key":"Bottled Tornado"},{"floor":44,"key":"testmod-BlackFramedGlasses"},{"floor":45,"key":"Darkstone Periapt"},{"floor":46,"key":"Shuriken"},{"floor":47,"key":"Mercury Hourglass"}],"event_choices":[{"damage_healed":0.0,"max_hp_gain":0.0,"max_hp_loss":0.0,"gold_gain":0.0,"event_name":"Addict","player_choice":"Obtained Relic","floor":19.0,"gold_loss":85.0,"damage_taken":0.0,"relics_obtained":["PageOfLittleHelper"]},{"damage_healed":0.0,"max_hp_gain":0.0,"max_hp_loss":0.0,"gold_gain":0.0,"event_name":"The Woman in Blue","player_choice":"Bought 0 Potions","floor":21.0,"gold_loss":0.0,"damage_taken":0.0},{"damage_healed":0,"gold_gain":0,"player_choice":"Ignored","damage_taken":0,"max_hp_gain":0,"max_hp_loss":0,"event_name":"SecretPortal","floor":39,"gold_loss":0}],"is_beta":false,"boss_relics":[{"not_picked":["testmod-EnergyCheck","Velvet Choker"],"picked":"Busted Crown"},{"not_picked":["Tiny House","Snecko Eye"],"picked":"SlaversCollar"}],"items_purged_floors":[27],"is_endless":false,"potions_floor_spawned":[1,3,5,6,10,12,20,24,29,31,33,35,42,44,45,47],"ascension_level":0}}