{"host":"prxrhpgaxnj4om9r","time":1613657671,"event":{"mods":["AchievementEnabler","BaseMod","Colored Map","DeckTracker","Minty Spire (QoL Compilation)"],"gold_per_floor":[213,226,176,176,222,222,234,266,266,277,296,311,322,341,341,438,438,457,477,222,232,232,232,232,18,18,53,100,118,134,59,59,156,156,167,213,224,238,238,238,238,238],"floor_reached":41,"language":"KOR","playtime":1931,"items_purged":[],"score":417,"play_id":"912c6c19-6047-4386-9d38-54cf3aac0136","local_time":"20210218231431","is_ascension_mode":false,"campfire_choices":[{"data":"Zap","floor":6,"key":"SMITH"},{"floor":15,"key":"REST"},{"floor":23,"key":"RECALL"},{"data":"Defragment","floor":32,"key":"SMITH"},{"data":"Hologram","floor":40,"key":"SMITH"}],"circlet_count":0,"master_deck":["Strike_B","Defend_B","Zap+1","Dualcast","Stack","Streamline","Conserve Battery","Hologram+1","Beam Cell","Biased Cognition","Turbo","Glacier","Chill","Hyperbeam","Biased Cognition+1","Electrodynamics+1","Hyperbeam+1","Capacitor","Rebound+1","Self Repair","Double Energy","Sword Boomerang+1","Defragment+1","Caltrops+1","Deadly Poison+1","Sunder","Panache","Cleave+1","WindmillStrike","Discovery"],"relics":["Cracked Core","Orichalcum","DataDisk","Pen Nib","Astrolabe","PrismaticShard","Lee\u0027s Waffle","Ice Cream","Vajra","Blood Vial","Busted Crown","Calipers"],"acts_visited":["Exordium","TheCity","TheBeyond"],"potions_floor_usage":[8,10,14,30,30,38,41],"damage_taken":[{"damage":4,"enemies":"2 Louse","floor":1,"turns":3},{"damage":8,"enemies":"Small Slimes","floor":2,"turns":2},{"damage":1,"enemies":"Jaw Worm","floor":7,"turns":2},{"damage":26,"enemies":"Lagavulin","floor":8,"turns":7},{"damage":9,"enemies":"Exordium Wildlife","floor":10,"turns":4},{"damage":7,"enemies":"Lots of Slimes","floor":11,"turns":3},{"damage":0,"enemies":"Large Slime","floor":12,"turns":3},{"damage":0,"enemies":"2 Fungi Beasts","floor":13,"turns":2},{"damage":2,"enemies":"Blue Slaver","floor":14,"turns":2},{"damage":32,"enemies":"Hexaghost","floor":16,"turns":12},{"damage":0,"enemies":"Chosen","floor":18,"turns":5},{"damage":0,"enemies":"Spheric Guardian","floor":19,"turns":3},{"damage":0,"enemies":"Snecko","floor":21,"turns":3},{"damage":13,"enemies":"Book of Stabbing","floor":27,"turns":6},{"damage":0,"enemies":"Chosen and Byrds","floor":29,"turns":2},{"damage":0,"enemies":"Cultist and Chosen","floor":30,"turns":3},{"damage":54,"enemies":"Collector","floor":33,"turns":8},{"damage":3,"enemies":"3 Shapes","floor":35,"turns":1},{"damage":26,"enemies":"2 Orb Walkers","floor":36,"turns":3},{"damage":4,"enemies":"Orb Walker","floor":37,"turns":2},{"damage":20,"enemies":"Spire Growth","floor":38,"turns":4},{"damage":45,"enemies":"Reptomancer","floor":41,"turns":3}],"seed_played":"-8578965178406535408","potions_obtained":[{"floor":1,"key":"GamblersBrew"},{"floor":7,"key":"Energy Potion"},{"floor":12,"key":"AttackPotion"},{"floor":18,"key":"Explosive Potion"},{"floor":27,"key":"Block Potion"},{"floor":36,"key":"Energy Potion"},{"floor":37,"key":"SkillPotion"}],"is_trial":false,"path_per_floor":["M","M","?","?","T","R","M","E","T","M","M","M","M","M","R","B",null,"M","M","$","M","?","R","?","$","T","E","T","M","M","?","R","B",null,"M","?","M","M","?","R","E"],"character_chosen":"DEFECT","items_purchased":["Self Repair","PrismaticShard","Double Energy","Lee\u0027s Waffle","Defragment"],"campfire_rested":1,"item_purchase_floors":[20,20,20,25,25],"current_hp_per_floor":[71,63,63,56,56,56,55,29,29,20,13,13,13,11,33,1,75,75,75,75,75,75,75,75,82,82,76,76,82,82,82,82,35,82,79,62,60,42,42,42,0,0],"gold":238,"neow_bonus":"HUNDRED_GOLD","is_daily":false,"chose_seed":false,"campfire_upgraded":3,"win_rate":0.0,"timestamp":1613657671,"path_taken":["M","M","?","?","?","R","M","E","T","M","M","?","M","M","R","BOSS","M","M","?","?","?","R","?","$","T","E","?","M","?","?","R","BOSS","M","?","M","M","?","R","E"],"items_purchased_type":["Card","Relic","Card","Relic","Card"],"build_version":"2020-12-22","purchased_purges":0,"victory":false,"max_hp_per_floor":[75,75,75,75,75,75,75,75,75,75,75,75,75,75,75,75,75,75,75,75,75,75,75,75,82,82,82,82,82,82,82,82,82,82,82,82,82,82,82,82,82,82],"card_choices":[{"not_picked":["FTL","Beam Cell"],"picked":"Stack","floor":1},{"not_picked":["Barrage","Gash"],"picked":"Streamline","floor":2},{"not_picked":["Steam","Loop"],"picked":"Conserve Battery","floor":7},{"not_picked":["Melter","Reinforced Body"],"picked":"Hologram","floor":8},{"not_picked":["Rebound","Steam"],"picked":"Beam Cell","floor":10},{"not_picked":["Heatsinks","Go for the Eyes"],"picked":"Biased Cognition","floor":11},{"not_picked":["Leap","Beam Cell"],"picked":"Turbo","floor":12},{"not_picked":["Force Field","Rebound"],"picked":"Glacier","floor":13},{"not_picked":["Conserve Battery","Ball Lightning"],"picked":"Chill","floor":14},{"not_picked":["Fission","Reboot"],"picked":"Hyperbeam","floor":16},{"not_picked":["Storm","Leap+1"],"picked":"Capacitor","floor":18},{"not_picked":["Heatsinks","Steam"],"picked":"Rebound+1","floor":19},{"not_picked":["ClearTheMind","Dodge and Roll"],"picked":"Sword Boomerang+1","floor":21},{"not_picked":["WreathOfFlame+1","Flying Knee"],"picked":"Caltrops+1","floor":27},{"not_picked":["Aggregate","Headbutt+1"],"picked":"Deadly Poison+1","floor":29},{"not_picked":["Prepared","EmptyFist"],"picked":"Sunder","floor":30},{"not_picked":["Core Surge","A Thousand Cuts"],"picked":"Panache","floor":33},{"not_picked":[],"picked":"Cleave+1","floor":35},{"not_picked":[],"picked":"WindmillStrike","floor":37},{"not_picked":["FlyingSleeves"],"picked":"SKIP","floor":38},{"not_picked":[],"picked":"Discovery","floor":39}],"player_experience":522331,"relics_obtained":[{"floor":8,"key":"DataDisk"},{"floor":9,"key":"Pen Nib"},{"floor":26,"key":"Ice Cream"},{"floor":27,"key":"Vajra"},{"floor":28,"key":"Blood Vial"},{"floor":36,"key":"Calipers"}],"event_choices":[{"cards_removed":["Defend_B"],"damage_healed":0,"gold_gain":0,"player_choice":"Card Removal","damage_taken":0,"max_hp_gain":0,"max_hp_loss":0,"event_name":"The Cleric","floor":3,"gold_loss":50},{"damage_healed":0,"gold_gain":0,"player_choice":"Success","damage_taken":7,"relics_obtained":["Orichalcum"],"max_hp_gain":0,"max_hp_loss":0,"event_name":"Scrap Ooze","floor":4,"gold_loss":0},{"damage_healed":0,"gold_gain":0,"player_choice":"Ignored","damage_taken":0,"max_hp_gain":0,"max_hp_loss":0,"event_name":"Vampires","floor":22,"gold_loss":0},{"cards_removed":["Strike_B"],"damage_healed":0,"gold_gain":0,"player_choice":"Elegance","damage_taken":0,"max_hp_gain":0,"max_hp_loss":0,"event_name":"Back to Basics","floor":24,"gold_loss":0},{"cards_removed":["Strike_B"],"damage_healed":0,"gold_gain":0,"player_choice":"Gave Gold","damage_taken":0,"max_hp_gain":0,"max_hp_loss":0,"event_name":"Beggar","floor":31,"gold_loss":75},{"damage_healed":0,"gold_gain":0,"player_choice":"Fight","damage_taken":0,"max_hp_gain":0,"max_hp_loss":0,"event_name":"Mysterious Sphere","floor":36,"gold_loss":0},{"damage_healed":0,"gold_gain":0,"player_choice":"Memory 1","damage_taken":0,"max_hp_gain":0,"max_hp_loss":0,"event_name":"SensoryStone","floor":39,"gold_loss":0}],"is_beta":false,"boss_relics":[{"not_picked":["Empty Cage","Snecko Eye"],"picked":"Astrolabe"},{"not_picked":["Philosopher\u0027s Stone","Cursed Key"],"picked":"Busted Crown"}],"items_purged_floors":[],"is_endless":false,"potions_floor_spawned":[1,7,12,18,27,36,37],"killed_by":"Reptomancer","ascension_level":0}}