{"host":"r9v0g0iwbsx9dzwu","time":1613662220,"event":{"mods":["ATMod(°¢èªMod)","Act Like it!","Arknights","Aspiration","BaseMod","Minty Spire (QoL Compilation)","MostiFishMod","Reliquary","Replay The Spire","RumiaBox-Â¶Ã×æ«µÄÉñÃØºÐ×Ó","StSLib","TestMod","[IsaacMod]ÒÔÈö¼âËþ","¡¾ÒÅÎï¿¨ÅÆ¡¿REMEMod"],"gold_per_floor":[119,131,145,160,160,150,161,171,198,223,223,237,237,252,252,327,327,329,329,329,244,257,291,303,328,354,387,387,487,516,528,528,606,606,616,632,648,648,663,690,690,722,749,774,85,111,111,126,126,126,126,126,126,26,60,60],"floor_reached":57,"language":"ZHS","playtime":1779,"items_purged":["ats:Strike S","ats:Strike G"],"score":3293,"play_id":"40f80480-d295-4983-bb0f-73451ae50683","local_time":"20210218233020","daily_mods":["Heirloom"],"is_ascension_mode":true,"campfire_choices":[{"data":"ats:Volcano","floor":13.0,"key":"SMITH"},{"data":"ats:Hook Shot","floor":15.0,"key":"SMITH"},{"data":"ats:Mental Burst","floor":32.0,"key":"SMITH"},{"data":"ats:Volcano","floor":41.0,"key":"SMITH"},{"floor":49.0,"key":"RECALL"},{"data":"AT_KingSlayer","floor":53.0,"key":"SMITH"}],"circlet_count":0,"master_deck":["AscendersBane","ats:Strike C","ats:Strike V","ats:Armor Crushing Shot","ats:Defend","ats:Defend","ats:Defend","ats:Defend","ats:Emotion Absorption+1","ats:Volcano+1","AT_KingSlayer+1","ats:Wolf Pack","ats:Guardian Obelisk","ats:Hook Shot+1","ats:Volcano+1","ats:Flame Of Heaven","ats:Mental Burst+1","ats:Flame Of Heaven","ats:Mental Burst+1","ats:Flame Of Heaven"],"relics":["ats:Sanity","HushsDoor","AT_Kusabimaru","Void","testmod-OneHitWonder","Civilization","Baka2","ats:Originium","Blue Doll","BlankCard","OneHitWonderSystem","reliquary:WeakTea","ImprovedEquipment","AT_EbonyIvory","Anchor","testmod-FatalChain","TuHaoJin","Mummified Hand","testmod-FatalChain","reliquary:WritOfMandamus","AT_SpeedBoots","testmod-CrystalShield","reliquary:TatteredRug","ats:Emergency Defibrillator","BelialBook","testmod-ArcanaOfDestiny","PreservedInsect","ats:Special","Letter Opener","reliquary:ExpiredCoupon"],"acts_visited":["Exordium","TheCity","TheBeyond","TheEnding"],"potions_floor_usage":[56,56,56],"damage_taken":[{"damage":0.0,"enemies":"Cultist","floor":1.0,"turns":2.0},{"damage":5.0,"enemies":"Jaw Worm","floor":2.0,"turns":3.0},{"damage":16.0,"enemies":"2 Louse","floor":3.0,"turns":3.0},{"damage":11.0,"enemies":"Looter","floor":4.0,"turns":4.0},{"damage":16.0,"enemies":"3 Sentries","floor":6.0,"turns":8.0},{"damage":0.0,"enemies":"Lots of Slimes","floor":7.0,"turns":4.0},{"damage":0.0,"enemies":"2 Fungi Beasts","floor":8.0,"turns":5.0},{"damage":0.0,"enemies":"Lagavulin","floor":10.0,"turns":4.0},{"damage":0.0,"enemies":"Large Slime","floor":12.0,"turns":5.0},{"damage":0.0,"enemies":"Exordium Wildlife","floor":14.0,"turns":6.0},{"damage":61.0,"enemies":"The Guardian","floor":16.0,"turns":4.0},{"damage":0.0,"enemies":"2 Thieves","floor":18.0,"turns":1.0},{"damage":0.0,"enemies":"3 Byrds","floor":22.0,"turns":2.0},{"damage":0.0,"enemies":"Book of Stabbing","floor":23.0,"turns":3.0},{"damage":0.0,"enemies":"Shelled Parasite and Fungi","floor":24.0,"turns":3.0},{"damage":0.0,"enemies":"Gremlin Leader","floor":25.0,"turns":1.0},{"damage":0.0,"enemies":"REME_1_Revenger","floor":27.0,"turns":2.0},{"damage":0.0,"enemies":"Colosseum Slavers","floor":29.0,"turns":1.0},{"damage":0.0,"enemies":"Colosseum Nobs","floor":29.0,"turns":3.0},{"damage":0.0,"enemies":"Book of Stabbing","floor":30.0,"turns":2.0},{"damage":0.0,"enemies":"Centurion and Healer","floor":31.0,"turns":3.0},{"damage":0.0,"enemies":"Champ","floor":33.0,"turns":5.0},{"damage":0.0,"enemies":"3 Darklings","floor":35.0,"turns":2.0},{"damage":0.0,"enemies":"Orb Walker","floor":36.0,"turns":1.0},{"damage":0.0,"enemies":"Writhing Mass","floor":37.0,"turns":2.0},{"damage":0.0,"enemies":"Maw","floor":39.0,"turns":1.0},{"damage":0.0,"enemies":"R_Hoarder","floor":40.0,"turns":2.0},{"damage":0.0,"enemies":"Reptomancer","floor":42.0,"turns":1.0},{"damage":0.0,"enemies":"Mind Bloom Boss Battle","floor":44.0,"turns":3.0},{"damage":0.0,"enemies":"Nemesis","floor":46.0,"turns":1.0},{"damage":0.0,"enemies":"Transient","floor":48.0,"turns":1.0},{"damage":0.0,"enemies":"Replay:Hell Engine","floor":50.0,"turns":3.0},{"damage":0.0,"enemies":"Time Eater","floor":51.0,"turns":1.0},{"damage":0.0,"enemies":"Shield and Spear","floor":55.0,"turns":1.0},{"damage":0,"enemies":"Delirium","floor":56,"turns":10}],"seed_played":"7667551303281151047","potions_obtained":[{"floor":3.0,"key":"Swift Potion"},{"floor":6.0,"key":"BlessingOfTheForge"},{"floor":8.0,"key":"DuplicationPotion"},{"floor":10.0,"key":"Swift Potion"},{"floor":33.0,"key":"testmod-SpacePotion"},{"floor":35.0,"key":"REME_GoldPotion"},{"floor":37.0,"key":"Adrenaline Potion"},{"floor":44.0,"key":"ats:Emergency Sanity Potion"},{"floor":55.0,"key":"Reflective Coating"}],"is_trial":true,"path_per_floor":["M","M","M","M","?","E","M","M","T","E","?","M","R","M","R","B",null,"M","?","?","?","M","E","M","E","T","E","?","?","E","M","R","B",null,"M","M","M","?","M","E","R","E","T","?","$","E","?","M","R","B","B",null,"R","$","E","B",null],"character_chosen":"DOCTOR_CLASS","items_purchased":["testmod-ArcanaOfDestiny","PreservedInsect","ats:Special"],"campfire_rested":0,"item_purchase_floors":[45,45,45],"current_hp_per_floor":[65,62,57,51,51,40,45,50,50,55,61,66,66,71,71,15,1,6,1,1,1,6,6,6,6,1,6,1,11,6,6,1,6,1,6,6,6,1,6,6,1,6,1,6,1,6,1,6,1,6,6,1,1,1,6,6],"gold":60,"neow_bonus":"","is_daily":false,"chose_seed":false,"campfire_upgraded":5,"win_rate":0.0,"timestamp":1613662220,"path_taken":["M","M","?","M","?","E","M","M","T","E","?","M","R","M","R","BOSS","M","?","?","?","M","E","M","E","T","E","?","?","E","M","R","BOSS","M","M","M","?","M","E","R","E","T","?","$","E","?","M","R","BOSS","BOSS","R","$","E","BOSS"],"items_purchased_type":["Relic","Relic","Relic"],"build_version":"2020-12-22","purchased_purges":2,"victory":true,"max_hp_per_floor":[72,74,85,90,90,95,100,105,105,110,110,115,115,120,120,125,1,6,1,1,1,6,6,6,6,1,6,1,11,6,6,1,6,1,6,6,6,1,6,6,1,6,1,6,1,6,1,6,1,6,6,1,1,1,6,6],"card_choices":[{"not_picked":[],"picked":"ChaosCard","floor":0.0},{"not_picked":["ats:Shell Defense","ats:Dogmatic Field"],"picked":"Bomb","floor":1.0},{"not_picked":["ats:Magnetic Hammer","ats:Blood Oath","ats:Healing Strengthening"],"picked":"SKIP","floor":2.0},{"not_picked":["ats:Automatic Cover","ats:Phantom","ats:Soul Absorption"],"picked":"SKIP","floor":3.0},{"not_picked":["ats:Powerful Strike","ats:Leaping Hammer"],"picked":"ats:Wolf Pack","floor":4.0},{"not_picked":["ats:Sashimi Platter","Bomb"],"picked":"ats:Hook Shot","floor":6.0},{"not_picked":["ats:Blood Oath","ats:Consecutive Shot Auto"],"picked":"ats:Hook Shot","floor":7.0},{"not_picked":["ats:Assault Order","ats:Spore Proliferation"],"picked":"ats:Very Hot Blade","floor":8.0},{"not_picked":["ats:Explosion Area Strengthen","ats:Healing Drone","ats:Collapsing Strike"],"picked":"SKIP","floor":10.0},{"not_picked":["ats:Volcano","ats:Closed Bolt Burst Fire","ats:Collapsing Strike"],"picked":"SKIP","floor":12.0},{"not_picked":["ats:Blood Oath","ats:Charging Defense","ats:Guard Mode"],"picked":"SKIP","floor":14.0},{"not_picked":["ats:True Silver Slash","ats:Rat Pack"],"picked":"ats:Volcano","floor":16.0},{"not_picked":["ats:Closed Bolt Burst Fire","ats:Explosion Area Strengthen","ats:Guard Mode"],"picked":"SKIP","floor":18.0},{"not_picked":["ats:Explosion Area Strengthen","ats:Absolute Focus","ats:Ignite"],"picked":"SKIP","floor":22.0},{"not_picked":["ats:Explosion Area Strengthen","ats:Absolute Focus","ats:Ignite"],"picked":"SKIP","floor":22.0},{"not_picked":["ats:Shell Defense","ats:Soul Rend","ats:Absolute Focus"],"picked":"SKIP","floor":23.0},{"not_picked":["ats:Magnetic Hammer","ats:Part Time Job","ats:Powerful Strike"],"picked":"SKIP","floor":24.0},{"not_picked":["ats:Ambush","ats:Shell Defense","ats:Literary Storm"],"picked":"SKIP","floor":25.0},{"not_picked":["ats:Chain Hook","ats:Closed Bolt Burst Fire","ats:Rapid Magazine"],"picked":"SKIP","floor":27.0},{"not_picked":["ats:Flexible Camouflage","ats:Mental Burst","ats:Apocalypse"],"picked":"SKIP","floor":30.0},{"not_picked":["ats:Flexible Camouflage","ats:Apocalypse"],"picked":"ats:Mental Burst","floor":30.0},{"not_picked":["ats:Absolute Focus","ats:Closed Bolt Burst Fire"],"picked":"ats:Flame Of Heaven","floor":31.0},{"not_picked":["ats:Guard Mode","ats:Charging Defense+1","ats:Assault Order"],"picked":"SKIP","floor":35.0},{"not_picked":["ats:Apocalypse","ats:Cat Scratch","ats:Leaping Hammer"],"picked":"SKIP","floor":36.0},{"not_picked":["ats:Apocalypse","ats:Guard Mode","ats:Closed Bolt Burst Fire"],"picked":"SKIP","floor":37.0},{"not_picked":["ats:Shell Defense+1","ats:Song Of Battle"],"picked":"ats:Flame Of Heaven","floor":39.0},{"not_picked":["ats:Neurotoxin","ats:Volcano","ats:Soul Absorption"],"picked":"SKIP","floor":40.0},{"not_picked":["ats:Soul Absorption","ats:Hammer On+1","ats:Defend Order"],"picked":"SKIP","floor":42.0},{"not_picked":["ats:Cat Scratch","ats:Revitalization","ats:Powerful Strike"],"picked":"SKIP","floor":46.0},{"not_picked":["ats:Absolute Focus","ats:Support Order","ats:Flexible Camouflage+1"],"picked":"SKIP","floor":48.0},{"not_picked":["ats:Composite Medical Shells+1","ats:Flexible Camouflage+1","ats:Support Order+1"],"picked":"SKIP","floor":55.0}],"player_experience":61459,"relics_obtained":[{"floor":1.0,"key":"Baka"},{"floor":2.0,"key":"Baka2"},{"floor":3.0,"key":"Strawberry"},{"floor":6.0,"key":"ats:Originium"},{"floor":6.0,"key":"War Paint"},{"floor":9.0,"key":"Blue Doll"},{"floor":10.0,"key":"ats:Originium"},{"floor":10.0,"key":"SalivaCoin"},{"floor":14.0,"key":"BlankCard"},{"floor":23.0,"key":"ats:Originium"},{"floor":23.0,"key":"ImprovedEquipment"},{"floor":25.0,"key":"ats:Originium"},{"floor":25.0,"key":"AT_EbonyIvory"},{"floor":27.0,"key":"Anchor"},{"floor":29.0,"key":"testmod-FatalChain"},{"floor":29.0,"key":"TuHaoJin"},{"floor":30.0,"key":"Mummified Hand"},{"floor":31.0,"key":"testmod-FatalChain"},{"floor":40.0,"key":"AT_SpeedBoots"},{"floor":42.0,"key":"testmod-CrystalShield"},{"floor":43.0,"key":"reliquary:TatteredRug"},{"floor":44.0,"key":"ats:Emergency Defibrillator"},{"floor":44.0,"key":"reliquary:TatteredRug"},{"floor":44.0,"key":"BelialBook"},{"floor":46.0,"key":"Letter Opener"},{"floor":55.0,"key":"reliquary:ExpiredCoupon"}],"event_choices":[{"damage_healed":0.0,"max_hp_gain":0.0,"max_hp_loss":0.0,"gold_gain":0.0,"event_name":"Liars Game","player_choice":"Ignored","floor":5.0,"gold_loss":0.0,"damage_taken":0.0},{"damage_healed":0.0,"max_hp_gain":0.0,"max_hp_loss":0.0,"gold_gain":0.0,"event_name":"Addict","player_choice":"Obtained Relic","floor":21.0,"gold_loss":85.0,"damage_taken":0.0,"relics_obtained":["reliquary:WeakTea"]},{"damage_healed":0.0,"max_hp_gain":0.0,"max_hp_loss":0.0,"gold_gain":0.0,"event_name":"The Library","player_choice":"Read","floor":28.0,"gold_loss":0.0,"damage_taken":0.0,"cards_obtained":["ats:Flame Of Heaven"]},{"damage_healed":0.0,"max_hp_gain":0.0,"max_hp_loss":0.0,"gold_gain":0.0,"event_name":"Colosseum","player_choice":"Fight","floor":29.0,"gold_loss":0.0,"damage_taken":0.0},{"damage_healed":0.0,"max_hp_gain":0.0,"max_hp_loss":0.0,"gold_gain":0.0,"event_name":"Colosseum","player_choice":"Fought Nobs","floor":29.0,"gold_loss":0.0,"damage_taken":0.0},{"damage_healed":0.0,"max_hp_gain":0.0,"max_hp_loss":0.0,"gold_gain":0.0,"event_name":"MindBloom","player_choice":"Fight","floor":44.0,"gold_loss":0.0,"damage_taken":0.0},{"cards_removed":["ats:Very Hot Blade"],"damage_healed":0.0,"max_hp_gain":0.0,"max_hp_loss":0.0,"gold_gain":0.0,"event_name":"Falling","player_choice":"Removed Attack","floor":47.0,"gold_loss":0.0,"damage_taken":0.0}],"is_beta":false,"boss_relics":[{"not_picked":["MagicMushroom","testmod-Prudence"],"picked":"OneHitWonderSystem"},{"not_picked":[]},{"not_picked":["MoonlightInvasionPlan","FixedStarFall"],"picked":"reliquary:WritOfMandamus"},{"not_picked":[]}],"items_purged_floors":[45,54],"is_endless":false,"potions_floor_spawned":[3,6,8,10,16,22,24,25,27,31,33,35,37,39,44,46,55],"ascension_level":20}}