{"host":"g3js2eermvvpeiqn","time":1613652894,"event":{"mods":["BaseMod","DeckTracker","Downfall","Minty Spire (QoL Compilation)","Quick Restart","StSLib"],"gold_per_floor":[114,114,133,133,148,179,196,196,196,35,51,83,83,93,93,169,169,179,179,8,20,20,51,69,85,85,111,111,124,124,135,135,209,209,227,227,242,242,256,256,266,285,337,337,367,367,367,380,380,380,380],"floor_reached":50,"language":"ENG","playtime":3123,"items_purged":["Strike_P"],"score":1277,"play_id":"99b49c97-daa4-4f3c-8fac-7130ee1e46e3","local_time":"20210218065454","is_ascension_mode":true,"campfire_choices":[{"data":"Devotion","floor":8.0,"key":"SMITH"},{"data":"TalkToTheHand","floor":13.0,"key":"SMITH"},{"data":"TalkToTheHand","floor":15.0,"key":"SMITH"},{"data":"Prostrate","floor":28.0,"key":"SMITH"},{"data":"Prostrate","floor":30.0,"key":"SMITH"},{"data":"Prostrate","floor":32.0,"key":"SMITH"},{"floor":40.0,"key":"RECALL"},{"data":"Prostrate","floor":44.0,"key":"SMITH"},{"floor":47.0,"key":"REST"},{"data":"WheelKick","floor":49.0,"key":"SMITH"}],"circlet_count":0,"master_deck":["AscendersBane","Strike_P","Strike_P","Defend_P","Defend_P","Defend_P","Defend_P","Eruption","Vigilance","Devotion+1","FlyingSleeves","TalkToTheHand+1","Prostrate+1","Meditate+1","Pray","SandsOfTime+1","TalkToTheHand+1","WheelKick+1","Prostrate+1","DevaForm","Conclude","Prostrate+1","DevaForm","Pray+1","Prostrate+1"],"relics":["PureWater","Dead Branch","Pear","Pantograph","Busted Crown","MutagenicStrength","Medical Kit","Eternal Feather","Bird Faced Urn","Toy Ornithopter","VioletLotus","Centennial Puzzle"],"acts_visited":["Exordium","TheCity","TheBeyond"],"potions_floor_usage":[],"damage_taken":[{"damage":0.0,"enemies":"Small Slimes","floor":1.0,"turns":2.0},{"damage":0.0,"enemies":"Jaw Worm","floor":3.0,"turns":3.0},{"damage":0.0,"enemies":"Cultist","floor":5.0,"turns":4.0},{"damage":12.0,"enemies":"Lagavulin","floor":6.0,"turns":7.0},{"damage":8.0,"enemies":"Red Slaver","floor":7.0,"turns":4.0},{"damage":19.0,"enemies":"3 Louse","floor":11.0,"turns":4.0},{"damage":0.0,"enemies":"3 Sentries","floor":12.0,"turns":5.0},{"damage":0.0,"enemies":"Exordium Wildlife","floor":14.0,"turns":2.0},{"damage":0.0,"enemies":"Hexaghost","floor":16.0,"turns":6.0},{"damage":23.0,"enemies":"3 Byrds","floor":18.0,"turns":4.0},{"damage":0.0,"enemies":"Chosen","floor":21.0,"turns":3.0},{"damage":25.0,"enemies":"Gremlin Leader","floor":23.0,"turns":6.0},{"damage":3.0,"enemies":"Snecko","floor":24.0,"turns":4.0},{"damage":3.0,"enemies":"Cultist and Chosen","floor":25.0,"turns":3.0},{"damage":11.0,"enemies":"Book of Stabbing","floor":27.0,"turns":3.0},{"damage":11.0,"enemies":"Centurion and Healer","floor":29.0,"turns":4.0},{"damage":13.0,"enemies":"Shelled Parasite and Fungi","floor":31.0,"turns":3.0},{"damage":54.0,"enemies":"Champ","floor":33.0,"turns":8.0},{"damage":7.0,"enemies":"3 Shapes","floor":35.0,"turns":2.0},{"damage":11.0,"enemies":"Orb Walker","floor":37.0,"turns":4.0},{"damage":33.0,"enemies":"Writhing Mass","floor":39.0,"turns":6.0},{"damage":2.0,"enemies":"Maw","floor":41.0,"turns":6.0},{"damage":12.0,"enemies":"Sphere and 2 Shapes","floor":42.0,"turns":4.0},{"damage":48.0,"enemies":"Nemesis","floor":45.0,"turns":5.0},{"damage":5.0,"enemies":"Transient","floor":48.0,"turns":6.0},{"damage":85,"enemies":"Awakened One","floor":50,"turns":9}],"seed_played":"9193224895984857100","potions_obtained":[{"floor":5.0,"key":"Dexterity Potion"},{"floor":11.0,"key":"BottledMiracle"},{"floor":14.0,"key":"Ancient Potion"},{"floor":24.0,"key":"champ:CounterPotion"},{"floor":27.0,"key":"PowerPotion"},{"floor":33.0,"key":"SpeedPotion"},{"floor":35.0,"key":"Explosive Potion"},{"floor":37.0,"key":"AttackPotion"},{"floor":45.0,"key":"DuplicationPotion"}],"is_trial":false,"path_per_floor":["M","?","M","?","M","E","M","R","T","$","M","E","R","M","R","B",null,"M","?","$","M","?","E","M","M","T","E","R","M","R","M","R","B",null,"M","?","M","?","M","R","M","M","T","R","E","?","R","M","R","B"],"character_chosen":"WATCHER","items_purchased":["SandsOfTime","Medical Kit"],"campfire_rested":1,"item_purchase_floors":[10,20],"current_hp_per_floor":[61,66,66,59,59,47,39,39,49,49,30,30,30,30,30,55,76,53,53,53,53,53,28,25,22,22,11,23,18,30,19,31,15,66,66,66,57,57,37,52,56,46,46,61,19,19,57,61,76,0,0],"gold":380,"neow_bonus":"ONE_RANDOM_RARE_CARD","is_daily":false,"chose_seed":false,"campfire_upgraded":8,"win_rate":0.0,"timestamp":1613652894,"path_taken":["M","?","M","?","?","E","M","R","T","$","M","E","R","M","R","BOSS","M","?","$","M","?","E","?","M","T","E","R","M","R","M","R","BOSS","M","?","M","?","?","R","M","M","T","R","E","?","R","M","R","BOSS"],"items_purchased_type":["Card","Relic"],"build_version":"2020-12-22","purchased_purges":1,"victory":false,"max_hp_per_floor":[68,73,73,73,73,73,73,73,83,83,83,83,83,83,83,83,83,83,83,83,83,83,83,83,83,83,83,83,83,83,83,83,83,83,83,83,83,83,83,83,83,83,83,83,83,79,79,79,79,79,79],"card_choices":[{"not_picked":["EmptyBody","EmptyFist"],"picked":"FlyingSleeves","floor":1.0},{"not_picked":["ForeignInfluence","EmptyBody"],"picked":"TalkToTheHand","floor":3.0},{"not_picked":["EmptyBody","ReachHeaven"],"picked":"Prostrate","floor":5.0},{"not_picked":["BowlingBash","PathToVictory"],"picked":"Meditate","floor":6.0},{"not_picked":["ClearTheMind","FlurryOfBlows"],"picked":"Pray","floor":7.0},{"not_picked":["EmptyBody","BattleHymn"],"picked":"TalkToTheHand","floor":11.0},{"not_picked":["SashWhip","Ragnarok"],"picked":"WheelKick","floor":12.0},{"not_picked":["FearNoEvil","EmptyBody"],"picked":"Prostrate","floor":14.0},{"not_picked":["ConjureBlade","Scrawl"],"picked":"DevaForm","floor":16.0},{"not_picked":[],"picked":"Conclude","floor":18.0},{"not_picked":["SashWhip"],"picked":"SKIP","floor":21.0},{"not_picked":["WreathOfFlame"],"picked":"SKIP","floor":23.0},{"not_picked":["SashWhip"],"picked":"SKIP","floor":24.0},{"not_picked":["CutThroughFate"],"picked":"SKIP","floor":25.0},{"not_picked":[],"picked":"Prostrate","floor":27.0},{"not_picked":["CrushJoints"],"picked":"SKIP","floor":29.0},{"not_picked":["SashWhip+1"],"picked":"SKIP","floor":31.0},{"not_picked":[],"picked":"DevaForm","floor":33.0},{"not_picked":["ClearTheMind"],"picked":"SKIP","floor":35.0},{"not_picked":[],"picked":"Pray+1","floor":37.0},{"not_picked":[],"picked":"Prostrate","floor":39.0},{"not_picked":["EmptyFist"],"picked":"SKIP","floor":41.0},{"not_picked":["CrushJoints"],"picked":"SKIP","floor":42.0},{"not_picked":["CrushJoints"],"picked":"SKIP","floor":45.0},{"not_picked":["FlyingSleeves"],"picked":"SKIP","floor":48.0}],"player_experience":1471047,"relics_obtained":[{"floor":6.0,"key":"Dead Branch"},{"floor":9.0,"key":"Pear"},{"floor":12.0,"key":"Pantograph"},{"floor":23.0,"key":"Eternal Feather"},{"floor":26.0,"key":"Bird Faced Urn"},{"floor":27.0,"key":"Toy Ornithopter"},{"floor":45.0,"key":"Centennial Puzzle"}],"event_choices":[{"damage_healed":0.0,"max_hp_gain":5.0,"max_hp_loss":0.0,"gold_gain":0.0,"event_name":"Big Fish","player_choice":"Donut","floor":2.0,"gold_loss":0.0,"damage_taken":0.0},{"cards_removed":["Strike_P"],"damage_healed":0.0,"max_hp_gain":0.0,"max_hp_loss":0.0,"gold_gain":0.0,"event_name":"Golden Wing","player_choice":"Card Removal","floor":4.0,"gold_loss":0.0,"damage_taken":7.0},{"damage_healed":0.0,"max_hp_gain":0.0,"max_hp_loss":0.0,"gold_gain":0.0,"event_name":"Drug Dealer","player_choice":"Inject Mutagens","floor":19.0,"gold_loss":0.0,"damage_taken":0.0,"relics_obtained":["MutagenicStrength"]},{"damage_healed":0.0,"max_hp_gain":0.0,"max_hp_loss":0.0,"gold_gain":0.0,"event_name":"Upgrade Shrine","player_choice":"Upgraded","floor":22.0,"gold_loss":0.0,"damage_taken":0.0,"cards_upgraded":["Meditate"]},{"damage_healed":0.0,"max_hp_gain":0.0,"max_hp_loss":0.0,"gold_gain":0.0,"event_name":"Tomb of Lord Red Mask","player_choice":"Ignored","floor":36.0,"gold_loss":0.0,"damage_taken":0.0},{"damage_healed":0.0,"max_hp_gain":0.0,"max_hp_loss":0.0,"gold_gain":0.0,"event_name":"Upgrade Shrine","player_choice":"Upgraded","floor":38.0,"gold_loss":0.0,"damage_taken":0.0,"cards_upgraded":["SandsOfTime"]},{"damage_healed":0.0,"max_hp_gain":0.0,"max_hp_loss":4.0,"gold_gain":0.0,"event_name":"Winding Halls","player_choice":"Max HP","floor":46.0,"gold_loss":0.0,"damage_taken":0.0}],"is_beta":false,"boss_relics":[{"not_picked":["bronze:MakeshiftBattery","Fusion Hammer"],"picked":"Busted Crown"},{"not_picked":["Velvet Choker","Snecko Eye"],"picked":"VioletLotus"}],"items_purged_floors":[10],"is_endless":false,"potions_floor_spawned":[5,11,14,21,23,24,27,33,35,37,45],"killed_by":"Awakened One","ascension_level":20}}