{"host":"9rqk712yu6s3287p","time":1613643353,"event":{"mods":["ATMod(°¢èªMod)","Act Like it!","BaseMod","CapriCore","Chen","Gensokyo","Googly Eyes","Marisa£¨ìFÓê¡¡Ä§ÀíÉ³£©","Minty Spire (QoL Compilation)","MostiFishMod","Onozuka Komachi Mod","Reimu£¨²©ÀöÁéÃÎ£©","Remilia_Scarlet Moed£¨ÀÙÃ×ÀòÑÇ¡¤Ë¹¿¨À×ÌØ£©3.3.5","Remilia£¨ÀÙÃ×ÀòÑÇ£©","RumiaBox-Â¶Ã×æ«µÄÉñÃØºÐ×Ó","StSLib","The Administrix","The Immortal","The Servant 0.9.4","Yakumo Yukari mod","Youmu£¨»êÆÇÑýÃÎ£©","Yuyuko","[IsaacMod]ÒÔÈö¼âËþ","¡¾ÒÅÎï¿¨ÅÆ¡¿REMEMod"],"gold_per_floor":[147,204,237,267,454,565,661,751,763,865,958,1063,1111,1207,1219,1465,1477,1549,860,917,956,1013,1094,1145,1244,1322,1407,1497,1578,1680,1758,1758,1980,1980,2031,2038,9,94,301,722,936,1174,1174,1427,1686,1081,1081,1289,1289,1340,795,795],"floor_reached":36,"language":"ZHS","playtime":2445,"items_purged":["BloodRain+1"],"score":2641,"play_id":"52bcb4a3-8792-43d7-b098-dcd23cd6a3ae","local_time":"20210218181553","daily_mods":["Shiny","Vintage","Heirloom","Time Dilation","Flight","Elite Swarm","Lethality","Midas","Binary"],"is_ascension_mode":true,"campfire_choices":[{"floor":15.0,"key":"RECALL"},{"floor":32.0,"key":"REST"},{"data":"1","floor":49,"key":"LIFT"}],"circlet_count":89,"master_deck":["AscendersBane","TricksterDevil+1","BatForm+1","ForecastOfChange+1","CurseOfVladTepes+1","ScarletMeister+1","QueenOfMidnight+1","BloodyHallows+1","HeartBreak+1","EquivalentExchange+1","KillingBlow+1","BloodyCatastrophe+1","ChaoticDestiny+1","BloodySeventeenLaser+1","HellCatastrophe+1","ScarletCoffin+1","DemonKingCradle+1","TransientEternity+1","CeilingFear+1","CurseOfTheBell","MostiFishMod:Neptune+1","MostiFishMod:TheEndOfMoonlight+1","MostiFishMod:FantasySummer+1","MostiFishMod:NightSea+1","AT_EmpoweredMortalDraw"],"relics":["HushsDoor","D4","MagicMushroom","Circlet","Cursed Key","TentaclePot:ReiMu","xbg","TimeFreeze","Velvet Choker","Runic Dome","TheAbacus","REME_ChargedStone","TimeKeys","ChampionBelt","Transparent","NineVolt","APieceOfRedMist"],"acts_visited":["Exordium","TheCity","Gensokyo:Gensokyoest"],"potions_floor_usage":[36],"damage_taken":[{"damage":4.0,"enemies":"2 Louse","floor":1.0,"turns":2.0},{"damage":5.0,"enemies":"Jaw Worm","floor":2.0,"turns":3.0},{"damage":0.0,"enemies":"Cultist","floor":3.0,"turns":2.0},{"damage":28.0,"enemies":"2 Fungi Beasts","floor":4.0,"turns":4.0},{"damage":6.0,"enemies":"Gremlin Gang","floor":5.0,"turns":4.0},{"damage":0.0,"enemies":"Gremlin Nob","floor":6.0,"turns":2.0},{"damage":10.0,"enemies":"Lagavulin","floor":7.0,"turns":3.0},{"damage":0.0,"enemies":"Gremlin Nob","floor":8.0,"turns":2.0},{"damage":4.0,"enemies":"Lagavulin","floor":10.0,"turns":3.0},{"damage":8.0,"enemies":"3 Sentries","floor":11.0,"turns":5.0},{"damage":4.0,"enemies":"Lagavulin","floor":12.0,"turns":3.0},{"damage":0.0,"enemies":"Looter","floor":13.0,"turns":2.0},{"damage":12.0,"enemies":"3 Sentries","floor":14.0,"turns":4.0},{"damage":0.0,"enemies":"The Guardian","floor":16.0,"turns":3.0},{"damage":0.0,"enemies":"Spheric Guardian","floor":18.0,"turns":1.0},{"damage":0.0,"enemies":"Shell Parasite","floor":20.0,"turns":1.0},{"damage":0.0,"enemies":"Centurion and Healer","floor":21.0,"turns":1.0},{"damage":0.0,"enemies":"Snake Plant","floor":22.0,"turns":2.0},{"damage":0.0,"enemies":"Gremlin Leader","floor":23.0,"turns":1.0},{"damage":0.0,"enemies":"Cultist and Chosen","floor":24.0,"turns":3.0},{"damage":0.0,"enemies":"Book of Stabbing","floor":25.0,"turns":1.0},{"damage":0.0,"enemies":"Gremlin Leader","floor":27.0,"turns":2.0},{"damage":0.0,"enemies":"Book of Stabbing","floor":28.0,"turns":1.0},{"damage":0.0,"enemies":"Slavers","floor":29.0,"turns":1.0},{"damage":0.0,"enemies":"Book of Stabbing","floor":30.0,"turns":2.0},{"damage":0.0,"enemies":"Slavers","floor":31.0,"turns":1.0},{"damage":0.0,"enemies":"Collector","floor":33.0,"turns":2.0},{"damage":0.0,"enemies":"Gensokyo:3_Bats","floor":35.0,"turns":2.0},{"damage":0.0,"enemies":"Gensokyo:AncientGuardian","floor":38.0,"turns":1.0},{"damage":0.0,"enemies":"Hiden Room Battle","floor":39.0,"turns":1.0},{"damage":0.0,"enemies":"Gensokyo:Doremy","floor":40.0,"turns":1.0},{"damage":0.0,"enemies":"Gensokyo:Kasen","floor":41.0,"turns":1.0},{"damage":0.0,"enemies":"Gensokyo:Doremy","floor":42.0,"turns":1.0},{"damage":0,"enemies":"Gensokyo:Marisa","floor":44,"turns":1},{"damage":0,"enemies":"Gensokyo:Kasen","floor":45,"turns":1},{"damage":0,"enemies":"Gensokyo:Marisa","floor":48,"turns":1},{"damage":0,"enemies":"3 Darklings","floor":35,"turns":1}],"seed_played":"-8380776841750603779","potions_obtained":[{"floor":1.0,"key":"Block Potion"},{"floor":1.0,"key":"SpeedPotion"},{"floor":2.0,"key":"SteroidPotion"},{"floor":4.0,"key":"SteroidPotion"},{"floor":4.0,"key":"ZuzhouPotion:ReiMu"},{"floor":5.0,"key":"Fruit Juice"},{"floor":5.0,"key":"ColorlessPotion"},{"floor":6.0,"key":"SteroidPotion"},{"floor":7.0,"key":"SmokeBomb"},{"floor":8.0,"key":"Regen Potion"},{"floor":11.0,"key":"LiquidMemories"},{"floor":11.0,"key":"Swift Potion"},{"floor":13.0,"key":"Fire Potion"},{"floor":18.0,"key":"Fruit Juice"},{"floor":18.0,"key":"Block Potion"},{"floor":24.0,"key":"Energy Potion"},{"floor":35.0,"key":"Energy Potion"},{"floor":40.0,"key":"Energy Potion"},{"floor":45,"key":"GamblersBrew"},{"floor":35,"key":"Swift Potion"}],"is_trial":true,"path_per_floor":["M","M","M","M","M","E","E","E","T","E","E","E","M","E","R","B",null,"M","$","M","M","M","E","M","E","T","E","E","E","E","E","R","B",null,"M","?","$","M","?","E","E","E","T","E","E","COS","?","E","R","M","$"],"character_chosen":"REMILIA","items_purchased":["GuppysTail","BirthdayGift-Icosahedron","Lee\u0027s Waffle","OriginationStaff","Pantograph","Shovel","Blue Candle","Ancient Tea Set","Kunai","MagicDraw4","Meat on the Bone","AT_EbonyIvory","Bronze Scales","War Paint","Omamori","Letter Opener","REME_PuzzleBoxRelic","CeramicFish","AT_BellowingDragoncrestRing","Fruit Juice","Succubus"],"campfire_rested":1,"item_purchase_floors":[17,19,37,37,37,37,37,37,37,37,37,37,37,37,37,37,37,37,37,36,36],"current_hp_per_floor":[63,58,58,30,38,38,38,40,40,49,68,69,69,72,75,78,68,68,68,68,68,68,68,68,68,68,68,68,68,68,43,68,50,70,78,39,12,31,47,58,60,62,62,64,66,66,61,62,63,63,80,80],"gold":795,"neow_bonus":"","is_daily":false,"chose_seed":false,"campfire_upgraded":0,"win_rate":0.0,"timestamp":1613643353,"path_taken":["M","M","M","M","M","E","E","E","T","E","E","E","M","E","R","BOSS","M","$","M","M","M","E","M","E","T","E","E","E","E","E","R","BOSS","M","?","$","?","?","E","E","E","T","E","E","COS","?","E","R","M","$"],"items_purchased_type":["Relic","Relic","Relic","Relic","Relic","Relic","Relic","Relic","Relic","Relic","Relic","Relic","Relic","Relic","Relic","Relic","Relic","Relic","Relic","Potion","Relic"],"build_version":"2020-12-22","purchased_purges":1,"victory":false,"max_hp_per_floor":[70,70,70,70,75,75,75,75,75,75,75,75,75,75,75,78,68,68,68,68,68,68,68,68,68,68,68,68,68,68,68,68,71,71,78,78,85,85,85,59,61,63,63,65,67,67,61,63,63,63,80,80],"card_choices":[{"not_picked":["ChaoticDestiny","EquivalentExchange","ScarletMeister"],"picked":"SKIP","floor":6.0},{"not_picked":["BloodyHallows","CeilingFear","TransientEternity"],"picked":"SKIP","floor":7.0},{"not_picked":["QueenOfMidnight","KillingBlow+1","BloodyHallows"],"picked":"SKIP","floor":8.0},{"not_picked":["DemonKingCradle","BloodyCatastrophe","BloodyHallows"],"picked":"SKIP","floor":10.0},{"not_picked":["QueenOfMidnight","ForecastOfChange+1","TricksterDevil"],"picked":"SKIP","floor":11.0},{"not_picked":["DemonKingCradle","CeilingFear","BatForm"],"picked":"SKIP","floor":12.0},{"not_picked":["DemonKingCradle","BloodyCatastrophe","EquivalentExchange"],"picked":"SKIP","floor":14.0},{"not_picked":["HellCatastrophe+1","ScarletCoffin+1","BloodyHallows"],"picked":"SKIP","floor":23.0},{"not_picked":["HellCatastrophe+1","ScarletCoffin+1","BloodyHallows"],"picked":"SKIP","floor":23.0},{"not_picked":["TricksterDevil+1","ScarletMeister+1","BloodyHallows"],"picked":"SKIP","floor":25.0},{"not_picked":["ForecastOfChange+1","BatForm+1","CurseOfVladTepes+1"],"picked":"SKIP","floor":27.0},{"not_picked":["ChaoticDestiny","HeartBreak+1","DemonKingCradle+1"],"picked":"SKIP","floor":28.0},{"not_picked":["TransientEternity+1","HeartBreak+1","CurseOfVladTepes+1"],"picked":"SKIP","floor":29.0},{"not_picked":["TricksterDevil+1","TransientEternity+1","BloodRain"],"picked":"SKIP","floor":30.0},{"not_picked":["CurseOfVladTepes+1","BloodyHallows","TransientEternity+1"],"picked":"SKIP","floor":31.0},{"not_picked":["KillingBlow+1","ScarletMeister+1","TricksterDevil+1"],"picked":"SKIP","floor":40.0},{"not_picked":["KillingBlow+1","ScarletMeister+1","TricksterDevil+1"],"picked":"Singing Bowl","floor":40.0},{"not_picked":["ScarletCoffin","HellCatastrophe"],"picked":"Singing Bowl","floor":41.0},{"not_picked":["CurseOfVladTepes","ChaoticDestiny+1"],"picked":"Singing Bowl","floor":42.0},{"not_picked":["EquivalentExchange","ScarletCoffin","MostiFishMod:Galeforce"],"picked":"Singing Bowl","floor":44},{"not_picked":["DemonKingCradle","ScarletCoffin","REME_BodyOfCthun+1"],"picked":"Singing Bowl","floor":45},{"not_picked":["QueenOfMidnight","CurseOfVladTepes","Thinking Ahead+1"],"picked":"Singing Bowl","floor":48}],"player_experience":548348,"relics_obtained":[{"floor":1.0,"key":"Molten Egg 2"},{"floor":1.0,"key":"AnarchistCookbook"},{"floor":1.0,"key":"Question Card"},{"floor":1.0,"key":"SynthV:TestCard"},{"floor":2.0,"key":"GodSword6"},{"floor":3.0,"key":"Nunchaku"},{"floor":3.0,"key":"Oddly Smooth Stone"},{"floor":4.0,"key":"BloodDonationMachine"},{"floor":4.0,"key":"Centennial Puzzle"},{"floor":4.0,"key":"Mercury Hourglass"},{"floor":5.0,"key":"Lantern"},{"floor":5.0,"key":"The Courier"},{"floor":5.0,"key":"MawBank"},{"floor":5.0,"key":"Pen Nib"},{"floor":6.0,"key":"MagicDraw2"},{"floor":6.0,"key":"SharpPlug"},{"floor":7.0,"key":"Shuriken"},{"floor":7.0,"key":"HornCleat"},{"floor":8.0,"key":"FairyMaid"},{"floor":8.0,"key":"PillsDrop"},{"floor":10.0,"key":"AT_RabadonDeathcap"},{"floor":10.0,"key":"GodSword5"},{"floor":11.0,"key":"AT_BladeRuinedKing"},{"floor":11.0,"key":"SumBook"},{"floor":11.0,"key":"Mummified Hand"},{"floor":11.0,"key":"Unceasing Top"},{"floor":12.0,"key":"AT_ForceNature"},{"floor":12.0,"key":"GodSword1"},{"floor":13.0,"key":"Whetstone"},{"floor":13.0,"key":"ScarletDevilRocket"},{"floor":14.0,"key":"Eternal Feather"},{"floor":14.0,"key":"Ccalipers"},{"floor":14.0,"key":"Boot"},{"floor":16.0,"key":"Frozen Egg 2"},{"floor":17.0,"key":"Mastiff:ReiMu"},{"floor":17.0,"key":"Ornamental Fan"},{"floor":17.0,"key":"DaCapo"},{"floor":18.0,"key":"Vajra"},{"floor":20.0,"key":"RedBat"},{"floor":20.0,"key":"BookOfRevelations"},{"floor":21.0,"key":"PureWhite:ReiMu"},{"floor":21.0,"key":"CrazyTorch:ReiMu"},{"floor":21.0,"key":"Dream Catcher"},{"floor":22.0,"key":"Regal Pillow"},{"floor":22.0,"key":"ZombieArmy"},{"floor":23.0,"key":"PunchingBag"},{"floor":24.0,"key":"AT_ArchangelStaff"},{"floor":24.0,"key":"MagicDraw3"},{"floor":24.0,"key":"SalivaCoin"},{"floor":25.0,"key":"PreservedInsect"},{"floor":26.0,"key":"TuHaoJin"},{"floor":27.0,"key":"AT_ChloranthyRing"},{"floor":27.0,"key":"Lizard Tail"},{"floor":28.0,"key":"AT_RedTearstoneRing"},{"floor":28.0,"key":"Bird Faced Urn"},{"floor":29.0,"key":"AT_LudenTempest"},{"floor":30.0,"key":"AT_SilverBalance"},{"floor":31.0,"key":"Pocketwatch"},{"floor":31.0,"key":"MostiFishMod:Haymaker"},{"floor":33.0,"key":"AT_ImmortalShieldbow"},{"floor":35.0,"key":"Strawberry"},{"floor":35.0,"key":"BFFS"},{"floor":35.0,"key":"AT_MibuBalloonWealth"},{"floor":38.0,"key":"Happy Flower"},{"floor":39.0,"key":"BookofShadows"},{"floor":39.0,"key":"Akabeko"},{"floor":40.0,"key":"REME_HandOfSuture"},{"floor":40.0,"key":"Blood Vial"},{"floor":40.0,"key":"D4"},{"floor":41.0,"key":"AT_TrinityForce"},{"floor":43.0,"key":"Fusion Hammer"},{"floor":43.0,"key":"REME_LowDesire"},{"floor":44,"key":"MetatronsCube"},{"floor":44,"key":"RottenBaby"},{"floor":45,"key":"Medical Kit"},{"floor":45,"key":"Strange Spoon"},{"floor":48,"key":"Dodecahedron"},{"floor":48,"key":"BloodWine"},{"floor":48,"key":"OrangePellets"},{"floor":35,"key":"AT_MortalBlade"},{"floor":35,"key":"Civilization"}],"event_choices":[{"damage_healed":0.0,"max_hp_gain":0.0,"max_hp_loss":0.0,"gold_gain":0.0,"event_name":"HidenRoomEvent","player_choice":"Fight","floor":39.0,"gold_loss":0.0,"damage_taken":0.0}],"is_beta":false,"boss_relics":[{"not_picked":["HereWithMe","Tiny House"],"picked":"Calling Bell"},{"not_picked":[]},{"not_picked":["Astrolabe","SacredBark"],"picked":"Black Star"},{"not_picked":[]}],"items_purged_floors":[19],"is_endless":false,"potions_floor_spawned":[4,8,10,11,12,13,16,18,21,27,28,30,31,33,35,38,41,42,44,45,48,35],"ascension_level":20}}