{"host":"cz96naaoibjp08st","time":1613666238,"event":{"mods":["Act Like it!","BaseMod","BetterRewards","GifTheSpireLib","Minty Spire (QoL Compilation)","Replay The Spire","Shop Mod","StSLib","The Bug Knight"],"gold_per_floor":[113,113,113,113,128,157,157,173,173,208,224,224,243,256,256,356,356,370,25,40,50,325,344,358,384,460,460,487,487,504,521,521,624,624,635,58,58,127,139,139,139,414,440,474,486,209,209,221,221,221],"floor_reached":51,"language":"ZHS","playtime":4375,"items_purged":["Strike_B","Strike_B+1"],"score":754,"play_id":"603f3fc4-828c-4873-a126-a02cc0cbd196","local_time":"20210219003718","is_ascension_mode":false,"campfire_choices":[{"data":"Biased Cognition","floor":7.0,"key":"SMITH"},{"floor":12.0,"key":"REST"},{"floor":15.0,"key":"REST"},{"floor":27.0,"key":"REST"},{"floor":29.0,"key":"REST"},{"floor":32.0,"key":"REST"},{"data":"Consume","floor":40,"key":"SMITH"},{"data":"Loop","floor":47,"key":"SMITH"},{"data":"Defragment","floor":49,"key":"SMITH"}],"circlet_count":0,"master_deck":["Strike_B+1","Defend_B","Defend_B","Defend_B","Zap+1","Dualcast","Biased Cognition+1","Conserve Battery","Streamline","Seek","BasicCrystalCard","Panic Button","Mirror Shield","Streamline","Sunder","Hologram","Loop+1","Reboot","FIFO Queue+1","Ball Lightning+1","Consume+1","Defragment+1","Skim+1","Coolheaded+1","Hologram","Recycle","Capacitor","ReplayTheSpireMod:Omega Cannon","ReplayTheSpireMod:Brewmster","Hologram+1","Self Repair","Coolheaded+1","Core Surge","Rebound","Echo Form"],"relics":["Cracked Core","Ring of Panic","Ring of Misfortune","Whetstone","Eternal Feather","Counterbalance","Replay:Bronze Core","Prayer Wheel","BargainBundle","Replay:Baseball","Prayer Wheel","Omamori","Kunai","Replay:Kaleidoscope","Replay:Drink Me","HornCleat","ClockworkSouvenir","ReplayFunnel","ReplayTheSpireMod:Lightbulb","Gambling Chip","ReplayTheSpireMod:CursedCoin","Mirror"],"acts_visited":["Exordium","TheCity","TheBeyond"],"potions_floor_usage":[35,39,50],"damage_taken":[{"damage":1.0,"enemies":"Cultist","floor":1.0,"turns":3.0},{"damage":6.0,"enemies":"Small Slimes","floor":5.0,"turns":2.0},{"damage":19.0,"enemies":"3 Sentries","floor":6.0,"turns":8.0},{"damage":0.0,"enemies":"Jaw Worm","floor":8.0,"turns":2.0},{"damage":11.0,"enemies":"Gremlin Nob","floor":10.0,"turns":3.0},{"damage":16.0,"enemies":"Lots of Slimes","floor":11.0,"turns":3.0},{"damage":17.0,"enemies":"Large Slime","floor":13.0,"turns":7.0},{"damage":0.0,"enemies":"Looter","floor":14.0,"turns":2.0},{"damage":7.0,"enemies":"Hexaghost","floor":16.0,"turns":12.0},{"damage":17.0,"enemies":"3 Byrds","floor":18.0,"turns":7.0},{"damage":0.0,"enemies":"Shell Parasite","floor":20.0,"turns":4.0},{"damage":7.0,"enemies":"Centurion and Healer","floor":21.0,"turns":6.0},{"damage":7.0,"enemies":"3 Cultists","floor":23.0,"turns":5.0},{"damage":10.0,"enemies":"Chosen and Byrds","floor":24.0,"turns":5.0},{"damage":32.0,"enemies":"Gremlin Leader","floor":25.0,"turns":9.0},{"damage":31.0,"enemies":"Book of Stabbing","floor":28.0,"turns":8.0},{"damage":17.0,"enemies":"Shelled Parasite and Fungi","floor":30.0,"turns":7.0},{"damage":16.0,"enemies":"Centurion and Healer","floor":31.0,"turns":5.0},{"damage":28.0,"enemies":"Pondfish","floor":33.0,"turns":7.0},{"damage":25,"enemies":"3 Darklings","floor":35,"turns":3},{"damage":4,"enemies":"Orb Walker","floor":39,"turns":4},{"damage":0,"enemies":"Reptomancer","floor":44,"turns":5},{"damage":0,"enemies":"3 Darklings","floor":45,"turns":3},{"damage":0,"enemies":"Spire Growth","floor":48,"turns":4},{"damage":22,"enemies":"Replay:Hell Engine","floor":50,"turns":9}],"seed_played":"-9192585596109919906","potions_obtained":[{"floor":8.0,"key":"Energy Potion"},{"floor":10.0,"key":"Cursed Concoction"},{"floor":13.0,"key":"SteroidPotion"},{"floor":14.0,"key":"SkillPotion"},{"floor":18.0,"key":"Weak Potion"},{"floor":24.0,"key":"Dexterity Potion"},{"floor":30.0,"key":"Explosive Potion"},{"floor":31.0,"key":"Weak Potion"},{"floor":33.0,"key":"LiquidMemories"},{"floor":38,"key":"GamblersBrew"},{"floor":38,"key":"LiquidMemories"}],"is_trial":false,"path_per_floor":["M","?","$","?","M","E","R","M","T","E","M","R","M","M","R","B",null,"M","$","M","M","?","M","M","E","T","R","E","R","M","M","R","B",null,"M","$","?","?","M","R","?","?","T","E","M","$","R","M","R","B",null],"character_chosen":"DEFECT","items_purchased":["BargainBundle","Sunder","Hologram","Loop","Fire Potion","Fire Potion","Replay:Baseball","HornCleat","ClockworkSouvenir","ReplayTheSpireMod:Brewmster","ReplayTheSpireMod:CursedCoin","Mirror","Core Surge"],"campfire_rested":5,"item_purchase_floors":[19,19,19,19,19,19,19,36,36,36,46,46,46],"current_hp_per_floor":[53,53,53,53,47,28,28,28,28,17,1,32,15,15,46,39,75,58,58,58,51,51,44,34,2,2,39,8,45,28,12,52,24,57,32,32,32,11,7,25,25,25,25,32,32,32,50,54,54,39],"gold":221,"neow_bonus":"THREE_RARE_CARDS","is_daily":false,"chose_seed":false,"campfire_upgraded":4,"win_rate":0.0,"timestamp":1613666238,"path_taken":["M","?","$","?","M","E","R","?","T","E","M","R","M","?","R","BOSS","M","$","M","M","?","M","M","E","T","R","E","R","M","?","R","BOSS","M","$","?","?","?","R","?","?","T","E","?","$","R","M","R","BOSS"],"items_purchased_type":["Relic","Card","Card","Card","Potion","Potion","Relic","Relic","Relic","Card","Relic","Relic","Card"],"build_version":"2020-12-22","purchased_purges":2,"victory":true,"max_hp_per_floor":[75,75,75,75,75,75,75,75,75,75,75,75,75,75,75,75,75,75,75,75,75,75,75,75,75,75,75,75,75,75,75,75,75,57,57,57,54,54,54,54,54,54,54,54,54,54,54,54,54,54],"card_choices":[{"not_picked":["Machine Learning","Multi-Cast"],"picked":"Biased Cognition","floor":0.0},{"not_picked":["White Noise","Streamline"],"picked":"Conserve Battery","floor":1.0},{"not_picked":["Conserve Battery","Turbo"],"picked":"Streamline","floor":5.0},{"not_picked":["Rebound","ReplaySolidLightProjector"],"picked":"Seek","floor":6.0},{"not_picked":["Skim","Rip and Tear","Go for the Eyes"],"picked":"SKIP","floor":8.0},{"not_picked":["Lockon","FTL"],"picked":"BasicCrystalCard","floor":10.0},{"not_picked":["ReplaySort","White Noise"],"picked":"Panic Button","floor":11.0},{"not_picked":["Barrage","Gash"],"picked":"Mirror Shield","floor":13.0},{"not_picked":["Chill","Ball Lightning","Conserve Battery"],"picked":"SKIP","floor":14.0},{"not_picked":["Thunder Strike","Fission"],"picked":"ReplayTheSpireMod:Fabricate Wheel","floor":16.0},{"not_picked":["Steam+1","Leap"],"picked":"Streamline","floor":18.0},{"not_picked":["Blizzard","Recycle","Steam"],"picked":"SKIP","floor":18.0},{"not_picked":["Leap","Streamline"],"picked":"Reboot","floor":20.0},{"not_picked":["Compile Driver","Sweeping Beam+1","Go for the Eyes"],"picked":"SKIP","floor":20.0},{"not_picked":["Chaos","ReplayGash"],"picked":"FIFO Queue+1","floor":21.0},{"not_picked":["Scrape","Stack"],"picked":"Ball Lightning+1","floor":21.0},{"not_picked":["ReplayTheSpireMod:Calculation Training","Hologram+1"],"picked":"Consume","floor":23.0},{"not_picked":["Aggregate+1","Barrage"],"picked":"Defragment","floor":23.0},{"not_picked":["Coolheaded","Rebound"],"picked":"Skim+1","floor":24.0},{"not_picked":["Rebound","BasicCrystalCard"],"picked":"Coolheaded+1","floor":24.0},{"not_picked":["Go for the Eyes","Lockon","Ball Lightning"],"picked":"SKIP","floor":24.0},{"not_picked":["Rebound","All For One","Ball Lightning+1"],"picked":"SKIP","floor":25.0},{"not_picked":["Leap","Sweeping Beam","Steam Power"],"picked":"SKIP","floor":28.0},{"not_picked":["Rip and Tear","Stack"],"picked":"Hologram","floor":30.0},{"not_picked":["Rebound","Blizzard+1","Skim"],"picked":"SKIP","floor":30.0},{"not_picked":["Cold Snap+1","Rebound","ReplayTheSpireMod:System Scan"],"picked":"SKIP","floor":30.0},{"not_picked":["Heatsinks","Force Field"],"picked":"Recycle","floor":31.0},{"not_picked":["Beam Cell","Stack"],"picked":"Capacitor","floor":31.0},{"not_picked":["Lockon+1","Steam","Gash"],"picked":"SKIP","floor":31.0},{"not_picked":["Thunder Strike","Hyperbeam"],"picked":"ReplayTheSpireMod:Omega Cannon","floor":33.0},{"not_picked":["Ball Lightning+1","Reprogram","Melter+1"],"picked":"SKIP","floor":35},{"not_picked":["Beam Cell+1","BasicCrystalCard","Steam+1"],"picked":"SKIP","floor":35},{"not_picked":["Rebound","Aggregate+1","Panic Button"],"picked":"SKIP","floor":35},{"not_picked":["ReplayTheSpireMod:System Scan","BasicCrystalCard+1"],"picked":"Hologram+1","floor":38},{"not_picked":["Steam+1","Turbo"],"picked":"Self Repair","floor":39},{"not_picked":["Steam Power+1","Leap+1"],"picked":"Coolheaded+1","floor":39},{"not_picked":["Force Field","ReplaySolidLightProjector+1","Doom and Gloom+1"],"picked":"SKIP","floor":39},{"not_picked":["White Noise+1","ReplayRNGCard","Recycle"],"picked":"SKIP","floor":44},{"not_picked":["Go for the Eyes+1","BasicCrystalCard+1","Panic Button+1"],"picked":"SKIP","floor":45},{"not_picked":["Leap+1","Scrape+1","Conserve Battery+1"],"picked":"SKIP","floor":45},{"not_picked":["Beam Cell+1","Storm+1","Compile Driver+1"],"picked":"SKIP","floor":45},{"not_picked":["Aggregate","Turbo"],"picked":"Rebound","floor":48},{"not_picked":["Consume+1","Barrage"],"picked":"Echo Form","floor":48},{"not_picked":["White Noise+1","ReplayTheSpireMod:System Scan+1","Rebound"],"picked":"SKIP","floor":48}],"player_experience":296084,"relics_obtained":[{"floor":2.0,"key":"Ring of Panic"},{"floor":2.0,"key":"Ring of Misfortune"},{"floor":6.0,"key":"Whetstone"},{"floor":9.0,"key":"Eternal Feather"},{"floor":10.0,"key":"Counterbalance"},{"floor":25.0,"key":"Omamori"},{"floor":26.0,"key":"Kunai"},{"floor":28.0,"key":"Replay:Kaleidoscope"},{"floor":38,"key":"ReplayFunnel"},{"floor":43,"key":"ReplayTheSpireMod:Lightbulb"},{"floor":44,"key":"Gambling Chip"}],"event_choices":[{"damage_healed":0.0,"max_hp_gain":0.0,"max_hp_loss":0.0,"gold_gain":0.0,"event_name":"Upgrade Shrine","player_choice":"Upgraded","floor":4.0,"gold_loss":0.0,"damage_taken":0.0,"cards_upgraded":["Zap"]},{"damage_healed":0.0,"max_hp_gain":0.0,"max_hp_loss":0.0,"gold_gain":275.0,"event_name":"Golden Shrine","player_choice":"Desecrate","floor":22.0,"gold_loss":0.0,"damage_taken":0.0,"cards_obtained":["Regret"]},{"damage_healed":0,"gold_gain":0,"player_choice":"Max HP","damage_taken":0,"max_hp_gain":0,"max_hp_loss":3,"event_name":"Winding Halls","floor":37,"gold_loss":0},{"damage_healed":0,"gold_gain":0,"player_choice":"Ignored","damage_taken":0,"max_hp_gain":0,"max_hp_loss":0,"event_name":"Tomb of Lord Red Mask","floor":41,"gold_loss":0},{"damage_healed":0,"gold_gain":275,"player_choice":"Desecrate","damage_taken":0,"max_hp_gain":0,"max_hp_loss":0,"event_name":"Golden Shrine","floor":42,"gold_loss":0,"cards_obtained":["Regret"]}],"is_beta":false,"boss_relics":[{"not_picked":["Fusion Hammer","Busted Crown"],"picked":"Replay:Bronze Core"},{"not_picked":["Tiny House","Cursed Key"],"picked":"Replay:Drink Me"}],"items_purged_floors":[19,46],"is_endless":false,"potions_floor_spawned":[8,10,13,14,18,23,24,30,31,33,39,48],"ascension_level":0}}