{"host":"tzwikg9s6mkzv6w0","time":1613654666,"event":{"mods":["BaseMod","Good Game Mod","Minty Spire (QoL Compilation)","Spicy Shops","StSLib"],"gold_per_floor":[118,129,139,139,159,193,193,228,274,274,297,314,42,77,77,181,181,197,221,240,140,160,188,207,234,258,278,278,278],"floor_reached":28,"language":"ZHS","playtime":894,"items_purged":["Defend_R","Defend_R"],"score":494,"play_id":"5a5679e6-6cc9-47e1-b9c3-8213d2f8cb12","local_time":"20210218212426","is_ascension_mode":true,"campfire_choices":[{"data":"Perfected Strike","floor":7.0,"key":"SMITH"},{"data":"Perfected Strike","floor":15.0,"key":"SMITH"}],"circlet_count":0,"master_deck":["Strike_R","Strike_R","Strike_R","Strike_R+1","Strike_R+1","Defend_R","Defend_R","Bash","Echo Form","Master of Strategy","Perfected Strike+1","Perfected Strike+1","Evolve","Perfected Strike","Brutality","Armaments+1"],"relics":["Burning Blood","REME:ComplimentaryCards","Eternal Feather","Whetstone","Tiny Chest","Happy Flower","PrismaticShard","MealTicket","Runic Cube","Orichalcum","Pear","Vajra","Centennial Puzzle"],"acts_visited":["Exordium","TheCity"],"potions_floor_usage":[27],"damage_taken":[{"damage":6.0,"enemies":"Cultist","floor":1.0,"turns":4.0},{"damage":8.0,"enemies":"Jaw Worm","floor":2.0,"turns":4.0},{"damage":0.0,"enemies":"2 Louse","floor":3.0,"turns":3.0},{"damage":14.0,"enemies":"Blue Slaver","floor":5.0,"turns":4.0},{"damage":25.0,"enemies":"3 Sentries","floor":6.0,"turns":7.0},{"damage":0.0,"enemies":"Lagavulin","floor":8.0,"turns":4.0},{"damage":23.0,"enemies":"Exordium Thugs","floor":12.0,"turns":5.0},{"damage":0.0,"enemies":"Gremlin Nob","floor":14.0,"turns":2.0},{"damage":0.0,"enemies":"Slime Boss","floor":16.0,"turns":6.0},{"damage":25.0,"enemies":"2 Thieves","floor":18.0,"turns":4.0},{"damage":5.0,"enemies":"Spheric Guardian","floor":20.0,"turns":3.0},{"damage":37.0,"enemies":"Snake Plant","floor":22.0,"turns":4.0},{"damage":30.0,"enemies":"Slavers","floor":23.0,"turns":7.0},{"damage":3.0,"enemies":"Centurion and Healer","floor":24.0,"turns":5.0},{"damage":24.0,"enemies":"Book of Stabbing","floor":25.0,"turns":4.0},{"damage":9,"enemies":"Cultist and Chosen","floor":27,"turns":5},{"damage":14,"enemies":"Slavers","floor":28,"turns":1}],"seed_played":"5930059574143564612","potions_obtained":[{"floor":3.0,"key":"FearPotion"},{"floor":6.0,"key":"Dexterity Potion"},{"floor":8.0,"key":"EntropicBrew"},{"floor":12.0,"key":"AttackPotion"},{"floor":14.0,"key":"Swift Potion"},{"floor":18.0,"key":"Explosive Potion"},{"floor":23.0,"key":"ColorlessPotion"},{"floor":25.0,"key":"ColorlessPotion"}],"is_trial":false,"path_per_floor":["M","M","M","T","M","E","R","E","T","?","T","M","$","E","R","B",null,"M","T","M","$","M","E","M","E","T","M","E"],"character_chosen":"IRONCLAD","items_purchased":["Perfected Strike","PrismaticShard"],"campfire_rested":0,"item_purchase_floors":[13,13],"current_hp_per_floor":[72,70,72,72,64,45,54,60,60,65,65,48,48,54,63,69,75,56,56,57,72,41,27,30,12,12,9,0,0],"gold":278,"neow_bonus":"RANDOM_COLORLESS_2","is_daily":false,"chose_seed":false,"campfire_upgraded":2,"win_rate":0.0,"timestamp":1613654666,"path_taken":["M","M","?","?","M","E","R","E","T","?","?","?","$","E","R","BOSS","M","?","M","$","M","E","M","E","T","M","E"],"items_purchased_type":["Card","Relic"],"build_version":"2020-12-22","purchased_purges":2,"victory":false,"max_hp_per_floor":[72,72,72,72,72,72,72,72,72,77,77,77,77,77,77,77,77,77,77,77,77,77,87,87,87,87,87,87,87],"card_choices":[{"not_picked":["Metamorphosis","Violence"],"picked":"Master of Strategy","floor":0.0},{"not_picked":["Dark Embrace","Feel No Pain"],"picked":"Perfected Strike","floor":1.0},{"not_picked":["Blood for Blood","Clash","Warcry"],"picked":"SKIP","floor":2.0},{"not_picked":["Shrug It Off","Cleave"],"picked":"Perfected Strike","floor":3.0},{"not_picked":["Intimidate","Havoc"],"picked":"Evolve","floor":5.0},{"not_picked":["Cleave","Thunderclap","Combust"],"picked":"SKIP","floor":6.0},{"not_picked":["Demon Form","Headbutt","Sword Boomerang"],"picked":"SKIP","floor":8.0},{"not_picked":["Havoc","Dropkick","Cleave"],"picked":"SKIP","floor":12.0},{"not_picked":["Wireheading","Havoc","Eviscerate"],"picked":"SKIP","floor":14.0},{"not_picked":["SpiritShield","Thunder Strike"],"picked":"Brutality","floor":16.0},{"not_picked":["Quick Slash","Catalyst","Gash+1"],"picked":"SKIP","floor":18.0},{"not_picked":["Dodge and Roll","Good Instincts+1","Beam Cell"],"picked":"SKIP","floor":20.0},{"not_picked":["Flame Barrier+1","Leap"],"picked":"Armaments+1","floor":22.0},{"not_picked":["Catalyst","BowlingBash","Prostrate"],"picked":"SKIP","floor":23.0},{"not_picked":["Headbutt","Underhanded Strike+1","Bludgeon"],"picked":"SKIP","floor":24.0},{"not_picked":["Conserve Battery","Quick Slash","Force Field"],"picked":"SKIP","floor":25.0},{"not_picked":["Adaptation","WreathOfFlame+1","Glacier"],"picked":"SKIP","floor":27}],"player_experience":152122,"relics_obtained":[{"floor":6.0,"key":"Eternal Feather"},{"floor":8.0,"key":"Whetstone"},{"floor":9.0,"key":"Tiny Chest"},{"floor":11.0,"key":"Happy Flower"},{"floor":14.0,"key":"MealTicket"},{"floor":19.0,"key":"Orichalcum"},{"floor":23.0,"key":"Pear"},{"floor":25.0,"key":"Vajra"},{"floor":26.0,"key":"Centennial Puzzle"}],"event_choices":[{"damage_healed":0.0,"max_hp_gain":5.0,"max_hp_loss":0.0,"gold_gain":0.0,"event_name":"Big Fish","player_choice":"Donut","floor":10.0,"gold_loss":0.0,"damage_taken":0.0}],"is_beta":false,"boss_relics":[{"not_picked":["Sozu","SacredBark"],"picked":"Runic Cube"}],"items_purged_floors":[13,21],"is_endless":false,"potions_floor_spawned":[3,6,8,12,14,18,23,25],"killed_by":"Slavers","ascension_level":6}}