{"host":"wbn3xdfsa5pc2kse","time":1613661678,"event":{"mods":["AchievementEnabler","BaseMod","Bestiary","Colored Map","Colored Powertips","Curses Come First","Highlight Path","Minty Spire (QoL Compilation)","Permanent Neow","Rare Cards Sparkle","Relic Stats","StSLib"],"gold_per_floor":[119,134,148,148,164,198,198,237,285,46,46,60,60,103,103,103,103],"floor_reached":16,"language":"ZHT","playtime":326,"items_purged":["Strike_R"],"score":216,"play_id":"e89ad19d-7263-4b00-924a-286e381ecb2e","local_time":"20210218232118","is_ascension_mode":true,"campfire_choices":[{"data":"Carnage","floor":7,"key":"SMITH"},{"floor":11,"key":"REST"},{"data":"Armaments","floor":15,"key":"SMITH"}],"circlet_count":0,"master_deck":["AscendersBane","Strike_R","Strike_R","Strike_R","Strike_R","Defend_R","Defend_R","Defend_R","Defend_R","Bash","Wild Strike","Carnage+1","Blood for Blood","Iron Wave","True Grit","Armaments+1","Sentinel"],"relics":["Sozu","Golden Idol","Frozen Egg 2","InkBottle","Regal Pillow","Happy Flower","CeramicFish"],"acts_visited":["Exordium"],"potions_floor_usage":[],"damage_taken":[{"damage":1,"enemies":"Cultist","floor":1,"turns":4},{"damage":3,"enemies":"Small Slimes","floor":2,"turns":3},{"damage":1,"enemies":"2 Louse","floor":3,"turns":2},{"damage":4,"enemies":"Exordium Wildlife","floor":5,"turns":3},{"damage":27,"enemies":"Gremlin Nob","floor":6,"turns":4},{"damage":21,"enemies":"Lagavulin","floor":8,"turns":5},{"damage":0,"enemies":"Blue Slaver","floor":12,"turns":3},{"damage":11,"enemies":"Gremlin Nob","floor":14,"turns":3},{"damage":38,"enemies":"Slime Boss","floor":16,"turns":6}],"seed_played":"-6810844858795854867","potions_obtained":[],"is_trial":false,"path_per_floor":["M","M","M","?","M","E","R","E","T","$","R","M","?","E","R","B"],"character_chosen":"IRONCLAD","items_purchased":["Happy Flower"],"campfire_rested":1,"item_purchase_floors":[10],"current_hp_per_floor":[67,64,63,63,59,32,32,11,11,11,46,46,46,35,35,0,0],"gold":103,"neow_bonus":"BOSS_RELIC","is_daily":false,"chose_seed":false,"campfire_upgraded":2,"win_rate":0.0,"timestamp":1613661678,"path_taken":["M","M","?","?","M","E","R","E","T","$","R","M","?","E","R","BOSS"],"items_purchased_type":["Relic"],"build_version":"2020-12-22","purchased_purges":1,"victory":false,"max_hp_per_floor":[75,75,75,68,68,68,68,68,68,68,68,68,68,68,68,68,68],"relic_stats":{"Sozu":3,"Regal Pillow":15,"Happy Flower":[4],"counters":[9,33],"Golden Idol":28,"CeramicFish":9,"obtain_stats":[{"Sozu":0,"Regal Pillow":9,"Happy Flower":10,"Golden Idol":4,"CeramicFish":14,"Frozen Egg 2":6,"Burning Blood":0,"InkBottle":8},{"Sozu":0,"Regal Pillow":6,"Happy Flower":6,"Golden Idol":3,"CeramicFish":8,"Frozen Egg 2":5,"Burning Blood":0,"InkBottle":6},{"Sozu":0,"Regal Pillow":21,"Happy Flower":21,"Golden Idol":9,"CeramicFish":27,"Frozen Egg 2":16,"Burning Blood":0,"InkBottle":21}],"InkBottle":[3]},"card_choices":[{"not_picked":["Infernal Blade","Headbutt"],"picked":"Wild Strike","floor":1},{"not_picked":["Pummel","Headbutt"],"picked":"Carnage","floor":2},{"not_picked":["Headbutt","Intimidate"],"picked":"Blood for Blood","floor":3},{"not_picked":["Sword Boomerang","Combust"],"picked":"Iron Wave","floor":5},{"not_picked":["Blood for Blood","Clothesline"],"picked":"True Grit","floor":6},{"not_picked":["Second Wind","Clash"],"picked":"Armaments","floor":8},{"not_picked":["Dropkick","Cleave","Armaments"],"picked":"SKIP","floor":12},{"not_picked":["Whirlwind","Clothesline"],"picked":"Sentinel","floor":14}],"player_experience":828936,"relics_obtained":[{"floor":6,"key":"Frozen Egg 2"},{"floor":8,"key":"InkBottle"},{"floor":9,"key":"Regal Pillow"},{"floor":14,"key":"CeramicFish"}],"event_choices":[{"damage_healed":0,"gold_gain":0,"player_choice":"Lose Max HP","damage_taken":0,"relics_obtained":["Golden Idol"],"max_hp_gain":0,"max_hp_loss":7,"event_name":"Golden Idol","floor":4,"gold_loss":0},{"damage_healed":0,"gold_gain":0,"player_choice":"0 cards matched","damage_taken":0,"max_hp_gain":0,"max_hp_loss":0,"event_name":"Match and Keep!","floor":13,"gold_loss":0,"cards_obtained":[]}],"is_beta":false,"boss_relics":[],"items_purged_floors":[10],"is_endless":false,"potions_floor_spawned":[1,6,14],"killed_by":"Slime Boss","ascension_level":16}}