{"host":"ufhw4cf0hh51lveu","time":1613637950,"event":{"mods":["BaseMod","DeckTracker","Lobotomy","Minty Spire (QoL Compilation)","SuperFastMode"],"gold_per_floor":[119,70,20,20,31,31,206,225,225,225,237,237,253,278,278,278,278],"floor_reached":16,"language":"KOR","playtime":401,"items_purged":[],"score":90,"play_id":"309d8fca-90cd-4bb2-94ed-390d9dca81cc","local_time":"20210218174550","is_ascension_mode":false,"campfire_choices":[{"data":"Dropkick","floor":6,"key":"SMITH"},{"data":"True Grit","floor":12,"key":"SMITH"},{"data":"Bash","floor":15,"key":"SMITH"}],"circlet_count":0,"master_deck":["Strike_R","Strike_R","Strike_R","Strike_R","Defend_R","Defend_R","Defend_R","Defend_R","Bash+1","Dropkick+1","Heavy Blade","OSAHOGD","True Grit+1","Doubt","Scorched","Flex","Sever Soul","BeautyBeast","DespairKnight","Thunderclap"],"relics":["Burning Blood","CogitoBucket","RabbitCall","Kunai","Nunchaku"],"acts_visited":["Exordium"],"potions_floor_usage":[16],"damage_taken":[{"damage":6,"enemies":"Cultist","floor":1,"turns":3},{"damage":13,"enemies":"Jaw Worm","floor":5,"turns":3},{"damage":4,"enemies":"2 Louse","floor":8,"turns":2},{"damage":5,"enemies":"Looter","floor":11,"turns":3},{"damage":15,"enemies":"Red Slaver","floor":13,"turns":3},{"damage":71,"enemies":"The Guardian","floor":16,"turns":14}],"seed_played":"-1431034401771523619","potions_obtained":[{"floor":13,"key":"EssenceOfSteel"}],"is_trial":false,"path_per_floor":["M","$","?","$","M","R","?","M","T","?","M","R","M","T","R","B"],"character_chosen":"IRONCLAD","items_purchased":["Heavy Blade"],"campfire_rested":0,"item_purchase_floors":[2],"current_hp_per_floor":[80,80,80,80,73,73,73,75,75,75,76,76,67,67,67,0,0],"gold":278,"neow_bonus":"","is_daily":false,"chose_seed":false,"campfire_upgraded":3,"win_rate":0.0,"timestamp":1613637950,"path_taken":["M","?","?","$","M","R","?","M","T","?","M","R","M","?","R","BOSS"],"items_purchased_type":["Card"],"build_version":"2020-12-22","purchased_purges":0,"victory":false,"max_hp_per_floor":[80,80,80,80,80,80,80,80,80,80,80,80,80,80,80,80,80],"card_choices":[{"not_picked":["Bloodbath","Scorched"],"picked":"LittleHelper","floor":1},{"not_picked":["Shrug It Off","Blood for Blood"],"picked":"Dropkick","floor":1},{"not_picked":["Funeral","VoidDream"],"picked":"OSAHOGD","floor":5},{"not_picked":["Reckless Charge","Clothesline"],"picked":"True Grit","floor":5},{"not_picked":["RedShoes","Bloodbath","MeatLantern"],"picked":"Singing Bowl","floor":8},{"not_picked":["CherryBlossoms","LittleHelper"],"picked":"Scorched","floor":8},{"not_picked":["Feed","Clothesline"],"picked":"Flex","floor":8},{"not_picked":["ShyLook","OldLady"],"picked":"BeautyBeast","floor":11},{"not_picked":["True Grit","Iron Wave","Fire Breathing"],"picked":"SKIP","floor":11},{"not_picked":["Woodsman","SingingMachine"],"picked":"DespairKnight","floor":13},{"not_picked":["Headbutt","Clash"],"picked":"Thunderclap","floor":13}],"player_experience":48779,"relics_obtained":[{"floor":9,"key":"Kunai"},{"floor":14,"key":"Nunchaku"}],"event_choices":[{"cards_removed":["LittleHelper"],"damage_healed":0,"gold_gain":0,"player_choice":"Card Removal","damage_taken":0,"max_hp_gain":0,"max_hp_loss":0,"event_name":"The Cleric","floor":3,"gold_loss":50},{"damage_healed":0,"gold_gain":175,"player_choice":"AGREE","damage_taken":0,"max_hp_gain":0,"max_hp_loss":0,"event_name":"Liars Game","floor":7,"gold_loss":0,"cards_obtained":["Doubt"]},{"damage_healed":0,"gold_gain":0,"cards_transformed":["Strike_R"],"player_choice":"Change","damage_taken":0,"max_hp_gain":0,"max_hp_loss":0,"event_name":"Living Wall","floor":10,"gold_loss":0,"cards_obtained":["Sever Soul"]}],"is_beta":false,"boss_relics":[],"items_purged_floors":[],"is_endless":false,"potions_floor_spawned":[13],"killed_by":"The Guardian","ascension_level":0}}