{"host":"4kmvpqjeiacgn1pr","time":1613619744,"event":{"mods":["A Penny For Your Troubles","AchievementEnabler","AlwaysNeverKeys","Aspiration","BaseMod","Bestiary","Better Altar","Better Match","Better Note","Better Sensory Stone","Better Skull","Better Third Choice","Better Vampires","BetterRewards","Colored Map","Colored Powertips","Conspire","Curses Come First","Downfall","Halation","Highlight Path","Infinite Spire","Minty Spire (QoL Compilation)","Permanent Neow","Quick Restart","Rare Cards Sparkle","Relic Sorter","Relic Stats","Replay The Spire","Reworked Bosses","Shop Mod","Smile Girya","Spicy Shops","Spikes Relics","StSLib","Waifu the Spire"],"gold_per_floor":[115,115,75,90,110,136,154,2,2,20,51,51,51,68,68,166,166,185,185,185,185],"floor_reached":20,"language":"ENG","playtime":949,"items_purged":[],"score":372,"play_id":"d1af9cbf-abeb-4c3e-9940-d547558f67fe","local_time":"20210217224224","is_ascension_mode":true,"campfire_choices":[{"floor":13.0,"key":"DIG"}],"circlet_count":0,"master_deck":["Strike_R","Strike_R","Strike_R","Strike_R","Strike_R","Defend_R","Defend_R","Defend_R","Defend_R","Bash","Absolvement","Sickly","infinitespire:OneForAll","Perfected Strike","Exhume","Thunderclap","Spreading Infection","Perfected Strike","Perfected Strike","Barricade","Life Link","Replay:Many Hands","Hemogenesis","Hemogenesis","Power Through","Power Through","Power Through","Power Through","Power Through","Power Through","infinitespire:Collect","infinitespire:Collect","infinitespire:Collect","infinitespire:Collect","infinitespire:Collect","infinitespire:Collect","infinitespire:Collect","infinitespire:Collect","infinitespire:Collect","infinitespire:Collect","infinitespire:Collect","infinitespire:Collect","infinitespire:Collect","infinitespire:Collect","infinitespire:Collect","infinitespire:Collect","infinitespire:Collect","infinitespire:Collect","infinitespire:Collect","infinitespire:Collect","infinitespire:Collect","infinitespire:Collect","infinitespire:Collect","infinitespire:Collect","infinitespire:Collect","infinitespire:Collect","infinitespire:Collect","infinitespire:Collect","infinitespire:Collect","infinitespire:Collect","infinitespire:Collect"],"relics":["Burning Blood","Replay:Accelerometer","halation:NonexistentMirror","aspiration:PoetsPen_weak","Replay:Multitool","Ring of Hypnosis","Ring of Fury","conspire:InfiniteJournal","ReplayTheSpireMod:CursedCoin","PreservedInsect","Vajra","Ornamental Fan"],"acts_visited":["Exordium","TheCity"],"potions_floor_usage":[],"damage_taken":[{"damage":7.0,"enemies":"Small Slimes","floor":1.0,"turns":3.0},{"damage":4.0,"enemies":"2 Louse","floor":4.0,"turns":3.0},{"damage":0.0,"enemies":"Cultist","floor":5.0,"turns":2.0},{"damage":7.0,"enemies":"Gremlin Nob","floor":6.0,"turns":3.0},{"damage":19.0,"enemies":"Lots of Slimes","floor":7.0,"turns":4.0},{"damage":15.0,"enemies":"Looter","floor":10.0,"turns":3.0},{"damage":22.0,"enemies":"3 Sentries","floor":11.0,"turns":4.0},{"damage":17.0,"enemies":"3 Louse","floor":14.0,"turns":3.0},{"damage":56.0,"enemies":"Fading Forest","floor":16.0,"turns":12.0},{"damage":4.0,"enemies":"Chosen","floor":18.0,"turns":4.0},{"damage":0,"enemies":"conspire:FuzzyDice","floor":20,"turns":2}],"seed_played":"7477928882847599540","potions_obtained":[{"floor":3.0,"key":"Dexterity Potion"},{"floor":3.0,"key":"AttackPotion"},{"floor":3.0,"key":"Venom Potion"},{"floor":4.0,"key":"hexamod:SoulburnPotion"},{"floor":7.0,"key":"BloodPotion"},{"floor":10.0,"key":"champ:CounterPotion"},{"floor":11.0,"key":"BloodPotion"}],"is_trial":false,"path_per_floor":["M","?","?","M","M","E","M","$","T","M","E","$","R","M","R_BF","B",null,"M","?","M"],"character_chosen":"IRONCLAD","items_purchased":["ReplayTheSpireMod:CursedCoin","PreservedInsect","halation:NonexistentMirror"],"campfire_rested":0,"item_purchase_floors":[8,8,8],"current_hp_per_floor":[71,71,71,72,72,71,72,72,72,63,47,47,47,36,36,10,57,64,47,47,47],"gold":185,"neow_bonus":"ONE_RARE_RELIC","is_daily":false,"chose_seed":false,"campfire_upgraded":0,"win_rate":0.0,"timestamp":1613619744,"path_taken":["M","?","?","M","?","E","M","$","T","?","E","$","R","M","R_BF","BOSS","M","?","M"],"items_purchased_type":["Relic","Relic","Relic"],"build_version":"2020-12-22","purchased_purges":0,"victory":false,"max_hp_per_floor":[72,72,72,72,72,72,72,72,72,72,72,72,72,72,72,72,72,72,72,72,72],"relic_stats":{"counters":[11,43],"Ornamental Fan":[20],"PreservedInsect":32,"obtain_stats":[{"halation:NonexistentMirror":8,"Replay:Accelerometer":9,"Ring of Hypnosis":2,"ReplayTheSpireMod:CursedCoin":8,"Ornamental Fan":13,"Vajra":11,"Ring of Fury":2,"PreservedInsect":8,"aspiration:PoetsPen_weak":17,"Replay:Multitool":0,"Burning Blood":0,"conspire:InfiniteJournal":6},{"halation:NonexistentMirror":5,"Replay:Accelerometer":5,"Ring of Hypnosis":1,"ReplayTheSpireMod:CursedCoin":5,"Ornamental Fan":7,"Vajra":7,"Ring of Fury":1,"PreservedInsect":5,"aspiration:PoetsPen_weak":9,"Replay:Multitool":0,"Burning Blood":0,"conspire:InfiniteJournal":4},{"halation:NonexistentMirror":15,"Replay:Accelerometer":15,"Ring of Hypnosis":3,"ReplayTheSpireMod:CursedCoin":15,"Ornamental Fan":22,"Vajra":22,"Ring of Fury":3,"PreservedInsect":15,"aspiration:PoetsPen_weak":37,"Replay:Multitool":0,"Burning Blood":0,"conspire:InfiniteJournal":11}],"Burning Blood":53},"card_choices":[{"not_picked":["Cleave","Armaments"],"picked":"Absolvement","floor":1.0},{"not_picked":["ReplayReversal","Run Through"],"picked":"infinitespire:OneForAll","floor":4.0},{"not_picked":["Pommel Strike","Sword Boomerang"],"picked":"Perfected Strike","floor":5.0},{"not_picked":["Fire Breathing","ReplayTheSpireMod:Muscle Training"],"picked":"Exhume","floor":6.0},{"not_picked":["ReplayReversal","Wild Strike"],"picked":"Thunderclap","floor":7.0},{"not_picked":["Anger","Armaments"],"picked":"Perfected Strike","floor":10.0},{"not_picked":["Infernal Blade","Twin Strike"],"picked":"Barricade","floor":11.0},{"not_picked":["Defy Death","Clothesline"],"picked":"Life Link","floor":14.0},{"not_picked":["Limit Break","Offering"],"picked":"Hemogenesis","floor":16.0},{"not_picked":["conspire:Charge","Dark Embrace"],"picked":"Power Through","floor":18},{"not_picked":["infinitespire:Menacing","ReplayTheSpireMod:Book of Names"],"picked":"infinitespire:Collect","floor":19}],"player_experience":493936,"relics_obtained":[{"floor":2.0,"key":"Ring of Hypnosis"},{"floor":2.0,"key":"Ring of Fury"},{"floor":6.0,"key":"conspire:InfiniteJournal"},{"floor":9.0,"key":"Replay:Accelerometer"},{"floor":11.0,"key":"Vajra"},{"floor":13.0,"key":"Ornamental Fan"}],"event_choices":[{"damage_healed":0.0,"max_hp_gain":0.0,"max_hp_loss":0.0,"gold_gain":0.0,"event_name":"The Woman in Blue","player_choice":"Bought 3 Potions","floor":3.0,"gold_loss":0.0,"damage_taken":0.0}],"is_beta":false,"boss_relics":[{"not_picked":["CosmicIsotope","Honey Jar"],"picked":"aspiration:PoetsPen_weak"}],"items_purged_floors":[],"is_endless":false,"potions_floor_spawned":[4,7,10,11],"killed_by":"conspire:FuzzyDice","ascension_level":6}}