{"host":"4xlu242lhh766u2u","time":1613692596,"event":{"mods":["AchievementEnabler","BaseMod","BetterRewards","Colored Map","Colored Powertips","Downfall","Infinite Spire","Minty Spire (QoL Compilation)","Replay The Spire","Shop Mod","StSLib","everything is the same but u backflip on backflip"],"gold_per_floor":[114,114,130,147,3,3,28,48,48,323,335,335,348,363,363,465,465,478,478,494,494,505,534,534,582,582,240,240,267,287,85,85,185,185,196,214,225,241,291,291,317,317,317,344,344,344,355,55,55,55],"floor_reached":51,"language":"ENG","playtime":9060,"items_purged":["Strike_G","Defend_G"],"score":1384,"play_id":"c27d57d0-e8ad-46e4-a797-48230cff55de","local_time":"20210219005636","is_ascension_mode":true,"campfire_choices":[{"floor":6,"key":"REST"},{"data":"infinitespire:Gouge","floor":12,"key":"SMITH"},{"data":"Strike_G+1","floor":12,"key":"SMITH"},{"data":"Regret","floor":15,"key":"PURGE"},{"data":"Strike_G+2","floor":24,"key":"SMITH"},{"data":"Strike_G+3","floor":24,"key":"SMITH"},{"data":"Strike_G+4","floor":32,"key":"SMITH"},{"data":"Strike_G+5","floor":32,"key":"SMITH"},{"data":"Strike_G+6","floor":40,"key":"SMITH"},{"data":"Strike_G+7","floor":40,"key":"SMITH"},{"data":"Strike_G+8","floor":42,"key":"SMITH"},{"data":"Strike_G+9","floor":42,"key":"SMITH"},{"data":"Strike_G+10","floor":45,"key":"SMITH"},{"data":"Strike_G+11","floor":45,"key":"SMITH"},{"data":"Strike_G+12","floor":49,"key":"SMITH"},{"data":"Strike_G+13","floor":49,"key":"SMITH"}],"circlet_count":0,"master_deck":["Strike_G","Strike_G","Strike_G+14","Strike_G","Defend_G+1","Defend_G","Defend_G","Survivor","Neutralize","Die Die Die","Slice","Draining Mist","infinitespire:Gouge+1","Underhanded Strike","ReplayTheSpireMod:Scrap Shanks","Caltrops","Dagger Throw","Blade Dance","Slice","Replay:Bag of Tricks","Flying Knee","Crippling Poison","Flying Knee+1","Shame","Slice","Backstab","Dark Shackles","ReplayTheSpireMod:The Works","Endless Agony+1","Poison Darts","Toxin Wave+1","Cloak And Dagger+1"],"relics":["Ring of the Snake","Chemical X","Pen Nib","FossilizedHelix","Replay:Arrowhead","Simple Rune","Garlic","Odd Mushroom","Darkstone Periapt","SlaversCollar","Omamori","Replay:Ringing Soul","Regal Pillow","Eternal Feather","infinitespire:Broken Mirror","Replay:Baseball","BargainBundle","Busted Crown","Unceasing Top","Anchor","Replay:Kaleidoscope","Du-Vu Doll","Bottled Flame","Sling","PreservedInsect"],"acts_visited":["Exordium","TheCity","TheBeyond"],"potions_floor_usage":[33,50],"damage_taken":[{"damage":0,"enemies":"Small Slimes","floor":1,"turns":3},{"damage":0,"enemies":"Cultist","floor":3,"turns":1},{"damage":0,"enemies":"2 Louse","floor":4,"turns":1},{"damage":0,"enemies":"Lagavulin","floor":7,"turns":6},{"damage":0,"enemies":"The Mushroom Lair","floor":8,"turns":1},{"damage":0,"enemies":"Looter","floor":11,"turns":2},{"damage":0,"enemies":"Lots of Slimes","floor":13,"turns":1},{"damage":0,"enemies":"2 Fungi Beasts","floor":14,"turns":1},{"damage":0,"enemies":"Hexaghost","floor":16,"turns":8},{"damage":0,"enemies":"3 Byrds","floor":18,"turns":4},{"damage":2,"enemies":"Chosen","floor":20,"turns":3},{"damage":7,"enemies":"Sentry and Sphere","floor":22,"turns":3},{"damage":0,"enemies":"Book of Stabbing","floor":23,"turns":4},{"damage":0,"enemies":"Slavers","floor":29,"turns":3},{"damage":6,"enemies":"3 Cultists","floor":30,"turns":5},{"damage":79,"enemies":"Champ","floor":33,"turns":9},{"damage":0,"enemies":"Orb Walker","floor":35,"turns":2},{"damage":5,"enemies":"3 Darklings","floor":36,"turns":3},{"damage":15,"enemies":"Writhing Mass","floor":37,"turns":4},{"damage":13,"enemies":"Sphere and 2 Shapes","floor":38,"turns":3},{"damage":0,"enemies":"Mind Bloom Boss Battle","floor":39,"turns":5},{"damage":0,"enemies":"Giant Head","floor":41,"turns":6},{"damage":35,"enemies":"Nightmare","floor":44,"turns":5},{"damage":0,"enemies":"Spire Growth","floor":47,"turns":1},{"damage":94,"enemies":"Time Eater","floor":50,"turns":9}],"seed_played":"-5501863516585777926","potions_obtained":[{"floor":8,"key":"hexamod:SoulburnPotion"},{"floor":11,"key":"SteroidPotion"},{"floor":13,"key":"Guardian:BlockOnCardUsePotion"},{"floor":14,"key":"FairyPotion"},{"floor":35,"key":"SpeedPotion"}],"is_trial":false,"path_per_floor":["M","?","M","M","$","R","E","?","T","?","M","R","M","M","R_BF","B",null,"M","?","M","?","M","E","R","T","T","$","?","E","M","$","R","B",null,"M","M","M","M","?","R","E","R","T","NM","R","AVR","M","$","R","B",null],"character_chosen":"THE_SILENT","items_purchased":["Die Die Die","Slice","Chemical X","Pen Nib","FossilizedHelix","Simple Rune","infinitespire:Broken Mirror","Dark Shackles","BargainBundle","Sling","PreservedInsect"],"campfire_rested":1,"item_purchase_floors":[0,0,0,0,0,5,27,27,31,48,48],"current_hp_per_floor":[33,16,16,16,16,37,37,37,37,43,43,43,43,43,43,43,76,76,76,74,80,73,76,76,76,76,79,82,85,79,79,94,18,97,100,95,80,67,67,85,88,103,103,68,86,89,89,89,106,12],"gold":55,"neow_bonus":"","is_daily":false,"chose_seed":false,"campfire_upgraded":14,"win_rate":0.0,"timestamp":1613692596,"path_taken":["M","?","M","M","?","R","E","?","T","?","?","R","M","M","R_BF","BOSS","M","?","M","?","M","E","R","?","T","$","?","E","M","$","R","BOSS","M","M","M","?","?","R","E","R","T","NM","R","AVR","M","?","R","BOSS"],"items_purchased_type":["Card","Card","Relic","Relic","Relic","Relic","Relic","Card","Relic","Relic","Relic"],"build_version":"2020-12-22","purchased_purges":2,"victory":true,"max_hp_per_floor":[70,70,70,70,70,70,70,70,70,76,76,76,76,76,76,76,76,76,76,76,82,82,85,85,85,85,88,91,94,94,94,94,97,97,100,100,100,100,100,100,103,103,103,103,103,106,106,106,106,106],"card_choices":[{"not_picked":["Eviscerate","ReplayTheSpireMod:Scrap Shanks"],"picked":"Draining Mist","floor":1},{"not_picked":["infinitespire:Execution","infinitespire:Fortify"],"picked":"infinitespire:Gouge","floor":2},{"not_picked":["Toxin Wave","Reflex"],"picked":"Underhanded Strike","floor":3},{"not_picked":["Footwork","Cloak And Dagger"],"picked":"ReplayTheSpireMod:Scrap Shanks","floor":4},{"not_picked":["Underhanded Strike","Eviscerate"],"picked":"Caltrops","floor":7},{"not_picked":["Bouncing Flask","Predator"],"picked":"Dagger Throw","floor":8},{"not_picked":["ReplayTheSpireMod:Tripwire","Deadly Poison"],"picked":"Blade Dance","floor":11},{"not_picked":["Deflect","Sucker Punch"],"picked":"Slice","floor":13},{"not_picked":["Poisoned Stab","Footwork","Dash"],"picked":"SKIP","floor":14},{"not_picked":["Storm of Steel","Night Terror"],"picked":"Replay:Bag of Tricks","floor":16},{"not_picked":["Dodge and Roll","Infinite Blades"],"picked":"Flying Knee","floor":18},{"not_picked":["Finisher","Draining Mist"],"picked":"Flying Knee+1","floor":20},{"not_picked":["Masterful Stab","ReplayTheSpireMod:Shiv Toss"],"picked":"Slice","floor":22},{"not_picked":["Acrobatics","Calculated Gamble"],"picked":"Backstab","floor":23},{"not_picked":["Night Terror","ReplayTheSpireMod:The Works"],"picked":"Endless Agony+1","floor":29},{"not_picked":["PiercingWail","Sneak Up","Dagger Throw"],"picked":"SKIP","floor":30},{"not_picked":["Glass Knife","Replay:Bag of Tricks"],"picked":"Poison Darts","floor":33},{"not_picked":[],"picked":"Toxin Wave+1","floor":35},{"not_picked":["Replay:Poison Smokescreen+1"],"picked":"SKIP","floor":36},{"not_picked":["Sneak Up+1"],"picked":"SKIP","floor":37},{"not_picked":["Draining Mist"],"picked":"SKIP","floor":38},{"not_picked":[],"picked":"Cloak And Dagger+1","floor":41},{"not_picked":["Calculated Gamble"],"picked":"SKIP","floor":44},{"not_picked":["Dagger Throw"],"picked":"SKIP","floor":47}],"player_experience":44658,"relics_obtained":[{"floor":7,"key":"Garlic"},{"floor":8,"key":"Odd Mushroom"},{"floor":9,"key":"Darkstone Periapt"},{"floor":23,"key":"Replay:Ringing Soul"},{"floor":25,"key":"Regal Pillow"},{"floor":26,"key":"Eternal Feather"},{"floor":29,"key":"Replay:Baseball"},{"floor":39,"key":"Unceasing Top"},{"floor":41,"key":"Anchor"},{"floor":43,"key":"Replay:Kaleidoscope"},{"floor":44,"key":"Du-Vu Doll"}],"event_choices":[{"damage_healed":0,"gold_gain":0,"player_choice":"Fought Mushrooms","damage_taken":0,"max_hp_gain":0,"max_hp_loss":0,"event_name":"Mushrooms","floor":8,"gold_loss":0},{"damage_healed":0,"gold_gain":275,"player_choice":"Desecrate","damage_taken":0,"max_hp_gain":0,"max_hp_loss":0,"event_name":"Golden Shrine","floor":10,"gold_loss":0,"cards_obtained":["Regret"]},{"damage_healed":0,"gold_gain":0,"player_choice":"Read","damage_taken":0,"max_hp_gain":0,"max_hp_loss":0,"event_name":"The Library","floor":19,"gold_loss":0,"cards_obtained":["Crippling Poison"]},{"damage_healed":0,"gold_gain":0,"player_choice":"Stole Relic","damage_taken":0,"relics_obtained":["Omamori"],"max_hp_gain":0,"max_hp_loss":0,"event_name":"Addict","floor":21,"gold_loss":0,"cards_obtained":["Shame"]},{"damage_healed":0,"gold_gain":0,"cards_transformed":["Defend_G"],"player_choice":"Transformed","damage_taken":0,"max_hp_gain":0,"max_hp_loss":0,"event_name":"Transmorgrifier","floor":28,"gold_loss":0,"cards_obtained":["ReplayTheSpireMod:The Works"]},{"damage_healed":0,"gold_gain":0,"player_choice":"Fight","damage_taken":0,"max_hp_gain":0,"max_hp_loss":0,"event_name":"MindBloom","floor":39,"gold_loss":0}],"is_beta":false,"boss_relics":[{"not_picked":["Tiny House","Painkiller Herb"],"picked":"SlaversCollar"},{"not_picked":["ReplayTheSpireMod:DimensionalGlitch","Snecko Scales"],"picked":"Busted Crown"}],"items_purged_floors":[31,46],"is_endless":false,"potions_floor_spawned":[8,11,13,14,20,22,30,35,39,41,44],"ascension_level":4}}