{"host":"5jdby9iqu3ct6557","time":1613687081,"event":{"mods":["BaseMod","DeckTracker","Highlight Path","Minty Spire (QoL Compilation)","Relic Stats","StSLib","ojb\u0027s Info Mod"],"gold_per_floor":[111,36,47,47,62,62,80,155,155,187,31,31,60,77,77,152,152,170,170,189,114,114,114,139,139,185,210,210,227,262,277,277,277,277],"floor_reached":33,"language":"ENG","playtime":6803,"items_purged":["Strike_G"],"score":826,"play_id":"8b0d5468-605d-4694-a656-f4c6bbc38fc8","local_time":"20210218172441","is_ascension_mode":true,"campfire_choices":[{"data":"Dagger Throw","floor":6.0,"key":"SMITH"},{"data":"Finisher","floor":12.0,"key":"SMITH"},{"data":"Blade Dance","floor":15.0,"key":"SMITH"},{"data":"Outmaneuver","floor":23,"key":"SMITH"},{"data":"Tools of the Trade","floor":25,"key":"SMITH"},{"data":"RitualDagger","floor":28,"key":"SMITH"},{"data":"Deadly Poison","floor":32,"key":"SMITH"}],"circlet_count":0,"master_deck":["AscendersBane","Strike_G","Strike_G","Defend_G","Defend_G","Defend_G","Defend_G","Defend_G","Survivor","Neutralize","Blade Dance+1","Dagger Throw+1","Underhanded Strike","Dagger Throw","PiercingWail","Finisher+1","Tools of the Trade+1","Die Die Die","Slice","Outmaneuver+1","RitualDagger+1","Deadly Poison+1"],"relics":["Ring of the Snake","NeowsBlessing","Thread and Needle","Ornamental Fan","PreservedInsect","Regal Pillow","Runic Pyramid","Bag of Preparation","Bottled Flame","Vajra"],"acts_visited":["Exordium","TheCity"],"potions_floor_usage":[24,30,33],"damage_taken":[{"damage":0.0,"enemies":"Jaw Worm","floor":1.0,"turns":1.0},{"damage":0.0,"enemies":"2 Louse","floor":3.0,"turns":1.0},{"damage":0.0,"enemies":"Small Slimes","floor":5.0,"turns":1.0},{"damage":0.0,"enemies":"2 Fungi Beasts","floor":7.0,"turns":3.0},{"damage":6.0,"enemies":"3 Sentries","floor":10.0,"turns":8.0},{"damage":0.0,"enemies":"Gremlin Nob","floor":13.0,"turns":2.0},{"damage":0.0,"enemies":"Exordium Wildlife","floor":14.0,"turns":3.0},{"damage":29,"enemies":"Slime Boss","floor":16,"turns":8},{"damage":3,"enemies":"Spheric Guardian","floor":18,"turns":3},{"damage":0,"enemies":"Shell Parasite","floor":20,"turns":3},{"damage":0,"enemies":"Slavers","floor":24,"turns":2},{"damage":0,"enemies":"Gremlin Leader","floor":27,"turns":3},{"damage":0,"enemies":"3 Cultists","floor":29,"turns":4},{"damage":0,"enemies":"Slavers","floor":30,"turns":2},{"damage":0,"enemies":"Centurion and Healer","floor":31,"turns":4},{"damage":90,"enemies":"Collector","floor":33,"turns":9}],"seed_played":"2682537548094409873","potions_obtained":[{"floor":5.0,"key":"Dexterity Potion"},{"floor":10.0,"key":"Poison Potion"},{"floor":13.0,"key":"FairyPotion"},{"floor":18,"key":"Poison Potion"},{"floor":29,"key":"DistilledChaos"},{"floor":30,"key":"SmokeBomb"},{"floor":31,"key":"Energy Potion"}],"is_trial":false,"path_per_floor":["M","?","M","?","M","R","M","?","T","E","$","R","E","M","R","B",null,"M","?","M","?","?","R","E","R","T","E","R","M","E","M","R","B"],"character_chosen":"THE_SILENT","items_purchased":["Finisher"],"campfire_rested":0,"item_purchase_floors":[11],"current_hp_per_floor":[59,59,59,54,54,54,54,43,43,37,37,37,37,37,37,8,52,49,49,49,49,43,43,43,43,43,43,43,43,43,43,43,0,0],"gold":277,"neow_bonus":"THREE_ENEMY_KILL","is_daily":false,"chose_seed":false,"campfire_upgraded":7,"win_rate":0.0,"timestamp":1613687081,"path_taken":["M","?","M","?","M","R","M","?","T","E","$","R","E","M","R","BOSS","M","?","?","?","?","R","E","R","T","E","R","M","E","M","R","BOSS"],"items_purchased_type":["Card"],"build_version":"2020-12-22","purchased_purges":1,"victory":false,"max_hp_per_floor":[66,66,66,66,66,66,66,66,66,66,66,66,66,66,66,66,66,66,66,66,66,66,66,66,66,66,66,66,66,66,66,66,66,66],"relic_stats":{"Regal Pillow":0,"counters":[16,57],"Ornamental Fan":[180],"PreservedInsect":157,"Bag of Preparation":[10],"obtain_stats":[{"Regal Pillow":13,"Bottled Flame":27,"NeowsBlessing":0,"Ornamental Fan":9,"Vajra":30,"Thread and Needle":4,"PreservedInsect":10,"Bag of Preparation":24,"Ring of the Snake":0,"Runic Pyramid":17},{"Regal Pillow":6,"Bottled Flame":12,"NeowsBlessing":0,"Ornamental Fan":4,"Vajra":14,"Thread and Needle":2,"PreservedInsect":5,"Bag of Preparation":11,"Ring of the Snake":0,"Runic Pyramid":8},{"Regal Pillow":16,"Bottled Flame":38,"NeowsBlessing":0,"Ornamental Fan":6,"Vajra":44,"Thread and Needle":2,"PreservedInsect":14,"Bag of Preparation":35,"Ring of the Snake":0,"Runic Pyramid":27}],"Ring of the Snake":[32]},"card_choices":[{"not_picked":["Slice","Backflip"],"picked":"Blade Dance","floor":1.0},{"not_picked":["Dagger Spray","Bane"],"picked":"Dagger Throw","floor":3.0},{"not_picked":["Riddle With Holes","Outmaneuver"],"picked":"Underhanded Strike","floor":5.0},{"not_picked":["Masterful Stab","Outmaneuver"],"picked":"Dagger Throw","floor":7.0},{"not_picked":["Flechettes","Dodge and Roll"],"picked":"PiercingWail","floor":10.0},{"not_picked":["Deflect","Outmaneuver"],"picked":"Tools of the Trade","floor":13.0},{"not_picked":["Corpse Explosion","Grand Finale"],"picked":"Die Die Die","floor":16},{"not_picked":["Quick Slash","Prepared"],"picked":"Slice","floor":18},{"not_picked":["Flechettes","Riddle With Holes"],"picked":"Outmaneuver","floor":20},{"not_picked":["Corpse Explosion","Dodge and Roll"],"picked":"Deadly Poison","floor":31}],"player_experience":2802392,"relics_obtained":[{"floor":9.0,"key":"Ornamental Fan"},{"floor":10.0,"key":"PreservedInsect"},{"floor":13.0,"key":"Regal Pillow"},{"floor":24,"key":"Bag of Preparation"},{"floor":27,"key":"Bottled Flame"},{"floor":30,"key":"Vajra"}],"event_choices":[{"cards_removed":["Strike_G"],"damage_healed":0.0,"max_hp_gain":0.0,"max_hp_loss":0.0,"gold_gain":0.0,"event_name":"The Cleric","player_choice":"Card Removal","floor":2.0,"gold_loss":75.0,"damage_taken":0.0},{"damage_healed":0.0,"max_hp_gain":0.0,"max_hp_loss":0.0,"gold_gain":0.0,"event_name":"Scrap Ooze","player_choice":"Success","floor":4.0,"gold_loss":0.0,"damage_taken":5.0,"relics_obtained":["Thread and Needle"]},{"damage_healed":0.0,"max_hp_gain":0.0,"max_hp_loss":0.0,"gold_gain":75.0,"event_name":"World of Goop","player_choice":"Gather Gold","floor":8.0,"gold_loss":0.0,"damage_taken":11.0},{"damage_healed":0,"gold_gain":0,"cards_transformed":["Strike_G"],"player_choice":"Transformed","damage_taken":0,"max_hp_gain":0,"max_hp_loss":0,"event_name":"Transmorgrifier","floor":19,"gold_loss":0,"cards_obtained":["Distraction"]},{"cards_removed":["Distraction"],"damage_healed":0,"gold_gain":0,"player_choice":"Gave Gold","damage_taken":0,"max_hp_gain":0,"max_hp_loss":0,"event_name":"Beggar","floor":21,"gold_loss":75},{"damage_healed":0,"gold_gain":0,"player_choice":"Joined the Cult","damage_taken":6,"max_hp_gain":0,"max_hp_loss":0,"event_name":"Nest","floor":22,"gold_loss":0,"cards_obtained":["RitualDagger"]}],"is_beta":false,"boss_relics":[{"not_picked":["SacredBark","Astrolabe"],"picked":"Runic Pyramid"}],"items_purged_floors":[11],"is_endless":false,"potions_floor_spawned":[5,10,13,18,29,30,31],"killed_by":"Collector","ascension_level":20}}