{"host":"k2mw1od0xoi9pcfj","time":1613651647,"event":{"mods":["AchievementEnabler","Act Like it!","Aspiration","BaseMod","Beaked The Cultist","Card Forge","Downfall","Energized Spire","Highlight Path","Minty Spire (QoL Compilation)","Permanent Neow","Quick Restart","Relic Stats","Reliquary","Replay The Spire","Retaliation","StSLib"],"gold_per_floor":[99,119,104,104,119,119,119,131,165,177,208,219,119,130,146,244,244,244],"floor_reached":16,"language":"ENG","playtime":938,"items_purged":[],"score":164,"play_id":"e99ea32b-9797-47b7-8403-b37a15a70a76","local_time":"20210218063407","is_ascension_mode":false,"campfire_choices":[{"data":"Slimebound:Split","floor":1,"key":"SMITH"},{"floor":13,"key":"RECALL"}],"circlet_count":0,"master_deck":["Slimebound:Strike_Slimebound","Slimebound:Strike_Slimebound","Slimebound:Strike_Slimebound","Slimebound:Tackle","Slimebound:Defend_Slimebound","Slimebound:Defend_Slimebound","Slimebound:Defend_Slimebound","Slimebound:Defend_Slimebound","Slimebound:Split+1","Slimebound:CorrosiveSpit","Slimebound:LivingWall","Slimebound:SlimeSpikes","Slimebound:SamplingLick","Pain","Slimebound:MinionMaster","Slimebound:LivingWall","Slimebound:PressTheAttack","Slimebound:SplitLeeching","Slimebound:DouseInSlime","Slimebound:SelfFormingGoo"],"relics":["Slimebound:AbsorbEndCombat","Hammer of Thor","Seething Fire","Anvil of the Gods","aspiration:DSix","WarpedTongs","Incense Burner","Girya","reliquary:PartyBalloon","downfall:HeartBlessingGreen"],"acts_visited":["Exordium"],"potions_floor_usage":[9],"damage_taken":[{"damage":9,"enemies":"Cultist","floor":2,"turns":3},{"damage":17,"enemies":"downfall:FleeingMerchant","floor":3,"turns":4},{"damage":0,"enemies":"Small Slimes","floor":5,"turns":3},{"damage":1,"enemies":"2 Louse","floor":8,"turns":3},{"damage":22,"enemies":"Gremlin Nob","floor":9,"turns":5},{"damage":6,"enemies":"Exordium Thugs","floor":10,"turns":6},{"damage":16,"enemies":"Lagavulin","floor":11,"turns":8},{"damage":11,"enemies":"Lots of Slimes","floor":12,"turns":5},{"damage":11,"enemies":"Large Slime","floor":14,"turns":9},{"damage":3,"enemies":"3 Louse","floor":15,"turns":4},{"damage":23,"enemies":"IC_STATUS_ARCHETYPE","floor":16,"turns":10}],"seed_played":"8950092042482691386","potions_obtained":[{"floor":2,"key":"Slimebound:SlimedPotion"},{"floor":9,"key":"ColorlessPotion"},{"floor":14,"key":"Block Potion"},{"floor":15,"key":"hexamod:SoulburnPotion"}],"is_trial":false,"path_per_floor":["R","M","$","?","M","?","T","M","E","M","E","M","R","M","M","B"],"character_chosen":"SLIMEBOUND","items_purchased":[],"campfire_rested":0,"item_purchase_floors":[],"current_hp_per_floor":[65,62,51,51,53,53,53,56,42,44,36,33,33,30,33,16,16,16],"gold":244,"neow_bonus":"ONE_RARE_RELIC","is_daily":false,"chose_seed":false,"campfire_upgraded":1,"win_rate":0.0,"timestamp":1613651647,"path_taken":["R","M","?","?","M","?","T","M","E","M","E","?","R","M","M","BOSS"],"items_purchased_type":[],"build_version":"2020-12-22","purchased_purges":0,"victory":false,"max_hp_per_floor":[65,65,65,65,65,65,65,65,65,65,65,65,65,65,65,65,65,65],"relic_stats":{"counters":[11,60],"obtain_stats":[{"Girya":9,"Anvil of the Gods":0,"reliquary:PartyBalloon":11,"downfall:HeartBlessingGreen":13,"Hammer of Thor":0,"Slimebound:AbsorbEndCombat":0,"Incense Burner":7,"Seething Fire":0,"aspiration:DSix":0,"WarpedTongs":6},{"Girya":5,"Anvil of the Gods":0,"reliquary:PartyBalloon":7,"downfall:HeartBlessingGreen":8,"Hammer of Thor":0,"Slimebound:AbsorbEndCombat":0,"Incense Burner":3,"Seething Fire":0,"aspiration:DSix":0,"WarpedTongs":3},{"Girya":18,"Anvil of the Gods":0,"reliquary:PartyBalloon":32,"downfall:HeartBlessingGreen":37,"Hammer of Thor":0,"Slimebound:AbsorbEndCombat":0,"Incense Burner":10,"Seething Fire":0,"aspiration:DSix":0,"WarpedTongs":10}],"WarpedTongs":[50]},"card_choices":[{"not_picked":["Slimebound:Schlurp","Slimebound:Replication"],"picked":"Slimebound:LivingWall","floor":2},{"not_picked":["Slimebound:SplitLeeching","Slimebound:Gluttony"],"picked":"Slimebound:SlimeSpikes","floor":3},{"not_picked":["Slimebound:LeechEnergy","Slimebound:PressTheAttack"],"picked":"Slimebound:SamplingLick","floor":5},{"not_picked":["Slimebound:SamplingLick","Slimebound:BestDefense"],"picked":"Slimebound:MinionMaster","floor":8},{"not_picked":["Slimebound:SplitLeeching","Slimebound:Chomp","Slimebound:SlimeSpikes"],"picked":"SKIP","floor":9},{"not_picked":["Slimebound:DisruptingSlam","Slimebound:Nibble"],"picked":"Slimebound:LivingWall","floor":10},{"not_picked":["Slimebound:Gluttony","Slimebound:DisruptingSlam","Slimebound:MegaLick"],"picked":"SKIP","floor":11},{"not_picked":["Slimebound:SplitLeeching","Slimebound:ComboTackle"],"picked":"Slimebound:PressTheAttack","floor":12},{"not_picked":["Slimebound:SplitBruiser","Slimebound:RollThrough"],"picked":"Slimebound:SplitLeeching","floor":14},{"not_picked":["Slimebound:ItLooksTasty","Slimebound:TongueLash"],"picked":"Slimebound:DouseInSlime","floor":15},{"not_picked":["Slimebound:RallyTheTroops","Slimebound:DuplicatedForm"],"picked":"Slimebound:SelfFormingGoo","floor":16}],"player_experience":782971,"relics_obtained":[{"floor":7,"key":"Incense Burner"},{"floor":9,"key":"Girya"},{"floor":11,"key":"reliquary:PartyBalloon"}],"event_choices":[{"cards_removed":["ReplayTheSpireMod:Splinters"],"damage_healed":0,"gold_gain":0,"player_choice":"Card Removal","damage_taken":0,"max_hp_gain":0,"max_hp_loss":0,"event_name":"The Cleric","floor":4,"gold_loss":0},{"damage_healed":0,"gold_gain":0,"player_choice":"Rummage","damage_taken":0,"relics_obtained":["WarpedTongs"],"max_hp_gain":0,"max_hp_loss":0,"event_name":"Accursed Blacksmith","floor":6,"gold_loss":0,"cards_obtained":["Pain"]}],"is_beta":false,"boss_relics":[],"items_purged_floors":[],"is_endless":false,"potions_floor_spawned":[2,9,14,15,16],"killed_by":"IC_STATUS_ARCHETYPE","ascension_level":0}}