{"host":"js2su9tbbk4rmjfl","time":1613608466,"event":{"mods":["AchievementEnabler","BaseMod","Block Reminder","Colored Map","Colored Powertips","Highlight Path","Minty Spire (QoL Compilation)","Relic Stats"],"gold_per_floor":[110,110,130,130,146,166,89,89,116,134,134,151,151,61,61,132,132,103,121,121,134,134,134],"floor_reached":22,"language":"ENG","playtime":1100,"items_purged":[],"score":338,"play_id":"e94bca7a-6f45-4241-86f3-b383bd75cd46","local_time":"20210218013426","is_ascension_mode":true,"campfire_choices":[{"data":"Searing Blow","floor":8,"key":"SMITH"},{"data":"Searing Blow+1","floor":11,"key":"SMITH"},{"data":"Searing Blow+2","floor":13,"key":"SMITH"},{"data":"Searing Blow+3","floor":15,"key":"SMITH"}],"circlet_count":0,"master_deck":["AscendersBane","Strike_R","Strike_R","Strike_R+1","Strike_R","Strike_R+1","Defend_R","Defend_R","Defend_R","Defend_R","Bash","Twin Strike","Battle Trance","Ghostly Armor","Searing Blow+4","Fire Breathing","Battle Trance","Reaper","Inflame"],"relics":["Burning Blood","Whetstone","Boot","Runic Pyramid","Vajra"],"acts_visited":["Exordium","TheCity"],"potions_floor_usage":[16,16,21],"damage_taken":[{"damage":1,"enemies":"Cultist","floor":1,"turns":3},{"damage":2,"enemies":"Jaw Worm","floor":3,"turns":3},{"damage":3,"enemies":"Small Slimes","floor":5,"turns":3},{"damage":4,"enemies":"Red Slaver","floor":6,"turns":5},{"damage":6,"enemies":"Looter","floor":10,"turns":4},{"damage":0,"enemies":"2 Fungi Beasts","floor":12,"turns":3},{"damage":6,"enemies":"The Guardian","floor":16,"turns":11},{"damage":19,"enemies":"2 Thieves","floor":18,"turns":4},{"damage":3,"enemies":"Chosen","floor":19,"turns":4},{"damage":64,"enemies":"Centurion and Healer","floor":21,"turns":6},{"damage":32,"enemies":"Snake Plant","floor":22,"turns":4}],"seed_played":"-7348773446778892135","potions_obtained":[{"floor":5,"key":"SpeedPotion"},{"floor":6,"key":"Fire Potion"},{"floor":12,"key":"BlessingOfTheForge"},{"floor":19,"key":"ColorlessPotion"},{"floor":21,"key":"Ancient Potion"}],"is_trial":false,"path_per_floor":["M","?","M","?","M","M","$","R","T","M","R","M","R","$","R","B",null,"M","M","?","M","M"],"character_chosen":"IRONCLAD","items_purchased":["Fire Breathing","Battle Trance"],"campfire_rested":0,"item_purchase_floors":[7,14],"current_hp_per_floor":[73,73,75,80,80,80,80,80,80,80,80,80,80,80,80,80,80,67,70,70,31,0,0],"gold":134,"neow_bonus":"RANDOM_COMMON_RELIC","is_daily":false,"chose_seed":false,"campfire_upgraded":4,"win_rate":0.0,"timestamp":1613608466,"path_taken":["M","?","M","?","M","M","$","R","T","M","R","M","R","?","R","BOSS","M","M","?","M","?"],"items_purchased_type":["Card","Card"],"build_version":"2020-12-22","purchased_purges":0,"victory":false,"max_hp_per_floor":[75,75,75,80,80,80,80,80,80,80,80,80,80,80,80,80,80,80,80,80,80,80,80],"relic_stats":{"counters":[11,50],"Whetstone":["Strike_R","Strike_R"],"Boot":[7],"obtain_stats":[{"Vajra":20,"Whetstone":0,"Boot":9,"Burning Blood":0,"Runic Pyramid":17},{"Vajra":9,"Whetstone":0,"Boot":4,"Burning Blood":0,"Runic Pyramid":7},{"Vajra":40,"Whetstone":0,"Boot":14,"Burning Blood":0,"Runic Pyramid":32}],"Burning Blood":47},"card_choices":[{"not_picked":["Infernal Blade","Burning Pact"],"picked":"Twin Strike","floor":1},{"not_picked":["Shrug It Off","Second Wind"],"picked":"Battle Trance","floor":3},{"not_picked":["Flex","Iron Wave"],"picked":"Ghostly Armor","floor":5},{"not_picked":["True Grit","Perfected Strike"],"picked":"Searing Blow","floor":6},{"not_picked":["Carnage","Wild Strike","Clothesline"],"picked":"SKIP","floor":10},{"not_picked":["Flex","Carnage","Uppercut"],"picked":"SKIP","floor":12},{"not_picked":["Twin Strike","Flex","Cleave"],"picked":"SKIP","floor":18},{"not_picked":["Sentinel","Seeing Red"],"picked":"Reaper","floor":19},{"not_picked":["Heavy Blade","Carnage"],"picked":"Inflame","floor":21}],"player_experience":830984,"relics_obtained":[{"floor":9,"key":"Boot"},{"floor":20,"key":"Vajra"}],"event_choices":[{"damage_healed":0,"gold_gain":0,"player_choice":"Ignored","damage_taken":0,"max_hp_gain":0,"max_hp_loss":0,"event_name":"Golden Idol","floor":2,"gold_loss":0},{"damage_healed":0,"gold_gain":0,"player_choice":"Donut","damage_taken":0,"max_hp_gain":5,"max_hp_loss":0,"event_name":"Big Fish","floor":4,"gold_loss":0},{"damage_healed":0,"gold_gain":0,"player_choice":"Relic","damage_taken":0,"max_hp_gain":0,"max_hp_loss":0,"event_name":"Wheel of Change","floor":20,"gold_loss":0}],"is_beta":false,"boss_relics":[{"not_picked":["Runic Dome","SacredBark"],"picked":"Runic Pyramid"}],"items_purged_floors":[],"is_endless":false,"potions_floor_spawned":[5,6,12,19,21],"killed_by":"Snake Plant","ascension_level":18}}