{"host":"cbu6enf2xtq4r7r3","time":1613614303,"event":{"mods":["2.2 Compatiblity","AlwaysNeverKeys","BaseMod","Better Match","Better Note","Better Sensory Stone","Better Skull","Better Third Choice","Colored Map","Colored Powertips","Defuse TimeMaze Blight","Emptier Cage","Minty Spire (QoL Compilation)","Permanent Neow","Quick Restart","Random Character Button","Relic Sorter","Reorder Act Four","Shop Mod","StSLib"],"gold_per_floor":[119,132,151,6,18,46,63,89,89,109,109,121,154,184,184,286,286,297,71,71,86,105,105,136,136,136,153,183,183,218,218,218,320,320,331,331,331,41,52,52,79,79,79,89,18,69,104,124,124,124],"floor_reached":51,"language":"ENG","playtime":2514,"items_purged":["Strike_P"],"score":1083,"play_id":"ba906598-e32c-4c62-9ecd-aeed183ff746","local_time":"20210218031143","is_ascension_mode":true,"campfire_choices":[{"data":"TalkToTheHand","floor":15,"key":"SMITH"},{"data":"MasterReality","floor":23,"key":"SMITH"},{"data":"Evaluate","floor":25,"key":"SMITH"},{"data":"EmptyBody","floor":29,"key":"SMITH"},{"data":"Vigilance","floor":32,"key":"SMITH"},{"data":"Eruption","floor":40,"key":"SMITH"},{"data":"Defend_P","floor":42,"key":"SMITH"},{"floor":49,"key":"DIG"}],"circlet_count":0,"master_deck":["Strike_P","Strike_P","Defend_P","Defend_P","Defend_P","Defend_P+1","Eruption+1","Vigilance+1","ClearTheMind","FlurryOfBlows","TalkToTheHand+1","Judgement","EmptyBody+1","Crescendo","Evaluate+1","Vault+1","Consecrate","Evaluate+1","BattleHymn","MasterReality+1","Omniscience+1","Vault+1","Evaluate+1","Establishment","Adrenaline+1","Protect+1","Crescendo+1","Protect+1","Impatience+1","Panacea+1","Omniscience+1","Judgement+1","Protect+1","InnerPeace+1","TalkToTheHand"],"relics":["Cursed Key","FossilizedHelix","Toxic Egg 2","StoneCalendar","Strawberry","Sozu","Orrery","Shovel","Sundial","Question Card","Busted Crown","Dead Branch","Yang","Torii","Bag of Preparation","Orichalcum"],"acts_visited":["Exordium","TheCity","TheBeyond"],"potions_floor_usage":[5,8,12,13,16,27],"damage_taken":[{"damage":0,"enemies":"2 Louse","floor":1,"turns":2},{"damage":1,"enemies":"Jaw Worm","floor":2,"turns":2},{"damage":0,"enemies":"Cultist","floor":3,"turns":3},{"damage":4,"enemies":"Large Slime","floor":5,"turns":3},{"damage":0,"enemies":"Gremlin Nob","floor":6,"turns":2},{"damage":0,"enemies":"Blue Slaver","floor":7,"turns":2},{"damage":0,"enemies":"Lagavulin","floor":8,"turns":7},{"damage":0,"enemies":"Exordium Wildlife","floor":10,"turns":3},{"damage":0,"enemies":"Gremlin Gang","floor":12,"turns":2},{"damage":8,"enemies":"3 Sentries","floor":13,"turns":4},{"damage":8,"enemies":"Hexaghost","floor":16,"turns":7},{"damage":0,"enemies":"Chosen","floor":18,"turns":7},{"damage":0,"enemies":"3 Byrds","floor":21,"turns":1},{"damage":8,"enemies":"Centurion and Healer","floor":22,"turns":4},{"damage":0,"enemies":"Gremlin Leader","floor":24,"turns":6},{"damage":0,"enemies":"Shelled Parasite and Fungi","floor":27,"turns":4},{"damage":22,"enemies":"Slavers","floor":28,"turns":5},{"damage":0,"enemies":"Book of Stabbing","floor":30,"turns":6},{"damage":0,"enemies":"Champ","floor":33,"turns":9},{"damage":0,"enemies":"Orb Walker","floor":35,"turns":4},{"damage":0,"enemies":"3 Shapes","floor":39,"turns":5},{"damage":0,"enemies":"Reptomancer","floor":41,"turns":2},{"damage":19,"enemies":"Sphere and 2 Shapes","floor":44,"turns":5},{"damage":0,"enemies":"2 Orb Walkers","floor":46,"turns":5},{"damage":0,"enemies":"Nemesis","floor":47,"turns":7},{"damage":0,"enemies":"Spire Growth","floor":48,"turns":5},{"damage":14,"enemies":"Awakened One","floor":50,"turns":8}],"seed_played":"6790104536096480962","potions_obtained":[{"floor":2,"key":"SkillPotion"},{"floor":5,"key":"Weak Potion"},{"floor":6,"key":"GamblersBrew"},{"floor":8,"key":"Fire Potion"},{"floor":10,"key":"ColorlessPotion"},{"floor":16,"key":"Energy Potion"}],"is_trial":false,"path_per_floor":["M","M","M","$","M","E","M","E","T","M","?","M","E","?","R","B",null,"M","$","?","M","M","R","E","R","T","M","E","R","E","?","R","B",null,"M","?","?","$","M","R","E","R","T","M","$","?","E","M","R","B",null],"character_chosen":"WATCHER","items_purchased":["Judgement","Orrery","Dead Branch","TalkToTheHand"],"campfire_rested":0,"item_purchase_floors":[4,19,38,45],"current_hp_per_floor":[72,71,71,71,67,67,67,67,67,67,67,67,59,66,66,58,79,79,79,79,79,71,71,71,71,71,71,49,49,49,49,49,49,79,79,75,75,75,75,75,75,75,75,56,56,56,56,56,56,42],"gold":124,"neow_bonus":"BOSS_RELIC","is_daily":false,"chose_seed":false,"campfire_upgraded":7,"win_rate":0.0,"timestamp":1613614303,"path_taken":["M","M","M","$","M","E","M","E","T","M","?","M","E","?","R","BOSS","M","$","?","?","M","R","E","R","T","M","E","R","E","?","R","BOSS","M","?","?","$","?","R","E","R","T","M","$","?","E","M","R","BOSS"],"items_purchased_type":["Card","Relic","Relic","Card"],"build_version":"2020-12-22","purchased_purges":1,"victory":true,"max_hp_per_floor":[72,72,72,72,72,72,72,72,72,72,72,72,72,79,79,79,79,79,79,79,79,79,79,79,79,79,79,79,79,79,79,79,79,79,79,75,75,75,75,75,75,75,75,75,75,75,75,75,75,75],"card_choices":[{"not_picked":["Worship","Prostrate"],"picked":"ClearTheMind","floor":1},{"not_picked":["SashWhip","Pray"],"picked":"FlurryOfBlows","floor":2},{"not_picked":["FlurryOfBlows","Meditate"],"picked":"TalkToTheHand","floor":3},{"not_picked":["SignatureMove","Vengeance"],"picked":"EmptyBody","floor":5},{"not_picked":["Nirvana","LikeWater"],"picked":"Crescendo","floor":6},{"not_picked":["MentalFortress","ClearTheMind"],"picked":"Evaluate","floor":7},{"not_picked":["Prostrate+1","Vengeance+1"],"picked":"Vault+1","floor":8},{"not_picked":["CrushJoints","Perseverance+1"],"picked":"Consecrate","floor":10},{"not_picked":["InnerPeace+1","FlurryOfBlows"],"picked":"Evaluate+1","floor":12},{"not_picked":["Wallop","Consecrate"],"picked":"BattleHymn","floor":13},{"not_picked":["Omniscience+1","Brilliance"],"picked":"MasterReality","floor":16},{"not_picked":["Prostrate+1","Wireheading","FlurryOfBlows"],"picked":"SKIP","floor":18},{"not_picked":["Indignation+1","Fasting2"],"picked":"Omniscience+1","floor":19},{"not_picked":["ClearTheMind+1","CrushJoints+1"],"picked":"Vault+1","floor":19},{"not_picked":["FlurryOfBlows+1","InnerPeace+1"],"picked":"Evaluate+1","floor":19},{"not_picked":["BowlingBash+1","FollowUp"],"picked":"Establishment","floor":19},{"not_picked":["FollowUp+1","FlurryOfBlows","Wallop"],"picked":"SKIP","floor":21},{"not_picked":["SandsOfTime+1","MentalFortress+1","Nirvana+1"],"picked":"SKIP","floor":22},{"not_picked":["FearNoEvil","CutThroughFate+1","Brilliance"],"picked":"SKIP","floor":24},{"not_picked":["Adaptation+1","Perseverance+1"],"picked":"Protect+1","floor":27},{"not_picked":["CrushJoints+1","Wallop"],"picked":"Crescendo+1","floor":28},{"not_picked":["Tantrum","Crescendo+1"],"picked":"Protect+1","floor":30},{"not_picked":["Mind Blast","Purity+1","Good Instincts+1"],"picked":"Impatience+1","floor":31},{"not_picked":["HandOfGreed","The Bomb+1","PanicButton+1"],"picked":"Panacea+1","floor":31},{"not_picked":["Establishment","Devotion","LessonLearned"],"picked":"Omniscience+1","floor":33},{"not_picked":["BowlingBash+1","MentalFortress+1"],"picked":"SKIP","floor":35},{"not_picked":["CrushJoints"],"picked":"Protect+1","floor":39},{"not_picked":["PathToVictory+1"],"picked":"InnerPeace+1","floor":41},{"not_picked":["BowlingBash","Consecrate"],"picked":"SKIP","floor":44},{"not_picked":["Conclude","SashWhip"],"picked":"SKIP","floor":47},{"not_picked":["FollowUp","WaveOfTheHand+1"],"picked":"SKIP","floor":48}],"player_experience":156123,"relics_obtained":[{"floor":6,"key":"FossilizedHelix"},{"floor":8,"key":"Toxic Egg 2"},{"floor":13,"key":"StoneCalendar"},{"floor":24,"key":"Shovel"},{"floor":28,"key":"Sundial"},{"floor":30,"key":"Question Card"},{"floor":41,"key":"Yang"},{"floor":46,"key":"Torii"},{"floor":47,"key":"Bag of Preparation"},{"floor":49,"key":"Orichalcum"}],"event_choices":[{"damage_healed":0,"gold_gain":0,"player_choice":"Ignored","damage_taken":109,"max_hp_gain":0,"max_hp_loss":0,"event_name":"betterThird:BetterSerpent","floor":11,"gold_loss":0},{"damage_healed":0,"gold_gain":30,"player_choice":"Searched \u00272\u0027 times","damage_taken":0,"relics_obtained":["Strawberry"],"max_hp_gain":0,"max_hp_loss":0,"event_name":"Dead Adventurer","floor":14,"gold_loss":0},{"cards_removed":["TalkToTheHand"],"damage_healed":0,"gold_gain":0,"player_choice":"Take \u0026 Give","damage_taken":0,"max_hp_gain":0,"max_hp_loss":0,"event_name":"betterNote:BetterNote","floor":20,"gold_loss":0,"cards_obtained":["Adrenaline"]},{"damage_healed":0,"gold_gain":2,"player_choice":"1","damage_taken":0,"max_hp_gain":0,"max_hp_loss":0,"event_name":"betterStone:BetterStone","floor":31,"gold_loss":0},{"damage_healed":0,"gold_gain":0,"player_choice":"Max HP","damage_taken":0,"max_hp_gain":0,"max_hp_loss":4,"event_name":"Winding Halls","floor":36,"gold_loss":0},{"damage_healed":0,"gold_gain":0,"cards_transformed":["Strike_P"],"player_choice":"Transformed","damage_taken":0,"max_hp_gain":0,"max_hp_loss":0,"event_name":"Transmorgrifier","floor":37,"gold_loss":0,"cards_obtained":["Judgement"]},{"damage_healed":0,"gold_gain":0,"player_choice":"Fight","damage_taken":0,"max_hp_gain":0,"max_hp_loss":0,"event_name":"Mysterious Sphere","floor":46,"gold_loss":0}],"is_beta":false,"boss_relics":[{"not_picked":["Runic Dome","Runic Pyramid"],"picked":"Sozu"},{"not_picked":["Pandora\u0027s Box","SlaversCollar"],"picked":"Busted Crown"}],"items_purged_floors":[19],"is_endless":false,"potions_floor_spawned":[2,5,6,8,10,16,21,27,28,30,35,41,47,48],"ascension_level":1}}