{"host":"v6bx4j78sqvho3ll","time":1613679439,"event":{"mods":["AchievementEnabler","BaseMod","Colored Map","Colored Powertips","Minty Spire (QoL Compilation)","Relic Stats","StSLib"],"gold_per_floor":[114,134,152,152,6,6,20,46,46,72,22,33,66,66,66,166,166,181,192,212,225,237,270,195,195,219,237,270,56,74,174,174,272,272,289,289,289,303,350,350,350,378,431,212,212,15,0,50,50,50,50,50,1,35,35,35],"floor_reached":55,"language":"ENG","playtime":3605,"items_purged":["Strike_R"],"score":922,"play_id":"8b901172-ae6d-42c8-89a3-9bcd2949ed25","local_time":"20210218211719","is_ascension_mode":true,"campfire_choices":[{"data":"Bash","floor":6.0,"key":"SMITH"},{"data":"Sword Boomerang","floor":15.0,"key":"SMITH"},{"data":"Barricade","floor":25,"key":"SMITH"},{"data":"1","floor":32,"key":"LIFT"},{"data":"2","floor":40,"key":"LIFT"},{"data":"3","floor":41,"key":"LIFT"},{"floor":45,"key":"RECALL"},{"floor":49,"key":"REST"},{"floor":52,"key":"REST"}],"circlet_count":0,"master_deck":["Strike_R","Strike_R","Defend_R","Defend_R","Defend_R+1","Bash+1","Offering+1","Headbutt","Flex","Twin Strike","Pummel","Sword Boomerang+1","Uppercut+1","Dual Wield+1","Spot Weakness","Barricade+1","CurseOfTheBell","Shrug It Off+1","Rage","Bloodletting","Sword Boomerang+1","Shrug It Off","Rampage+1","Reaper+1","Battle Trance","Brutality","Reaper+1","Dropkick+1","Heavy Blade+1","Double Tap","Fire Breathing","Heavy Blade+1"],"relics":["Burning Blood","Brimstone","Eternal Feather","Gremlin Horn","Molten Egg 2","White Beast Statue","Calling Bell","Boot","Question Card","Girya","Self Forming Clay","War Paint","Juzu Bracelet","WingedGreaves","Matryoshka","Fusion Hammer","Ice Cream","Letter Opener","Darkstone Periapt","Medical Kit","ClockworkSouvenir","Red Mask","StoneCalendar","Happy Flower"],"acts_visited":["Exordium","TheCity","TheBeyond","TheEnding"],"potions_floor_usage":[22,22,23,30,30,31,31,33,39,42,50,50,54,55],"damage_taken":[{"damage":7.0,"enemies":"Cultist","floor":1.0,"turns":3.0},{"damage":9.0,"enemies":"Small Slimes","floor":2.0,"turns":2.0},{"damage":11.0,"enemies":"Jaw Worm","floor":3.0,"turns":2.0},{"damage":14.0,"enemies":"Gremlin Gang","floor":7.0,"turns":4.0},{"damage":6.0,"enemies":"Lagavulin","floor":8.0,"turns":2.0},{"damage":0.0,"enemies":"Gremlin Nob","floor":10.0,"turns":2.0},{"damage":0.0,"enemies":"2 Fungi Beasts","floor":12.0,"turns":2.0},{"damage":18.0,"enemies":"3 Sentries","floor":13.0,"turns":2.0},{"damage":6.0,"enemies":"Slime Boss","floor":16.0,"turns":4.0},{"damage":6.0,"enemies":"Spheric Guardian","floor":18.0,"turns":2.0},{"damage":22.0,"enemies":"Shell Parasite","floor":19.0,"turns":3.0},{"damage":4.0,"enemies":"Snecko","floor":20.0,"turns":3.0},{"damage":18,"enemies":"Snake Plant","floor":21,"turns":3},{"damage":22,"enemies":"Centurion and Healer","floor":22,"turns":3},{"damage":9,"enemies":"Book of Stabbing","floor":23,"turns":2},{"damage":6,"enemies":"Sentry and Sphere","floor":27,"turns":3},{"damage":6,"enemies":"Gremlin Leader","floor":28,"turns":2},{"damage":19,"enemies":"Shelled Parasite and Fungi","floor":30,"turns":3},{"damage":15,"enemies":"Colosseum Slavers","floor":31,"turns":2},{"damage":25,"enemies":"Colosseum Nobs","floor":31,"turns":4},{"damage":53,"enemies":"Champ","floor":33,"turns":8},{"damage":19,"enemies":"3 Darklings","floor":35,"turns":3},{"damage":22,"enemies":"3 Shapes","floor":38,"turns":4},{"damage":19,"enemies":"2 Orb Walkers","floor":39,"turns":3},{"damage":47,"enemies":"Giant Head","floor":42,"turns":6},{"damage":17,"enemies":"Mind Bloom Boss Battle","floor":48,"turns":4},{"damage":109,"enemies":"Awakened One","floor":50,"turns":7},{"damage":15,"enemies":"Shield and Spear","floor":54,"turns":3},{"damage":91,"enemies":"The Heart","floor":55,"turns":5}],"seed_played":"-6715099736247704438","potions_obtained":[{"floor":2.0,"key":"AttackPotion"},{"floor":8.0,"key":"LiquidMemories"},{"floor":10.0,"key":"GamblersBrew"},{"floor":12.0,"key":"SkillPotion"},{"floor":16.0,"key":"ColorlessPotion"},{"floor":18.0,"key":"Weak Potion"},{"floor":22,"key":"Strength Potion"},{"floor":23,"key":"SkillPotion"},{"floor":27,"key":"AttackPotion"},{"floor":28,"key":"Energy Potion"},{"floor":30,"key":"BloodPotion"},{"floor":31,"key":"SkillPotion"},{"floor":33,"key":"Regen Potion"},{"floor":35,"key":"Dexterity Potion"},{"floor":38,"key":"BlessingOfTheForge"},{"floor":39,"key":"Weak Potion"},{"floor":42,"key":"Energy Potion"},{"floor":54,"key":"Fire Potion"}],"is_trial":false,"path_per_floor":["M","M","M","?","$","R","M","E","T","E","?","M","E","?","R","B",null,"M","M","M","M","M","E","?","R","T","M","E","$","M","?","R","B",null,"M","?","?","M","?","R","R","E","T","$","R","$","?","?","R","B",null,"R","$","E","B"],"character_chosen":"IRONCLAD","items_purchased":["Brimstone","Reaper+1","Battle Trance","Medical Kit","ClockworkSouvenir","Fire Breathing","Block Potion"],"campfire_rested":2,"item_purchase_floors":[5,29,29,44,46,46,53],"current_hp_per_floor":[79,76,71,71,71,71,63,63,63,69,69,75,63,63,72,72,80,80,64,66,54,38,35,35,47,47,47,47,47,34,53,68,44,80,76,76,76,75,71,80,80,65,65,65,80,80,80,80,80,37,80,80,80,71,0,0],"gold":35,"neow_bonus":"ONE_RANDOM_RARE_CARD","is_daily":false,"chose_seed":false,"campfire_upgraded":3,"win_rate":0.0,"timestamp":1613679439,"path_taken":["M","M","M","?","$","R","M","E","T","E","?","M","E","?","R","BOSS","M","M","?","M","?","E","?","R","T","M","E","$","M","?","R","BOSS","M","?","?","M","?","R","R","E","T","$","R","$","?","?","R","BOSS","R","$","E","BOSS"],"items_purchased_type":["Relic","Card","Card","Relic","Relic","Card","Potion"],"build_version":"2020-12-13","purchased_purges":1,"victory":false,"max_hp_per_floor":[80,80,80,80,80,80,80,80,80,80,80,80,80,80,80,80,80,80,80,80,80,80,80,80,80,80,80,80,80,80,80,80,80,80,80,80,80,80,80,80,80,80,80,80,80,80,80,80,80,80,80,80,80,80,80,80],"relic_stats":{"Darkstone Periapt":0,"Gremlin Horn":[17,19],"Happy Flower":[1],"counters":[29,96],"Self Forming Clay":[177],"Eternal Feather":60,"StoneCalendar":[0],"Juzu Bracelet":1,"Letter Opener":[20],"War Paint":["Shrug It Off","Defend_R"],"Boot":[8],"Question Card":18,"Medical Kit":[1],"Burning Blood":162,"obtain_stats":[{"Ice Cream":39,"Darkstone Periapt":43,"Girya":17,"Gremlin Horn":9,"Happy Flower":54,"Self Forming Clay":23,"Eternal Feather":8,"StoneCalendar":48,"Juzu Bracelet":28,"Letter Opener":42,"War Paint":26,"Boot":17,"Question Card":17,"Medical Kit":44,"Burning Blood":0,"White Beast Statue":13,"ClockworkSouvenir":46,"Calling Bell":17,"Matryoshka":31,"Brimstone":5,"Molten Egg 2":10,"WingedGreaves":31,"Fusion Hammer":34,"Red Mask":47},{"Ice Cream":24,"Darkstone Periapt":25,"Girya":9,"Gremlin Horn":5,"Happy Flower":28,"Self Forming Clay":15,"Eternal Feather":5,"StoneCalendar":26,"Juzu Bracelet":17,"Letter Opener":25,"War Paint":15,"Boot":9,"Question Card":9,"Medical Kit":25,"Burning Blood":0,"White Beast Statue":8,"ClockworkSouvenir":25,"Calling Bell":9,"Matryoshka":20,"Brimstone":3,"Molten Egg 2":6,"WingedGreaves":20,"Fusion Hammer":21,"Red Mask":25},{"Ice Cream":71,"Darkstone Periapt":77,"Girya":23,"Gremlin Horn":13,"Happy Flower":91,"Self Forming Clay":39,"Eternal Feather":13,"StoneCalendar":81,"Juzu Bracelet":44,"Letter Opener":77,"War Paint":39,"Boot":23,"Question Card":23,"Medical Kit":77,"Burning Blood":0,"White Beast Statue":19,"ClockworkSouvenir":77,"Calling Bell":23,"Matryoshka":53,"Brimstone":7,"Molten Egg 2":15,"WingedGreaves":53,"Fusion Hammer":61,"Red Mask":77}]},"card_choices":[{"not_picked":["Clash","Body Slam"],"picked":"Headbutt","floor":1.0},{"not_picked":["True Grit","Iron Wave"],"picked":"Flex","floor":2.0},{"not_picked":["Headbutt","Sword Boomerang"],"picked":"Twin Strike","floor":3.0},{"not_picked":["Twin Strike","Sever Soul"],"picked":"Pummel","floor":7.0},{"not_picked":["Clothesline","Pummel"],"picked":"Sword Boomerang","floor":8.0},{"not_picked":["Brutality","Shrug It Off"],"picked":"Uppercut+1","floor":10.0},{"not_picked":["Anger+1","Second Wind"],"picked":"Dual Wield","floor":12.0},{"not_picked":["Seeing Red","Rampage+1"],"picked":"Spot Weakness","floor":13.0},{"not_picked":["Juggernaut","Fiend Fire+1"],"picked":"Barricade","floor":16.0},{"not_picked":["True Grit","Armaments","Iron Wave+1"],"picked":"Shrug It Off","floor":18.0},{"not_picked":["Clothesline+1","Body Slam+1","Dual Wield","Perfected Strike+1"],"picked":"SKIP","floor":19.0},{"not_picked":["Sever Soul+1","Entrench","Clothesline+1"],"picked":"Rage","floor":20},{"not_picked":["Clothesline+1","Offering","Reckless Charge+1"],"picked":"Bloodletting","floor":21},{"not_picked":["Headbutt+1","Spot Weakness","Cleave+1"],"picked":"Sword Boomerang+1","floor":22},{"not_picked":["Carnage+1","Armaments","Reckless Charge+1"],"picked":"Shrug It Off","floor":23},{"not_picked":["Fiend Fire+1","Feel No Pain","Dark Embrace","Headbutt+1"],"picked":"SKIP","floor":27},{"not_picked":["Perfected Strike+1","Anger+1","Combust"],"picked":"Rampage+1","floor":28},{"not_picked":["Warcry+1","Bloodletting","Fire Breathing","Bludgeon+1"],"picked":"SKIP","floor":30},{"not_picked":["Barricade","Offering","Fiend Fire+1"],"picked":"Brutality","floor":33},{"not_picked":["Clothesline+1","Thunderclap+1","Sword Boomerang+1","Power Through+1"],"picked":"SKIP","floor":35},{"not_picked":["Cleave+1","Sword Boomerang+1","Headbutt+1"],"picked":"Dropkick+1","floor":38},{"not_picked":["Dual Wield","Body Slam+1","Pummel+1"],"picked":"Heavy Blade+1","floor":39},{"not_picked":["Armaments+1","Intimidate+1","Power Through+1"],"picked":"Double Tap","floor":42},{"not_picked":["Fire Breathing","Battle Trance","Body Slam+1"],"picked":"Heavy Blade+1","floor":54}],"player_experience":53665,"relics_obtained":[{"floor":8.0,"key":"Eternal Feather"},{"floor":9.0,"key":"Gremlin Horn"},{"floor":10.0,"key":"Molten Egg 2"},{"floor":13.0,"key":"White Beast Statue"},{"floor":17.0,"key":"Boot"},{"floor":17.0,"key":"Question Card"},{"floor":17.0,"key":"Girya"},{"floor":23,"key":"Self Forming Clay"},{"floor":26,"key":"War Paint"},{"floor":28,"key":"Juzu Bracelet"},{"floor":31,"key":"WingedGreaves"},{"floor":31,"key":"Matryoshka"},{"floor":39,"key":"Ice Cream"},{"floor":42,"key":"Letter Opener"},{"floor":43,"key":"Darkstone Periapt"},{"floor":48,"key":"StoneCalendar"},{"floor":54,"key":"Happy Flower"}],"event_choices":[{"damage_healed":0.0,"max_hp_gain":0.0,"max_hp_loss":0.0,"gold_gain":0.0,"event_name":"Living Wall","player_choice":"Grow","floor":4.0,"gold_loss":0.0,"damage_taken":0.0,"cards_upgraded":["Offering"]},{"cards_removed":["Strike_R"],"damage_healed":0.0,"max_hp_gain":0.0,"max_hp_loss":0.0,"gold_gain":0.0,"event_name":"The Cleric","player_choice":"Card Removal","floor":11.0,"gold_loss":50.0,"damage_taken":0.0},{"damage_healed":0.0,"max_hp_gain":0.0,"max_hp_loss":0.0,"gold_gain":0.0,"event_name":"Upgrade Shrine","player_choice":"Upgraded","floor":14.0,"gold_loss":0.0,"damage_taken":0.0,"cards_upgraded":["Dual Wield"]},{"cards_removed":["Strike_R"],"damage_healed":0,"gold_gain":0,"player_choice":"Gave Gold","damage_taken":0,"max_hp_gain":0,"max_hp_loss":0,"event_name":"Beggar","floor":24,"gold_loss":75},{"damage_healed":0,"gold_gain":0,"player_choice":"Fight","damage_taken":0,"max_hp_gain":0,"max_hp_loss":0,"event_name":"Colosseum","floor":31,"gold_loss":0},{"damage_healed":0,"gold_gain":0,"player_choice":"Fought Nobs","damage_taken":0,"max_hp_gain":0,"max_hp_loss":0,"event_name":"Colosseum","floor":31,"gold_loss":0},{"damage_healed":0,"gold_gain":0,"player_choice":"Copied","damage_taken":0,"max_hp_gain":0,"max_hp_loss":0,"event_name":"Duplicator","floor":36,"gold_loss":0,"cards_obtained":["Reaper"]},{"cards_removed":["Defend_R"],"damage_healed":0,"gold_gain":0,"player_choice":"Removed Skill","damage_taken":0,"max_hp_gain":0,"max_hp_loss":0,"event_name":"Falling","floor":37,"gold_loss":0},{"damage_healed":0,"gold_gain":0,"player_choice":"Fight","damage_taken":0,"max_hp_gain":0,"max_hp_loss":0,"event_name":"Mysterious Sphere","floor":39,"gold_loss":0},{"damage_healed":0,"gold_gain":0,"player_choice":"Paid","damage_taken":0,"relics_obtained":["Red Mask"],"max_hp_gain":0,"max_hp_loss":0,"event_name":"Tomb of Lord Red Mask","floor":47,"gold_loss":15},{"damage_healed":0,"gold_gain":0,"player_choice":"Fight","damage_taken":0,"max_hp_gain":0,"max_hp_loss":0,"event_name":"MindBloom","floor":48,"gold_loss":0}],"is_beta":false,"boss_relics":[{"not_picked":["Ectoplasm","Black Star"],"picked":"Calling Bell"},{"not_picked":["Cursed Key","Astrolabe"],"picked":"Fusion Hammer"}],"items_purged_floors":[44],"is_endless":false,"potions_floor_spawned":[2,8,10,12,16,18,19,20,21,22,23,27,28,30,31,31,33,35,38,39,42,48,54],"killed_by":"The Heart","ascension_level":1}}