{"host":"rmsq46plbpwfbxcc","time":1613622428,"event":{"mods":["AchievementEnabler","BaseMod","Colored Map","Colored Powertips","DeckTracker","KOR Keyword Fix","Minty Spire (QoL Compilation)","Permanent Neow","Quick Restart","SuperFastMode"],"gold_per_floor":[115,125,136,150,170,170,16,42,42,75,94,94,107,107,107,211,211,223,185,196,146,159,159,22,33,33,64,64,90,90,107,107,209,209,227,237,162,162,172,203,203,232,232,232,45,58,19,31,31,31,31,31,11,45,45],"floor_reached":56,"language":"KOR","playtime":1740,"items_purged":["Defend_G","Strike_G","Strike_G","Defend_G","Shame"],"score":1889,"play_id":"4edc7660-247d-4a1e-aeec-293394f8553c","local_time":"20210218132708","is_ascension_mode":true,"campfire_choices":[{"data":"Blade Dance","floor":6,"key":"SMITH"},{"data":"After Image","floor":12,"key":"SMITH"},{"data":"Accuracy","floor":15,"key":"SMITH"},{"data":"Cloak And Dagger","floor":23,"key":"SMITH"},{"data":"After Image","floor":32,"key":"SMITH"},{"data":"1","floor":41,"key":"LIFT"},{"data":"2","floor":44,"key":"LIFT"},{"floor":49,"key":"RECALL"},{"data":"Finisher","floor":52,"key":"SMITH"}],"circlet_count":0,"master_deck":["AscendersBane","Strike_G","Strike_G+1","Defend_G","Survivor","Neutralize","Cloak And Dagger+1","Blade Dance+1","Cloak And Dagger+1","After Image+1","Accuracy+1","After Image+1","Backstab+1","Acrobatics","Envenom+1","Burst","Backflip+1","Adrenaline","Terror+1","Accuracy","Blur+1","Finisher+1","Footwork","Well Laid Plans+1"],"relics":["WristBlade","Membership Card","Question Card","Incense Burner","Sundial","Empty Cage","Bag of Preparation","Mummified Hand","Girya","Torii","Cursed Key","Lizard Tail","Toxic Egg 2","Anchor","Orichalcum"],"acts_visited":["Exordium","TheCity","TheBeyond","TheEnding"],"potions_floor_usage":[16,55,55],"damage_taken":[{"damage":3,"enemies":"Cultist","floor":1,"turns":4},{"damage":4,"enemies":"Jaw Worm","floor":2,"turns":5},{"damage":1,"enemies":"2 Louse","floor":3,"turns":3},{"damage":0,"enemies":"2 Fungi Beasts","floor":4,"turns":3},{"damage":2,"enemies":"Lots of Slimes","floor":5,"turns":4},{"damage":6,"enemies":"3 Sentries","floor":8,"turns":7},{"damage":11,"enemies":"Lagavulin","floor":10,"turns":6},{"damage":2,"enemies":"Red Slaver","floor":11,"turns":2},{"damage":2,"enemies":"Exordium Thugs","floor":13,"turns":5},{"damage":10,"enemies":"Slime Boss","floor":16,"turns":7},{"damage":0,"enemies":"3 Byrds","floor":18,"turns":4},{"damage":2,"enemies":"Spheric Guardian","floor":20,"turns":4},{"damage":13,"enemies":"Shelled Parasite and Fungi","floor":22,"turns":4},{"damage":0,"enemies":"Snecko","floor":25,"turns":3},{"damage":0,"enemies":"Gremlin Leader","floor":27,"turns":5},{"damage":1,"enemies":"Slavers","floor":29,"turns":5},{"damage":0,"enemies":"Snake Plant","floor":31,"turns":3},{"damage":0,"enemies":"Champ","floor":33,"turns":7},{"damage":0,"enemies":"3 Shapes","floor":35,"turns":2},{"damage":0,"enemies":"3 Darklings","floor":36,"turns":3},{"damage":0,"enemies":"Jaw Worm Horde","floor":39,"turns":3},{"damage":0,"enemies":"Giant Head","floor":40,"turns":4},{"damage":0,"enemies":"Reptomancer","floor":42,"turns":4},{"damage":0,"enemies":"Transient","floor":46,"turns":5},{"damage":0,"enemies":"3 Darklings","floor":48,"turns":3},{"damage":59,"enemies":"Time Eater","floor":50,"turns":10},{"damage":41,"enemies":"Shield and Spear","floor":54,"turns":4},{"damage":25,"enemies":"The Heart","floor":55,"turns":8}],"seed_played":"536652692665331705","potions_obtained":[{"floor":1,"key":"Dexterity Potion"},{"floor":8,"key":"Block Potion"},{"floor":13,"key":"CultistPotion"},{"floor":16,"key":"Explosive Potion"},{"floor":27,"key":"DuplicationPotion"}],"is_trial":false,"path_per_floor":["M","M","M","M","M","R","$","E","T","E","M","R","M","?","R","B",null,"M","$","M","$","M","R","$","M","T","E","?","E","?","M","R","B",null,"M","M","$","?","M","E","R","E","T","R","$","M","$","M","R","B",null,"R","$","E","B",null],"character_chosen":"THE_SILENT","items_purchased":["Membership Card","Bag of Preparation","Terror+1","Anchor","Blur+1","Footwork"],"campfire_rested":0,"item_purchase_floors":[7,24,45,45,47,53],"current_hp_per_floor":[60,56,55,55,53,53,53,47,47,36,34,34,32,18,18,8,55,55,55,53,53,40,40,40,40,40,40,40,39,39,39,39,39,62,62,62,62,62,62,62,62,62,62,62,62,62,62,62,62,3,53,53,53,12,29],"gold":45,"neow_bonus":"BOSS_RELIC","is_daily":false,"chose_seed":false,"campfire_upgraded":6,"win_rate":0.0,"timestamp":1613622428,"path_taken":["M","M","?","M","M","R","?","E","T","E","M","R","M","?","R","BOSS","M","$","M","$","M","R","$","M","T","E","?","E","?","M","R","BOSS","M","M","$","?","?","E","R","E","T","R","?","M","$","?","R","BOSS","R","$","E","BOSS"],"items_purchased_type":["Relic","Relic","Card","Relic","Card","Card"],"build_version":"2020-12-22","purchased_purges":5,"victory":true,"max_hp_per_floor":[70,70,70,70,70,70,70,70,70,70,70,70,70,70,70,70,70,70,70,70,70,70,70,70,70,70,70,70,70,70,70,70,70,70,70,70,70,70,70,70,70,70,70,70,70,70,70,70,70,70,70,70,70,70,70],"card_choices":[{"not_picked":["Dash","Dodge and Roll"],"picked":"Cloak And Dagger","floor":1},{"not_picked":["Deflect","Leg Sweep","Poisoned Stab"],"picked":"SKIP","floor":2},{"not_picked":["Slice","Poisoned Stab"],"picked":"Blade Dance","floor":3},{"not_picked":["Prepared","Underhanded Strike","Dodge and Roll"],"picked":"SKIP","floor":4},{"not_picked":["Underhanded Strike","Dagger Throw","Deadly Poison"],"picked":"SKIP","floor":5},{"not_picked":["All Out Attack","Well Laid Plans"],"picked":"Cloak And Dagger","floor":8},{"not_picked":["Unload","Dodge and Roll","PiercingWail"],"picked":"After Image","floor":10},{"not_picked":["Dash","Deadly Poison","Noxious Fumes","Setup"],"picked":"SKIP","floor":11},{"not_picked":["Bane","Footwork","Concentrate"],"picked":"Accuracy","floor":13},{"not_picked":["Die Die Die","Glass Knife","Burst"],"picked":"After Image","floor":16},{"not_picked":["Endless Agony","Sucker Punch","Catalyst","Bane"],"picked":"SKIP","floor":18},{"not_picked":["Skewer","Cloak And Dagger","Bouncing Flask","Dagger Spray"],"picked":"SKIP","floor":20},{"not_picked":["Slice","All Out Attack","Masterful Stab","Dagger Throw+1"],"picked":"SKIP","floor":22},{"not_picked":["Tactician","Bouncing Flask","Deflect+1"],"picked":"Backstab+1","floor":25},{"not_picked":["Tactician","Leg Sweep+1","Bane","Dash"],"picked":"SKIP","floor":27},{"not_picked":["Poisoned Stab","Crippling Poison","Prepared"],"picked":"Envenom","floor":29},{"not_picked":["Dagger Throw","Backstab+1","PiercingWail","Dodge and Roll"],"picked":"SKIP","floor":31},{"not_picked":["Venomology","Tools of the Trade","Doppelganger"],"picked":"Burst","floor":33},{"not_picked":["Cloak And Dagger","Slice+1","Poisoned Stab"],"picked":"Backflip+1","floor":35},{"not_picked":["Deadly Poison","Backflip","Flying Knee+1","Bane+1"],"picked":"SKIP","floor":36},{"not_picked":["Flying Knee+1","Catalyst+1","Backflip"],"picked":"Adrenaline","floor":39},{"not_picked":["Endless Agony","Deflect","Slice+1","Bane"],"picked":"SKIP","floor":40},{"not_picked":["Masterful Stab+1","Tools of the Trade","Flying Knee","Poisoned Stab+1"],"picked":"SKIP","floor":42},{"not_picked":["Bane","Deflect+1","Deadly Poison+1"],"picked":"Accuracy","floor":46},{"not_picked":["Quick Slash+1","Prepared+1","Acrobatics+1"],"picked":"Finisher","floor":48},{"not_picked":["Dodge and Roll+1","Masterful Stab","PiercingWail+1"],"picked":"Well Laid Plans+1","floor":54}],"player_experience":653890,"relics_obtained":[{"floor":8,"key":"Question Card"},{"floor":9,"key":"Incense Burner"},{"floor":10,"key":"Sundial"},{"floor":26,"key":"Mummified Hand"},{"floor":27,"key":"Girya"},{"floor":29,"key":"Torii"},{"floor":40,"key":"Lizard Tail"},{"floor":42,"key":"Toxic Egg 2"},{"floor":54,"key":"Orichalcum"}],"event_choices":[{"damage_healed":0,"gold_gain":0,"player_choice":"Entered Light","damage_taken":14,"max_hp_gain":0,"max_hp_loss":0,"event_name":"Shining Light","floor":14,"gold_loss":0,"cards_upgraded":["Strike_G","Cloak And Dagger"]},{"damage_healed":0,"gold_gain":0,"player_choice":"Read","damage_taken":0,"max_hp_gain":0,"max_hp_loss":0,"event_name":"The Library","floor":28,"gold_loss":0,"cards_obtained":["Acrobatics"]},{"cards_removed":["Defend_G"],"damage_healed":0,"gold_gain":0,"player_choice":"Elegance","damage_taken":0,"max_hp_gain":0,"max_hp_loss":0,"event_name":"Back to Basics","floor":30,"gold_loss":0},{"damage_healed":0,"gold_gain":0,"player_choice":"Upgraded","damage_taken":0,"max_hp_gain":0,"max_hp_loss":0,"event_name":"Upgrade Shrine","floor":38,"gold_loss":0,"cards_upgraded":["Envenom"]}],"is_beta":false,"boss_relics":[{"not_picked":["HoveringKite","Sozu"],"picked":"Empty Cage"},{"not_picked":["SlaversCollar","Astrolabe"],"picked":"Cursed Key"}],"items_purged_floors":[19,21,24,37,45],"is_endless":false,"potions_floor_spawned":[1,8,13,16,20,25,27,31,35,39,40],"ascension_level":10}}