{"host":"4d3k7d8vp246c2eu","time":1613624241,"event":{"mods":["BaseMod","Downfall","Minty Spire (QoL Compilation)","StSLib"],"gold_per_floor":[99,115,115,100,100,100,155,55,5,24,37,70,70,84,95,199,199,99,115,132,151,55,67,67,67,79,99,99,133,151,151,169,271,271,171,190,190,209,1,17,92,120,130,57,83,103,116,133,133,133,133],"floor_reached":49,"language":"ENG","playtime":15331,"items_purged":["downfall:Malfunctioning"],"score":800,"play_id":"74393c8d-2dbd-4be3-94d5-aded67fb77bb","local_time":"20210217235721","is_ascension_mode":false,"campfire_choices":[{"data":"champ:TripleStrike","floor":1,"key":"SMITH"},{"data":"champ:Taunt","floor":8,"key":"SMITH"},{"floor":13,"key":"DIG"},{"floor":18,"key":"DIG"},{"floor":25,"key":"DIG"},{"floor":28,"key":"RECALL"},{"floor":35,"key":"DIG"}],"circlet_count":0,"master_deck":["champ:Strike","champ:Strike+1","champ:Strike+1","champ:Strike","champ:Defend","champ:Defend","champ:Defend","champ:Defend","champ:Execute","champ:Taunt+1","champ:TripleStrike+1","champ:PreemptiveStrike+1","champ:StanceDance+1","champ:ShieldWall","champ:ArenaPreparation","champ:FlashCut","champ:VampiricStrike","champ:GladiatorStyle","champ:FancyFootwork","champ:TornadoPunch","champ:Improvising","champ:PreciseThrust+1","champ:Backstep+1","champ:BringItOn+1","champ:DefensiveStyle","champ:FalseCounter","champ:FocusedDefense","champ:FalseCounter+1","champ:IronFortress","champ:IronFortress+1","champ:Backstep+1","champ:GladiatorForm","CurseOfTheBell","champ:RecklessLeap+1","champ:CalledShot+1","expansioncontent:Hexaburn","expansioncontent:InvincibleStrength","champ:DefensiveStyle+1","champ:SetATrap+1","champ:SteelEdge","expansioncontent:StudyTheSpire","expansioncontent:DashGenerateEvil","champ:Circumvent+1","champ:Lariat+1","champ:StanceDance+1"],"relics":["champ:ChampionCrown","downfall:HeartBlessingBlue","Shovel","Ice Cream","Fusion Hammer","downfall:HeartBlessingGreen","Bronze Scales","The Courier","Eternal Feather","Lizard Tail","Calling Bell","Vajra","Letter Opener","Pocketwatch","downfall:HeartBlessingRed","Shuriken","Mummified Hand","Strawberry","Orichalcum","Toxic Egg 2"],"acts_visited":["Exordium","TheCity","TheBeyond"],"potions_floor_usage":[16,16,22,22,39,45,45],"damage_taken":[{"damage":10,"enemies":"2 Louse","floor":2,"turns":2},{"damage":10,"enemies":"downfall:FleeingMerchant","floor":4,"turns":4},{"damage":15,"enemies":"downfall:FleeingMerchant","floor":9,"turns":4},{"damage":0,"enemies":"Cultist","floor":10,"turns":2},{"damage":7,"enemies":"Small Slimes","floor":11,"turns":2},{"damage":20,"enemies":"Gremlin Nob","floor":12,"turns":4},{"damage":0,"enemies":"2 Fungi Beasts","floor":14,"turns":1},{"damage":27,"enemies":"Exordium Thugs","floor":15,"turns":5},{"damage":38,"enemies":"WA_ARCHETYPE_RETAIN","floor":16,"turns":6},{"damage":20,"enemies":"3 Byrds","floor":19,"turns":2},{"damage":25,"enemies":"Chosen","floor":20,"turns":4},{"damage":14,"enemies":"Snake Plant","floor":21,"turns":4},{"damage":19,"enemies":"downfall:FleeingMerchant","floor":22,"turns":4},{"damage":0,"enemies":"Shelled Parasite and Fungi","floor":23,"turns":5},{"damage":14,"enemies":"Cultist and Chosen","floor":26,"turns":4},{"damage":10,"enemies":"Chosen and Byrds","floor":27,"turns":3},{"damage":10,"enemies":"Gremlin Leader","floor":29,"turns":4},{"damage":45,"enemies":"Snake Plant","floor":30,"turns":4},{"damage":21,"enemies":"Snecko","floor":32,"turns":5},{"damage":35,"enemies":"DF_ARCHETYPE_CLAW","floor":33,"turns":8},{"damage":30,"enemies":"3 Darklings","floor":36,"turns":7},{"damage":17,"enemies":"3 Shapes","floor":38,"turns":2},{"damage":35,"enemies":"downfall:FleeingMerchant","floor":39,"turns":4},{"damage":20,"enemies":"Jaw Worm Horde","floor":40,"turns":4},{"damage":22,"enemies":"Nemesis","floor":42,"turns":5},{"damage":0,"enemies":"Sphere and 2 Shapes","floor":43,"turns":3},{"damage":0,"enemies":"downfall:FleeingMerchant","floor":44,"turns":1},{"damage":39,"enemies":"Reptomancer","floor":45,"turns":7},{"damage":19,"enemies":"3 Darklings","floor":46,"turns":5},{"damage":14,"enemies":"4 Shapes","floor":47,"turns":3},{"damage":30,"enemies":"Transient","floor":48,"turns":5},{"damage":29,"enemies":"3 Darklings","floor":49,"turns":3}],"seed_played":"-4102186167808231409","potions_obtained":[{"floor":3,"key":"champ:UltimateStancePotion"},{"floor":3,"key":"Swift Potion"},{"floor":3,"key":"Regen Potion"},{"floor":11,"key":"LiquidMemories"},{"floor":14,"key":"champ:TechniquePotion"},{"floor":16,"key":"SteroidPotion"},{"floor":21,"key":"AttackPotion"},{"floor":23,"key":"hexamod:SoulburnPotion"},{"floor":26,"key":"SmokeBomb"},{"floor":30,"key":"champ:OpenerPotion"},{"floor":40,"key":"SmokeBomb"},{"floor":43,"key":"Block Potion"},{"floor":45,"key":"Fire Potion"},{"floor":46,"key":"Energy Potion"},{"floor":48,"key":"SpeedPotion"}],"is_trial":false,"path_per_floor":["R","M","?","$","?","?","T","R","$","M","M","E","R","M","M","B",null,"R","M","M","M","$","M","T","R","M","M","R","E","M","?","M","B",null,"R","M","?","M","$","M","T","E","M","$","E","M","M","M","M"],"character_chosen":"THE_CHAMP","items_purchased":["champ:ArenaPreparation","champ:DefensiveStyle","expansioncontent:Hexaburn","expansioncontent:InvincibleStrength","expansioncontent:StudyTheSpire","Regen Potion","Orichalcum","expansioncontent:DashGenerateEvil"],"campfire_rested":0,"item_purchase_floors":[9,22,39,39,44,44,44,44],"current_hp_per_floor":[90,90,90,90,90,90,90,100,95,95,88,78,78,78,66,58,100,100,85,85,76,72,72,72,72,58,58,73,73,73,73,72,67,100,100,75,75,58,33,23,23,12,12,12,54,45,41,26,0,0,0],"gold":133,"neow_bonus":"ONE_RANDOM_RARE_CARD","is_daily":false,"chose_seed":false,"campfire_upgraded":2,"win_rate":0.0,"timestamp":1613624241,"path_taken":["R","M","?","?","?","?","T","R","$","M","M","E","R","?","M","BOSS","R","M","M","M","$","M","T","R","?","?","R","E","M","?","M","BOSS","R","M","?","M","?","M","T","E","M","$","E","?","M","M","M"],"items_purchased_type":["Card","Card","Card","Card","Card","Potion","Relic","Card"],"build_version":"2020-12-22","purchased_purges":1,"victory":false,"max_hp_per_floor":[90,90,90,90,90,90,90,100,100,100,100,100,100,100,100,100,100,100,100,100,100,100,100,100,100,100,100,100,100,100,100,100,100,100,100,100,100,100,100,100,100,107,107,107,107,107,107,107,107,107,107],"card_choices":[{"not_picked":["champ:TornadoPunch","champ:FlashCut"],"picked":"champ:PreemptiveStrike","floor":2},{"not_picked":["champ:PreciseThrust","champ:GutPunch"],"picked":"champ:StanceDance","floor":4},{"not_picked":["champ:GladiatorStyle","champ:RecklessLeap"],"picked":"champ:ShieldWall","floor":9},{"not_picked":["champ:Encircle","champ:Shatter"],"picked":"champ:FlashCut","floor":10},{"not_picked":["champ:ShieldWall","champ:Haymaker"],"picked":"champ:VampiricStrike","floor":11},{"not_picked":["champ:HeartStrike","champ:StanceDance"],"picked":"champ:GladiatorStyle","floor":12},{"not_picked":["champ:Circumvent","champ:CrookedStrike"],"picked":"champ:FancyFootwork","floor":14},{"not_picked":["champ:AdrenalArmor","champ:BerserkerStyle"],"picked":"champ:TornadoPunch","floor":15},{"not_picked":["champ:GladiatorForm","champ:HeavySlash"],"picked":"champ:Improvising","floor":16},{"not_picked":["champ:PerfectedStrike","champ:Endure"],"picked":"champ:PreciseThrust+1","floor":19},{"not_picked":["champ:ShieldWall","champ:GutPunch"],"picked":"champ:Backstep+1","floor":20},{"not_picked":["champ:FlashCut","champ:AdrenalArmor"],"picked":"champ:BringItOn+1","floor":21},{"not_picked":["champ:BerserkersShout","champ:CrownThrow","champ:FancyFootwork"],"picked":"SKIP","floor":22},{"not_picked":["champ:HeartStrike+1","champ:CrownThrow"],"picked":"champ:FalseCounter","floor":23},{"not_picked":["champ:FancyFootwork","champ:BladeFlurry"],"picked":"champ:FocusedDefense","floor":26},{"not_picked":["champ:Backstep","champ:DefensiveShout"],"picked":"champ:FalseCounter+1","floor":27},{"not_picked":["champ:Circumvent","champ:EnragedBash"],"picked":"champ:IronFortress","floor":29},{"not_picked":["champ:StanceDance","champ:Backstep"],"picked":"champ:IronFortress+1","floor":30},{"not_picked":["champ:TripleStrike","champ:Duel"],"picked":"champ:Backstep+1","floor":32},{"not_picked":["champ:Devastate","champ:Improvising"],"picked":"champ:GladiatorForm","floor":33},{"not_picked":["champ:FancyFootwork","champ:PerfectedStrike+1"],"picked":"champ:RecklessLeap+1","floor":36},{"not_picked":["champ:Backstep+1","champ:TornadoPunch+1","champ:RecklessLeap"],"picked":"SKIP","floor":38},{"not_picked":["champ:IgnorePain","champ:DeathBlow"],"picked":"champ:CalledShot+1","floor":39},{"not_picked":["champ:BringItOn+1","champ:Backstep+1","champ:BerserkerStyle+1"],"picked":"SKIP","floor":40},{"not_picked":["champ:Lariat","champ:Endure"],"picked":"champ:DefensiveStyle+1","floor":42},{"not_picked":["champ:TornadoPunch","champ:BerserkersShout+1"],"picked":"champ:SetATrap+1","floor":43},{"not_picked":["champ:Circumvent","champ:TornadoPunch"],"picked":"champ:SteelEdge","floor":44},{"not_picked":["champ:FanOfKnives","champ:ShieldWall+1"],"picked":"champ:Circumvent+1","floor":45},{"not_picked":["champ:EndlessRage+1","champ:PreemptiveStrike"],"picked":"champ:Lariat+1","floor":46},{"not_picked":["champ:FancyFootwork+1","champ:FlashCut","champ:BerserkersShout+1"],"picked":"SKIP","floor":47},{"not_picked":["champ:BerserkersShout+1","champ:FlashCut"],"picked":"champ:StanceDance+1","floor":48}],"player_experience":576544,"relics_obtained":[{"floor":12,"key":"Shovel"},{"floor":13,"key":"Ice Cream"},{"floor":18,"key":"Bronze Scales"},{"floor":24,"key":"The Courier"},{"floor":25,"key":"Eternal Feather"},{"floor":29,"key":"Lizard Tail"},{"floor":34,"key":"Vajra"},{"floor":34,"key":"Letter Opener"},{"floor":34,"key":"Pocketwatch"},{"floor":35,"key":"Shuriken"},{"floor":41,"key":"Mummified Hand"},{"floor":42,"key":"Strawberry"},{"floor":45,"key":"Toxic Egg 2"}],"event_choices":[{"damage_healed":0,"gold_gain":0,"player_choice":"Got Potions","damage_taken":0,"max_hp_gain":0,"max_hp_loss":0,"event_name":"Lab","floor":3,"gold_loss":0},{"damage_healed":0,"gold_gain":0,"player_choice":"Ignored","damage_taken":0,"max_hp_gain":0,"max_hp_loss":0,"event_name":"Ghosts","floor":31,"gold_loss":0}],"is_beta":false,"boss_relics":[{"not_picked":["Snecko Eye","Empty Cage"],"picked":"Fusion Hammer"},{"not_picked":["SlaversCollar","Velvet Choker"],"picked":"Calling Bell"}],"items_purged_floors":[39],"is_endless":false,"potions_floor_spawned":[10,11,14,15,16,21,23,26,30,40,43,45,46,47,48],"killed_by":"3 Darklings","ascension_level":0}}