{"host":"08yfhu6uhosdn245","time":1613666805,"event":{"mods":["2.2 Compatiblity","AchievementEnabler","BaseMod","Bestiary","Colored Map","Colored Powertips","Curses Come First","Highlight Path","Minty Spire (QoL Compilation)","Quick Restart","Relic Stats","StSLib"],"gold_per_floor":[114,114,133,83,8,46,46,46,71,90,109,109,128,147,147,272,272,291,310,329,348,348,348,386,419,494,513,532,551,25,44,44,169,169,188,207,270,289,308,308,40,40,40,59,78,78,116,135,135,135],"floor_reached":51,"language":"ENG","playtime":1660,"items_purged":["Strike_R","Pain","Normality"],"score":932,"play_id":"756fb0c8-f8f6-4a63-9e64-078241efb45b","local_time":"20210218114645","daily_mods":["Cursed Run","Uncertain Future","Lethality"],"is_ascension_mode":false,"campfire_choices":[{"data":"Anger","floor":7.0,"key":"SMITH"},{"data":"Spot Weakness","floor":12.0,"key":"SMITH"},{"floor":15.0,"key":"REST"},{"floor":23,"key":"REST"},{"data":"Metallicize","floor":32,"key":"SMITH"},{"data":"1","floor":40,"key":"LIFT"},{"data":"2","floor":46,"key":"LIFT"},{"data":"Offering","floor":49,"key":"SMITH"}],"circlet_count":0,"master_deck":["Defend_R","Defend_R+1","Defend_R","Bash+1","Spot Weakness+1","Injury","Anger+1","Inflame","Injury","Heavy Blade+1","Sword Boomerang+1","Headbutt+1","Demon Form","Rage","Sword Boomerang+1","Pummel+1","Shockwave","Bite+1","Bite+1","Bite+1","Bite+1","Bite+1","Iron Wave+1","Metallicize+1","Decay","Second Wind","Power Through","Shrug It Off","Whirlwind+1","Limit Break","Feel No Pain","Exhume","CurseOfTheBell","Heavy Blade+1","Bloodletting+1","Fire Breathing+1","Sever Soul+1","Ghostly Armor","Regret","Offering+1","Pommel Strike+1","Ghostly Armor+1","Shrug It Off+1","Normality"],"relics":["Cursed Key","Darkstone Periapt","Du-Vu Doll","Golden Idol","Molten Egg 2","Smiling Mask","SlaversCollar","Strawberry","Red Mask","Bottled Tornado","Matryoshka","Calling Bell","Oddly Smooth Stone","Eternal Feather","Girya","Ice Cream","Brimstone","Boot","Art of War","Toxic Egg 2"],"acts_visited":["Exordium","TheCity","TheBeyond"],"potions_floor_usage":[19,19,20,24,24,28,31,37,37,39,45,50],"damage_taken":[{"damage":4.0,"enemies":"Jaw Worm","floor":1.0,"turns":2.0},{"damage":5.0,"enemies":"2 Louse","floor":3.0,"turns":2.0},{"damage":17.0,"enemies":"Gremlin Nob","floor":6.0,"turns":3.0},{"damage":0.0,"enemies":"Cultist","floor":10.0,"turns":2.0},{"damage":3.0,"enemies":"Looter","floor":11.0,"turns":3.0},{"damage":0.0,"enemies":"Blue Slaver","floor":13.0,"turns":1.0},{"damage":9.0,"enemies":"Exordium Wildlife","floor":14.0,"turns":2.0},{"damage":27.0,"enemies":"The Guardian","floor":16.0,"turns":4.0},{"damage":0.0,"enemies":"Chosen","floor":18.0,"turns":1.0},{"damage":40,"enemies":"3 Byrds","floor":19,"turns":2},{"damage":13,"enemies":"Shelled Parasite and Fungi","floor":20,"turns":2},{"damage":19,"enemies":"Cultist and Chosen","floor":21,"turns":3},{"damage":32,"enemies":"Book of Stabbing","floor":24,"turns":3},{"damage":10,"enemies":"Masked Bandits","floor":25,"turns":3},{"damage":13,"enemies":"Snake Plant","floor":27,"turns":2},{"damage":9,"enemies":"Chosen and Byrds","floor":28,"turns":4},{"damage":3,"enemies":"Cultist and Chosen","floor":29,"turns":4},{"damage":12,"enemies":"Snake Plant","floor":31,"turns":3},{"damage":16,"enemies":"Automaton","floor":33,"turns":5},{"damage":2,"enemies":"3 Darklings","floor":35,"turns":2},{"damage":2,"enemies":"Orb Walker","floor":36,"turns":3},{"damage":38,"enemies":"Mind Bloom Boss Battle","floor":37,"turns":4},{"damage":12,"enemies":"Writhing Mass","floor":38,"turns":2},{"damage":5,"enemies":"Jaw Worm Horde","floor":39,"turns":3},{"damage":26,"enemies":"4 Shapes","floor":44,"turns":4},{"damage":29,"enemies":"3 Darklings","floor":45,"turns":2},{"damage":6,"enemies":"Reptomancer","floor":47,"turns":2},{"damage":8,"enemies":"Jaw Worm Horde","floor":48,"turns":2},{"damage":31,"enemies":"Awakened One","floor":50,"turns":6}],"seed_played":"-4060160915487772418","potions_obtained":[{"floor":1.0,"key":"FearPotion"},{"floor":6.0,"key":"Fire Potion"},{"floor":10.0,"key":"Dexterity Potion"},{"floor":14.0,"key":"Fire Potion"},{"floor":19,"key":"SkillPotion"},{"floor":20,"key":"PowerPotion"},{"floor":21,"key":"Regen Potion"},{"floor":25,"key":"DistilledChaos"},{"floor":27,"key":"SkillPotion"},{"floor":35,"key":"HeartOfIron"},{"floor":37,"key":"Block Potion"},{"floor":38,"key":"DistilledChaos"},{"floor":45,"key":"SteroidPotion"},{"floor":48,"key":"Fire Potion"}],"is_trial":false,"path_per_floor":["M","?","M","?","$","E","R","?","T","M","M","R","M","M","R","B",null,"M","M","M","M","?","R","E","?","T","M","M","M","$","M","R","B",null,"M","M","?","M","M","R","$","?","T","M","M","R","E","M","R","B",null],"character_chosen":"IRONCLAD","items_purchased":["Matryoshka","Whirlwind+1","Limit Break","Feel No Pain","Brimstone","Sever Soul+1"],"campfire_rested":2,"item_purchase_floors":[30,30,30,30,41,41],"current_hp_per_floor":[76,82,77,77,77,60,60,43,49,49,46,46,46,37,64,43,98,98,58,45,26,26,46,39,41,47,37,40,46,46,40,40,36,93,93,91,58,46,41,62,62,62,68,54,31,55,52,44,68,49],"gold":135,"neow_bonus":"","is_daily":true,"chose_seed":false,"campfire_upgraded":4,"win_rate":0.0,"timestamp":1613666805,"path_taken":["M","?","M","?","$","E","R","?","T","M","M","R","M","M","R","BOSS","M","M","M","M","?","R","E","?","T","M","M","?","$","M","R","BOSS","M","M","?","M","M","R","$","?","T","?","M","R","E","M","R","BOSS"],"items_purchased_type":["Relic","Card","Card","Card","Relic","Card"],"build_version":"2020-12-22","purchased_purges":3,"victory":true,"max_hp_per_floor":[80,86,86,86,86,86,86,86,92,92,92,92,92,92,92,98,98,98,98,98,98,68,68,75,75,81,81,81,81,81,81,81,87,93,93,93,93,93,93,93,93,93,99,99,99,99,99,99,99,105],"relic_stats":{"Darkstone Periapt":48,"counters":[29,81],"Golden Idol":199,"Eternal Feather":69,"Art of War":[2],"Cursed Key":3,"Smiling Mask":125,"Boot":[0],"obtain_stats":[{"Darkstone Periapt":0,"Ice Cream":37,"Girya":34,"Golden Idol":2,"Oddly Smooth Stone":34,"Eternal Feather":34,"Bottled Tornado":26,"Cursed Key":0,"Smiling Mask":9,"Boot":43,"Du-Vu Doll":0,"Calling Bell":34,"SlaversCollar":17,"Matryoshka":30,"Brimstone":41,"Strawberry":24,"Molten Egg 2":6,"Red Mask":25,"Art of War":43,"Toxic Egg 2":47},{"Darkstone Periapt":0,"Ice Cream":22,"Girya":19,"Golden Idol":1,"Oddly Smooth Stone":19,"Eternal Feather":19,"Bottled Tornado":14,"Cursed Key":0,"Smiling Mask":3,"Boot":24,"Du-Vu Doll":0,"Calling Bell":19,"SlaversCollar":8,"Matryoshka":17,"Brimstone":24,"Strawberry":13,"Molten Egg 2":3,"Red Mask":14,"Art of War":24,"Toxic Egg 2":27},{"Darkstone Periapt":0,"Ice Cream":60,"Girya":51,"Golden Idol":2,"Oddly Smooth Stone":51,"Eternal Feather":51,"Bottled Tornado":33,"Cursed Key":0,"Smiling Mask":7,"Boot":65,"Du-Vu Doll":0,"Calling Bell":51,"SlaversCollar":19,"Matryoshka":43,"Brimstone":65,"Strawberry":30,"Molten Egg 2":7,"Red Mask":33,"Art of War":65,"Toxic Egg 2":73}]},"card_choices":[{"not_picked":["Cleave","Evolve"],"picked":"Spot Weakness","floor":1.0},{"not_picked":["Body Slam","Sentinel"],"picked":"Anger","floor":3.0},{"not_picked":["Entrench","Body Slam+1"],"picked":"Inflame","floor":6.0},{"not_picked":["True Grit","Warcry"],"picked":"Heavy Blade+1","floor":10.0},{"not_picked":["Reckless Charge+1","Clash+1","Sentinel"],"picked":"SKIP","floor":11.0},{"not_picked":["Rupture","Pommel Strike+1"],"picked":"Sword Boomerang+1","floor":13.0},{"not_picked":["Hemokinesis+1","Inflame"],"picked":"Headbutt+1","floor":14.0},{"not_picked":["Immolate+1","Bludgeon+1"],"picked":"Demon Form","floor":16.0},{"not_picked":["Inflame","Feel No Pain+1"],"picked":"Rage","floor":18.0},{"not_picked":["Wild Strike+1","Anger+1"],"picked":"Sword Boomerang+1","floor":19},{"not_picked":["Entrench+1","Wild Strike+1"],"picked":"Pummel+1","floor":20},{"not_picked":["Dark Embrace","Twin Strike+1"],"picked":"Shockwave","floor":21},{"not_picked":["Infernal Blade","Body Slam+1"],"picked":"Iron Wave+1","floor":24},{"not_picked":["Flex","Blood for Blood+1"],"picked":"Metallicize","floor":25},{"not_picked":["Headbutt+1","Searing Blow+1"],"picked":"Second Wind","floor":27},{"not_picked":["True Grit","Flex"],"picked":"Power Through","floor":28},{"not_picked":["Pommel Strike+1","Pummel+1"],"picked":"Shrug It Off","floor":29},{"not_picked":["Shrug It Off","Perfected Strike+1","Searing Blow+1"],"picked":"SKIP","floor":31},{"not_picked":["Bludgeon+1","Barricade"],"picked":"Exhume","floor":33},{"not_picked":["Twin Strike+1","Clothesline+1"],"picked":"Heavy Blade+1","floor":35},{"not_picked":["Wild Strike+1","Intimidate"],"picked":"Bloodletting+1","floor":36},{"not_picked":["Body Slam+1","Wild Strike+1","Flex"],"picked":"SKIP","floor":38},{"not_picked":["Warcry+1","Body Slam+1"],"picked":"Fire Breathing+1","floor":39},{"not_picked":["Havoc","Shockwave+1"],"picked":"Offering","floor":44},{"not_picked":["Wild Strike+1","Bloodletting"],"picked":"Pommel Strike+1","floor":45},{"not_picked":["Cleave+1","Inflame"],"picked":"Ghostly Armor+1","floor":47},{"not_picked":["Cleave+1","Hemokinesis+1"],"picked":"Shrug It Off+1","floor":48}],"player_experience":410655,"relics_obtained":[{"floor":6.0,"key":"Molten Egg 2"},{"floor":9.0,"key":"Smiling Mask"},{"floor":24,"key":"Strawberry"},{"floor":25,"key":"Red Mask"},{"floor":26,"key":"Bottled Tornado"},{"floor":34,"key":"Oddly Smooth Stone"},{"floor":34,"key":"Eternal Feather"},{"floor":34,"key":"Girya"},{"floor":37,"key":"Ice Cream"},{"floor":43,"key":"Boot"},{"floor":43,"key":"Art of War"},{"floor":47,"key":"Toxic Egg 2"}],"event_choices":[{"damage_healed":0.0,"max_hp_gain":0.0,"max_hp_loss":0.0,"gold_gain":0.0,"event_name":"Golden Idol","player_choice":"Take Wound","floor":2.0,"gold_loss":0.0,"damage_taken":0.0,"relics_obtained":["Golden Idol"],"cards_obtained":["Injury"]},{"cards_removed":["Strike_R"],"damage_healed":0.0,"max_hp_gain":0.0,"max_hp_loss":0.0,"gold_gain":0.0,"event_name":"The Cleric","player_choice":"Card Removal","floor":4.0,"gold_loss":50.0,"damage_taken":0.0},{"damage_healed":0.0,"max_hp_gain":0.0,"max_hp_loss":0.0,"gold_gain":0.0,"event_name":"Shining Light","player_choice":"Entered Light","floor":8.0,"gold_loss":0.0,"damage_taken":17.0,"cards_upgraded":["Defend_R","Bash"]},{"damage_healed":0,"gold_gain":0,"player_choice":"Became a vampire","damage_taken":0,"max_hp_gain":0,"max_hp_loss":30,"event_name":"Vampires","floor":22,"gold_loss":0,"cards_obtained":["Bite","Bite","Bite","Bite","Bite"]},{"damage_healed":0,"gold_gain":0,"player_choice":"Fought Bandits","damage_taken":0,"max_hp_gain":0,"max_hp_loss":0,"event_name":"Masked Bandits","floor":25,"gold_loss":0},{"damage_healed":0,"gold_gain":0,"player_choice":"Fight","damage_taken":0,"max_hp_gain":0,"max_hp_loss":0,"event_name":"MindBloom","floor":37,"gold_loss":0},{"damage_healed":0,"gold_gain":0,"cards_transformed":["Defend_R"],"player_choice":"Transformed","damage_taken":0,"max_hp_gain":0,"max_hp_loss":0,"event_name":"Transmorgrifier","floor":42,"gold_loss":0,"cards_obtained":["Ghostly Armor"]}],"is_beta":false,"boss_relics":[{"not_picked":["Runic Dome","Pandora\u0027s Box"],"picked":"SlaversCollar"},{"not_picked":["Runic Pyramid","Fusion Hammer"],"picked":"Calling Bell"}],"items_purged_floors":[5,30,41],"is_endless":false,"potions_floor_spawned":[1,6,10,14,19,20,21,25,27,35,37,38,45,48],"ascension_level":0}}