{"host":"v4nyfngrgywi7zc6","time":1613680253,"event":{"mods":["2.2 Compatiblity","Act Like it!","BaseMod","Custom Start","Friendly Minions","Minty Spire (QoL Compilation)","Reliquary","Shade Mod","Shop Mod","StSLib","The Cursed","The Judge","The Jungle","The Marked","The Mystic","The Necromancer","The Saiyan","The Senshi","The Servant 0.9.4"],"gold_per_floor":[13,29,29,29,29,57,75,7,7,7,27,43,43,55,55,157,157,170,181,200,216,216,250,250,269,292,292,292,292,326,340,340,440,440,460,299,318,334,434,434,447,477,526,526,526,526,539,552,552,552],"floor_reached":51,"language":"ENG","playtime":5347,"items_purged":["mysticmod:Defend_Mystic"],"score":721,"play_id":"5007d1d0-65a2-475a-b14e-a33baa2e1d9f","local_time":"20210218143053","is_ascension_mode":false,"campfire_choices":[{"floor":10.0,"key":"REST"},{"floor":15.0,"key":"REST"},{"floor":24.0,"key":"REST"},{"data":"mysticmod:RapidCaster","floor":27.0,"key":"SMITH"},{"data":"mysticmod:Feint","floor":32.0,"key":"SMITH"},{"floor":40.0,"key":"REST"},{"floor":46.0,"key":"REST"},{"floor":49.0,"key":"REST"}],"circlet_count":0,"master_deck":["mysticmod:Strike_Mystic+1","mysticmod:Strike_Mystic","mysticmod:Defend_Mystic","mysticmod:Defend_Mystic","mysticmod:ArcaneDodge","mysticmod:ShockingGrasp","mysticmod:EnergizedRift+1","mysticmod:MagicWeapon","mysticmod:RapidCaster+1","mysticmod:DiviningBlow","mysticmod:TomeOfSpells+1","mysticmod:Spellstrike","mysticmod:Lunge+1","Discovery","mysticmod:SummonFamiliar+1","mysticmod:PreparedCaster+1","mysticmod:Feint+1","mysticmod:MysticalShield","Madness","mysticmod:CureLightWounds+1","mysticmod:MirrorEntity","mysticmod:SummonFamiliar+1","Parasite","mysticmod:TomeOfSpells","mysticmod:TomeOfSpells+1"],"relics":["mysticmod:SpellBook","CaptainsWheel","Gambling Chip","StrikeDummy","reliquary:BallBearing","Empty Cage","Dream Catcher","Ornamental Fan","reliquary:Buckler","reliquary:RedCape","reliquary:PartyBalloon","Juzu Bracelet"],"acts_visited":["Exordium","Exordium","TheBeyond"],"potions_floor_usage":[50],"damage_taken":[{"damage":1.0,"enemies":"2 Louse","floor":1.0,"turns":3.0},{"damage":0.0,"enemies":"Small Slimes","floor":2.0,"turns":3.0},{"damage":20.0,"enemies":"Gremlin Nob","floor":6.0,"turns":5.0},{"damage":3.0,"enemies":"Cultist","floor":7.0,"turns":3.0},{"damage":3.0,"enemies":"Large Slime","floor":11.0,"turns":3.0},{"damage":7.0,"enemies":"Gremlin Gang","floor":12.0,"turns":4.0},{"damage":4.0,"enemies":"Exordium Thugs","floor":14.0,"turns":6.0},{"damage":22.0,"enemies":"The Guardian","floor":16.0,"turns":10.0},{"damage":0.0,"enemies":"theJungle:GiantWrat","floor":18.0,"turns":6.0},{"damage":18.0,"enemies":"theJungle:MUSHROOMGANG","floor":19.0,"turns":4.0},{"damage":4.0,"enemies":"theJungle:JungleHuntersEncounter","floor":20.0,"turns":6.0},{"damage":15.0,"enemies":"theJungle:Snecko_Cultist_And_Trap","floor":21.0,"turns":7.0},{"damage":39.0,"enemies":"theJungle:MamaSnecko","floor":23.0,"turns":7.0},{"damage":15.0,"enemies":"theJungle:2_Snecko_Cultists","floor":25.0,"turns":3.0},{"damage":0.0,"enemies":"theJungle:Cassacara","floor":30.0,"turns":5.0},{"damage":4.0,"enemies":"theJungle:SlimyTreeVines","floor":31.0,"turns":4.0},{"damage":27.0,"enemies":"theJungle:TotemBoss","floor":33.0,"turns":6.0},{"damage":15.0,"enemies":"Orb Walker","floor":35.0,"turns":4.0},{"damage":14.0,"enemies":"3 Darklings","floor":37.0,"turns":5.0},{"damage":25.0,"enemies":"Spire Growth","floor":38.0,"turns":5.0},{"damage":24.0,"enemies":"Jaw Worm Horde","floor":41.0,"turns":5.0},{"damage":4.0,"enemies":"Reptomancer","floor":42.0,"turns":5.0},{"damage":33.0,"enemies":"Writhing Mass","floor":47.0,"turns":7.0},{"damage":29.0,"enemies":"Transient","floor":48.0,"turns":5.0},{"damage":35,"enemies":"Donu and Deca","floor":50,"turns":11}],"seed_played":"408410993323152164","potions_obtained":[{"floor":6.0,"key":"Fire Potion"},{"floor":7.0,"key":"SkillPotion"},{"floor":11.0,"key":"Energy Potion"},{"floor":12.0,"key":"Regen Potion"},{"floor":19.0,"key":"Regen Potion"},{"floor":25.0,"key":"Swift Potion"},{"floor":30.0,"key":"Energy Potion"},{"floor":33.0,"key":"mysticmod:EssenceOfMagic"},{"floor":35.0,"key":"AttackPotion"},{"floor":37.0,"key":"Explosive Potion"},{"floor":48.0,"key":"Block Potion"}],"is_trial":false,"path_per_floor":["M","M","?","?","?","E","M","$","T","R","M","M","?","M","R","B",null,"M","M","M","M","?","E","R","M","T","R","T","?","E","M","R","B",null,"M","$","M","M","?","R","M","E","T","?","?","R","M","M","R","B",null],"character_chosen":"MYSTIC_CLASS","items_purchased":["mysticmod:RapidCaster","Madness"],"campfire_rested":6,"item_purchase_floors":[8,36],"current_hp_per_floor":[76,76,76,76,61,41,38,38,38,61,58,51,51,47,70,48,77,77,59,69,68,68,29,52,37,37,37,37,47,47,46,46,19,77,62,62,48,29,29,52,34,36,36,36,36,59,32,9,32,3],"gold":552,"neow_bonus":"ONE_RARE_RELIC","is_daily":false,"chose_seed":false,"campfire_upgraded":2,"win_rate":0.0,"timestamp":1613680253,"path_taken":["M","M","?","?","?","E","M","$","T","R","M","M","?","M","R","BOSS","M","M","?","M","?","E","R","?","T","R","?","?","E","M","R","BOSS","M","$","M","M","?","R","?","E","T","?","?","R","M","M","R","BOSS"],"items_purchased_type":["Card","Card"],"build_version":"2020-12-22","purchased_purges":1,"victory":true,"max_hp_per_floor":[77,77,77,77,77,77,77,77,77,77,77,77,77,77,77,77,77,77,77,77,77,77,77,77,77,77,77,77,77,77,77,77,77,77,77,77,77,77,77,77,77,77,77,77,77,77,77,77,77,77],"card_choices":[{"not_picked":["mysticmod:BulkUp","mysticmod:AllIn"],"picked":"mysticmod:LightningBolt","floor":1.0},{"not_picked":["mysticmod:HeavyStrike","mysticmod:PowerSlash"],"picked":"mysticmod:EnergizedRift","floor":2.0},{"not_picked":["mysticmod:LightningBolt","mysticmod:BulkUp"],"picked":"mysticmod:MagicWeapon","floor":6.0},{"not_picked":["mysticmod:Shield","mysticmod:Snowball","mysticmod:Dedication"],"picked":"SKIP","floor":7.0},{"not_picked":["mysticmod:Alacrity","mysticmod:EarthenWall"],"picked":"mysticmod:DiviningBlow","floor":11.0},{"not_picked":["mysticmod:BulkUp","mysticmod:Riposte","mysticmod:HeavyStrike"],"picked":"SKIP","floor":12.0},{"not_picked":["mysticmod:MirrorStrike","mysticmod:HeavyStrike"],"picked":"mysticmod:TomeOfSpells","floor":14.0},{"not_picked":["mysticmod:Disintegrate","mysticmod:Haste"],"picked":"mysticmod:Spellstrike","floor":16.0},{"not_picked":["mysticmod:BulkUp+1","mysticmod:PureInstinct+1","mysticmod:Shield+1"],"picked":"SKIP","floor":18.0},{"not_picked":["mysticmod:ComponentsPouch","mysticmod:Disintegrate","mysticmod:Probe"],"picked":"SKIP","floor":19.0},{"not_picked":["mysticmod:Disengage+1","mysticmod:Shield","mysticmod:PureInstinct+1"],"picked":"SKIP","floor":20.0},{"not_picked":["mysticmod:Stoneskin","mysticmod:KeenEdge+1","mysticmod:FloatingDisk"],"picked":"SKIP","floor":21.0},{"not_picked":["mysticmod:Shield","mysticmod:MirrorStrike","mysticmod:HeavyStrike"],"picked":"SKIP","floor":23.0},{"not_picked":["mysticmod:Shield","mysticmod:HeavyStrike"],"picked":"mysticmod:SummonFamiliar+1","floor":25.0},{"not_picked":["mysticmod:Dedication","mysticmod:PowerAttack"],"picked":"mysticmod:PreparedCaster+1","floor":30.0},{"not_picked":["mysticmod:BulkUp","mysticmod:Stoneskin"],"picked":"mysticmod:Feint","floor":31.0},{"not_picked":["mysticmod:Natural20","mysticmod:Spellstrike"],"picked":"mysticmod:MysticalShield","floor":33.0},{"not_picked":["mysticmod:Riposte","mysticmod:HeavyStrike","mysticmod:Shield"],"picked":"SKIP","floor":35.0},{"not_picked":["mysticmod:MightyMagic","mysticmod:ChargedParry+1"],"picked":"mysticmod:CureLightWounds+1","floor":37.0},{"not_picked":["mysticmod:Disengage","mysticmod:Stoneskin+1","mysticmod:Probe"],"picked":"SKIP","floor":38.0},{"not_picked":["mysticmod:VorpalThrust+1","mysticmod:IllusionOfCalm"],"picked":"mysticmod:MirrorEntity","floor":41.0},{"not_picked":["mysticmod:Sideswipe+1","mysticmod:DiviningBlow+1","mysticmod:Daze+1"],"picked":"SKIP","floor":42.0},{"not_picked":["mysticmod:EarthenWall+1","mysticmod:PunishingArmor+1"],"picked":"mysticmod:SummonFamiliar+1","floor":46.0},{"not_picked":["mysticmod:ComponentsPouch+1","mysticmod:Snowball"],"picked":"mysticmod:TomeOfSpells","floor":47.0},{"not_picked":["mysticmod:StyleChange","mysticmod:Feint"],"picked":"mysticmod:TomeOfSpells+1","floor":48.0}],"player_experience":280261,"relics_obtained":[{"floor":6.0,"key":"StrikeDummy"},{"floor":9.0,"key":"reliquary:BallBearing"},{"floor":23.0,"key":"Dream Catcher"},{"floor":28.0,"key":"Ornamental Fan"},{"floor":30.0,"key":"reliquary:Buckler"},{"floor":42.0,"key":"reliquary:PartyBalloon"},{"floor":43.0,"key":"Juzu Bracelet"}],"event_choices":[{"cards_removed":["mysticmod:Strike_Mystic"],"damage_healed":0.0,"max_hp_gain":0.0,"max_hp_loss":0.0,"gold_gain":0.0,"event_name":"Living Wall","player_choice":"Forget","floor":3.0,"gold_loss":0.0,"damage_taken":0.0},{"damage_healed":0.0,"max_hp_gain":0.0,"max_hp_loss":0.0,"gold_gain":0.0,"event_name":"Big Fish","player_choice":"Box","floor":4.0,"gold_loss":0.0,"damage_taken":0.0,"relics_obtained":["Gambling Chip"],"cards_obtained":["Regret"]},{"damage_healed":0.0,"max_hp_gain":0.0,"max_hp_loss":0.0,"gold_gain":0.0,"event_name":"Shining Light","player_choice":"Entered Light","floor":5.0,"gold_loss":0.0,"damage_taken":15.0,"cards_upgraded":["mysticmod:EnergizedRift","mysticmod:Strike_Mystic"]},{"cards_removed":["Regret"],"damage_healed":0.0,"max_hp_gain":0.0,"max_hp_loss":0.0,"gold_gain":0.0,"event_name":"Fountain of Cleansing","player_choice":"Removed Curses","floor":13.0,"gold_loss":0.0,"damage_taken":0.0},{"damage_healed":0.0,"max_hp_gain":0.0,"max_hp_loss":0.0,"gold_gain":0.0,"event_name":"Match and Keep!","player_choice":"2 cards matched","floor":22.0,"gold_loss":0.0,"damage_taken":0.0,"cards_obtained":["mysticmod:Lunge","Discovery"]},{"damage_healed":0.0,"max_hp_gain":0.0,"max_hp_loss":0.0,"gold_gain":100.0,"event_name":"Golden Shrine","player_choice":"Pray","floor":39.0,"gold_loss":0.0,"damage_taken":0.0},{"cards_removed":["mysticmod:LightningBolt"],"damage_healed":0.0,"max_hp_gain":0.0,"max_hp_loss":0.0,"gold_gain":0.0,"event_name":"Falling","player_choice":"Removed Attack","floor":44.0,"gold_loss":0.0,"damage_taken":0.0},{"damage_healed":0.0,"max_hp_gain":0.0,"max_hp_loss":0.0,"gold_gain":0.0,"event_name":"Tomb of Lord Red Mask","player_choice":"Ignored","floor":45.0,"gold_loss":0.0,"damage_taken":0.0}],"is_beta":false,"boss_relics":[{"not_picked":["Runic Dome","Sozu"],"picked":"Empty Cage"},{"not_picked":["Pandora\u0027s Box","mysticmod:DeckOfManyThings"],"picked":"reliquary:RedCape"}],"items_purged_floors":[36],"is_endless":false,"potions_floor_spawned":[6,7,11,12,19,25,30,33,35,37,48],"ascension_level":0}}