{"host":"4lqqtboa3hvdze4c","time":1613633212,"event":{"mods":["AchievementEnabler","BaseMod","BetterRewards","Colored Map","DeckTracker","Minty Spire (QoL Compilation)","Permanent Neow","SuperFastMode"],"gold_per_floor":[113,113,113,162,172,204,246,246,273,317,352,393,405,458,513,525,644,656,691,703,715,749,770,820,867,919,983,1036,147,179,179,214,214,214,310,310,332,149,167,167,187,187,187,223,223,223,223,223,267,326,326,326],"floor_reached":53,"language":"KOR","playtime":2909,"items_purged":["Rainbow","Darkness"],"score":1227,"play_id":"14d9d8ac-d052-49f6-98ee-dc35b6addb91","local_time":"20210218162652","daily_mods":["Draft","Heirloom","Flight","Elite Swarm"],"is_ascension_mode":true,"campfire_choices":[{"data":"Redo","floor":8,"key":"SMITH"},{"data":"Creative AI","floor":16,"key":"SMITH"},{"data":"Apotheosis","floor":33,"key":"SMITH"},{"data":"Seek","floor":34,"key":"SMITH"},{"data":"Seek","floor":42,"key":"SMITH"},{"data":"Recycle","floor":43,"key":"SMITH"},{"data":"Seek","floor":46,"key":"SMITH"},{"data":"Redo","floor":47,"key":"SMITH"},{"data":"Reboot","floor":48,"key":"SMITH"},{"data":"Madness","floor":51,"key":"SMITH"}],"circlet_count":0,"master_deck":["Hologram","Go for the Eyes","Skim","Genetic Algorithm","Redo+1","BootSequence","Redo+1","Gash","Go for the Eyes","Beam Cell","Doom and Gloom+1","Redo+1","Coolheaded","Rebound","Beam Cell","Rebound","Reboot+1","Creative AI+1","All For One","Amplify","FTL","Scrape","Necronomicurse","All For One","Seek+1","All For One","Apotheosis+1","Turbo","Flash of Steel","Seek+1","Recycle+1","Beam Cell","Finesse","Madness","Madness+1","Turbo+1","Seek+1","All For One","Hologram"],"relics":["Cracked Core","Torii","Smiling Mask","Ornamental Fan","CeramicFish","Regal Pillow","Eternal Feather","MawBank","Blood Vial","Darkstone Periapt","Turnip","SlaversCollar","Necronomicon","Blue Candle","MealTicket","Pen Nib","Omamori","Mango","Symbiotic Virus","Oddly Smooth Stone","OrangePellets","PreservedInsect","Prayer Wheel","Anchor","Runic Dome","WarpedTongs","Gremlin Horn","FossilizedHelix","Letter Opener","Pocketwatch"],"acts_visited":["Exordium","TheCity","TheBeyond"],"potions_floor_usage":[17,17,17,30,32,35,52],"damage_taken":[{"damage":0,"enemies":"2 Louse","floor":1,"turns":2},{"damage":0,"enemies":"Jaw Worm","floor":5,"turns":2},{"damage":12,"enemies":"Lagavulin","floor":6,"turns":6},{"damage":1,"enemies":"3 Sentries","floor":7,"turns":4},{"damage":0,"enemies":"Gremlin Nob","floor":10,"turns":3},{"damage":1,"enemies":"3 Sentries","floor":11,"turns":3},{"damage":0,"enemies":"Gremlin Nob","floor":12,"turns":3},{"damage":9,"enemies":"3 Sentries","floor":14,"turns":3},{"damage":10,"enemies":"Gremlin Nob","floor":15,"turns":3},{"damage":2,"enemies":"Hexaghost","floor":17,"turns":7},{"damage":2,"enemies":"Shell Parasite","floor":19,"turns":4},{"damage":10,"enemies":"Spheric Guardian","floor":22,"turns":3},{"damage":1,"enemies":"Book of Stabbing","floor":24,"turns":4},{"damage":18,"enemies":"Gremlin Leader","floor":25,"turns":4},{"damage":11,"enemies":"Book of Stabbing","floor":26,"turns":3},{"damage":25,"enemies":"Slavers","floor":28,"turns":3},{"damage":1,"enemies":"Book of Stabbing","floor":30,"turns":3},{"damage":0,"enemies":"Gremlin Leader","floor":32,"turns":2},{"damage":28,"enemies":"Champ","floor":35,"turns":6},{"damage":27,"enemies":"3 Shapes","floor":37,"turns":3},{"damage":1,"enemies":"3 Darklings","floor":41,"turns":3},{"damage":1,"enemies":"Giant Head","floor":44,"turns":4},{"damage":0,"enemies":"Reptomancer","floor":49,"turns":2},{"damage":0,"enemies":"2 Orb Walkers","floor":50,"turns":2},{"damage":0,"enemies":"Donu and Deca","floor":52,"turns":3}],"seed_played":"7936553420879756946","potions_obtained":[{"floor":6,"key":"FearPotion"},{"floor":10,"key":"Weak Potion"},{"floor":14,"key":"PowerPotion"},{"floor":17,"key":"SpeedPotion"},{"floor":19,"key":"BlessingOfTheForge"},{"floor":26,"key":"Weak Potion"},{"floor":28,"key":"Swift Potion"},{"floor":30,"key":"PowerPotion"},{"floor":37,"key":"SpeedPotion"},{"floor":41,"key":"Ancient Potion"},{"floor":44,"key":"SpeedPotion"}],"is_trial":true,"path_per_floor":["M","?","?","T","M","E","E","R","T","E","E","E","E","E","E","R","B",null,"M","?","?","M","?","E","E","E","T","E","$","E","?","E","R","R","B",null,"M","$","?","?","M","R","R","E","T","R","R","R","E","?","R","B",null],"character_chosen":"DEFECT","items_purchased":["Apotheosis","Turbo","Flash of Steel","Symbiotic Virus","Oddly Smooth Stone","OrangePellets","Beam Cell","Finesse"],"campfire_rested":0,"item_purchase_floors":[29,29,29,29,29,29,38,38],"current_hp_per_floor":[75,80,64,64,64,52,51,51,51,51,50,50,50,43,35,47,47,80,78,78,78,70,60,61,45,36,36,27,42,43,43,45,63,81,55,100,73,88,75,75,76,97,100,99,99,100,100,100,100,100,100,100],"gold":326,"neow_bonus":"","is_daily":false,"chose_seed":false,"campfire_upgraded":10,"win_rate":0.0,"timestamp":1613633212,"path_taken":["M","?","?","?","M","E","E","R","T","E","E","E","E","E","E","R","BOSS","M","?","?","?","?","E","E","E","T","E","$","E","?","E","R","R","BOSS","M","$","?","?","?","R","R","E","T","R","R","R","E","?","R","BOSS"],"items_purchased_type":["Card","Card","Card","Relic","Relic","Relic","Card","Card"],"build_version":"2020-12-22","purchased_purges":2,"victory":true,"max_hp_per_floor":[75,80,80,80,80,80,80,80,80,80,80,80,80,80,80,80,80,80,80,80,80,80,86,86,86,86,86,100,100,100,100,100,100,100,100,100,100,100,100,100,100,100,100,100,100,100,100,100,100,100,100,100],"card_choices":[{"not_picked":["Steam","Aggregate"],"picked":"Hologram","floor":0},{"not_picked":["Conserve Battery","Leap"],"picked":"Go for the Eyes","floor":0},{"not_picked":["Steam","Chaos"],"picked":"Darkness","floor":0},{"not_picked":["Stack","Steam"],"picked":"Skim","floor":0},{"not_picked":["Leap","Storm"],"picked":"Genetic Algorithm","floor":0},{"not_picked":["Recycle","Conserve Battery"],"picked":"Redo","floor":0},{"not_picked":["Ball Lightning","Conserve Battery"],"picked":"BootSequence","floor":0},{"not_picked":["Heatsinks","Sweeping Beam"],"picked":"Redo","floor":0},{"not_picked":["Redo","Beam Cell"],"picked":"Gash","floor":0},{"not_picked":["Tempest","Streamline"],"picked":"Go for the Eyes","floor":0},{"not_picked":["Cold Snap","Storm"],"picked":"Beam Cell","floor":0},{"not_picked":["Recycle","Compile Driver"],"picked":"Doom and Gloom","floor":0},{"not_picked":["Barrage","Streamline"],"picked":"Redo","floor":0},{"not_picked":["Leap","Genetic Algorithm"],"picked":"Coolheaded","floor":0},{"not_picked":["Barrage","Compile Driver"],"picked":"Rebound","floor":0},{"not_picked":["Sweeping Beam","Undo"],"picked":"Beam Cell","floor":1},{"not_picked":["Reinforced Body","Streamline"],"picked":"Rebound","floor":5},{"not_picked":["Rainbow","Thunder Strike","Echo Form"],"picked":"SKIP","floor":6},{"not_picked":["Machine Learning","Echo Form"],"picked":"Rainbow","floor":7},{"not_picked":["Multi-Cast","Reboot"],"picked":"Rainbow","floor":10},{"not_picked":["Biased Cognition","Thunder Strike"],"picked":"Reboot","floor":11},{"not_picked":["Meteor Strike","Biased Cognition","Buffer"],"picked":"SKIP","floor":12},{"not_picked":["Electrodynamics","Biased Cognition"],"picked":"Creative AI","floor":14},{"not_picked":["Hyperbeam","Amplify"],"picked":"All For One","floor":15},{"not_picked":["Echo Form","Thunder Strike"],"picked":"Amplify","floor":17},{"not_picked":["Genetic Algorithm","Lockon+1"],"picked":"FTL","floor":19},{"not_picked":["Melter","Cold Snap+1"],"picked":"Scrape","floor":22},{"not_picked":["Thunder Strike","Electrodynamics"],"picked":"All For One","floor":24},{"not_picked":["Meteor Strike","Biased Cognition","Creative AI"],"picked":"SKIP","floor":25},{"not_picked":["Hyperbeam","Machine Learning"],"picked":"Seek","floor":26},{"not_picked":["Reboot","Fission"],"picked":"All For One","floor":28},{"not_picked":["Meteor Strike","Rainbow","Thunder Strike"],"picked":"SKIP","floor":30},{"not_picked":["Thunder Strike","Fission"],"picked":"Seek","floor":32},{"not_picked":["Defragment+1","Chaos"],"picked":"Recycle","floor":37},{"not_picked":["Streamline","Coolheaded","Barrage"],"picked":"SKIP","floor":37},{"not_picked":["Barrage+1","Redo+1"],"picked":"Turbo+1","floor":41},{"not_picked":["Barrage","Melter","Rip and Tear"],"picked":"SKIP","floor":41},{"not_picked":["Biased Cognition","Multi-Cast"],"picked":"Seek","floor":44},{"not_picked":["Creative AI","Thunder Strike"],"picked":"All For One","floor":49},{"not_picked":["Reinforced Body+1","Rebound"],"picked":"Hologram","floor":50}],"player_experience":61054,"relics_obtained":[{"floor":4,"key":"Smiling Mask"},{"floor":6,"key":"Ornamental Fan"},{"floor":7,"key":"CeramicFish"},{"floor":9,"key":"Regal Pillow"},{"floor":10,"key":"Eternal Feather"},{"floor":11,"key":"MawBank"},{"floor":12,"key":"Blood Vial"},{"floor":14,"key":"Darkstone Periapt"},{"floor":15,"key":"Turnip"},{"floor":23,"key":"Necronomicon"},{"floor":24,"key":"Blue Candle"},{"floor":25,"key":"MealTicket"},{"floor":26,"key":"Pen Nib"},{"floor":27,"key":"Omamori"},{"floor":28,"key":"Mango"},{"floor":30,"key":"PreservedInsect"},{"floor":32,"key":"Anchor"},{"floor":44,"key":"Gremlin Horn"},{"floor":45,"key":"FossilizedHelix"},{"floor":49,"key":"Letter Opener"},{"floor":50,"key":"Pocketwatch"}],"event_choices":[{"damage_healed":0,"gold_gain":0,"player_choice":"Donut","damage_taken":0,"max_hp_gain":5,"max_hp_loss":0,"event_name":"Big Fish","floor":2,"gold_loss":0},{"damage_healed":0,"gold_gain":0,"player_choice":"Entered Light","damage_taken":16,"max_hp_gain":0,"max_hp_loss":0,"event_name":"Shining Light","floor":3,"gold_loss":0,"cards_upgraded":["Redo","Doom and Gloom"]},{"damage_healed":0,"gold_gain":0,"player_choice":"Ignored","damage_taken":0,"max_hp_gain":0,"max_hp_loss":0,"event_name":"Vampires","floor":20,"gold_loss":0},{"cards_removed":["Rainbow"],"damage_healed":0,"gold_gain":0,"player_choice":"Purged","damage_taken":0,"max_hp_gain":0,"max_hp_loss":0,"event_name":"Purifier","floor":21,"gold_loss":0},{"damage_healed":0,"gold_gain":0,"player_choice":"Obtained Book","damage_taken":16,"max_hp_gain":0,"max_hp_loss":0,"event_name":"Cursed Tome","floor":23,"gold_loss":0},{"damage_healed":0,"gold_gain":0,"player_choice":"Opened","damage_taken":0,"relics_obtained":["Prayer Wheel"],"max_hp_gain":0,"max_hp_loss":0,"event_name":"The Mausoleum","floor":31,"gold_loss":0},{"damage_healed":0,"gold_gain":0,"player_choice":"Embrace Madness","damage_taken":13,"max_hp_gain":0,"max_hp_loss":0,"event_name":"Winding Halls","floor":39,"gold_loss":0,"cards_obtained":["Madness","Madness"]},{"damage_healed":0,"gold_gain":0,"player_choice":"Rummage","damage_taken":0,"relics_obtained":["WarpedTongs"],"max_hp_gain":0,"max_hp_loss":0,"event_name":"Accursed Blacksmith","floor":40,"gold_loss":0,"cards_obtained":["Pain"]},{"damage_healed":0,"gold_gain":0,"player_choice":"Fight","damage_taken":0,"max_hp_gain":0,"max_hp_loss":0,"event_name":"Mysterious Sphere","floor":50,"gold_loss":0}],"is_beta":false,"boss_relics":[{"not_picked":["FrozenCore","Sozu"],"picked":"SlaversCollar"},{"not_picked":["Runic Pyramid","Velvet Choker"],"picked":"Runic Dome"}],"items_purged_floors":[29,38],"is_endless":false,"potions_floor_spawned":[6,10,14,17,19,26,28,30,37,41,44],"ascension_level":1}}