{"host":"89iuq2p5kwriuwfq","time":1613649991,"event":{"mods":["BaseMod","Curses Come First","Minty Spire (QoL Compilation)","Permanent Neow","StSLib"],"gold_per_floor":[10,25,43,57,9,9,43,43,70,102,126,141,151,191,191,276,276,305,333,333,358,381,381,381],"floor_reached":23,"language":"ENG","playtime":1127,"items_purged":[],"score":355,"play_id":"5266e7c1-6718-4a7c-846b-af10ea2979f3","local_time":"20210218120631","is_ascension_mode":true,"campfire_choices":[{"data":"Hyperbeam","floor":6,"key":"SMITH"},{"data":"Beam Cell","floor":8,"key":"SMITH"},{"floor":15,"key":"REST"}],"circlet_count":0,"master_deck":["AscendersBane","Strike_B","Strike_B","Strike_B","Strike_B","Defend_B","Defend_B","Defend_B","Defend_B","Zap","Dualcast","Hyperbeam+1","Beam Cell+1","Hologram","Glacier","Sweeping Beam","Go for the Eyes","Beam Cell","Sweeping Beam","Reprogram","Fission","Rebound","Hologram","Hologram","Machine Learning"],"relics":["Cracked Core","Toy Ornithopter","Oddly Smooth Stone","Boot","Odd Mushroom","CeramicFish","Philosopher\u0027s Stone"],"acts_visited":["Exordium","TheCity"],"potions_floor_usage":[7,10,14,14,19,23],"damage_taken":[{"damage":12,"enemies":"Jaw Worm","floor":1,"turns":3},{"damage":6,"enemies":"2 Louse","floor":2,"turns":2},{"damage":2,"enemies":"Small Slimes","floor":3,"turns":3},{"damage":0,"enemies":"Looter","floor":4,"turns":1},{"damage":27,"enemies":"Lagavulin","floor":7,"turns":4},{"damage":4,"enemies":"3 Sentries","floor":10,"turns":2},{"damage":0,"enemies":"The Mushroom Lair","floor":11,"turns":2},{"damage":6,"enemies":"Exordium Wildlife","floor":12,"turns":4},{"damage":0,"enemies":"2 Fungi Beasts","floor":13,"turns":3},{"damage":14,"enemies":"Lagavulin","floor":14,"turns":4},{"damage":9,"enemies":"Slime Boss","floor":16,"turns":7},{"damage":4,"enemies":"Chosen","floor":18,"turns":4},{"damage":8,"enemies":"Spheric Guardian","floor":19,"turns":4},{"damage":8,"enemies":"Chosen and Byrds","floor":21,"turns":2},{"damage":14,"enemies":"Centurion and Healer","floor":22,"turns":4},{"damage":16,"enemies":"Book of Stabbing","floor":23,"turns":5}],"seed_played":"3511364333039314491","potions_obtained":[{"floor":4,"key":"ColorlessPotion"},{"floor":7,"key":"GamblersBrew"},{"floor":10,"key":"Strength Potion"},{"floor":11,"key":"Strength Potion"},{"floor":16,"key":"Weak Potion"},{"floor":21,"key":"EssenceOfSteel"},{"floor":22,"key":"Block Potion"}],"is_trial":false,"path_per_floor":["M","M","M","M","$","R","E","R","T","E","?","M","M","E","R","B",null,"M","M","?","M","M","E"],"character_chosen":"DEFECT","items_purchased":["Sweeping Beam"],"campfire_rested":1,"item_purchase_floors":[5],"current_hp_per_floor":[56,50,48,48,48,48,21,21,21,22,22,16,16,12,34,25,63,59,56,56,48,34,23,23],"gold":381,"neow_bonus":"THREE_RARE_CARDS","is_daily":false,"chose_seed":false,"campfire_upgraded":2,"win_rate":0.0,"timestamp":1613649991,"path_taken":["M","M","M","M","$","R","E","R","T","E","?","M","M","E","R","BOSS","M","M","?","M","M","E"],"items_purchased_type":["Card"],"build_version":"2020-12-22","purchased_purges":0,"victory":false,"max_hp_per_floor":[75,75,75,75,75,75,75,75,75,75,75,75,75,75,75,75,75,75,75,75,75,75,75,75],"card_choices":[{"not_picked":["Fission","Thunder Strike"],"picked":"Hyperbeam","floor":0},{"not_picked":["Barrage","Redo","Recycle"],"picked":"SKIP","floor":1},{"not_picked":["Compile Driver","Melter"],"picked":"Beam Cell","floor":2},{"not_picked":["Undo","Static Discharge"],"picked":"Hologram","floor":3},{"not_picked":["Aggregate","Steam"],"picked":"Glacier","floor":4},{"not_picked":["Fission","Redo"],"picked":"Go for the Eyes","floor":7},{"not_picked":["Stack","Conserve Battery"],"picked":"Beam Cell","floor":10},{"not_picked":["Hello World","Beam Cell","Turbo"],"picked":"SKIP","floor":12},{"not_picked":["Gash","Undo"],"picked":"Sweeping Beam","floor":13},{"not_picked":["Turbo","Reboot"],"picked":"Reprogram","floor":14},{"not_picked":["Amplify","Core Surge"],"picked":"Fission","floor":16},{"not_picked":["Beam Cell","Reinforced Body"],"picked":"Rebound","floor":18},{"not_picked":["Compile Driver","Leap"],"picked":"Hologram","floor":19},{"not_picked":["Conserve Battery","Barrage+1"],"picked":"Hologram","floor":21},{"not_picked":["Capacitor","Redo"],"picked":"Machine Learning","floor":22}],"player_experience":715719,"relics_obtained":[{"floor":7,"key":"Toy Ornithopter"},{"floor":9,"key":"Oddly Smooth Stone"},{"floor":10,"key":"Boot"},{"floor":11,"key":"Odd Mushroom"},{"floor":14,"key":"CeramicFish"}],"event_choices":[{"damage_healed":0,"gold_gain":0,"player_choice":"Fought Mushrooms","damage_taken":0,"max_hp_gain":0,"max_hp_loss":0,"event_name":"Mushrooms","floor":11,"gold_loss":0},{"damage_healed":0,"gold_gain":0,"player_choice":"Ignored","damage_taken":0,"max_hp_gain":0,"max_hp_loss":0,"event_name":"Cursed Tome","floor":20,"gold_loss":0}],"is_beta":false,"boss_relics":[{"not_picked":["FrozenCore","Snecko Eye"],"picked":"Philosopher\u0027s Stone"}],"items_purged_floors":[],"is_endless":false,"potions_floor_spawned":[4,7,10,11,13,16,21,22],"killed_by":"Book of Stabbing","ascension_level":13}}