{"host":"znvnxllcillb3rtw","time":1613647954,"event":{"mods":["BaseMod","DeckTracker","Minty Spire (QoL Compilation)","Relic Stats","StSLib","SuperFastMode","everything is the same but u backflip on backflip"],"gold_per_floor":[113,113,125,125,140,140,168,168,168,193,206,206,219,249,249,321,321,336,352,352,352],"floor_reached":20,"language":"KOR","playtime":701,"items_purged":[],"score":388,"play_id":"cad557df-ebbf-4ecf-9857-24aca9e1c5ca","local_time":"20210218203234","is_ascension_mode":true,"campfire_choices":[{"floor":6,"key":"REST"},{"floor":8,"key":"REST"},{"floor":15,"key":"REST"}],"circlet_count":0,"master_deck":["AscendersBane","Strike_B","Strike_B","Strike_B","Defend_B","Defend_B","Defend_B","Zap","Dualcast","Streamline","Chill","Gash","Consume","Gash","Creative AI","Conserve Battery+1","Thunder Strike","Coolheaded+1","Biased Cognition","BootSequence+1","Static Discharge"],"relics":["SacredBark","Vajra","Toxic Egg 2","Anchor","Potion Belt","Fusion Hammer"],"acts_visited":["Exordium","TheCity"],"potions_floor_usage":[10,13,19],"damage_taken":[{"damage":6,"enemies":"Jaw Worm","floor":1,"turns":4},{"damage":4,"enemies":"Cultist","floor":3,"turns":4},{"damage":10,"enemies":"2 Louse","floor":5,"turns":3},{"damage":28,"enemies":"3 Sentries","floor":7,"turns":12},{"damage":16,"enemies":"Lagavulin","floor":10,"turns":6},{"damage":0,"enemies":"Blue Slaver","floor":11,"turns":4},{"damage":0,"enemies":"Lots of Slimes","floor":13,"turns":1},{"damage":16,"enemies":"3 Sentries","floor":14,"turns":8},{"damage":60,"enemies":"The Guardian","floor":16,"turns":9},{"damage":19,"enemies":"Shell Parasite","floor":18,"turns":6},{"damage":9,"enemies":"3 Byrds","floor":19,"turns":7},{"damage":31,"enemies":"Masked Bandits","floor":20,"turns":3}],"seed_played":"1463926327139286724","potions_obtained":[{"floor":1,"key":"Energy Potion"},{"floor":7,"key":"SpeedPotion"},{"floor":10,"key":"Explosive Potion"},{"floor":11,"key":"FairyPotion"},{"floor":16,"key":"ColorlessPotion"}],"is_trial":false,"path_per_floor":["M","?","M","?","M","R","E","R","T","E","M","?","M","E","R","B",null,"M","M","?"],"character_chosen":"DEFECT","items_purchased":[],"campfire_rested":3,"item_purchase_floors":[],"current_hp_per_floor":[58,58,54,47,37,58,30,51,51,35,35,35,35,19,40,23,59,40,31,0,0],"gold":352,"neow_bonus":"BOSS_RELIC","is_daily":false,"chose_seed":false,"campfire_upgraded":0,"win_rate":0.0,"timestamp":1613647954,"path_taken":["M","?","?","?","M","R","E","R","T","E","M","?","?","E","R","BOSS","M","M","?"],"items_purchased_type":[],"build_version":"2020-12-22","purchased_purges":0,"victory":false,"max_hp_per_floor":[71,71,71,71,71,71,71,71,71,71,71,71,71,71,71,71,71,71,71,71,71],"relic_stats":{"counters":[12,67],"obtain_stats":[{"Potion Belt":14,"Anchor":10,"SacredBark":0,"Vajra":7,"Fusion Hammer":17,"Toxic Egg 2":9,"Cracked Core":0},{"Potion Belt":8,"Anchor":5,"SacredBark":0,"Vajra":4,"Fusion Hammer":9,"Toxic Egg 2":4,"Cracked Core":0},{"Potion Belt":42,"Anchor":29,"SacredBark":0,"Vajra":23,"Fusion Hammer":51,"Toxic Egg 2":23,"Cracked Core":0}]},"card_choices":[{"not_picked":["Barrage","Heatsinks"],"picked":"Streamline","floor":1},{"not_picked":["Redo","Coolheaded"],"picked":"Gash","floor":3},{"not_picked":["Cold Snap","Steam"],"picked":"Consume","floor":5},{"not_picked":["Redo","Beam Cell"],"picked":"Gash","floor":7},{"not_picked":["Leap+1","Hologram+1"],"picked":"Creative AI","floor":10},{"not_picked":["Hologram+1","Rip and Tear"],"picked":"Conserve Battery+1","floor":11},{"not_picked":["Ball Lightning","Compile Driver"],"picked":"Thunder Strike","floor":13},{"not_picked":["FTL","Reinforced Body+1"],"picked":"Coolheaded+1","floor":14},{"not_picked":["Thunder Strike","All For One"],"picked":"Biased Cognition","floor":16},{"not_picked":["Go for the Eyes","Sweeping Beam"],"picked":"BootSequence+1","floor":18},{"not_picked":["Compile Driver","Gash"],"picked":"Static Discharge","floor":19}],"player_experience":2916025,"relics_obtained":[{"floor":7,"key":"Vajra"},{"floor":9,"key":"Toxic Egg 2"},{"floor":10,"key":"Anchor"},{"floor":14,"key":"Potion Belt"}],"event_choices":[{"damage_healed":0,"gold_gain":0,"cards_transformed":["Strike_B"],"player_choice":"Transformed","damage_taken":0,"max_hp_gain":0,"max_hp_loss":0,"event_name":"Transmorgrifier","floor":2,"gold_loss":0,"cards_obtained":["Chill"]},{"cards_removed":["Defend_B"],"damage_healed":0,"gold_gain":0,"player_choice":"Card Removal","damage_taken":7,"max_hp_gain":0,"max_hp_loss":0,"event_name":"Golden Wing","floor":4,"gold_loss":0},{"damage_healed":0,"gold_gain":0,"player_choice":"Got Potions","damage_taken":0,"max_hp_gain":0,"max_hp_loss":0,"event_name":"Lab","floor":12,"gold_loss":0},{"damage_healed":0,"gold_gain":0,"player_choice":"Fought Bandits","damage_taken":0,"max_hp_gain":0,"max_hp_loss":0,"event_name":"Masked Bandits","floor":20,"gold_loss":0}],"is_beta":false,"boss_relics":[{"not_picked":["Empty Cage","Sozu"],"picked":"Fusion Hammer"}],"items_purged_floors":[],"is_endless":false,"potions_floor_spawned":[1,7,10,11,16],"killed_by":"Masked Bandits","ascension_level":20}}