{"host":"x05n69rv5q9mps34","time":1613616262,"event":{"mods":["AchievementEnabler","BaseMod","Colored Map","Minty Spire (QoL Compilation)","SuperFastMode"],"gold_per_floor":[117,131,148,148,148,160,187,199,211,223,235,8,18,30,30,30,30],"floor_reached":16,"language":"ENG","playtime":565,"items_purged":[],"score":138,"play_id":"68b7fec6-1217-47a7-aa1b-0392da9b7c38","local_time":"20210218004422","is_ascension_mode":true,"campfire_choices":[{"data":"Neutralize","floor":6,"key":"SMITH"},{"data":"Underhanded Strike","floor":8,"key":"SMITH"},{"floor":15,"key":"REST"}],"circlet_count":0,"master_deck":["AscendersBane","Strike_G","Strike_G","Strike_G","Strike_G","Strike_G","Defend_G","Defend_G","Defend_G","Defend_G","Defend_G","Survivor","Neutralize+1","PiercingWail","Acrobatics","Regret","Underhanded Strike+1","Prepared+1"],"relics":["Busted Crown","White Beast Statue","MawBank","HornCleat","Toxic Egg 2","Blue Candle","Shuriken"],"acts_visited":["Exordium"],"potions_floor_usage":[14,14,16],"damage_taken":[{"damage":0,"enemies":"Cultist","floor":1,"turns":5},{"damage":1,"enemies":"Small Slimes","floor":2,"turns":5},{"damage":1,"enemies":"Jaw Worm","floor":3,"turns":6},{"damage":1,"enemies":"2 Fungi Beasts","floor":7,"turns":5},{"damage":2,"enemies":"Large Slime","floor":13,"turns":7},{"damage":10,"enemies":"Lots of Slimes","floor":14,"turns":3},{"damage":61,"enemies":"Hexaghost","floor":16,"turns":16}],"seed_played":"-8936270775014850788","potions_obtained":[{"floor":3,"key":"Dexterity Potion"},{"floor":7,"key":"SkillPotion"},{"floor":13,"key":"Poison Potion"},{"floor":14,"key":"DistilledChaos"}],"is_trial":false,"path_per_floor":["M","M","M","?","?","R","M","R","T","T","?","$","M","M","R","B"],"character_chosen":"THE_SILENT","items_purchased":["Shuriken"],"campfire_rested":1,"item_purchase_floors":[12],"current_hp_per_floor":[63,62,61,49,49,49,48,48,48,48,48,48,46,36,57,0,0],"gold":30,"neow_bonus":"BOSS_RELIC","is_daily":false,"chose_seed":false,"campfire_upgraded":2,"win_rate":0.0,"timestamp":1613616262,"path_taken":["M","?","M","?","?","R","M","R","T","?","?","$","M","M","R","BOSS"],"items_purchased_type":["Relic"],"build_version":"2020-12-22","purchased_purges":0,"victory":false,"max_hp_per_floor":[70,70,70,70,70,70,70,70,70,70,70,70,70,70,70,70,70],"card_choices":[{"not_picked":[],"picked":"PiercingWail","floor":1},{"not_picked":[],"picked":"Acrobatics","floor":2},{"not_picked":["Escape Plan"],"picked":"SKIP","floor":3},{"not_picked":[],"picked":"Underhanded Strike","floor":7},{"not_picked":["Masterful Stab"],"picked":"SKIP","floor":13},{"not_picked":[],"picked":"Prepared+1","floor":14}],"player_experience":1024743,"relics_obtained":[{"floor":9,"key":"HornCleat"},{"floor":10,"key":"Toxic Egg 2"}],"event_choices":[{"damage_healed":0,"gold_gain":0,"player_choice":"Success","damage_taken":12,"relics_obtained":["White Beast Statue"],"max_hp_gain":0,"max_hp_loss":0,"event_name":"Scrap Ooze","floor":4,"gold_loss":0},{"damage_healed":0,"gold_gain":0,"player_choice":"Box","damage_taken":0,"relics_obtained":["MawBank"],"max_hp_gain":0,"max_hp_loss":0,"event_name":"Big Fish","floor":5,"gold_loss":0,"cards_obtained":["Regret"]},{"damage_healed":0,"gold_gain":0,"player_choice":"Searched \u00271\u0027 times","damage_taken":0,"relics_obtained":["Blue Candle"],"max_hp_gain":0,"max_hp_loss":0,"event_name":"Dead Adventurer","floor":11,"gold_loss":0}],"is_beta":false,"boss_relics":[],"items_purged_floors":[],"is_endless":false,"potions_floor_spawned":[3,7,13,14],"killed_by":"Hexaghost","ascension_level":10}}