{"host":"61r95uy0hn86b9iu","time":1613615303,"event":{"mods":["AchievementEnabler","BaseMod","Better Vampires","BetterRewards","Colored Powertips","Hubris","Minty Spire (QoL Compilation)","Shop Mod","StSLib"],"gold_per_floor":[118,131,131,143,143,143,143,171,171,171,188,188,188,138,138,215,215,192,205,43,57,57,57,91,91,91,91,106,125,43,60,60,131,131,150,150,170,170,170],"floor_reached":38,"language":"ENG","playtime":2572,"items_purged":["Strike_B"],"score":1065,"play_id":"85e03d1e-1c24-4ca1-bec3-37ae2f73f11b","local_time":"20210217202823","is_ascension_mode":true,"campfire_choices":[{"floor":6.0,"key":"REST"},{"floor":10.0,"key":"REST"},{"floor":15.0,"key":"REST"},{"floor":23,"key":"REST"},{"floor":27,"key":"RECALL"},{"floor":32,"key":"REST"}],"circlet_count":0,"master_deck":["AscendersBane","Strike_B","Defend_B","Defend_B","Defend_B","Defend_B","Zap","Dualcast","Apotheosis+1","Defragment","Glacier","Core Surge","Redo","Leap","Capacitor","Sweeping Beam","Echo Form","Streamline+1","Conserve Battery","Sunder","Consume","BootSequence","Amplify","Fission","Static Discharge","Double Energy"],"relics":["Cracked Core","MealTicket","Regal Pillow","MerchantsRug","hubris:Towel","hubris:TinFlute","Incense Burner","hubris:TenFootPole","SacredBark","Peace Pipe","Meat on the Bone","Runic Capacitor","hubris:Backtick","TungstenRod"],"acts_visited":["Exordium","TheCity","TheBeyond"],"potions_floor_usage":[24,28,33],"damage_taken":[{"damage":0.0,"enemies":"Cultist","floor":1.0,"turns":3.0},{"damage":4.0,"enemies":"Small Slimes","floor":2.0,"turns":3.0},{"damage":8.0,"enemies":"2 Louse","floor":4.0,"turns":2.0},{"damage":19.0,"enemies":"Gremlin Nob","floor":8.0,"turns":4.0},{"damage":5.0,"enemies":"Blue Slaver","floor":11.0,"turns":3.0},{"damage":17.0,"enemies":"Exordium Thugs","floor":14.0,"turns":5.0},{"damage":24.0,"enemies":"The Guardian","floor":16.0,"turns":11.0},{"damage":32.0,"enemies":"2 Thieves","floor":18.0,"turns":5.0},{"damage":18.0,"enemies":"Chosen","floor":19.0,"turns":6.0},{"damage":32.0,"enemies":"Shelled Parasite and Fungi","floor":21.0,"turns":9.0},{"damage":17,"enemies":"Gremlin Leader","floor":24,"turns":8},{"damage":41,"enemies":"Chosen and Byrds","floor":28,"turns":5},{"damage":13,"enemies":"Snake Plant","floor":29,"turns":6},{"damage":22,"enemies":"Centurion and Healer","floor":31,"turns":5},{"damage":51,"enemies":"hubris:MusketHawk","floor":33,"turns":11},{"damage":39,"enemies":"3 Darklings","floor":35,"turns":6},{"damage":17,"enemies":"Orb Walker","floor":37,"turns":6},{"damage":36,"enemies":"Sphere and 2 Shapes","floor":38,"turns":3}],"seed_played":"7838446706683083099","potions_obtained":[{"floor":1.0,"key":"AttackPotion"},{"floor":2.0,"key":"PowerPotion"},{"floor":16.0,"key":"GamblersBrew"},{"floor":21.0,"key":"DistilledChaos"},{"floor":24,"key":"EssenceOfSteel"},{"floor":33,"key":"SteroidPotion"}],"is_trial":false,"path_per_floor":["M","M","?","M","?","R","T","E","T","R","M","?","?","M","R","B",null,"M","M","$","M","?","R","E","?","T","R","M","M","$","M","R","B",null,"M","?","M","M"],"character_chosen":"DEFECT","items_purchased":["MealTicket","Apotheosis","Regal Pillow","Defragment","Glacier","Core Surge","MerchantsRug","Redo","Regen Potion","Sunder","Runic Capacitor"],"campfire_rested":5,"item_purchase_floors":[0,0,0,0,0,0,0,0,20,20,30],"current_hp_per_floor":[22,18,18,10,10,46,46,27,27,63,58,63,28,11,48,24,63,31,13,28,35,35,72,55,55,55,55,45,44,59,49,76,37,66,39,39,34,0,0],"gold":170,"neow_bonus":"","is_daily":false,"chose_seed":false,"campfire_upgraded":0,"win_rate":0.0,"timestamp":1613615303,"path_taken":["M","?","?","M","?","R","?","E","T","R","?","?","?","M","R","BOSS","M","M","$","M","?","R","E","?","T","R","M","M","$","?","R","BOSS","M","?","M","M"],"items_purchased_type":["Relic","Card","Relic","Card","Card","Card","Relic","Card","Potion","Card","Relic"],"build_version":"2020-12-22","purchased_purges":1,"victory":false,"max_hp_per_floor":[71,71,71,71,71,71,71,71,71,71,71,76,76,76,76,76,76,76,76,76,76,76,76,76,76,76,76,76,76,76,76,76,76,76,76,76,76,76,76],"card_choices":[{"not_picked":["Barrage","Ball Lightning","Steam Power"],"picked":"SKIP","floor":1.0},{"not_picked":["Reprogram","Ball Lightning","Stack"],"picked":"SKIP","floor":2.0},{"not_picked":["Rip and Tear","Beam Cell","Go for the Eyes"],"picked":"SKIP","floor":4.0},{"not_picked":["Fusion","Rebound"],"picked":"Leap","floor":8.0},{"not_picked":["Hologram","Sweeping Beam"],"picked":"Capacitor","floor":11.0},{"not_picked":["Barrage","Coolheaded"],"picked":"Sweeping Beam","floor":14.0},{"not_picked":["Buffer","Biased Cognition"],"picked":"Echo Form","floor":16.0},{"not_picked":["Hologram","Cold Snap"],"picked":"Streamline+1","floor":18.0},{"not_picked":["Blizzard","Gash"],"picked":"Conserve Battery","floor":19.0},{"not_picked":["Go for the Eyes","Turbo+1"],"picked":"Consume","floor":21.0},{"not_picked":["Streamline+1","Ball Lightning"],"picked":"Fission","floor":24},{"not_picked":["Blizzard","Steam","Redo+1"],"picked":"SKIP","floor":28},{"not_picked":["Redo","Hologram+1","Streamline"],"picked":"SKIP","floor":29},{"not_picked":["Cold Snap+1","Compile Driver+1","Hyperbeam"],"picked":"SKIP","floor":31},{"not_picked":["Steam","Glacier+1"],"picked":"Double Energy","floor":35},{"not_picked":["Steam","Redo+1","Rebound"],"picked":"SKIP","floor":37}],"player_experience":3367113,"relics_obtained":[{"floor":7.0,"key":"hubris:TinFlute"},{"floor":8.0,"key":"Potion Belt"},{"floor":9.0,"key":"Incense Burner"},{"floor":24,"key":"Peace Pipe"},{"floor":26,"key":"Meat on the Bone"}],"event_choices":[{"damage_healed":0.0,"max_hp_gain":0.0,"max_hp_loss":0.0,"gold_gain":0.0,"event_name":"Living Wall","player_choice":"Grow","floor":3.0,"gold_loss":0.0,"damage_taken":0.0,"cards_upgraded":["Apotheosis"]},{"damage_healed":0.0,"max_hp_gain":5.0,"max_hp_loss":0.0,"gold_gain":0.0,"event_name":"Big Fish","player_choice":"Donut","floor":12.0,"gold_loss":0.0,"damage_taken":0.0},{"damage_healed":0.0,"max_hp_gain":0.0,"max_hp_loss":0.0,"gold_gain":0.0,"event_name":"Scrap Ooze","player_choice":"Success","floor":13.0,"gold_loss":0.0,"damage_taken":35.0,"relics_obtained":["hubris:TenFootPole"]},{"damage_healed":0.0,"max_hp_gain":0.0,"max_hp_loss":0.0,"gold_gain":0.0,"cards_transformed":["Strike_B","Strike_B"],"event_name":"Drug Dealer","player_choice":"Became Test Subject","floor":22.0,"gold_loss":0.0,"damage_taken":0.0,"cards_obtained":["BootSequence","Amplify"]},{"damage_healed":0,"gold_gain":0,"player_choice":"Read","damage_taken":0,"max_hp_gain":0,"max_hp_loss":0,"event_name":"The Library","floor":25,"gold_loss":0,"cards_obtained":["Static Discharge"]},{"damage_healed":0,"gold_gain":0,"player_choice":"Ignored","damage_taken":0,"max_hp_gain":0,"max_hp_loss":0,"event_name":"Tomb of Lord Red Mask","floor":36,"gold_loss":0}],"is_beta":false,"boss_relics":[{"not_picked":["Busted Crown","FrozenCore"],"picked":"SacredBark"},{"not_picked":["hubris:HollowSoul","Philosopher\u0027s Stone"],"picked":"hubris:Backtick"}],"items_purged_floors":[0],"is_endless":false,"potions_floor_spawned":[1,2,16,21,24,33],"killed_by":"Sphere and 2 Shapes","ascension_level":19}}