{"host":"188x3om7sf6mgxv1","time":1613665429,"event":{"mods":["BaseMod","Block Reminder","Jorbs\u0027s Wanderer Trilogy","Minty Spire (QoL Compilation)","Relic Stats","StSLib"],"gold_per_floor":[113,123,140,159,177,177,210,210,261,303,377,12,12,46,46,157,157,168,189,104,203,203,244,253,287,287,316,316,339,392,408,408,521,602,626,6,27,27,27,67,102,132,185,202,237,237,237,257,257,257,257,257,10,47,47],"floor_reached":56,"language":"ENG","playtime":2794,"items_purged":["Offering","Clash"],"score":1739,"play_id":"9146b9ed-bcd1-454d-800f-38de907c1d84","local_time":"20210218112349","is_ascension_mode":true,"campfire_choices":[{"data":"Bash","floor":6.0,"key":"SMITH"},{"data":"True Grit","floor":13.0,"key":"SMITH"},{"data":"Anger","floor":15.0,"key":"SMITH"},{"floor":28.0,"key":"REST"},{"data":"J.A.X.","floor":32.0,"key":"SMITH"},{"floor":47.0,"key":"RECALL"},{"data":"Whirlwind","floor":49.0,"key":"SMITH"},{"data":"Dual Wield","floor":52.0,"key":"SMITH"}],"circlet_count":0,"master_deck":["Bash+1","CurseOfTheBell","Twin Strike","Clothesline","Armaments","Metallicize","Anger+1","True Grit+1","Offering","Impervious","Disarm","J.A.X.+1","Reaper","Blood for Blood","Sword Boomerang+1","Exhume","Feel No Pain","True Grit","Spot Weakness","Feel No Pain","Juggernaut","Infernal Blade","Offering","Whirlwind+1","Sword Boomerang+1","Burning Pact+1","Double Tap","Whirlwind+1","Uppercut+1","Dual Wield+1","Reaper","Fiend Fire"],"relics":["Calling Bell","Orichalcum","Shuriken","TungstenRod","Sundial","Eternal Feather","CeramicFish","Omamori","Thread and Needle","Prayer Wheel","Snecko Eye","Paper Frog","CultistMask","Juzu Bracelet","Happy Flower","InkBottle","Pandora\u0027s Box","Kunai","Chemical X","Bag of Preparation","Blood Vial","Akabeko","Turnip","DollysMirror","Nunchaku"],"acts_visited":["Exordium","TheCity","TheBeyond","TheEnding"],"potions_floor_usage":[55,55],"damage_taken":[{"damage":0.0,"enemies":"Cultist","floor":1.0,"turns":3.0},{"damage":5.0,"enemies":"Small Slimes","floor":2.0,"turns":3.0},{"damage":0.0,"enemies":"2 Louse","floor":3.0,"turns":3.0},{"damage":6.0,"enemies":"Large Slime","floor":4.0,"turns":5.0},{"damage":4.0,"enemies":"2 Fungi Beasts","floor":5.0,"turns":4.0},{"damage":21.0,"enemies":"3 Sentries","floor":7.0,"turns":11.0},{"damage":21.0,"enemies":"Lagavulin","floor":10.0,"turns":5.0},{"damage":5.0,"enemies":"3 Sentries","floor":14.0,"turns":6.0},{"damage":9.0,"enemies":"Slime Boss","floor":16.0,"turns":7.0},{"damage":11.0,"enemies":"Shell Parasite","floor":18.0,"turns":3.0},{"damage":5.0,"enemies":"Chosen","floor":19.0,"turns":4.0},{"damage":15.0,"enemies":"Book of Stabbing","floor":23.0,"turns":5.0},{"damage":14.0,"enemies":"Gremlin Leader","floor":25.0,"turns":9.0},{"damage":16.0,"enemies":"3 Cultists","floor":27.0,"turns":6.0},{"damage":19.0,"enemies":"Shelled Parasite and Fungi","floor":29.0,"turns":5.0},{"damage":5.0,"enemies":"Snecko","floor":31.0,"turns":3.0},{"damage":60.0,"enemies":"Automaton","floor":33.0,"turns":8.0},{"damage":7.0,"enemies":"Orb Walker","floor":35.0,"turns":2.0},{"damage":16.0,"enemies":"3 Darklings","floor":37.0,"turns":2.0},{"damage":17.0,"enemies":"Giant Head","floor":40.0,"turns":5.0},{"damage":12.0,"enemies":"Spire Growth","floor":41.0,"turns":2.0},{"damage":29.0,"enemies":"Sphere and 2 Shapes","floor":42.0,"turns":6.0},{"damage":2.0,"enemies":"3 Darklings","floor":44.0,"turns":1.0},{"damage":38.0,"enemies":"Nemesis","floor":45.0,"turns":7.0},{"damage":14.0,"enemies":"Transient","floor":48.0,"turns":5.0},{"damage":81.0,"enemies":"Time Eater","floor":50.0,"turns":9.0},{"damage":90.0,"enemies":"Shield and Spear","floor":54.0,"turns":9.0},{"damage":56,"enemies":"The Heart","floor":55,"turns":7}],"seed_played":"-7422422860541551252","potions_obtained":[{"floor":3.0,"key":"Regen Potion"},{"floor":5.0,"key":"PowerPotion"},{"floor":10.0,"key":"BlessingOfTheForge"},{"floor":14.0,"key":"SteroidPotion"},{"floor":18.0,"key":"SkillPotion"},{"floor":19.0,"key":"Fire Potion"},{"floor":27.0,"key":"Energy Potion"},{"floor":31.0,"key":"Explosive Potion"},{"floor":37.0,"key":"FearPotion"},{"floor":42.0,"key":"AttackPotion"},{"floor":45.0,"key":"Block Potion"}],"is_trial":false,"path_per_floor":["M","M","M","M","M","R","E","?","T","E","?","$","R","E","R","B",null,"M","M","?","?","?","E","?","E","T","M","R","M","T","M","R","B",null,"M","$","M","?","?","E","M","M","T","M","E","?","R","M","R","B",null,"R","$","E","B",null],"character_chosen":"IRONCLAD","items_purchased":["Anger","Thread and Needle","True Grit","Kunai","Chemical X","Bag of Preparation","DollysMirror"],"campfire_rested":1,"item_purchase_floors":[12,12,12,36,36,36,53],"current_hp_per_floor":[72,67,67,61,57,57,51,49,49,28,28,28,37,32,41,32,68,57,52,52,52,52,37,37,23,23,7,43,31,31,36,51,17,64,76,76,80,76,76,71,76,76,76,74,38,29,47,73,76,10,60,76,76,32,76],"gold":47,"neow_bonus":"BOSS_RELIC","is_daily":false,"chose_seed":false,"campfire_upgraded":6,"win_rate":0.0,"timestamp":1613665429,"path_taken":["M","?","M","M","M","R","E","?","T","E","?","$","R","E","R","BOSS","M","M","?","?","?","E","?","E","T","M","R","M","?","M","R","BOSS","M","$","M","?","?","E","M","M","T","M","E","?","R","M","R","BOSS","R","$","E","BOSS"],"items_purchased_type":["Card","Relic","Card","Relic","Relic","Relic","Relic"],"build_version":"2020-12-22","purchased_purges":2,"victory":true,"max_hp_per_floor":[80,80,80,80,80,80,80,80,80,80,80,80,80,80,80,80,80,80,80,80,80,80,80,80,80,80,80,80,80,80,80,80,80,80,80,80,80,76,76,76,76,76,76,76,76,76,76,76,76,76,76,76,76,76,76],"relic_stats":{"Happy Flower":[25],"counters":[28,145],"CeramicFish":261,"Eternal Feather":82,"Juzu Bracelet":1,"Bag of Preparation":[20],"Orichalcum":[426],"Blood Vial":8,"Nunchaku":[2],"Shuriken":[52],"Sundial":[18],"Snecko Eye":[193,186,193,183],"Prayer Wheel":11,"Pandora\u0027s Box":["Feel No Pain","True Grit","Spot Weakness","Feel No Pain","Clash","Juggernaut","Dropkick","Infernal Blade","Offering"],"Turnip":[2],"Kunai":[19],"Chemical X":[26],"obtain_stats":[{"CeramicFish":9,"Juzu Bracelet":23,"Bag of Preparation":36,"Burning Blood":0,"Blood Vial":40,"Nunchaku":54,"Sundial":7,"DollysMirror":53,"Prayer Wheel":14,"Kunai":36,"Chemical X":36,"InkBottle":26,"Paper Frog":20,"Happy Flower":25,"Eternal Feather":8,"Thread and Needle":12,"Omamori":10,"Orichalcum":0,"Akabeko":43,"Calling Bell":0,"Shuriken":0,"Snecko Eye":17,"Pandora\u0027s Box":34,"CultistMask":22,"Turnip":45,"TungstenRod":0},{"CeramicFish":6,"Juzu Bracelet":12,"Bag of Preparation":18,"Burning Blood":0,"Blood Vial":20,"Nunchaku":27,"Sundial":6,"DollysMirror":26,"Prayer Wheel":8,"Kunai":18,"Chemical X":18,"InkBottle":13,"Paper Frog":11,"Happy Flower":13,"Eternal Feather":6,"Thread and Needle":7,"Omamori":7,"Orichalcum":0,"Akabeko":22,"Calling Bell":0,"Shuriken":0,"Snecko Eye":9,"Pandora\u0027s Box":17,"CultistMask":11,"Turnip":24,"TungstenRod":0},{"CeramicFish":29,"Juzu Bracelet":59,"Bag of Preparation":92,"Burning Blood":0,"Blood Vial":99,"Nunchaku":138,"Sundial":29,"DollysMirror":129,"Prayer Wheel":40,"Kunai":92,"Chemical X":92,"InkBottle":68,"Paper Frog":54,"Happy Flower":68,"Eternal Feather":29,"Thread and Needle":34,"Omamori":34,"Orichalcum":0,"Akabeko":107,"Calling Bell":0,"Shuriken":0,"Snecko Eye":47,"Pandora\u0027s Box":90,"CultistMask":54,"Turnip":115,"TungstenRod":0}],"TungstenRod":150,"InkBottle":[31]},"card_choices":[{"not_picked":["Wild Strike","Flex"],"picked":"Twin Strike","floor":1.0},{"not_picked":["Warcry","Pummel"],"picked":"Clothesline","floor":2.0},{"not_picked":["Twin Strike","Intimidate","Heavy Blade"],"picked":"SKIP","floor":3.0},{"not_picked":["Wild Strike","Cleave"],"picked":"Armaments","floor":4.0},{"not_picked":["Entrench","Havoc","Flex"],"picked":"SKIP","floor":5.0},{"not_picked":["Perfected Strike","Battle Trance"],"picked":"Offering","floor":7.0},{"not_picked":["Cleave","Perfected Strike"],"picked":"Metallicize","floor":10.0},{"not_picked":["Headbutt","Thunderclap","Armaments"],"picked":"SKIP","floor":14.0},{"not_picked":["Barricade","Fiend Fire"],"picked":"Offering","floor":16.0},{"not_picked":["Headbutt","Armaments","Clash"],"picked":"SKIP","floor":18.0},{"not_picked":["Havoc+1","Warcry+1","Rampage"],"picked":"SKIP","floor":18.0},{"not_picked":["Seeing Red","Heavy Blade"],"picked":"Impervious","floor":19.0},{"not_picked":["Thunderclap","Headbutt+1","Pommel Strike"],"picked":"SKIP","floor":19.0},{"not_picked":["Rupture","Sentinel"],"picked":"Disarm","floor":23.0},{"not_picked":["Iron Wave","Wild Strike+1","Armaments"],"picked":"SKIP","floor":25.0},{"not_picked":["Uppercut","Armaments"],"picked":"Reaper","floor":27.0},{"not_picked":["Hemokinesis","Armaments"],"picked":"Blood for Blood","floor":27.0},{"not_picked":["True Grit","Reckless Charge"],"picked":"Sword Boomerang+1","floor":29.0},{"not_picked":["Anger","Pommel Strike","Flex"],"picked":"SKIP","floor":29.0},{"not_picked":["Body Slam","Wild Strike+1","Thunderclap"],"picked":"SKIP","floor":31.0},{"not_picked":["Iron Wave","Power Through","Body Slam"],"picked":"SKIP","floor":31.0},{"not_picked":["Feed","Brutality"],"picked":"Exhume","floor":33.0},{"not_picked":["Headbutt+1","Hemokinesis+1"],"picked":"Whirlwind","floor":35.0},{"not_picked":["Whirlwind","Anger","Twin Strike"],"picked":"SKIP","floor":35.0},{"not_picked":["Blood for Blood","Twin Strike"],"picked":"Sword Boomerang+1","floor":37.0},{"not_picked":["Warcry","Second Wind","Clash+1"],"picked":"SKIP","floor":37.0},{"not_picked":["Anger","Perfected Strike"],"picked":"Burning Pact+1","floor":40.0},{"not_picked":["Sever Soul","Inflame+1"],"picked":"Double Tap","floor":41.0},{"not_picked":["Whirlwind+1","Body Slam","Inflame+1"],"picked":"SKIP","floor":41.0},{"not_picked":["Body Slam","Inflame+1"],"picked":"Whirlwind+1","floor":41.0},{"not_picked":["Rupture","Havoc+1"],"picked":"Uppercut+1","floor":42.0},{"not_picked":["Inflame+1","Rupture+1"],"picked":"Dual Wield","floor":42.0},{"not_picked":["Armaments","Body Slam+1","Dark Embrace+1"],"picked":"SKIP","floor":44.0},{"not_picked":["Clothesline","Cleave+1","Thunderclap"],"picked":"SKIP","floor":44.0},{"not_picked":["Armaments","Body Slam+1","Iron Wave"],"picked":"SKIP","floor":45.0},{"not_picked":["Wild Strike+1","Pommel Strike","Fire Breathing"],"picked":"SKIP","floor":48.0},{"not_picked":["Thunderclap","Warcry+1","Clothesline+1"],"picked":"SKIP","floor":48.0},{"not_picked":["Evolve+1","Clash+1"],"picked":"Fiend Fire","floor":54.0}],"player_experience":96815,"relics_obtained":[{"floor":0.0,"key":"Orichalcum"},{"floor":0.0,"key":"Shuriken"},{"floor":0.0,"key":"TungstenRod"},{"floor":7.0,"key":"Sundial"},{"floor":9.0,"key":"CeramicFish"},{"floor":10.0,"key":"Omamori"},{"floor":14.0,"key":"Prayer Wheel"},{"floor":23.0,"key":"Juzu Bracelet"},{"floor":25.0,"key":"Happy Flower"},{"floor":26.0,"key":"InkBottle"},{"floor":40.0,"key":"Blood Vial"},{"floor":43.0,"key":"Akabeko"},{"floor":45.0,"key":"Turnip"},{"floor":54.0,"key":"Nunchaku"}],"event_choices":[{"damage_healed":0.0,"max_hp_gain":0.0,"max_hp_loss":0.0,"gold_gain":0.0,"event_name":"Scrap Ooze","player_choice":"Success","floor":8.0,"gold_loss":0.0,"damage_taken":3.0,"relics_obtained":["Eternal Feather"]},{"damage_healed":0.0,"max_hp_gain":0.0,"max_hp_loss":0.0,"gold_gain":74.0,"event_name":"Golden Wing","player_choice":"Gained Gold","floor":11.0,"gold_loss":0.0,"damage_taken":0.0},{"damage_healed":0.0,"max_hp_gain":0.0,"max_hp_loss":0.0,"gold_gain":0.0,"event_name":"Addict","player_choice":"Obtained Relic","floor":20.0,"gold_loss":85.0,"damage_taken":0.0,"relics_obtained":["Paper Frog"]},{"damage_healed":0.0,"max_hp_gain":0.0,"max_hp_loss":0.0,"gold_gain":99.0,"event_name":"Nest","player_choice":"Stole From Cult","floor":21.0,"gold_loss":0.0,"damage_taken":0.0},{"damage_healed":0.0,"max_hp_gain":0.0,"max_hp_loss":0.0,"gold_gain":0.0,"event_name":"FaceTrader","player_choice":"Trade","floor":22.0,"gold_loss":0.0,"damage_taken":0.0,"relics_obtained":["CultistMask"]},{"damage_healed":0.0,"max_hp_gain":0.0,"max_hp_loss":0.0,"gold_gain":0.0,"event_name":"Drug Dealer","player_choice":"Obtain J.A.X.","floor":24.0,"gold_loss":0.0,"damage_taken":0.0,"cards_obtained":["J.A.X."]},{"damage_healed":0.0,"max_hp_gain":0.0,"max_hp_loss":4.0,"gold_gain":0.0,"event_name":"Winding Halls","player_choice":"Max HP","floor":38.0,"gold_loss":0.0,"damage_taken":0.0},{"cards_removed":["Dropkick"],"damage_healed":0.0,"max_hp_gain":0.0,"max_hp_loss":0.0,"gold_gain":0.0,"event_name":"Falling","player_choice":"Removed Attack","floor":39.0,"gold_loss":0.0,"damage_taken":0.0},{"damage_healed":0.0,"max_hp_gain":0.0,"max_hp_loss":0.0,"gold_gain":0.0,"event_name":"SensoryStone","player_choice":"Memory 3","floor":46.0,"gold_loss":0.0,"damage_taken":10.0}],"is_beta":false,"boss_relics":[{"not_picked":["SacredBark","Fusion Hammer"],"picked":"Snecko Eye"},{"not_picked":["Runic Dome","Runic Pyramid"],"picked":"Pandora\u0027s Box"}],"items_purged_floors":[36,53],"is_endless":false,"potions_floor_spawned":[3,5,10,14,18,19,27,31,37,42,45],"ascension_level":8}}