{"host":"ij6v9c62x5hkpuac","time":1613660719,"event":{"mods":["BaseMod","BetterRewards","Minty Spire (QoL Compilation)","Permanent Neow","Prisma Mod","Shop Mod","StSLib","Td1madao Mod","The Animator","The Servant 0.9.4","Yuri Mod"],"gold_per_floor":[359,69,83,102,102,102,128,140,179,205,227,270,302,348,360,470,482,509,535,547,573,635,681,709,755,767,779,822,142,142,161,161,259,259,279,299,95,317,367,397,397,430,483,483,167,201,218,228,228,228,228,228,161,190,190],"floor_reached":56,"language":"ENG","playtime":3052,"items_purged":["Writhe","Clumsy","Strike_S","Strike_S"],"score":2212,"play_id":"9067c98b-fdb0-46d2-9120-2b6ae36e8e36","local_time":"20210218230519","is_ascension_mode":true,"campfire_choices":[{"data":"KidneyShot","floor":6,"key":"SMITH"},{"data":"InstantArmor","floor":8,"key":"SMITH"},{"data":"Luminosity","floor":15,"key":"SMITH"},{"data":"SoulSculpture","floor":27,"key":"SMITH"},{"floor":32,"key":"REST"},{"data":"Apotheosis","floor":41,"key":"SMITH"},{"floor":44,"key":"RECALL"},{"data":"Strike_S","floor":49,"key":"PURGE"},{"data":"Strike_S","floor":52,"key":"PURGE"}],"circlet_count":0,"master_deck":["AscendersBane","Defend_S","Defend_S","Defend_S","Defend_S","KidneyShot+1","Exchange","Rearm","Sabotage","InstantArmor+1","FastForward","Orbit","Luminosity+1","Orbit","Hightail","SoulSculpture+1","Rearm","Rearm","ShiftingGears+1","Apotheosis+1","Misdirection","FlawlessForm","Desolation","SurpressingFire","Sunlight","SurpressingFire","SurpressingFire","DoubleEdge+1"],"relics":["Uniform","Happy Flower","MawBank","Anchor","Gremlin Horn","Mercury Hourglass","Cursed Key","Strawberry","Red Mask","Smiling Mask","Akabeko","Dead Branch","Snecko Eye","Omamori","Peace Pipe","Question Card","Ginger","Lantern","Pan","Juzu Bracelet","Bag of Marbles"],"acts_visited":["Exordium","TheCity","TheBeyond","TheEnding"],"potions_floor_usage":[7,11,25,55,55,55],"damage_taken":[{"damage":0,"enemies":"2 Louse","floor":1,"turns":3},{"damage":0,"enemies":"Cultist","floor":3,"turns":4},{"damage":1,"enemies":"Small Slimes","floor":4,"turns":4},{"damage":13,"enemies":"Gremlin Nob","floor":7,"turns":4},{"damage":0,"enemies":"Gremlin Gang","floor":10,"turns":5},{"damage":0,"enemies":"3 Louse","floor":11,"turns":2},{"damage":3,"enemies":"Lagavulin","floor":12,"turns":8},{"damage":0,"enemies":"Blue Slaver","floor":13,"turns":3},{"damage":0,"enemies":"3 Sentries","floor":14,"turns":5},{"damage":21,"enemies":"Slime Boss","floor":16,"turns":11},{"damage":0,"enemies":"3 Byrds","floor":18,"turns":3},{"damage":12,"enemies":"2 Thieves","floor":19,"turns":4},{"damage":0,"enemies":"Snake Plant","floor":21,"turns":6},{"damage":13,"enemies":"Book of Stabbing","floor":23,"turns":6},{"damage":0,"enemies":"Sentry and Sphere","floor":24,"turns":4},{"damage":0,"enemies":"Masked Bandits","floor":25,"turns":2},{"damage":0,"enemies":"Gremlin Leader","floor":28,"turns":6},{"damage":0,"enemies":"Cultist and Chosen","floor":31,"turns":2},{"damage":0,"enemies":"Champ","floor":33,"turns":12},{"damage":0,"enemies":"3 Shapes","floor":35,"turns":1},{"damage":0,"enemies":"Orb Walker","floor":36,"turns":3},{"damage":0,"enemies":"Mind Bloom Boss Battle","floor":39,"turns":5},{"damage":12,"enemies":"Nemesis","floor":40,"turns":7},{"damage":0,"enemies":"Giant Head","floor":42,"turns":6},{"damage":0,"enemies":"Nemesis","floor":46,"turns":5},{"damage":0,"enemies":"Maw","floor":47,"turns":4},{"damage":0,"enemies":"Transient","floor":48,"turns":5},{"damage":0,"enemies":"Donu and Deca","floor":50,"turns":8},{"damage":0,"enemies":"Shield and Spear","floor":54,"turns":3},{"damage":43,"enemies":"The Heart","floor":55,"turns":9}],"seed_played":"1232656963510959031","potions_obtained":[{"floor":4,"key":"Fire Potion"},{"floor":10,"key":"Swift Potion"},{"floor":11,"key":"DistilledChaos"},{"floor":16,"key":"Energy Potion"},{"floor":23,"key":"EntropicBrew"},{"floor":25,"key":"ColorlessPotion"},{"floor":40,"key":"AttackPotion"}],"is_trial":false,"path_per_floor":["M","$","M","M","?","R","E","R","T","M","M","E","M","E","R","B",null,"M","M","$","M","?","E","M","?","T","R","E","$","?","M","R","B",null,"M","M","$","?","?","E","R","E","T","R","$","E","M","M","R","B",null,"R","$","E","B",null],"character_chosen":"THE_SERVANT","items_purchased":["Sabotage","InstantArmor","Fruit Juice","Apotheosis","Akabeko","Dead Branch","Omamori","Pan","Desolation","SurpressingFire","SurpressingFire"],"campfire_rested":1,"item_purchase_floors":[2,2,2,29,29,29,37,45,45,45,53],"current_hp_per_floor":[59,59,59,58,58,58,45,45,45,45,50,47,47,47,47,26,59,59,47,47,47,47,41,41,41,41,41,41,41,41,41,64,64,74,74,74,74,74,74,62,62,62,62,62,62,62,62,62,62,62,73,73,73,73,30],"gold":190,"neow_bonus":"TWO_FIFTY_GOLD","is_daily":false,"chose_seed":false,"campfire_upgraded":5,"win_rate":0.0,"timestamp":1613660719,"path_taken":["M","$","M","M","?","R","E","R","T","M","M","E","?","E","R","BOSS","M","M","$","M","?","E","?","?","T","R","E","$","?","M","R","BOSS","M","M","$","?","?","E","R","E","T","R","$","E","M","M","R","BOSS","R","$","E","BOSS"],"items_purchased_type":["Card","Card","Potion","Card","Relic","Relic","Relic","Relic","Card","Card","Card"],"build_version":"2020-12-22","purchased_purges":4,"victory":true,"max_hp_per_floor":[65,65,65,65,65,65,65,65,65,65,70,70,70,70,70,70,70,70,70,70,70,70,77,77,77,77,77,77,77,77,77,77,77,77,77,77,77,77,77,77,77,77,77,77,77,77,77,77,77,77,77,77,77,77,77],"card_choices":[{"not_picked":["Gouge","MoonPhase"],"picked":"Rearm","floor":1},{"not_picked":["DoubleEdge","Replace","Foresight"],"picked":"SKIP","floor":3},{"not_picked":["Read","Foresight"],"picked":"Alleviate","floor":4},{"not_picked":["ShatteredReality","Collapse"],"picked":"FastForward","floor":7},{"not_picked":["Defy","BottledTime"],"picked":"Orbit","floor":10},{"not_picked":["FastForward","TimeWarp","DualDimension"],"picked":"SKIP","floor":11},{"not_picked":["Snipe","InstantArmor"],"picked":"Luminosity","floor":12},{"not_picked":["BottledTime","ShiftingGears"],"picked":"Orbit","floor":13},{"not_picked":["Revamp","Foresight"],"picked":"Hightail","floor":14},{"not_picked":["FloweringNight","Solidify"],"picked":"SoulSculpture","floor":16},{"not_picked":["Spin","Revamp","ShatteredReality"],"picked":"SKIP","floor":18},{"not_picked":["Misdirection","WasteNot"],"picked":"Rearm","floor":19},{"not_picked":["TimeWarp","Collapse+1","Snipe"],"picked":"SKIP","floor":21},{"not_picked":["FastForward","Replace+1"],"picked":"Rearm","floor":23},{"not_picked":["Revamp","Spin+1","Rewind"],"picked":"SKIP","floor":24},{"not_picked":["Defy","FloweringNight"],"picked":"ShiftingGears+1","floor":28},{"not_picked":["BestPractice+1","SpecialFormula","Hightail+1"],"picked":"SKIP","floor":31},{"not_picked":["MurderousAura","Dilation"],"picked":"FlawlessForm","floor":33},{"not_picked":["Unruled","TimeTheft+1","ShatteredReality+1"],"picked":"SKIP","floor":35},{"not_picked":["ReturningBlade","Potential+1","Advance"],"picked":"SKIP","floor":36},{"not_picked":["Duplication","TimeWarp","Potential+1"],"picked":"SKIP","floor":40},{"not_picked":["Initiator","Snipe","Comet","FastForward+1"],"picked":"SKIP","floor":42},{"not_picked":["ShatteredReality","Replace","Defy+1"],"picked":"Sunlight","floor":46},{"not_picked":["Defy","ShiftingGears","Gouge"],"picked":"SurpressingFire","floor":47},{"not_picked":["Read","ShiftingGears","Defy+1","Snipe"],"picked":"SKIP","floor":48},{"not_picked":["RealityMarble","Ricochet","FastForward"],"picked":"DoubleEdge+1","floor":54}],"player_experience":676603,"relics_obtained":[{"floor":7,"key":"MawBank"},{"floor":9,"key":"Anchor"},{"floor":12,"key":"Gremlin Horn"},{"floor":14,"key":"Mercury Hourglass"},{"floor":23,"key":"Strawberry"},{"floor":25,"key":"Red Mask"},{"floor":28,"key":"Smiling Mask"},{"floor":39,"key":"Peace Pipe"},{"floor":40,"key":"Question Card"},{"floor":42,"key":"Ginger"},{"floor":43,"key":"Lantern"},{"floor":46,"key":"Juzu Bracelet"},{"floor":54,"key":"Bag of Marbles"}],"event_choices":[{"cards_removed":["Alleviate"],"damage_healed":0,"gold_gain":0,"player_choice":"Gave Card","damage_taken":0,"relics_obtained":["Happy Flower"],"max_hp_gain":0,"max_hp_loss":0,"event_name":"WeMeetAgain","floor":5,"gold_loss":0},{"damage_healed":0,"gold_gain":100,"player_choice":"Bet on Murderer","damage_taken":0,"max_hp_gain":0,"max_hp_loss":0,"event_name":"The Joust","floor":22,"gold_loss":50},{"damage_healed":0,"gold_gain":0,"player_choice":"Fought Bandits","damage_taken":0,"max_hp_gain":0,"max_hp_loss":0,"event_name":"Masked Bandits","floor":25,"gold_loss":0},{"damage_healed":0,"gold_gain":0,"player_choice":"Read","damage_taken":0,"max_hp_gain":0,"max_hp_loss":0,"event_name":"The Library","floor":30,"gold_loss":0,"cards_obtained":["Misdirection"]},{"damage_healed":0,"gold_gain":222,"player_choice":"Wore Mask","damage_taken":0,"max_hp_gain":0,"max_hp_loss":0,"event_name":"Tomb of Lord Red Mask","floor":38,"gold_loss":0},{"damage_healed":0,"gold_gain":0,"player_choice":"Fight","damage_taken":0,"max_hp_gain":0,"max_hp_loss":0,"event_name":"MindBloom","floor":39,"gold_loss":0}],"is_beta":false,"boss_relics":[{"not_picked":["Runic Pyramid","SacredBark"],"picked":"Cursed Key"},{"not_picked":["Tiny House","SlaversCollar"],"picked":"Snecko Eye"}],"items_purged_floors":[2,29,37,45],"is_endless":false,"potions_floor_spawned":[4,10,11,16,19,21,23,25,39,40,42,47],"ascension_level":12}}