{"host":"lxu17chzujqn8whl","time":1613669863,"event":{"mods":["BaseMod","Minty Spire (QoL Compilation)","Relic Stats","StSLib"],"gold_per_floor":[112,126,143,318,393,393,421,450,489,501,501],"floor_reached":10,"language":"ENG","playtime":321,"items_purged":[],"score":68,"play_id":"0c3e4cfa-e6b8-4bde-8259-94f10a47ef0a","local_time":"20210218093743","is_ascension_mode":false,"campfire_choices":[{"data":"Bash","floor":6.0,"key":"SMITH"}],"circlet_count":0,"master_deck":["Strike_R","Strike_R","Strike_R","Strike_R","Strike_R","Defend_R","Defend_R+1","Defend_R","Defend_R+1","Bash+1","Injury","Reaper","Cleave","Doubt","Rage","Cleave"],"relics":["Burning Blood","MawBank","War Paint"],"acts_visited":["Exordium"],"potions_floor_usage":[7,8],"damage_taken":[{"damage":0.0,"enemies":"2 Louse","floor":1.0,"turns":3.0},{"damage":5.0,"enemies":"Small Slimes","floor":2.0,"turns":4.0},{"damage":8.0,"enemies":"Jaw Worm","floor":3.0,"turns":3.0},{"damage":77,"enemies":"3 Sentries","floor":7,"turns":15},{"damage":0,"enemies":"3 Louse","floor":8,"turns":2},{"damage":26,"enemies":"Gremlin Nob","floor":10,"turns":3}],"seed_played":"-5358629112338548622","potions_obtained":[{"floor":2.0,"key":"DuplicationPotion"},{"floor":7,"key":"Explosive Potion"}],"is_trial":false,"path_per_floor":["M","M","M","?","?","R","E","M","T","E"],"character_chosen":"IRONCLAD","items_purchased":[],"campfire_rested":0,"item_purchase_floors":[],"current_hp_per_floor":[80,80,78,78,67,67,20,26,26,0,0],"gold":501,"neow_bonus":"THREE_RARE_CARDS","is_daily":false,"chose_seed":false,"campfire_upgraded":1,"win_rate":0.0,"timestamp":1613669863,"path_taken":["M","M","M","?","?","R","E","M","T","E"],"items_purchased_type":[],"build_version":"2020-12-22","purchased_purges":0,"victory":false,"max_hp_per_floor":[80,80,80,80,80,80,80,80,80,80,80],"relic_stats":{"counters":[6,30],"War Paint":["Defend_R","Defend_R"],"MawBank":36,"obtain_stats":[{"War Paint":9,"MawBank":7,"Burning Blood":0},{"War Paint":5,"MawBank":4,"Burning Blood":0},{"War Paint":27,"MawBank":25,"Burning Blood":0}],"Burning Blood":23},"card_choices":[{"not_picked":["Impervious","Juggernaut"],"picked":"Reaper","floor":0.0},{"not_picked":["Rampage","Infernal Blade","Warcry"],"picked":"SKIP","floor":1.0},{"not_picked":["Dual Wield","Flex","Clash"],"picked":"SKIP","floor":2.0},{"not_picked":["Shockwave","True Grit"],"picked":"Cleave","floor":3.0},{"not_picked":["Searing Blow","Shrug It Off"],"picked":"Rage","floor":7},{"not_picked":["Pommel Strike","True Grit"],"picked":"Cleave","floor":8}],"player_experience":702552,"relics_obtained":[{"floor":7,"key":"MawBank"},{"floor":9,"key":"War Paint"}],"event_choices":[{"damage_healed":0.0,"max_hp_gain":0.0,"max_hp_loss":0.0,"gold_gain":175.0,"event_name":"Liars Game","player_choice":"AGREE","floor":4.0,"gold_loss":0.0,"damage_taken":0.0,"cards_obtained":["Doubt"]},{"damage_healed":0.0,"max_hp_gain":0.0,"max_hp_loss":0.0,"gold_gain":75.0,"event_name":"World of Goop","player_choice":"Gather Gold","floor":5.0,"gold_loss":0.0,"damage_taken":11.0}],"is_beta":false,"boss_relics":[],"items_purged_floors":[],"is_endless":false,"potions_floor_spawned":[2,7],"killed_by":"Gremlin Nob","ascension_level":0}}