{"host":"dhk5e65fhht6ttq3","time":1613618241,"event":{"mods":["BaseMod","Lobotomy","LobotomyExtend","Minty Spire (QoL Compilation)","Replay The Spire","StSLib","[IsaacMod]ÒÔÈö¼âËþ"],"gold_per_floor":[109,124,124,139,158,158,168,185,233,252,269,284,299,113,113,210,210,229,241,95,95,106,118,118,118,197,197,215,215,215,215],"floor_reached":30,"language":"ZHS","playtime":2573,"items_purged":["Defend_G","Strike_G"],"score":380,"play_id":"b4c4c6f6-0aea-431f-88bc-30fae2d944e4","local_time":"20210218111721","is_ascension_mode":false,"campfire_choices":[{"data":"Adrenaline","floor":6.0,"key":"SMITH"},{"floor":15.0,"key":"DIG"},{"data":"Phantasmal Killer","floor":24.0,"key":"SMITH"},{"data":"Footwork","floor":27.0,"key":"SMITH"}],"circlet_count":0,"master_deck":["Strike_G","Strike_G+1","Strike_G","Strike_G+1","Defend_G","Defend_G","Defend_G+1","Defend_G","Survivor","Neutralize","Blade Dance","MeatLantern","ShyLook","Prepared+1","Funeral","Wellcheers","Blur","Acrobatics","WhitesApple","ReplayTheSpireMod:Scrap Shanks","Burst+1","LongBird","Replay:Bag of Tricks","CurseOfTheBell","Phantasmal Killer+1","Parasite","Parasite","LittleHelper","Footwork+1","Terror+1","QueenOfHatred","Parasite","Calculated Gamble+1","ReplayTheSpireMod:Scrap Shanks","Backflip+1"],"relics":["Ring of the Snake","HushsDoor","CogitoBucket","Damocles","Chameleon Ring","LetterFromLob","Matryoshka","Whetstone","Replay:Bottled Steam","Pet Ghost","Replay:Mystery Machine","Gremlin Food","Replay:Rubber Ducky","Ancient Tea Set","Happy Flower","Nunchaku","BlankCard","Bag of Marbles","Calling Bell","BookOfRevelations","DeadEye","Unceasing Top","GuppysCollar","Quantum Egg","Blood Vial","War Paint","Art of War","GuppysTail","ReplayTheSpireMod:Ninjato","Turnip"],"acts_visited":["Exordium","TheCity"],"potions_floor_usage":[28],"damage_taken":[{"damage":0.0,"enemies":"2 Louse","floor":1.0,"turns":3.0},{"damage":0.0,"enemies":"Jaw Worm","floor":2.0,"turns":6.0},{"damage":0.0,"enemies":"Cultist","floor":4.0,"turns":4.0},{"damage":0.0,"enemies":"3 Louse","floor":5.0,"turns":2.0},{"damage":0.0,"enemies":"Looter","floor":7.0,"turns":3.0},{"damage":0.0,"enemies":"Exordium Wildlife","floor":8.0,"turns":2.0},{"damage":0.0,"enemies":"Exordium Thugs","floor":10.0,"turns":4.0},{"damage":0.0,"enemies":"2 Fungi Beasts","floor":11.0,"turns":3.0},{"damage":0.0,"enemies":"Exordium Wildlife","floor":12.0,"turns":3.0},{"damage":0.0,"enemies":"Blue Slaver","floor":13.0,"turns":4.0},{"damage":0.0,"enemies":"The Guardian","floor":16.0,"turns":12.0},{"damage":17.0,"enemies":"Shell Parasite","floor":18.0,"turns":7.0},{"damage":0.0,"enemies":"Chosen","floor":19.0,"turns":3.0},{"damage":0.0,"enemies":"Centurion and Healer","floor":22.0,"turns":7.0},{"damage":0.0,"enemies":"Snecko","floor":23.0,"turns":5.0},{"damage":0,"enemies":"Cultist and Chosen","floor":28,"turns":4},{"damage":51,"enemies":"Gremlin Leader","floor":30,"turns":3}],"seed_played":"-1847145432854670474","potions_obtained":[{"floor":1.0,"key":"Weak Potion"},{"floor":2.0,"key":"Poison Potion"},{"floor":5.0,"key":"Block Potion"},{"floor":7.0,"key":"Toxic Potion"},{"floor":11.0,"key":"Ancient Potion"},{"floor":18.0,"key":"SteroidPotion"},{"floor":23.0,"key":"Poison Potion"}],"is_trial":false,"path_per_floor":["M","M","?","M","M","R","M","M","T","M","M","M","M","$","R","B",null,"M","M","$","?","M","M","R","?","T","R","M","?","E"],"character_chosen":"THE_SILENT","items_purchased":["Burst+1","GuppysCollar","Phantasmal Killer","Footwork","Terror"],"campfire_rested":0,"item_purchase_floors":[14,17,17,20,20],"current_hp_per_floor":[70,70,70,70,70,70,70,70,70,70,70,70,70,70,70,70,48,32,32,32,32,39,45,45,45,45,45,48,48,0,0],"gold":215,"neow_bonus":"","is_daily":false,"chose_seed":false,"campfire_upgraded":3,"win_rate":0.0,"timestamp":1613618241,"path_taken":["M","M","?","M","M","R","M","M","T","M","M","M","M","$","R","BOSS","M","M","$","?","M","M","R","?","T","R","M","?","E"],"items_purchased_type":["Card","Relic","Card","Card","Card"],"build_version":"2020-12-22","purchased_purges":2,"victory":false,"max_hp_per_floor":[70,70,70,70,70,70,70,70,70,70,70,70,70,70,70,70,48,48,48,48,48,48,48,48,48,48,48,48,48,48,48],"card_choices":[{"not_picked":["Deflect","Outmaneuver"],"picked":"ReplayTheSpireMod:Tripwire","floor":1.0},{"not_picked":["Acrobatics","Hidden Blade"],"picked":"Backstab","floor":2.0},{"not_picked":["Bane","Acrobatics"],"picked":"Blade Dance","floor":4.0},{"not_picked":["Murderer","Laetitia"],"picked":"MeatLantern","floor":5.0},{"not_picked":["Poisoned Stab","Riddle With Holes"],"picked":"Adrenaline","floor":5.0},{"not_picked":["WallGazer","Murderer"],"picked":"ShyLook","floor":7.0},{"not_picked":["Poisoned Stab","Predator"],"picked":"Prepared","floor":7.0},{"not_picked":["RedShoes","Variant"],"picked":"Funeral","floor":8.0},{"not_picked":["Quick Slash","Dagger Throw"],"picked":"Die Die Die","floor":8.0},{"not_picked":["CrumblingArmor","WallGazer"],"picked":"Wellcheers","floor":10.0},{"not_picked":["Deadly Poison","Sucker Punch"],"picked":"Blur","floor":10.0},{"not_picked":["Dagger Throw","Bouncing Flask"],"picked":"Acrobatics","floor":11.0},{"not_picked":["LittlePrince","Murderer","MHz"],"picked":"Singing Bowl","floor":11.0},{"not_picked":["VoidDream","Murderer"],"picked":"WhitesApple","floor":12.0},{"not_picked":["Calculated Gamble","Bouncing Flask","Flechettes"],"picked":"SKIP","floor":12.0},{"not_picked":["Calculated Gamble","Bouncing Flask","Flechettes"],"picked":"SKIP","floor":12.0},{"not_picked":["UniverseFragment","CrumblingArmor","SpiderBud"],"picked":"Singing Bowl","floor":13.0},{"not_picked":["Underhanded Strike","Blur"],"picked":"ReplayTheSpireMod:Scrap Shanks","floor":13.0},{"not_picked":["Yin","FieryBird"],"picked":"LongBird","floor":16.0},{"not_picked":["Wraith Form v2","Storm of Steel"],"picked":"Replay:Bag of Tricks","floor":16.0},{"not_picked":["Well Laid Plans","Acrobatics","Backflip+1"],"picked":"SKIP","floor":18.0},{"not_picked":["Well Laid Plans","Acrobatics","Backflip+1"],"picked":"SKIP","floor":18.0},{"not_picked":["LaLuna","OldLady"],"picked":"LittleHelper","floor":19.0},{"not_picked":["Prepared","Acrobatics+1","Heel Hook+1"],"picked":"SKIP","floor":19.0},{"not_picked":["Prepared","Acrobatics+1","Heel Hook+1"],"picked":"SKIP","floor":19.0},{"not_picked":["HeroicMonk","Rudolta"],"picked":"QueenOfHatred","floor":22.0},{"not_picked":["Backflip","Outmaneuver","Escape Plan+1"],"picked":"SKIP","floor":22.0},{"not_picked":["Backflip","Outmaneuver","Escape Plan+1"],"picked":"SKIP","floor":22.0},{"not_picked":["Prepared+1","Deflect"],"picked":"Calculated Gamble+1","floor":23.0},{"not_picked":["Sucker Punch","A Thousand Cuts"],"picked":"Backflip+1","floor":28}],"player_experience":979808,"relics_obtained":[{"floor":1.0,"key":"Chameleon Ring"},{"floor":1.0,"key":"LetterFromLob"},{"floor":2.0,"key":"Matryoshka"},{"floor":4.0,"key":"Whetstone"},{"floor":5.0,"key":"Replay:Bottled Steam"},{"floor":7.0,"key":"Pet Ghost"},{"floor":8.0,"key":"Replay:Mystery Machine"},{"floor":9.0,"key":"Gremlin Food"},{"floor":9.0,"key":"Replay:Rubber Ducky"},{"floor":10.0,"key":"Ancient Tea Set"},{"floor":11.0,"key":"Happy Flower"},{"floor":12.0,"key":"Nunchaku"},{"floor":13.0,"key":"BlankCard"},{"floor":15.0,"key":"Bag of Marbles"},{"floor":17.0,"key":"BookOfRevelations"},{"floor":17.0,"key":"DeadEye"},{"floor":17.0,"key":"Unceasing Top"},{"floor":18.0,"key":"Quantum Egg"},{"floor":19.0,"key":"Blood Vial"},{"floor":22.0,"key":"War Paint"},{"floor":23.0,"key":"Art of War"},{"floor":26.0,"key":"GuppysTail"},{"floor":26.0,"key":"ReplayTheSpireMod:Ninjato"},{"floor":28,"key":"Turnip"}],"event_choices":[{"damage_healed":0.0,"max_hp_gain":0.0,"max_hp_loss":0.0,"gold_gain":0.0,"event_name":"Vampires","player_choice":"Ignored","floor":21.0,"gold_loss":0.0,"damage_taken":0.0},{"damage_healed":0.0,"max_hp_gain":0.0,"max_hp_loss":0.0,"gold_gain":0.0,"event_name":"The Library","player_choice":"Read","floor":25.0,"gold_loss":0.0,"damage_taken":0.0,"cards_obtained":["ReplayTheSpireMod:Scrap Shanks"]}],"is_beta":false,"boss_relics":[{"not_picked":["Kintsugi","Snecko Eye"],"picked":"Calling Bell"},{"not_picked":[]}],"items_purged_floors":[14,17],"is_endless":false,"potions_floor_spawned":[1,2,5,7,11,18,23],"killed_by":"Gremlin Leader","ascension_level":0}}