{"host":"dslyow1zalefsrv0","time":1613621844,"event":{"mods":["2.2 Compatiblity","Act Like it!","BaseMod","Better Match","Better Sensory Stone","BetterRewards","Colored Powertips","Googly Eyes","Hallownest","Hermit","Jorbs\u0027s Wanderer Trilogy","Minty Spire (QoL Compilation)","Potionbrewer","Quick Restart","Rare Cards Sparkle","Replay The Spire","Shop Mod","StSLib","The Bladedancer","The Bug Knight","The Hierophant","The Necromancer","The Servant 0.9.4","The Wild Card"],"gold_per_floor":[117,155,40,64,64,64,121,46,46,91,137,177,177,177,177,232,232,232,232],"floor_reached":18,"language":"ENG","playtime":783,"items_purged":[],"score":193,"play_id":"2aa8cf1f-2ae2-458a-bc02-162176a017ef","local_time":"20210217221724","is_ascension_mode":false,"campfire_choices":[{"data":"hierophant:RustyCrate","floor":6,"key":"SMITH"},{"data":"hierophant:Batter","floor":13,"key":"SMITH"},{"data":"hierophant:Repentance","floor":17,"key":"SMITH"}],"circlet_count":0,"master_deck":["hierophant:Strike_Hierophant+1","hierophant:Strike_Hierophant+1","hierophant:Strike_Hierophant","hierophant:Strike_Hierophant","hierophant:Punish","hierophant:ChurchCoffers","hierophant:RustyCrate+1","hierophant:Doubloon","hierophant:Doubloon","hierophant:Encroach","Hallownest:skillLeafShield","Hallownest:skillLeafShield","Hallownest:skillLeafShield","Hallownest:skillLeafShield","Hallownest:skillLeafShield","hierophant:PassingBell","hierophant:Batter+1","hierophant:Zeal","hierophant:Repentance+1"],"relics":["hierophant:PropheticMaskRelic","NeowsBlessing","Odd Mushroom","Anchor","Whetstone","Hallownest:BankAccountRelic","Question Card","HollowMod:LifeEnderRelic"],"acts_visited":["Hallownest:Greenpath"],"potions_floor_usage":[11,16,18],"damage_taken":[{"damage":0,"enemies":"Hallownest:monsterHuskWarrior","floor":1,"turns":1},{"damage":0,"enemies":"Hallownest:2_Tiktiks_and_1_Crawlid","floor":2,"turns":1},{"damage":0,"enemies":"Hallownest:eliteMossKnight","floor":7,"turns":1},{"damage":0,"enemies":"2_ Uuma","floor":10,"turns":3},{"damage":4,"enemies":"Hallownest:Guard_and_Warrior","floor":11,"turns":5},{"damage":0,"enemies":"Hallownest:eliteVengeflyKing","floor":16,"turns":8},{"damage":71,"enemies":"Hallownest:BossHornet","floor":18,"turns":9}],"seed_played":"8977670510037200519","potions_obtained":[{"floor":2,"key":"Block Potion"},{"floor":10,"key":"LifebloodPotion"},{"floor":11,"key":"AttackPotion"}],"is_trial":false,"path_per_floor":["M","M","?","T","?","R","E","?","T","M","M","$","R","PTL","PTL","E","R","B"],"character_chosen":"HIEROPHANT","items_purchased":[],"campfire_rested":0,"item_purchase_floors":[],"current_hp_per_floor":[75,75,75,75,75,75,75,75,75,75,71,71,71,71,71,71,71,0,0],"gold":232,"neow_bonus":"THREE_ENEMY_KILL","is_daily":false,"chose_seed":false,"campfire_upgraded":3,"win_rate":0.0,"timestamp":1613621844,"path_taken":["M","M","?","?","?","R","E","?","T","M","M","$","R","PTL","PTL","E","R","BOSS"],"items_purchased_type":[],"build_version":"2020-12-22","purchased_purges":0,"victory":false,"max_hp_per_floor":[75,75,75,75,75,75,75,75,75,75,75,75,75,75,75,75,75,75,75],"card_choices":[{"not_picked":["hierophant:Shelter","hierophant:Racketeering"],"picked":"hierophant:RustyCrate","floor":1},{"not_picked":["hierophant:Rebuild","hierophant:Shelter"],"picked":"hierophant:Encroach","floor":2},{"not_picked":["hierophant:Exaltation","hierophant:SealAway"],"picked":"hierophant:PassingBell","floor":7},{"not_picked":["hierophant:Shelter","hierophant:ThreeLashes","hierophant:Racketeering"],"picked":"hierophant:Batter","floor":10},{"not_picked":["hierophant:HolyVerse","hierophant:ThreeLashes","hierophant:Upheaval"],"picked":"hierophant:Zeal","floor":11},{"not_picked":["hierophant:Remorse","hierophant:Determination","hierophant:ThreeLashes"],"picked":"hierophant:Repentance","floor":16}],"player_experience":106533,"relics_obtained":[{"floor":4,"key":"Anchor"},{"floor":7,"key":"Whetstone"},{"floor":9,"key":"Question Card"},{"floor":16,"key":"HollowMod:LifeEnderRelic"}],"event_choices":[],"is_beta":false,"boss_relics":[],"items_purged_floors":[],"is_endless":false,"potions_floor_spawned":[2,10,11],"killed_by":"Hallownest:BossHornet","ascension_level":0}}