{"host":"q8mjpf3krl0t4p3x","time":1613685361,"event":{"mods":["BaseMod","Colored Map","Colored Powertips","Googly Eyes","Minty Spire (QoL Compilation)","Quick Restart","StSLib","everything is the same but u backflip on backflip","slay the spire mod where everything is the same but ironclad has a cowboy hat"],"gold_per_floor":[114,114,33,33,52,52,63,4,55,55,90,101,101,115,115,189,189,208,208,53,67,80,80,80],"floor_reached":23,"language":"ENG","playtime":1150,"items_purged":["Decay"],"score":344,"play_id":"c48c060d-5212-483c-a8f1-cb19d0b5744f","local_time":"20210218135601","is_ascension_mode":true,"campfire_choices":[{"data":"Pommel Strike","floor":6.0,"key":"SMITH"},{"data":"Whirlwind","floor":10.0,"key":"SMITH"},{"data":"Cleave","floor":15.0,"key":"SMITH"}],"circlet_count":0,"master_deck":["AscendersBane","Strike_R","Strike_R","Strike_R","Strike_R","Strike_R","Defend_R","Defend_R","Defend_R","Defend_R","Bash","Clothesline","Pommel Strike+1","True Grit","Whirlwind+1","Shrug It Off","Cleave+1","Demon Form","Rage","Juggernaut","Flame Barrier"],"relics":["Burning Blood","Oddly Smooth Stone","Nunchaku","Matryoshka","Snecko Eye"],"acts_visited":["Exordium","TheCity"],"potions_floor_usage":[21,23],"damage_taken":[{"damage":22.0,"enemies":"2 Louse","floor":1.0,"turns":4.0},{"damage":6.0,"enemies":"Jaw Worm","floor":5.0,"turns":3.0},{"damage":0.0,"enemies":"Small Slimes","floor":7.0,"turns":4.0},{"damage":6.0,"enemies":"3 Sentries","floor":11.0,"turns":7.0},{"damage":10.0,"enemies":"Exordium Thugs","floor":12.0,"turns":4.0},{"damage":1.0,"enemies":"Blue Slaver","floor":14.0,"turns":4.0},{"damage":1.0,"enemies":"Slime Boss","floor":16.0,"turns":7.0},{"damage":6,"enemies":"Shell Parasite","floor":18,"turns":6},{"damage":24,"enemies":"2 Thieves","floor":21,"turns":3},{"damage":16,"enemies":"Sentry and Sphere","floor":22,"turns":5},{"damage":35,"enemies":"Gremlin Leader","floor":23,"turns":3}],"seed_played":"4774141711306892082","potions_obtained":[{"floor":5.0,"key":"Dexterity Potion"},{"floor":11.0,"key":"Block Potion"},{"floor":14.0,"key":"Fire Potion"},{"floor":16.0,"key":"LiquidMemories"},{"floor":21,"key":"Ancient Potion"},{"floor":22,"key":"Regen Potion"}],"is_trial":false,"path_per_floor":["M","?","$","?","M","R","M","$","T","R","E","M","?","M","R","B",null,"M","?","$","M","M","E"],"character_chosen":"IRONCLAD","items_purchased":["Pommel Strike","True Grit","Shrug It Off","Flame Barrier"],"campfire_rested":0,"item_purchase_floors":[3,3,8,20],"current_hp_per_floor":[59,33,33,33,33,33,39,39,39,39,39,35,35,40,40,45,73,73,73,73,55,45,19,19],"gold":80,"neow_bonus":"TEN_PERCENT_HP_BONUS","is_daily":false,"chose_seed":false,"campfire_upgraded":3,"win_rate":0.0,"timestamp":1613685361,"path_taken":["M","?","$","?","M","R","M","?","T","R","E","?","?","M","R","BOSS","M","?","$","M","M","E"],"items_purchased_type":["Card","Card","Card","Card"],"build_version":"2020-12-22","purchased_purges":1,"victory":false,"max_hp_per_floor":[82,82,82,82,82,82,82,82,82,82,82,82,82,82,82,82,82,82,82,82,82,82,82,82],"card_choices":[{"not_picked":["Sword Boomerang","Metallicize"],"picked":"Clothesline","floor":1.0},{"not_picked":["Clothesline","Havoc","Fire Breathing"],"picked":"SKIP","floor":5.0},{"not_picked":["Combust","Cleave"],"picked":"Whirlwind","floor":7.0},{"not_picked":["True Grit","Pummel"],"picked":"Cleave","floor":11.0},{"not_picked":["Cleave","Perfected Strike","Iron Wave"],"picked":"SKIP","floor":12.0},{"not_picked":["Body Slam","Fiend Fire","Warcry"],"picked":"SKIP","floor":14.0},{"not_picked":["Reaper","Fiend Fire"],"picked":"Demon Form","floor":16.0},{"not_picked":["Combust","Rampage"],"picked":"Rage","floor":18},{"not_picked":["Wild Strike","Burning Pact","Blood for Blood"],"picked":"SKIP","floor":21},{"not_picked":["Shrug It Off","Iron Wave","Rupture"],"picked":"SKIP","floor":22}],"player_experience":200937,"relics_obtained":[{"floor":9.0,"key":"Nunchaku"},{"floor":11.0,"key":"Matryoshka"}],"event_choices":[{"damage_healed":0.0,"max_hp_gain":0.0,"max_hp_loss":0.0,"gold_gain":0.0,"event_name":"Scrap Ooze","player_choice":"Success","floor":2.0,"gold_loss":0.0,"damage_taken":26.0,"relics_obtained":["Oddly Smooth Stone"]},{"damage_healed":0.0,"max_hp_gain":0.0,"max_hp_loss":0.0,"gold_gain":0.0,"event_name":"Golden Idol","player_choice":"Ignored","floor":4.0,"gold_loss":0.0,"damage_taken":0.0},{"damage_healed":0.0,"max_hp_gain":0.0,"max_hp_loss":0.0,"gold_gain":0.0,"event_name":"Liars Game","player_choice":"Ignored","floor":13.0,"gold_loss":0.0,"damage_taken":0.0},{"damage_healed":0,"gold_gain":0,"player_choice":"2 cards matched","damage_taken":0,"max_hp_gain":0,"max_hp_loss":0,"event_name":"Match and Keep!","floor":19,"gold_loss":0,"cards_obtained":["Juggernaut","Decay"]}],"is_beta":false,"boss_relics":[{"not_picked":["Astrolabe","Runic Cube"],"picked":"Snecko Eye"}],"items_purged_floors":[20],"is_endless":false,"potions_floor_spawned":[5,11,14,16,21,22],"killed_by":"Gremlin Leader","ascension_level":16}}