{"host":"xo0glkmxta74xh34","time":1613618006,"event":{"mods":["BaseMod","Downfall","Minty Spire (QoL Compilation)","Reliquary","Replay The Spire","StSLib"],"gold_per_floor":[99,99,199,199,199,88,113,145,145,161,185,185,210,222,241,345,345,345,359,359,373,386,386,386,398,27,46,46,31,31,49,61,157,157,157,168,186,186,1185,531,531,424,459,459,459,459,459,512,524,536],"floor_reached":51,"language":"ENG","playtime":3486,"items_purged":["Guardian:Strike_Guardian","Guardian:Defend_Guardian","Normality","Normality"],"score":1028,"play_id":"4d438351-f264-4af9-851d-12838dfca891","local_time":"20210217211326","is_ascension_mode":true,"campfire_choices":[{"data":"Guardian:TwinSlam","floor":1.0,"key":"SMITH"},{"floor":9.0,"key":"REST"},{"data":"Guardian:AncientConstruct","floor":18.0,"key":"SMITH"},{"floor":23.0,"key":"REST"},{"floor":30,"key":"REST"},{"data":"Guardian:BodySlam","floor":35,"key":"SMITH"},{"data":"ReplayUltimateDefense","floor":46,"key":"SMITH"},{"data":"Guardian:StasisEngine","floor":46,"key":"SMITH"}],"circlet_count":0,"master_deck":["Guardian:Strike_Guardian","Guardian:Strike_Guardian","Guardian:Defend_Guardian","Guardian:Defend_Guardian","Guardian:Defend_Guardian","Guardian:CurlUp","Guardian:TwinSlam+1","Guardian:TimeBomb","Guardian:AncientConstruct+1","Guardian:ArmoredProtocol","Guardian:FuturePlans","Guardian:BodySlam+1","Guardian:FierceBash","Guardian:Incinerate+1","Guardian:ArmoredProtocol+1","Guardian:StasisField","Guardian:StasisEngine+1","Guardian:BronzeArmor","Guardian:MultiBeam+1","Guardian:ExploitGems","Guardian:BodySlam+1","Guardian:ShieldSpikes+1","Guardian:Gem_Purple","ReplayUltimateDefense+1","Guardian:RevengeProtocol","Guardian:Gem_Orange"],"relics":["Guardian:ModeShifter","downfall:HeartsMalice","downfall:ShatteredFragment","Guardian:PocketSentry","Smiling Mask","Simple Rune","Potion Belt","Ice Cream","Ring of Chaos","Dead Branch","Shuriken","BranchBurnRelic","reliquary:ThirdArm","TungstenRod","Replay:Towering Pillar of Hats","Replay:Arrowhead","reliquary:QuartzCube","Eternal Feather","Ring of Fury","Ring of Peace","MawBank"],"acts_visited":["Exordium","TheCity","TheBeyond"],"potions_floor_usage":[33,33,37,49,50,50],"damage_taken":[{"damage":0.0,"enemies":"2 Louse","floor":2.0,"turns":1.0},{"damage":0.0,"enemies":"Jaw Worm","floor":5.0,"turns":1.0},{"damage":0.0,"enemies":"downfall:FleeingMerchant","floor":6.0,"turns":1.0},{"damage":0.0,"enemies":"3 Sentries","floor":8.0,"turns":4.0},{"damage":0.0,"enemies":"Small Slimes","floor":10.0,"turns":3.0},{"damage":8.0,"enemies":"Lagavulin","floor":13.0,"turns":6.0},{"damage":3.0,"enemies":"Blue Slaver","floor":14.0,"turns":2.0},{"damage":6.0,"enemies":"Exordium Thugs","floor":15.0,"turns":3.0},{"damage":37.0,"enemies":"IC_STATUS_ARCHETYPE","floor":16.0,"turns":9.0},{"damage":11.0,"enemies":"Shell Parasite","floor":19.0,"turns":6.0},{"damage":10.0,"enemies":"downfall:LooterAlt2","floor":21.0,"turns":4.0},{"damage":22.0,"enemies":"Centurion and Healer","floor":22.0,"turns":6.0},{"damage":9.0,"enemies":"Snake Plant","floor":25.0,"turns":4.0},{"damage":0.0,"enemies":"downfall:FleeingMerchant","floor":26.0,"turns":4.0},{"damage":0.0,"enemies":"Snecko","floor":27.0,"turns":5.0},{"damage":0.0,"enemies":"downfall:FleeingMerchant","floor":29.0,"turns":4.0},{"damage":1,"enemies":"3 Cultists","floor":31,"turns":4},{"damage":0,"enemies":"Chosen and Byrds","floor":32,"turns":5},{"damage":14,"enemies":"WA_ARCHETYPE_CALM","floor":33,"turns":8},{"damage":0,"enemies":"Orb Walker","floor":36,"turns":4},{"damage":12,"enemies":"3 Darklings","floor":37,"turns":5},{"damage":0,"enemies":"downfall:FleeingMerchant","floor":40,"turns":4},{"damage":0,"enemies":"downfall:FleeingMerchant","floor":42,"turns":2},{"damage":6,"enemies":"Giant Head","floor":43,"turns":6},{"damage":0,"enemies":"4 Shapes","floor":49,"turns":2},{"damage":23,"enemies":"SI_POISON_ARCHETYPE","floor":50,"turns":11}],"seed_played":"8477310445246094872","potions_obtained":[{"floor":8.0,"key":"SmokeBomb"},{"floor":10.0,"key":"hexamod:SoulburnPotion"},{"floor":13.0,"key":"SneckoOil"},{"floor":15.0,"key":"Explosive Potion"},{"floor":19.0,"key":"Fire Potion"},{"floor":27.0,"key":"AttackPotion"},{"floor":31,"key":"Languid Potion"},{"floor":32,"key":"ColorlessPotion"},{"floor":37,"key":"Dexterity Potion"}],"is_trial":false,"path_per_floor":["R","M","?","?","M","$","T","E","R","M","T","?","E","M","M","B",null,"R","M","?","M","M","R","T","M","$","M","T","$","R","M","M","B",null,"R","M","M","?","?","$","T","$","E","?","?","R","?","T","M","B",null],"character_chosen":"GUARDIAN","items_purchased":["Guardian:ArmoredProtocol","Shuriken","Guardian:Gem_Purple","TungstenRod","Replay:Towering Pillar of Hats","reliquary:QuartzCube","ReplayUltimateDefense"],"campfire_rested":3,"item_purchase_floors":[6,26,26,40,40,42,42],"current_hp_per_floor":[72,72,72,48,48,48,48,48,72,72,72,69,61,58,52,15,64,64,53,45,35,13,37,37,28,28,28,28,28,52,63,63,49,72,72,80,68,68,68,68,68,68,62,62,62,77,77,77,80,57],"gold":548,"neow_bonus":"THREE_ENEMY_KILL","is_daily":false,"chose_seed":false,"campfire_upgraded":5,"win_rate":0.0,"timestamp":1613618006,"path_taken":["R","M","?","?","M","$","T","E","R","M","?","?","E","M","M","BOSS","R","M","?","M","M","R","T","M","?","M","?","$","R","M","M","BOSS","R","M","M","?","?","$","T","$","E","?","?","R","?","?","M","BOSS"],"items_purchased_type":["Card","Relic","Card","Relic","Relic","Relic","Card"],"build_version":"2020-12-22","purchased_purges":4,"victory":true,"max_hp_per_floor":[80,80,80,80,80,80,80,80,80,80,80,80,80,80,80,80,80,80,80,80,80,80,80,80,80,80,80,80,80,80,80,80,80,80,80,80,80,80,80,80,80,80,80,80,80,80,80,80,80,80],"card_choices":[{"not_picked":["Guardian:ChargeUp","Guardian:Recover"],"picked":"Guardian:BronzeOrb","floor":2.0},{"not_picked":["Guardian:Reroute","Guardian:Planning"],"picked":"Guardian:TimeBomb","floor":5.0},{"not_picked":["Guardian:WalkerClaw","Guardian:TemporalStrike"],"picked":"Guardian:AncientConstruct","floor":6.0},{"not_picked":["Guardian:Planning","Guardian:RollAttack"],"picked":"Guardian:Gem_Lightblue","floor":8.0},{"not_picked":["Guardian:Preprogram","Guardian:RollAttack"],"picked":"Guardian:FuturePlans","floor":10.0},{"not_picked":["Guardian:Suspension","Guardian:TemporalShield"],"picked":"Guardian:BodySlam","floor":13.0},{"not_picked":["Guardian:TemporalShield","Guardian:Incinerate"],"picked":"Guardian:Gem_Green","floor":14.0},{"not_picked":["Guardian:CrystalBeam","Guardian:Gem_Cyan","Guardian:RollAttack"],"picked":"SKIP","floor":15.0},{"not_picked":["Guardian:GemFinder","Guardian:ExploitGems"],"picked":"Guardian:FierceBash","floor":16.0},{"not_picked":["Guardian:TemporalShield","Guardian:Reroute"],"picked":"Guardian:Incinerate","floor":19.0},{"not_picked":["Guardian:Planning","Guardian:CrystalBeam+1","Guardian:TemporalShield"],"picked":"SKIP","floor":21.0},{"not_picked":["Guardian:TemporalStrike","Guardian:VentSteam"],"picked":"Guardian:ArmoredProtocol+1","floor":22.0},{"not_picked":["Guardian:MultiBeam","Guardian:CrystalBeam","Guardian:Suspension"],"picked":"SKIP","floor":25.0},{"not_picked":["Guardian:RefractedBeam+1","Guardian:TimeBomb"],"picked":"Guardian:Gem_Blue","floor":26.0},{"not_picked":["Guardian:TemporalShield+1","Guardian:VentSteam"],"picked":"Guardian:StasisField","floor":27.0},{"not_picked":["Guardian:ShieldCharger","Guardian:Gem_Cyan"],"picked":"Guardian:StasisEngine","floor":29.0},{"not_picked":["Guardian:TimeBomb","Guardian:ChargeCore"],"picked":"Guardian:BronzeArmor","floor":31},{"not_picked":["Guardian:GuardianWhirl","Guardian:Emergency"],"picked":"Guardian:MultiBeam+1","floor":32},{"not_picked":["Guardian:HyperBeam_Guardian","Guardian:CompilePackage"],"picked":"Guardian:ExploitGems","floor":33},{"not_picked":["Guardian:FloatingOrbs","Guardian:Suspension+1"],"picked":"Guardian:BodySlam+1","floor":36},{"not_picked":["Guardian:VentSteam+1","Guardian:Gem_Lightblue"],"picked":"Guardian:ShieldSpikes+1","floor":37},{"not_picked":["Guardian:GuardianWhirl","Guardian:ShieldCharger"],"picked":"Guardian:Gem_Purple","floor":40},{"not_picked":["Guardian:SpikerProtocol+1","Guardian:RollAttack","Guardian:Repulse"],"picked":"SKIP","floor":42},{"not_picked":["Guardian:DecasProtection+1","Guardian:BodySlam+1"],"picked":"Guardian:RevengeProtocol","floor":43}],"player_experience":507305,"relics_obtained":[{"floor":7.0,"key":"Guardian:PocketSentry"},{"floor":8.0,"key":"Smiling Mask"},{"floor":11.0,"key":"Simple Rune"},{"floor":13.0,"key":"Ice Cream"},{"floor":24.0,"key":"Dead Branch"},{"floor":28.0,"key":"reliquary:SculptingSteel"},{"floor":41,"key":"Replay:Arrowhead"},{"floor":43,"key":"Eternal Feather"},{"floor":45,"key":"Ring of Fury"},{"floor":45,"key":"Ring of Peace"},{"floor":48,"key":"MawBank"}],"event_choices":[{"damage_healed":0.0,"max_hp_gain":0.0,"max_hp_loss":0.0,"gold_gain":0.0,"event_name":"Scrap Ooze","player_choice":"Success","floor":12.0,"gold_loss":0.0,"damage_taken":3.0,"relics_obtained":["Potion Belt"]},{"cards_removed":["Guardian:BronzeOrb"],"damage_healed":0,"gold_gain":0,"player_choice":"Removed Attack","damage_taken":0,"max_hp_gain":0,"max_hp_loss":0,"event_name":"Falling","floor":44,"gold_loss":0}],"is_beta":false,"boss_relics":[{"not_picked":["Pandora\u0027s Box","Replay:Wanted Poster"],"picked":"Ring of Chaos"},{"not_picked":["Empty Cage","SlaversCollar"],"picked":"reliquary:ThirdArm"}],"items_purged_floors":[6,26,40,42],"is_endless":false,"potions_floor_spawned":[8,10,13,15,19,27,31,32,37,49],"ascension_level":7}}