{"host":"3z9xbwjeimmg738z","time":1613609480,"event":{"mods":["100% Spire Juice","2.2 Compatiblity","Act Like it!","AlwaysNeverKeys","Bard","BaseMod","Beaked The Cultist","Better Altar","Better Match","Better Note","Better Sensory Stone","Better Skull","Better Synergies","Better Third Choice","Bossed Relics","CapriCore","Colored Powertips","Defuse TimeMaze Blight","Dio Mod","Displayed Cursed Tome","Faster Ascension Climbing","GifTheSpireLib","Minty Spire (QoL Compilation)","Pale of the Ancients","Permanent Neow","Replay The Spire","Ruina","Shapeshifter Mod","Smile Girya","StSLib","The Dragonkin","The Showman","TheBandit","TheSurvivalist","Uncapped"],"gold_per_floor":[114,133,145,156,170,204,204,204,204,204,204],"floor_reached":10,"language":"ENG","playtime":605,"items_purged":[],"score":70,"play_id":"f81a443a-038d-4e62-a1a2-1a4e6361ee2c","local_time":"20210217165120","is_ascension_mode":false,"campfire_choices":[{"data":"StSShapeShifter:EntForm","floor":7,"key":"SMITH"}],"circlet_count":0,"master_deck":["StSShapeShifter:ShapeShifter_Strike","StSShapeShifter:ShapeShifter_Strike","StSShapeShifter:ShapeShifter_Strike","StSShapeShifter:ShapeShifter_Strike","StSShapeShifter:ShapeShifter_Strike","StSShapeShifter:ShapeShifter_Defend","StSShapeShifter:ShapeShifter_Defend","StSShapeShifter:ShapeShifter_Defend","StSShapeShifter:ShapeShifter_Defend","StSShapeShifter:ShapeShifter_Defend","StSShapeShifter:Tortoise_Form","StSShapeShifter:Lynx_Form","StSShapeShifter:CosmicShifter","StSShapeShifter:EntForm+1"],"relics":["StSShapeShifter:AnimalHeart","StSShapeShifter:TheShapeShiftersMagnolia","Pen Nib","Centennial Puzzle","StSShapeShifter:Fertilizer"],"acts_visited":["Exordium"],"potions_floor_usage":[4],"damage_taken":[{"damage":0,"enemies":"Cultist","floor":1,"turns":3},{"damage":5,"enemies":"2 Louse","floor":2,"turns":2},{"damage":0,"enemies":"Small Slimes","floor":3,"turns":3},{"damage":5,"enemies":"Gremlin Gang","floor":4,"turns":3},{"damage":10,"enemies":"Large Slime","floor":5,"turns":10},{"damage":36,"enemies":"3 Sentries","floor":6,"turns":10},{"damage":16,"enemies":"Gremlin Nob","floor":10,"turns":3}],"seed_played":"4122110531252680807","potions_obtained":[{"floor":2,"key":"Dexterity Potion"},{"floor":3,"key":"FearPotion"}],"is_trial":false,"path_per_floor":["M","M","M","M","M","E","R","?","T","E"],"character_chosen":"SHAPESHIFTER","items_purchased":[],"campfire_rested":0,"item_purchase_floors":[],"current_hp_per_floor":[78,73,73,68,58,32,32,37,37,21,21],"gold":204,"neow_bonus":"RANDOM_COMMON_RELIC","is_daily":false,"chose_seed":false,"campfire_upgraded":1,"win_rate":0.0,"timestamp":1613609480,"path_taken":["M","M","M","M","M","E","R","?","T","E"],"items_purchased_type":[],"build_version":"2020-12-22","purchased_purges":0,"victory":false,"max_hp_per_floor":[78,78,78,78,78,78,78,83,83,83,83],"card_choices":[{"not_picked":["StSShapeShifter:Rest","StSShapeShifter:Bonk"],"picked":"StSShapeShifter:CosmicShifter","floor":1},{"not_picked":["StSShapeShifter:AdaptiveStrikes","StSShapeShifter:MonkeyForm","StSShapeShifter:SquirrelForm"],"picked":"SKIP","floor":2},{"not_picked":["StSShapeShifter:VileMushroom","StSShapeShifter:BaskInBloom","StSShapeShifter:FlowerShield"],"picked":"SKIP","floor":3},{"not_picked":["StSShapeShifter:FesteringBite","StSShapeShifter:FlowerShield","StSShapeShifter:OpportuneSwoop"],"picked":"SKIP","floor":4},{"not_picked":["StSShapeShifter:Maul","StSShapeShifter:BearForm"],"picked":"StSShapeShifter:EntForm","floor":5},{"not_picked":["StSShapeShifter:Roar","StSShapeShifter:PoisonIvy","StSShapeShifter:Efflorescence"],"picked":"SKIP","floor":6}],"player_experience":198808,"relics_obtained":[{"floor":6,"key":"Centennial Puzzle"},{"floor":9,"key":"StSShapeShifter:Fertilizer"}],"event_choices":[{"damage_healed":0,"gold_gain":0,"player_choice":"Donut","damage_taken":0,"max_hp_gain":5,"max_hp_loss":0,"event_name":"Big Fish","floor":8,"gold_loss":0}],"is_beta":false,"boss_relics":[],"items_purged_floors":[],"is_endless":false,"potions_floor_spawned":[2,3],"killed_by":"Gremlin Nob","ascension_level":0}}