{"host":"y6zg4wwu39otf01a","time":1613670369,"event":{"mods":["Act Like it!","Aspiration","BaseMod","Better Altar","Better Match","Better Note","Better Sensory Stone","Better Skull","Better Third Choice","Challenge The Spire","Colored Map","Colored Powertips","Conspire","GifTheSpireLib","Glutton Mod","Halation","Hermit","Highlight Path","Hubris","Infinite Spire","Mimic Mod","Minty Spire (QoL Compilation)","Quick Restart","Random Character Button","Rare Cards Sparkle","Reliquary","Replay The Spire","Retaliation","Ruina","Spicy Shops","StSLib","Stuff the Spire","The Blue Laboratory","The Construct","The Jungle"],"gold_per_floor":[115,115,134,134,144,170,170,170,193,193,34,49,49,199,199,199,199],"floor_reached":16,"language":"ENG","playtime":994,"items_purged":[],"score":98,"play_id":"beaef657-40ca-4d09-8b56-48b64e32d748","local_time":"20210218114609","is_ascension_mode":false,"campfire_choices":[{"floor":8,"key":"REST"},{"data":"construct:FlameCore","floor":10,"key":"SMITH"},{"data":"construct:AttackMode","floor":13,"key":"SMITH"}],"circlet_count":0,"master_deck":["construct:Strike_Gold","construct:Strike_Gold","construct:Strike_Gold","construct:Strike_Gold","construct:Strike_Gold","construct:Defend_Gold","construct:Defend_Gold","construct:Defend_Gold","construct:Defend_Gold","construct:Defend_Gold","construct:AttackMode+1","construct:DefenseMode","construct:Boost","construct:ReactiveShield","construct:ModeShift","construct:Antimatter","construct:Construct_Overclock","construct:FlameCore+1","Injury","construct:Autoturret+1","construct:FlameCore","construct:Enhance","Writhe"],"relics":["construct:Cogwheel","infinitespire:PuzzleCube","StuffTheSpire:Nightcore","Molten Egg 2","conspire:TopHat","Du-Vu Doll","ReplayTheSpireMod:CursedCoin"],"acts_visited":["Exordium"],"potions_floor_usage":[6,12,16,16],"damage_taken":[{"damage":7,"enemies":"Jaw Worm","floor":1,"turns":5},{"damage":4,"enemies":"2 Louse","floor":3,"turns":4},{"damage":2,"enemies":"Small Slimes","floor":5,"turns":4},{"damage":51,"enemies":"Gremlin Nob","floor":6,"turns":5},{"damage":17,"enemies":"Exordium Thugs","floor":12,"turns":4},{"damage":57,"enemies":"Hexaghost","floor":16,"turns":7}],"seed_played":"725088810184993461","potions_obtained":[{"floor":5,"key":"blueLaboratory:PyrophylliteBrew"},{"floor":6,"key":"Reflective Coating"},{"floor":12,"key":"Languid Potion"}],"is_trial":false,"path_per_floor":["M","?","M","?","M","E","?","R","T","R","$","M","R","$","R_BF","B"],"character_chosen":"THE_CONSTRUCT_MOD","items_purchased":["Du-Vu Doll","construct:Autoturret","construct:FlameCore","ReplayTheSpireMod:CursedCoin","blueLaboratory:FruitPunch"],"campfire_rested":1,"item_purchase_floors":[11,11,11,14,14],"current_hp_per_floor":[78,78,74,74,72,21,21,46,46,46,46,29,29,26,51,0,0],"gold":199,"neow_bonus":"THREE_CARDS","is_daily":false,"chose_seed":false,"campfire_upgraded":2,"win_rate":0.0,"timestamp":1613670369,"path_taken":["M","?","M","?","?","E","?","R","T","R","$","M","R","?","R_BF","BOSS"],"items_purchased_type":["Relic","Card","Card","Relic","Potion"],"build_version":"2020-12-22","purchased_purges":0,"victory":false,"max_hp_per_floor":[85,85,85,85,85,85,85,85,85,85,85,85,85,85,85,87,87],"card_choices":[{"not_picked":["construct:Impenetrable","construct:Analyze"],"picked":"construct:Boost","floor":0},{"not_picked":["construct:SuppressiveFire","construct:Tumble"],"picked":"construct:ReactiveShield","floor":1},{"not_picked":["construct:Anticipate","construct:Missile"],"picked":"construct:Antimatter","floor":3},{"not_picked":["construct:Backfire","construct:SweepLaser"],"picked":"construct:Construct_Overclock","floor":5},{"not_picked":["construct:ShieldGenerator","construct:UnbalancingBlast"],"picked":"construct:FlameCore","floor":6},{"not_picked":["construct:SweepLaser+1","construct:SuppressiveFire+1"],"picked":"construct:Enhance","floor":12}],"player_experience":891022,"relics_obtained":[{"floor":6,"key":"StuffTheSpire:Nightcore"},{"floor":9,"key":"conspire:TopHat"}],"event_choices":[],"is_beta":false,"boss_relics":[],"items_purged_floors":[],"is_endless":false,"potions_floor_spawned":[5,6,12],"killed_by":"Hexaghost","ascension_level":0}}