{"host":"np9ouipdmi0bkas5","time":1613641223,"event":{"mods":["AchievementEnabler","Aspiration","BaseMod","Better Altar","Better Match","Better Skull","Better Third Choice","Colored Map","Downfall","Highlight Path","Hubris","Infinite Spire","Minty Spire (QoL Compilation)","Replay The Spire","StSLib"],"gold_per_floor":[119,137,153,153,153,153,163,9,9,9,22,22,49,49,49,49,49],"floor_reached":16,"language":"ENG","playtime":333,"items_purged":[],"score":115,"play_id":"34d20211-3fc5-4ad4-b978-630b32f894b4","local_time":"20210218014023","is_ascension_mode":true,"campfire_choices":[{"data":"Accuracy","floor":6,"key":"SMITH"},{"floor":12,"key":"DIG"},{"floor":15,"key":"REST"}],"circlet_count":0,"master_deck":["Strike_G","Strike_G","Strike_G","Strike_G","Strike_G","Defend_G","Defend_G","Defend_G","Defend_G","Defend_G","Survivor","Neutralize","Accuracy+1","Poisoned Stab","Hidden Blade","Toxin Wave","Dodge and Roll","Finisher"],"relics":["Ring of the Snake","NeowsBlessing","Replay:Wax Seal","Membership Card","Shovel","aspiration:TomeofQuesting","Paper Crane"],"acts_visited":["Exordium"],"potions_floor_usage":[13,13,16],"damage_taken":[{"damage":0,"enemies":"2 Louse","floor":1,"turns":1},{"damage":0,"enemies":"Small Slimes","floor":2,"turns":2},{"damage":0,"enemies":"Cultist","floor":3,"turns":1},{"damage":34,"enemies":"Lots of Slimes","floor":7,"turns":6},{"damage":14,"enemies":"3 Louse","floor":11,"turns":2},{"damage":15,"enemies":"Gremlin Nob","floor":13,"turns":4},{"damage":30,"enemies":"The Guardian","floor":16,"turns":8}],"seed_played":"-6873463511774532290","potions_obtained":[{"floor":1,"key":"FearPotion"},{"floor":11,"key":"Energy Potion"},{"floor":13,"key":"SpeedPotion"}],"is_trial":false,"path_per_floor":["M","M","M","?","?","R","M","$","T","$","M","R","E","?","R","B"],"character_chosen":"THE_SILENT","items_purchased":["Membership Card"],"campfire_rested":1,"item_purchase_floors":[8],"current_hp_per_floor":[70,70,70,70,70,70,36,36,36,36,22,22,7,7,28,0,0],"gold":49,"neow_bonus":"THREE_ENEMY_KILL","is_daily":false,"chose_seed":false,"campfire_upgraded":1,"win_rate":0.0,"timestamp":1613641223,"path_taken":["M","M","M","?","?","R","?","?","T","$","M","R","E","?","R","BOSS"],"items_purchased_type":["Relic"],"build_version":"2020-12-22","purchased_purges":0,"victory":false,"max_hp_per_floor":[70,70,70,70,70,70,70,70,70,70,70,70,70,70,70,70,70],"card_choices":[{"not_picked":["hubris:Sniper","ReplayTheSpireMod:The Works"],"picked":"Accuracy","floor":1},{"not_picked":["Heel Hook","PiercingWail"],"picked":"Poisoned Stab","floor":2},{"not_picked":["Tactician","Prepared"],"picked":"Hidden Blade","floor":3},{"not_picked":["Tactician","Prepared"],"picked":"Toxin Wave","floor":7},{"not_picked":["Acrobatics","Prepared"],"picked":"Dodge and Roll","floor":11},{"not_picked":["Dagger Throw","Quick Slash"],"picked":"Finisher","floor":13}],"player_experience":136194,"relics_obtained":[{"floor":4,"key":"Replay:Wax Seal"},{"floor":9,"key":"Shovel"},{"floor":12,"key":"aspiration:TomeofQuesting"},{"floor":13,"key":"Paper Crane"}],"event_choices":[{"damage_healed":0,"gold_gain":0,"player_choice":"Bought 0 Potions","damage_taken":0,"max_hp_gain":0,"max_hp_loss":0,"event_name":"The Woman in Blue","floor":5,"gold_loss":0},{"damage_healed":0,"gold_gain":0,"player_choice":"LEAVE","damage_taken":0,"max_hp_gain":0,"max_hp_loss":0,"event_name":"betterThird:BetterScrap","floor":14,"gold_loss":0,"cards_obtained":["Double Tap"]}],"is_beta":false,"boss_relics":[],"items_purged_floors":[],"is_endless":false,"potions_floor_spawned":[1,11,13],"killed_by":"The Guardian","ascension_level":3}}