{"host":"6gwm7y0tp7acoxay","time":1613645785,"event":{"mods":["BaseMod","Colored Map","Keyboard Shortcuts","Minty Spire (QoL Compilation)","Quick Restart","StSLib","SuperFastMode","everything is the same but u backflip on backflip"],"gold_per_floor":[117,217,231,231,231,259,285,285,330,330,365,407,453,492,504,591,603,635,647,371,421,434,467,492,517,517,517,366,366,391,403,403,474,474,484,484,184,184,198,223,250,278,331,331,264,294,294,322,322,322,322,322,322,55,86,86,86],"floor_reached":56,"language":"KOR","playtime":1426,"items_purged":["Reckless Charge"],"score":2568,"play_id":"682edd77-0236-47f3-a96c-87fede49f3aa","local_time":"20210218195625","daily_mods":["SealedDeck","Heirloom","Flight"],"is_ascension_mode":true,"campfire_choices":[{"data":"Perfected Strike","floor":8.0,"key":"SMITH"},{"data":"Perfected Strike","floor":10.0,"key":"SMITH"},{"data":"Armaments","floor":15.0,"key":"SMITH"},{"floor":27,"key":"REST"},{"data":"Perfected Strike","floor":29,"key":"SMITH"},{"data":"Dual Wield","floor":32,"key":"SMITH"},{"floor":44,"key":"RECALL"},{"floor":49,"key":"DIG"},{"floor":53,"key":"DIG"}],"circlet_count":0,"master_deck":["AscendersBane","Bloodletting","Flame Barrier+1","Wild Strike","Pommel Strike+1","Perfected Strike+1","Perfected Strike+1","Perfected Strike+1","Perfected Strike","Perfected Strike+1","Power Through","Dual Wield+1","Armaments+1","Pommel Strike","Wild Strike","Immolate","Disarm+1","Pommel Strike","Twin Strike","Second Wind","Reaper+1","Perfected Strike","Berserk","Corruption","Feel No Pain"],"relics":["Burning Blood","Shovel","Dream Catcher","Meat on the Bone","Regal Pillow","MawBank","StoneCalendar","The Courier","Oddly Smooth Stone","Sozu","Membership Card","Turnip","Ornamental Fan","Unceasing Top","War Paint","Dead Branch","Self Forming Clay","Fusion Hammer","Pantograph","PreservedInsect","TungstenRod","StrikeDummy","Pocketwatch","Blue Candle","Bag of Marbles","Whetstone","Pen Nib","Champion Belt","Toy Ornithopter","Gremlin Horn","Akabeko","Mummified Hand","Sundial","Red Skull"],"acts_visited":["Exordium","TheCity","TheBeyond","TheEnding"],"potions_floor_usage":[25,33],"damage_taken":[{"damage":12.0,"enemies":"Jaw Worm","floor":1.0,"turns":2.0},{"damage":3.0,"enemies":"Cultist","floor":3.0,"turns":2.0},{"damage":8.0,"enemies":"Gremlin Nob","floor":6.0,"turns":3.0},{"damage":11.0,"enemies":"Lagavulin","floor":7.0,"turns":3.0},{"damage":17.0,"enemies":"3 Sentries","floor":11.0,"turns":4.0},{"damage":22.0,"enemies":"Lagavulin","floor":12.0,"turns":5.0},{"damage":3.0,"enemies":"Gremlin Nob","floor":13.0,"turns":3.0},{"damage":15.0,"enemies":"3 Sentries","floor":14.0,"turns":5.0},{"damage":3.0,"enemies":"Slime Boss","floor":16.0,"turns":6.0},{"damage":3.0,"enemies":"Spheric Guardian","floor":18.0,"turns":1.0},{"damage":15,"enemies":"3 Byrds","floor":22,"turns":4},{"damage":22,"enemies":"Book of Stabbing","floor":23,"turns":3},{"damage":20,"enemies":"Slavers","floor":24,"turns":4},{"damage":29,"enemies":"Book of Stabbing","floor":25,"turns":4},{"damage":42,"enemies":"Gremlin Leader","floor":30,"turns":5},{"damage":3,"enemies":"Snake Plant","floor":31,"turns":1},{"damage":33,"enemies":"Collector","floor":33,"turns":8},{"damage":5,"enemies":"3 Darklings","floor":35,"turns":5},{"damage":0,"enemies":"3 Shapes","floor":39,"turns":3},{"damage":14,"enemies":"Reptomancer","floor":40,"turns":3},{"damage":18,"enemies":"Nemesis","floor":41,"turns":3},{"damage":9,"enemies":"Reptomancer","floor":42,"turns":2},{"damage":2,"enemies":"Giant Head","floor":46,"turns":4},{"damage":2,"enemies":"Reptomancer","floor":48,"turns":1},{"damage":67,"enemies":"Time Eater","floor":50,"turns":9},{"damage":24,"enemies":"Donu and Deca","floor":51,"turns":7},{"damage":25,"enemies":"Shield and Spear","floor":55,"turns":6},{"damage":77,"enemies":"The Heart","floor":56,"turns":6}],"seed_played":"-2309737033440337992","potions_obtained":[{"floor":1.0,"key":"PowerPotion"},{"floor":3.0,"key":"DistilledChaos"},{"floor":14.0,"key":"GamblersBrew"}],"is_trial":true,"path_per_floor":["M","?","M","?","?","E","E","R","T","R","E","E","E","E","R","B",null,"M","?","$","?","M","E","E","E","T","R","$","R","E","M","R","B",null,"M","?","$","?","M","E","E","E","T","R","$","E","?","E","R","B","B",null,"R","$","E","B"],"character_chosen":"IRONCLAD","items_purchased":["Membership Card","Turnip","Second Wind","Dead Branch","Pantograph","PreservedInsect","TungstenRod","Whetstone","Akabeko","Mummified Hand","Sundial"],"campfire_rested":1,"item_purchase_floors":[20,20,28,28,37,37,37,45,54,54,54],"current_hp_per_floor":[62,62,65,65,65,63,58,58,58,58,47,43,46,49,49,52,69,72,72,72,72,63,47,45,34,34,71,71,71,47,50,50,35,65,75,75,75,75,75,67,55,52,52,52,52,56,56,60,60,26,55,70,70,70,55,0,0],"gold":86,"neow_bonus":"","is_daily":false,"chose_seed":false,"campfire_upgraded":5,"win_rate":0.0,"timestamp":1613645785,"path_taken":["M","?","?","?","?","E","E","R","T","R","E","E","E","E","R","BOSS","M","?","$","?","?","E","E","E","T","R","$","R","E","M","R","BOSS","M","?","$","?","?","E","E","E","T","R","$","E","?","E","R","BOSS","BOSS","R","$","E","BOSS"],"items_purchased_type":["Relic","Relic","Card","Relic","Relic","Relic","Relic","Relic","Relic","Relic","Relic"],"build_version":"2020-12-22","purchased_purges":1,"victory":false,"max_hp_per_floor":[75,75,75,75,75,75,75,75,75,75,75,75,75,75,75,75,75,75,75,75,75,75,75,75,75,75,75,75,75,75,75,75,75,75,75,75,75,75,75,75,75,75,75,75,75,75,75,75,75,75,75,75,75,75,75,75,75],"card_choices":[{"not_picked":["Body Slam","Metallicize","Sword Boomerang"],"picked":"SKIP","floor":1.0},{"not_picked":["Iron Wave","Body Slam"],"picked":"Perfected Strike","floor":3.0},{"not_picked":["Feed","Inflame","Iron Wave"],"picked":"SKIP","floor":6.0},{"not_picked":["Heavy Blade","Thunderclap"],"picked":"Power Through","floor":7.0},{"not_picked":["Sever Soul","Shrug It Off"],"picked":"Dual Wield","floor":11.0},{"not_picked":["Burning Pact","Feel No Pain"],"picked":"Armaments","floor":12.0},{"not_picked":["Searing Blow","Burning Pact"],"picked":"Pommel Strike","floor":13.0},{"not_picked":["Searing Blow","Seeing Red"],"picked":"Wild Strike","floor":14.0},{"not_picked":["Bludgeon","Feed"],"picked":"Immolate","floor":16.0},{"not_picked":["Rampage+1","Anger+1","Havoc"],"picked":"SKIP","floor":18.0},{"not_picked":["Sword Boomerang","Iron Wave"],"picked":"Disarm","floor":22},{"not_picked":["Shrug It Off","Dropkick"],"picked":"Pommel Strike","floor":23},{"not_picked":["Limit Break","Intimidate"],"picked":"Twin Strike","floor":24},{"not_picked":["Heavy Blade","Dropkick+1","True Grit"],"picked":"SKIP","floor":25},{"not_picked":["Headbutt","Clash"],"picked":"Reaper","floor":30},{"not_picked":["Anger","Sword Boomerang"],"picked":"Perfected Strike","floor":31},{"not_picked":["Exhume","Feed"],"picked":"Berserk","floor":33},{"not_picked":["Armaments","Entrench","Sword Boomerang+1"],"picked":"SKIP","floor":35},{"not_picked":["Power Through","Flex+1","Spot Weakness"],"picked":"SKIP","floor":39},{"not_picked":["Carnage","Fire Breathing","Clothesline"],"picked":"SKIP","floor":40},{"not_picked":["Warcry","Immolate","Metallicize"],"picked":"SKIP","floor":41},{"not_picked":["Heavy Blade","Clash+1","Headbutt+1"],"picked":"SKIP","floor":42},{"not_picked":["Whirlwind","Body Slam+1","Bloodletting"],"picked":"SKIP","floor":46},{"not_picked":["True Grit","Hemokinesis"],"picked":"Corruption","floor":48},{"not_picked":["Carnage","Clash+1"],"picked":"Feel No Pain","floor":55}],"player_experience":4571648,"relics_obtained":[{"floor":6.0,"key":"Dream Catcher"},{"floor":7.0,"key":"Meat on the Bone"},{"floor":9.0,"key":"Regal Pillow"},{"floor":11.0,"key":"MawBank"},{"floor":12.0,"key":"StoneCalendar"},{"floor":13.0,"key":"The Courier"},{"floor":14.0,"key":"Oddly Smooth Stone"},{"floor":23,"key":"Ornamental Fan"},{"floor":24,"key":"Unceasing Top"},{"floor":25,"key":"War Paint"},{"floor":30,"key":"Self Forming Clay"},{"floor":40,"key":"StrikeDummy"},{"floor":41,"key":"Pocketwatch"},{"floor":42,"key":"Blue Candle"},{"floor":43,"key":"Bag of Marbles"},{"floor":46,"key":"Pen Nib"},{"floor":48,"key":"Champion Belt"},{"floor":49,"key":"Toy Ornithopter"},{"floor":53,"key":"Gremlin Horn"},{"floor":55,"key":"Red Skull"}],"event_choices":[{"damage_healed":0.0,"max_hp_gain":0.0,"max_hp_loss":0.0,"gold_gain":100.0,"event_name":"Wheel of Change","player_choice":"Gold","floor":2.0,"gold_loss":0.0,"damage_taken":0.0},{"damage_healed":0.0,"max_hp_gain":0.0,"max_hp_loss":0.0,"gold_gain":0.0,"event_name":"The Cleric","player_choice":"Leave","floor":4.0,"gold_loss":0.0,"damage_taken":0.0},{"damage_healed":0.0,"max_hp_gain":0.0,"max_hp_loss":0.0,"gold_gain":0.0,"event_name":"Living Wall","player_choice":"Grow","floor":5.0,"gold_loss":0.0,"damage_taken":0.0,"cards_upgraded":["Perfected Strike"]},{"damage_healed":0.0,"max_hp_gain":0.0,"max_hp_loss":0.0,"gold_gain":0.0,"event_name":"Ghosts","player_choice":"Ignored","floor":19.0,"gold_loss":0.0,"damage_taken":0.0},{"damage_healed":0,"gold_gain":100,"player_choice":"Bet on Murderer","damage_taken":0,"max_hp_gain":0,"max_hp_loss":0,"event_name":"The Joust","floor":21,"gold_loss":50},{"cards_removed":["Feel No Pain"],"damage_healed":0,"gold_gain":0,"player_choice":"Removed Power","damage_taken":0,"max_hp_gain":0,"max_hp_loss":0,"event_name":"Falling","floor":36,"gold_loss":0},{"damage_healed":0,"gold_gain":0,"player_choice":"0 cards matched","damage_taken":0,"max_hp_gain":0,"max_hp_loss":0,"event_name":"Match and Keep!","floor":38,"gold_loss":0,"cards_obtained":[]},{"damage_healed":0,"gold_gain":0,"player_choice":"Got Potions","damage_taken":0,"max_hp_gain":0,"max_hp_loss":0,"event_name":"Lab","floor":47,"gold_loss":0}],"is_beta":false,"boss_relics":[{"not_picked":["Philosopher\u0027s Stone","Tiny House"],"picked":"Sozu"},{"not_picked":["Mark of Pain","Runic Cube"],"picked":"Fusion Hammer"}],"items_purged_floors":[20],"is_endless":false,"potions_floor_spawned":[1,3,14,18,31,35,39,42,46],"killed_by":"The Heart","ascension_level":20}}