{"host":"Vegetablebread","time":1613665414,"event":{"mods":["BaseMod","Bestiary","Minty Spire (QoL Compilation)","Relic Stats","Slay the Relics Exporter"],"gold_per_floor":[368,368,388,406,467,467,467],"floor_reached":6,"language":"ENG","playtime":1234,"items_purged":[],"score":72,"play_id":"b90339bc-cf16-413f-aefb-0905b96aa09e","local_time":"20210218082334","is_ascension_mode":true,"campfire_choices":[],"circlet_count":0,"master_deck":["AscendersBane","Strike_R","Strike_R","Strike_R","Strike_R","Strike_R","Defend_R","Defend_R","Defend_R","Defend_R","Bash","Normality","Battle Trance","Wild Strike","Fire Breathing"],"relics":["Burning Blood","Art of War"],"acts_visited":["Exordium"],"potions_floor_usage":[],"damage_taken":[{"damage":7,"enemies":"Jaw Worm","floor":1,"turns":3},{"damage":6,"enemies":"2 Louse","floor":3,"turns":5},{"damage":3,"enemies":"Small Slimes","floor":4,"turns":5},{"damage":54,"enemies":"Gremlin Nob","floor":6,"turns":4}],"seed_played":"6232687972759357838","potions_obtained":[],"is_trial":false,"path_per_floor":["M","?","M","M","?","E"],"character_chosen":"IRONCLAD","items_purchased":[],"campfire_rested":0,"item_purchase_floors":[],"current_hp_per_floor":[67,41,41,44,44,0,0],"gold":467,"neow_bonus":"TWO_FIFTY_GOLD","is_daily":false,"chose_seed":false,"campfire_upgraded":0,"win_rate":0.0,"timestamp":1613665414,"path_taken":["M","?","M","M","?","E"],"items_purchased_type":[],"build_version":"2020-12-18","purchased_purges":0,"victory":false,"max_hp_per_floor":[75,75,75,75,75,75,75],"relic_stats":{"counters":[4,17],"Art of War":[2],"obtain_stats":[{"Art of War":2,"Burning Blood":0},{"Art of War":1,"Burning Blood":0},{"Art of War":3,"Burning Blood":0}],"Burning Blood":18},"card_choices":[{"not_picked":["Warcry","Havoc"],"picked":"Battle Trance","floor":1},{"not_picked":["Second Wind","Inflame"],"picked":"Wild Strike","floor":3},{"not_picked":["Cleave","Warcry"],"picked":"Fire Breathing","floor":4}],"player_experience":10552375,"relics_obtained":[],"event_choices":[{"damage_healed":0,"gold_gain":0,"player_choice":"Success","damage_taken":26,"relics_obtained":["Art of War"],"max_hp_gain":0,"max_hp_loss":0,"event_name":"Scrap Ooze","floor":2,"gold_loss":0},{"damage_healed":0,"gold_gain":61,"player_choice":"Gained Gold","damage_taken":0,"max_hp_gain":0,"max_hp_loss":0,"event_name":"Golden Wing","floor":5,"gold_loss":0}],"is_beta":true,"boss_relics":[],"items_purged_floors":[],"is_endless":false,"potions_floor_spawned":[],"killed_by":"Gremlin Nob","ascension_level":20}}