{"host":"xp27heuvanyklt0b","time":1613645347,"event":{"mods":["100% Spire Juice","BaseMod","CapriCore","Koishi","Lobotomy","Minty Spire (QoL Compilation)","StSLib","The Immortal"],"gold_per_floor":[117,117,117,117,138,138,161,182,257,297,37,66,86,9,9,133,133,157,141,240,255,255,286,286,286],"floor_reached":24,"language":"KOR","playtime":976,"items_purged":[],"score":216,"play_id":"36afc60a-8771-45e4-b720-fe6e32eab134","local_time":"20210218194907","is_ascension_mode":false,"campfire_choices":[{"data":"EmptyFist","floor":6,"key":"SMITH"},{"data":"Vigilance","floor":15,"key":"SMITH"}],"circlet_count":0,"master_deck":["Strike_P","Strike_P","Strike_P","Strike_P","Defend_P","Defend_P","Defend_P","Defend_P","Eruption+1","Vigilance+1","LikeWater","EmptyFist+1","WindmillStrike","FollowUp","FlyingSleeves","LikeWater","ClearTheMind","Evaluate","Ragnarok","DevaForm","FollowUp","Conclude","Wallop+1","WaveOfTheHand+1"],"relics":["PureWater","Golden Idol","Pantograph","Bag of Preparation","Sling","Odd Mushroom","Empty Cage","Tiny Chest"],"acts_visited":["Exordium","TheCity"],"potions_floor_usage":[10,12,18,23,23,23],"damage_taken":[{"damage":0,"enemies":"Small Slimes","floor":1,"turns":4},{"damage":5,"enemies":"2 Louse","floor":5,"turns":5},{"damage":0,"enemies":"Cultist","floor":7,"turns":3},{"damage":4,"enemies":"Blue Slaver","floor":8,"turns":4},{"damage":3,"enemies":"Gremlin Nob","floor":10,"turns":3},{"damage":10,"enemies":"The Mushroom Lair","floor":12,"turns":4},{"damage":5,"enemies":"Exordium Wildlife","floor":13,"turns":4},{"damage":21,"enemies":"Hexaghost","floor":16,"turns":8},{"damage":0,"enemies":"Spheric Guardian","floor":18,"turns":1},{"damage":10,"enemies":"2 Thieves","floor":19,"turns":4},{"damage":10,"enemies":"Snecko","floor":21,"turns":5},{"damage":21,"enemies":"Book of Stabbing","floor":23,"turns":6},{"damage":37,"enemies":"3 Cultists","floor":24,"turns":4}],"seed_played":"-342022219337492612","potions_obtained":[{"floor":1,"key":"Fire Potion"},{"floor":8,"key":"Ambrosia"},{"floor":10,"key":"AttackPotion"},{"floor":12,"key":"Swift Potion"},{"floor":13,"key":"Weak Potion"},{"floor":16,"key":"LiquidMemories"},{"floor":19,"key":"Fire Potion"}],"is_trial":false,"path_per_floor":["M","?","?","?","M","R","M","M","T","E","$","?","M","$","R","B",null,"M","M","?","M","T","E","M"],"character_chosen":"WATCHER","items_purchased":["Sling","LikeWater","WaveOfTheHand","Ragnarok"],"campfire_rested":0,"item_purchase_floors":[11,11,11,14],"current_hp_per_floor":[72,72,72,72,67,67,67,63,63,60,60,50,45,45,45,49,72,72,62,62,52,52,31,0,0],"gold":286,"neow_bonus":"UPGRADE_CARD","is_daily":false,"chose_seed":false,"campfire_upgraded":2,"win_rate":0.0,"timestamp":1613645347,"path_taken":["M","?","?","?","M","R","M","M","T","E","$","?","M","?","R","BOSS","M","?","?","M","?","E","M"],"items_purchased_type":["Relic","Card","Card","Card"],"build_version":"2020-12-22","purchased_purges":0,"victory":false,"max_hp_per_floor":[72,72,72,72,72,72,72,72,72,72,72,72,72,72,72,72,72,72,72,72,72,72,72,72,72],"card_choices":[{"not_picked":["BowlingBash","EmptyBody"],"picked":"LikeWater","floor":1},{"not_picked":["Sanctity","ReachHeaven"],"picked":"EmptyFist","floor":5},{"not_picked":["EmptyBody","Evaluate"],"picked":"WindmillStrike","floor":7},{"not_picked":["Prostrate","PathToVictory"],"picked":"FollowUp","floor":8},{"not_picked":["PathToVictory","Brilliance"],"picked":"FlyingSleeves","floor":10},{"not_picked":["Consecrate","CutThroughFate"],"picked":"ClearTheMind","floor":12},{"not_picked":["EmptyFist","ClearTheMind"],"picked":"Evaluate","floor":13},{"not_picked":["Devotion","Blasphemy"],"picked":"DevaForm","floor":16},{"not_picked":["FlyingSleeves","PathToVictory"],"picked":"FollowUp","floor":18},{"not_picked":["JustLucky","Prostrate"],"picked":"Conclude","floor":19},{"not_picked":["EmptyBody","CutThroughFate"],"picked":"Wallop+1","floor":21},{"not_picked":["WreathOfFlame","CutThroughFate"],"picked":"WaveOfTheHand+1","floor":23}],"player_experience":332000,"relics_obtained":[{"floor":9,"key":"Pantograph"},{"floor":10,"key":"Bag of Preparation"},{"floor":12,"key":"Odd Mushroom"},{"floor":23,"key":"Tiny Chest"}],"event_choices":[{"damage_healed":0,"gold_gain":0,"player_choice":"Ignored","damage_taken":0,"max_hp_gain":0,"max_hp_loss":0,"event_name":"Golden Wing","floor":2,"gold_loss":0},{"damage_healed":0,"gold_gain":0,"player_choice":"Take Wound","damage_taken":0,"relics_obtained":["Golden Idol"],"max_hp_gain":0,"max_hp_loss":0,"event_name":"Golden Idol","floor":3,"gold_loss":0,"cards_obtained":["Injury"]},{"damage_healed":0,"gold_gain":0,"player_choice":"Ignored","damage_taken":0,"max_hp_gain":0,"max_hp_loss":0,"event_name":"Liars Game","floor":4,"gold_loss":0},{"damage_healed":0,"gold_gain":0,"player_choice":"Fought Mushrooms","damage_taken":0,"max_hp_gain":0,"max_hp_loss":0,"event_name":"Mushrooms","floor":12,"gold_loss":0},{"damage_healed":0,"gold_gain":99,"player_choice":"Stole From Cult","damage_taken":0,"max_hp_gain":0,"max_hp_loss":0,"event_name":"Nest","floor":20,"gold_loss":0}],"is_beta":false,"boss_relics":[{"not_picked":["Snecko Eye","Philosopher\u0027s Stone"],"picked":"Empty Cage"}],"items_purged_floors":[],"is_endless":false,"potions_floor_spawned":[1,8,10,12,13,16,19],"killed_by":"3 Cultists","ascension_level":0}}