{"host":"u21q392b5xaj11fl","time":1613689270,"event":{"mods":["2.2 Compatiblity","Bard","BaseMod","Better Note","Colored Map","Colored Powertips","Conspire","Custom Start","Downfall","Faster Ascension Climbing","GifTheSpireLib","Gremlin Skip","Highlight Path","Hubris","Infinite Spire","Mad Scientist","Marisa????????","Mimic Mod","Minty Spire (QoL Compilation)","Monster B Gone","Permanent Neow","Potionbrewer","Quick Restart","READ ME - Guardian Mod","Relic Sorter","Replay The Spire","Shop Mod","Somnambulant","StSLib","Stuff the Spire","SuperFastMode","The Construct","The Disciple","The Servant 0.9.4"],"gold_per_floor":[215,235,235,250,60,86,13,25,25,54,74,107,107,141,141,216,216,235,245,245,245,245,279,42,58,82,82,101,131,131,145,145,222,222,239,239,239,239,257,257,291,291,291,303,338,338,186,198,198,198,198,198,50,81,81],"floor_reached":56,"language":"ENG","playtime":7045,"items_purged":["champ:Strike","champ:Strike","champ:Strike","champ:Defend"],"score":2227,"play_id":"1fd51c74-c450-4c94-b2d5-bae2180dc044","local_time":"20210218170110","is_ascension_mode":true,"campfire_choices":[{"floor":13.0,"key":"REST"},{"data":"champ:Taunt","floor":15.0,"key":"SMITH"},{"data":"champ:TornadoPunch","floor":27.0,"key":"SMITH"},{"data":"champ:GladiatorForm","floor":30.0,"key":"SMITH"},{"data":"champ:FaceSlap","floor":40.0,"key":"SMITH"},{"data":"infinitespire:Collect","floor":42.0,"key":"SMITH"},{"floor":49,"key":"RECALL"},{"data":"champ:ArenaPreparation","floor":52,"key":"SMITH"}],"circlet_count":0,"master_deck":["AscendersBane","champ:Defend","champ:Defend","champ:Defend","champ:Execute","champ:Taunt+1","champ:TornadoPunch+1","champ:EndlessRage","champ:StanceDance","champ:GutPunch","champ:FaceSlap+1","champ:ArenaPreparation+1","champ:FlashCut","champ:VampiricStrike","champ:Haymaker","champ:EnGarde","champ:GladiatorForm+1","infinitespire:Fortify","hubris:EnhanceAbility+1","champ:StanceDance","champ:BringItOn","champ:FancyFootwork","champ:BringItOn","champ:SteelEdge+1","champ:BladeFlurry+1","champ:EnGarde","champ:PerfectedStrike+1","champ:RageSigil","champ:ShieldWall+1","champ:TripleStrike+1","infinitespire:Collect+1","StuffTheSpire:Rapture","champ:TripleStrike+1","champ:RapidStrikes+1","champ:RageSigil+1","champ:StanceDance"],"relics":["champ:ChampionCrown","ClockworkSouvenir","champ:DefensiveTrainingManual","hubris:GlazedTorus","StuffTheSpire:Gunfinga","infinitespire:Satchel","Philosopher\u0027s Stone","conspire:SpecialSausage","Frozen Egg 2","Molten Egg 2","bronze:DecasWashers","MerchantsRug","Letter Opener","Cursed Key","potionbrewer:BoosterPack","hubris:SlimyHat","Centennial Puzzle","Slimebound:PreparedRelic"],"acts_visited":["Exordium","TheCity","TheBeyond","TheEnding"],"potions_floor_usage":[50,55,55,55],"damage_taken":[{"damage":23.0,"enemies":"Cultist","floor":1.0,"turns":4.0},{"damage":12.0,"enemies":"Jaw Worm","floor":2.0,"turns":4.0},{"damage":11.0,"enemies":"Small Slimes","floor":4.0,"turns":3.0},{"damage":27.0,"enemies":"3 Sentries","floor":6.0,"turns":5.0},{"damage":7.0,"enemies":"Looter","floor":8.0,"turns":3.0},{"damage":20.0,"enemies":"Gremlin Nob","floor":10.0,"turns":4.0},{"damage":18.0,"enemies":"Blue Slaver","floor":11.0,"turns":3.0},{"damage":14.0,"enemies":"Lagavulin","floor":12.0,"turns":6.0},{"damage":22.0,"enemies":"3 Sentries","floor":14.0,"turns":5.0},{"damage":32.0,"enemies":"The Guardian","floor":16.0,"turns":7.0},{"damage":6.0,"enemies":"Shell Parasite","floor":18.0,"turns":3.0},{"damage":28.0,"enemies":"2 Thieves","floor":19.0,"turns":3.0},{"damage":30.0,"enemies":"Gremlin Leader","floor":23.0,"turns":5.0},{"damage":0.0,"enemies":"Sentry and Sphere","floor":25.0,"turns":4.0},{"damage":4.0,"enemies":"3 Cultists","floor":28.0,"turns":4.0},{"damage":10.0,"enemies":"Slavers","floor":29.0,"turns":4.0},{"damage":20.0,"enemies":"Snecko","floor":31.0,"turns":5.0},{"damage":30.0,"enemies":"Champ","floor":33.0,"turns":9.0},{"damage":20.0,"enemies":"3 Darklings","floor":35.0,"turns":5.0},{"damage":10.0,"enemies":"3 Shapes","floor":39.0,"turns":3.0},{"damage":20.0,"enemies":"Giant Head","floor":41.0,"turns":5.0},{"damage":11,"enemies":"Writhing Mass","floor":44,"turns":3},{"damage":30,"enemies":"Reptomancer","floor":45,"turns":5},{"damage":30,"enemies":"Spire Growth","floor":48,"turns":3},{"damage":30,"enemies":"Donu and Deca","floor":50,"turns":5},{"damage":17,"enemies":"Shield and Spear","floor":54,"turns":5},{"damage":133,"enemies":"The Heart","floor":55,"turns":8}],"seed_played":"5358739971660589795","potions_obtained":[{"floor":1.0,"key":"Explosive Potion"},{"floor":8.0,"key":"PowerPotion"},{"floor":10.0,"key":"BlessingOfTheForge"},{"floor":12.0,"key":"Block Potion"},{"floor":18.0,"key":"sneckomod:MuddlingPotion"},{"floor":29.0,"key":"AttackPotion"},{"floor":31.0,"key":"Ancient Potion"},{"floor":32.0,"key":"Fire Potion"},{"floor":32.0,"key":"Milkshake"},{"floor":39.0,"key":"SkillPotion"},{"floor":41.0,"key":"potionbrewer:HastePotion"},{"floor":48,"key":"sneckomod:MuddlingPotion"}],"is_trial":false,"path_per_floor":["M","M","?","M","$","E","$","M","T","E","M","E","R","E","R","B",null,"M","M","AVR","T","$","E","$","M","T","R","M","E","R","M","R_BF","B",null,"M","AVR","?","?","M","R","E","R","T","M","E","?","$","M","R","B",null,"R","$","E","B",null],"character_chosen":"THE_CHAMP","items_purchased":["champ:GutPunch","ClockworkSouvenir","champ:ArenaPreparation","Molten Egg 2","MerchantsRug","hubris:EnhanceAbility+1","champ:RapidStrikes+1","PowerPotion"],"campfire_rested":1,"item_purchase_floors":[5,5,7,22,24,24,47,53],"current_hp_per_floor":[70,68,68,67,67,50,50,43,43,33,25,21,45,38,38,36,70,64,46,46,46,31,31,31,41,41,41,57,57,57,57,57,72,79,81,81,81,81,81,81,81,81,81,80,81,81,81,81,81,81,81,81,81,81,33],"gold":81,"neow_bonus":"HUNDRED_GOLD","is_daily":false,"chose_seed":false,"campfire_upgraded":6,"win_rate":0.0,"timestamp":1613689270,"path_taken":["M","M","?","?","$","E","$","M","T","E","M","E","R","E","R","BOSS","M","M","AVR","?","?","E","$","M","T","R","M","E","R","M","R_BF","BOSS","M","AVR","?","?","M","R","E","R","T","M","E","?","$","?","R","BOSS","R","$","E","BOSS"],"items_purchased_type":["Card","Relic","Card","Relic","Relic","Card","Card","Potion"],"build_version":"2020-12-22","purchased_purges":4,"victory":true,"max_hp_per_floor":[81,81,81,81,81,81,81,81,81,81,81,81,81,81,81,81,81,81,81,81,81,81,81,81,81,81,81,81,81,81,81,81,81,81,81,81,81,81,81,81,81,81,81,81,81,81,81,81,81,81,81,81,81,81,81],"card_choices":[{"not_picked":["champ:AdrenalArmor","champ:SkillfulDodge"],"picked":"champ:TornadoPunch","floor":1.0},{"not_picked":["champ:PreemptiveStrike","champ:Parry"],"picked":"champ:EndlessRage","floor":2.0},{"not_picked":["champ:ViciousMockery","champ:GladiatorStyle"],"picked":"champ:StanceDance","floor":4.0},{"not_picked":["champ:FanOfKnives","champ:BladeFlurry"],"picked":"champ:FaceSlap","floor":6.0},{"not_picked":["champ:PerfectedStrike","champ:CrownThrow"],"picked":"champ:FlashCut","floor":8.0},{"not_picked":["champ:DeathBlow","champ:BerserkersShout","champ:RisingSlash"],"picked":"SKIP","floor":10.0},{"not_picked":["champ:Shatter","champ:CalledShot"],"picked":"champ:VampiricStrike","floor":11.0},{"not_picked":["champ:AdrenalArmor","champ:BerserkerStyle"],"picked":"champ:Haymaker","floor":12.0},{"not_picked":["champ:Parry","champ:EnragedBash"],"picked":"champ:EnGarde","floor":14.0},{"not_picked":["champ:TripleStrike","champ:CheapShot"],"picked":"champ:GladiatorForm","floor":16.0},{"not_picked":["champ:BerserkersShout","champ:BladeFlurry","champ:BerserkerStyle"],"picked":"SKIP","floor":18.0},{"not_picked":["champ:Parry","champ:RisingSlash","champ:DefensiveShout"],"picked":"SKIP","floor":19.0},{"not_picked":["champ:DefensiveShout","champ:Haymaker+1","champ:SkillfulDodge"],"picked":"SKIP","floor":23.0},{"not_picked":["champ:PerfectedStrike+1","champ:Haymaker+1"],"picked":"champ:StanceDance","floor":25.0},{"not_picked":["champ:FancyFootwork","champ:FocusedDefense"],"picked":"champ:BringItOn","floor":28.0},{"not_picked":["champ:SwordSigil","champ:PreciseThrust+1"],"picked":"champ:FancyFootwork","floor":29.0},{"not_picked":["champ:Backstep+1","champ:TornadoPunch+1"],"picked":"champ:BringItOn","floor":31.0},{"not_picked":["champ:TripleStrike+1","champ:SwordThrow+1"],"picked":"champ:SteelEdge+1","floor":33.0},{"not_picked":["champ:Backstep+1","champ:AdrenalArmor","champ:PerfectedStrike+1"],"picked":"SKIP","floor":35.0},{"not_picked":["StuffTheSpire:Ambrosia","StuffTheSpire:CelestialWarden"],"picked":"StuffTheSpire:Rapture","floor":38.0},{"not_picked":["champ:Encircle+1","champ:GutPunch+1","champ:CrownThrow+1"],"picked":"SKIP","floor":39.0},{"not_picked":["champ:RecklessLeap+1","champ:TornadoPunch+1"],"picked":"champ:TripleStrike+1","floor":41.0},{"not_picked":["champ:CrownThrow+1","champ:EndlessRage+1","champ:BringItOn"],"picked":"SKIP","floor":44},{"not_picked":["champ:GladiatorStyle+1","champ:GutPunch+1","champ:ViciousMockery"],"picked":"SKIP","floor":45},{"not_picked":["champ:GutPunch+1","champ:Haymaker+1"],"picked":"champ:RageSigil+1","floor":48},{"not_picked":["champ:PreciseThrust+1","champ:CrownThrow+1"],"picked":"champ:StanceDance","floor":54}],"player_experience":284125,"relics_obtained":[{"floor":6.0,"key":"champ:DefensiveTrainingManual"},{"floor":9.0,"key":"StuffTheSpire:Nightcore"},{"floor":10.0,"key":"hubris:GlazedTorus"},{"floor":12.0,"key":"StuffTheSpire:Gunfinga"},{"floor":14.0,"key":"infinitespire:Satchel"},{"floor":21.0,"key":"Frozen Egg 2"},{"floor":23.0,"key":"bronze:DecasWashers"},{"floor":29.0,"key":"Letter Opener"},{"floor":41.0,"key":"hubris:SlimyHat"},{"floor":45,"key":"Centennial Puzzle"},{"floor":54,"key":"Slimebound:PreparedRelic"}],"event_choices":[{"cards_removed":["champ:Strike"],"damage_healed":0.0,"max_hp_gain":0.0,"max_hp_loss":0.0,"gold_gain":0.0,"event_name":"Purifier","player_choice":"Purged","floor":3.0,"gold_loss":0.0,"damage_taken":0.0}],"is_beta":false,"boss_relics":[{"not_picked":["conspire:SeveredTorchhead","potionbrewer:BhaskarasWheel"],"picked":"Philosopher\u0027s Stone"},{"not_picked":["SacredBark","hubris:ScarierMask"],"picked":"Cursed Key"}],"items_purged_floors":[20,36,47,53],"is_endless":false,"potions_floor_spawned":[1,8,10,12,18,29,31,39,41,48,54],"ascension_level":14}}