{"host":"0xnlke9dn7m72v1t","time":1613655835,"event":{"mods":["AchievementEnabler","BaseMod","Colored Map","Colored Powertips","Minty Spire (QoL Compilation)","Quick Restart","StSLib","Together in Spire"],"gold_per_floor":[113,188,188,199,219,251,267,294,294,294,328,348,360,371,371,476,476,488,507,507,521,531,556,556,574,654,679,121,121,137,137,137,238,238,251,251,251,261,277,306,652,326,351,363,405,417,456,518,530,542],"floor_reached":51,"language":"DEU","playtime":5599,"items_purged":["Anger"],"score":572,"play_id":"f1638c54-5f03-4f88-baae-b3acf19be9f6","local_time":"20210218144355","is_ascension_mode":false,"campfire_choices":[{"floor":10,"key":"REST"},{"data":"Feel No Pain","floor":15,"key":"SMITH"},{"floor":24,"key":"REST"},{"data":"Clash","floor":32,"key":"SMITH"},{"floor":44,"key":"REST"},{"data":"Madness","floor":49,"key":"SMITH"}],"circlet_count":0,"master_deck":["Defend_R","Defend_R","Defend_R","Bash","Dramatic Entrance+1","Clash+1","Feel No Pain+1","Juggernaut+1","Metallicize+1","Inflame+1","Anger+1","Barricade+1","Clash+1","Anger+1","Bludgeon+1","Whirlwind+1","Anger+1","Impatience","Bite+1","Bite+1","Bite+1","Bite+1","Bite+1","Feed+1","Madness","Madness+1","Shrug It Off+1","Body Slam+1","Inflame+1","Fire Breathing+1","Anger+1","Fire Breathing+1"],"relics":["Burning Blood","Pen Nib","Thread and Needle","Molten Egg 2","Frozen Egg 2","Sozu","Enchiridion","Centennial Puzzle","Sundial","Juzu Bracelet","Eternal Feather","Black Star","Question Card","InkBottle","Old Coin","Bottled Flame","MawBank","MealTicket","Mummified Hand","Self Forming Clay","Pantograph"],"acts_visited":["Exordium","TheCity","TheBeyond"],"potions_floor_usage":[12,16,23,39,50],"damage_taken":[{"damage":2,"enemies":"Small Slimes","floor":1,"turns":2},{"damage":2,"enemies":"2 Louse","floor":4,"turns":2},{"damage":6,"enemies":"Jaw Worm","floor":5,"turns":2},{"damage":21,"enemies":"Lagavulin","floor":6,"turns":4},{"damage":10,"enemies":"Exordium Thugs","floor":7,"turns":3},{"damage":18,"enemies":"3 Sentries","floor":8,"turns":4},{"damage":14,"enemies":"Lagavulin","floor":11,"turns":4},{"damage":0,"enemies":"Exordium Wildlife","floor":12,"turns":1},{"damage":0,"enemies":"Large Slime","floor":13,"turns":4},{"damage":0,"enemies":"Blue Slaver","floor":14,"turns":1},{"damage":0,"enemies":"Slime Boss","floor":16,"turns":5},{"damage":4,"enemies":"Shell Parasite","floor":18,"turns":3},{"damage":0,"enemies":"Spheric Guardian","floor":19,"turns":2},{"damage":0,"enemies":"Centurion and Healer","floor":21,"turns":3},{"damage":0,"enemies":"Chosen and Byrds","floor":22,"turns":3},{"damage":35,"enemies":"Slavers","floor":23,"turns":3},{"damage":0,"enemies":"3 Cultists","floor":25,"turns":3},{"damage":12,"enemies":"Book of Stabbing","floor":27,"turns":2},{"damage":3,"enemies":"Snake Plant","floor":30,"turns":3},{"damage":10,"enemies":"Collector","floor":33,"turns":4},{"damage":21,"enemies":"3 Darklings","floor":35,"turns":3},{"damage":51,"enemies":"3 Shapes","floor":38,"turns":2},{"damage":20,"enemies":"Sphere and 2 Shapes","floor":39,"turns":3},{"damage":0,"enemies":"Reptomancer","floor":40,"turns":5},{"damage":16,"enemies":"2 Orb Walkers","floor":41,"turns":2},{"damage":16,"enemies":"Giant Head","floor":45,"turns":6},{"damage":2,"enemies":"Reptomancer","floor":47,"turns":3},{"damage":33,"enemies":"Mind Bloom Boss Battle","floor":48,"turns":4},{"damage":41,"enemies":"Donu and Deca","floor":50,"turns":5}],"seed_played":"-569773552870414548","potions_obtained":[{"floor":4,"key":"Ancient Potion"},{"floor":6,"key":"Ancient Potion"},{"floor":12,"key":"Fruit Juice"},{"floor":13,"key":"Regen Potion"},{"floor":16,"key":"SpeedPotion"}],"is_trial":false,"path_per_floor":["M","?","?","M","M","E","M","E","T","R","E","M","M","M","R","B",null,"M","M","?","M","M","E","R","M","T","E","$","?","M","?","R","B",null,"M","?","?","M","M","E","?","$","T","R","E","$","E","?","R","B",null],"character_chosen":"IRONCLAD","items_purchased":["Eternal Feather","Blood Vial","Impatience","Fire Breathing+1","Bottled Flame"],"campfire_rested":3,"item_purchase_floors":[28,28,28,42,42],"current_hp_per_floor":[80,69,69,73,73,58,54,42,42,66,58,69,75,81,81,85,85,85,85,69,75,81,52,77,83,83,77,77,77,85,85,85,81,85,76,65,65,23,23,44,37,37,37,80,81,85,85,62,80,59],"gold":554,"neow_bonus":"RANDOM_COLORLESS","is_daily":false,"chose_seed":false,"campfire_upgraded":3,"win_rate":0.0,"timestamp":1613655835,"path_taken":["M","?","?","M","M","E","M","E","T","R","E","M","M","M","R","BOSS","M","M","?","M","M","E","R","M","T","E","$","?","M","?","R","BOSS","M","?","?","M","M","E","?","?","T","R","E","$","E","?","R","BOSS"],"items_purchased_type":["Relic","Relic","Card","Card","Relic"],"build_version":"2020-12-22","purchased_purges":1,"victory":true,"max_hp_per_floor":[80,80,80,80,80,80,80,80,80,80,80,85,85,85,85,85,85,85,85,85,85,85,85,85,85,85,85,85,85,85,85,85,85,85,85,85,85,85,85,85,85,85,85,85,85,85,85,85,85,85],"card_choices":[{"not_picked":["Dark Shackles","Jack Of All Trades"],"picked":"Dramatic Entrance","floor":0},{"not_picked":["Inflame","Combust"],"picked":"Anger","floor":1},{"not_picked":["Infernal Blade","Headbutt"],"picked":"Clash","floor":4},{"not_picked":["Shrug It Off","Hemokinesis"],"picked":"Feel No Pain","floor":5},{"not_picked":["Pommel Strike","Cleave"],"picked":"Juggernaut","floor":6},{"not_picked":["Bloodletting","Sword Boomerang","Pommel Strike"],"picked":"SKIP","floor":7},{"not_picked":["Armaments","Shrug It Off","Uppercut"],"picked":"SKIP","floor":8},{"not_picked":["Anger+1","Burning Pact"],"picked":"Metallicize+1","floor":11},{"not_picked":["Heavy Blade+1","Body Slam+1"],"picked":"Inflame+1","floor":12},{"not_picked":["Impervious","Twin Strike+1"],"picked":"Anger+1","floor":13},{"not_picked":["Armaments","Twin Strike+1","Headbutt+1"],"picked":"SKIP","floor":14},{"not_picked":["Reaper+1","Offering"],"picked":"Barricade+1","floor":16},{"not_picked":["Sword Boomerang+1","Cleave+1"],"picked":"Clash+1","floor":18},{"not_picked":["Cleave+1","Twin Strike+1"],"picked":"Anger+1","floor":19},{"not_picked":["Armaments+1","Thunderclap+1"],"picked":"Bludgeon+1","floor":21},{"not_picked":["Cleave+1","Power Through","Shrug It Off"],"picked":"SKIP","floor":22},{"not_picked":["Pummel+1","Rupture+1"],"picked":"Whirlwind+1","floor":23},{"not_picked":["Headbutt+1","Sword Boomerang+1"],"picked":"Anger+1","floor":25},{"not_picked":["Thunderclap+1","Carnage+1","Warcry"],"picked":"SKIP","floor":27},{"not_picked":["Warcry","Dual Wield","Corruption+1"],"picked":"SKIP","floor":30},{"not_picked":["Bludgeon+1","Barricade+1"],"picked":"Feed+1","floor":33},{"not_picked":["Headbutt+1","Flex","Thunderclap+1"],"picked":"SKIP","floor":35},{"not_picked":["Dual Wield+1","Twin Strike+1","Perfected Strike+1"],"picked":"SKIP","floor":38},{"not_picked":["Twin Strike+1","Armaments"],"picked":"Shrug It Off+1","floor":39},{"not_picked":["Anger+1","Thunderclap+1"],"picked":"Body Slam+1","floor":40},{"not_picked":["Feed+1","Thunderclap+1","Battle Trance"],"picked":"Inflame+1","floor":41},{"not_picked":["Pommel Strike+1","Infernal Blade","True Grit","Cleave+1"],"picked":"SKIP","floor":45},{"not_picked":["Flex","Iron Wave+1","Warcry"],"picked":"Anger+1","floor":47},{"not_picked":["Dual Wield+1","Power Through","Spot Weakness+1"],"picked":"Fire Breathing+1","floor":48}],"player_experience":12645,"relics_obtained":[{"floor":6,"key":"Pen Nib"},{"floor":8,"key":"Thread and Needle"},{"floor":9,"key":"Molten Egg 2"},{"floor":11,"key":"Frozen Egg 2"},{"floor":20,"key":"Enchiridion"},{"floor":23,"key":"Centennial Puzzle"},{"floor":26,"key":"Sundial"},{"floor":27,"key":"Juzu Bracelet"},{"floor":40,"key":"Question Card"},{"floor":40,"key":"InkBottle"},{"floor":41,"key":"Old Coin"},{"floor":43,"key":"MawBank"},{"floor":45,"key":"MealTicket"},{"floor":45,"key":"Mummified Hand"},{"floor":47,"key":"Self Forming Clay"},{"floor":47,"key":"Pantograph"}],"event_choices":[{"damage_healed":0,"gold_gain":75,"player_choice":"Gather Gold","damage_taken":11,"max_hp_gain":0,"max_hp_loss":0,"event_name":"World of Goop","floor":2,"gold_loss":0},{"damage_healed":0,"gold_gain":0,"player_choice":"Grow","damage_taken":0,"max_hp_gain":0,"max_hp_loss":0,"event_name":"Living Wall","floor":3,"gold_loss":0,"cards_upgraded":["Dramatic Entrance"]},{"damage_healed":0,"gold_gain":0,"player_choice":"Obtained Book","damage_taken":16,"max_hp_gain":0,"max_hp_loss":0,"event_name":"Cursed Tome","floor":20,"gold_loss":0},{"damage_healed":0,"gold_gain":0,"player_choice":"Became a vampire (Vial)","damage_taken":0,"max_hp_gain":0,"max_hp_loss":0,"event_name":"Vampires","floor":29,"relics_lost":["Blood Vial"],"gold_loss":0,"cards_obtained":["Bite","Bite","Bite","Bite","Bite"]},{"damage_healed":0,"gold_gain":0,"player_choice":"Upgraded","damage_taken":0,"max_hp_gain":0,"max_hp_loss":0,"event_name":"Upgrade Shrine","floor":31,"gold_loss":0,"cards_upgraded":["Juggernaut"]},{"damage_healed":0,"gold_gain":0,"player_choice":"Embrace Madness","damage_taken":11,"max_hp_gain":0,"max_hp_loss":0,"event_name":"Winding Halls","floor":36,"gold_loss":0,"cards_obtained":["Madness","Madness"]},{"cards_removed":["Defend_R"],"damage_healed":0,"gold_gain":0,"player_choice":"Removed Skill","damage_taken":0,"max_hp_gain":0,"max_hp_loss":0,"event_name":"Falling","floor":37,"gold_loss":0},{"damage_healed":0,"gold_gain":0,"player_choice":"Fight","damage_taken":0,"max_hp_gain":0,"max_hp_loss":0,"event_name":"Mysterious Sphere","floor":41,"gold_loss":0},{"damage_healed":0,"gold_gain":0,"player_choice":"Fight","damage_taken":0,"max_hp_gain":0,"max_hp_loss":0,"event_name":"MindBloom","floor":48,"gold_loss":0}],"is_beta":false,"boss_relics":[{"not_picked":["Velvet Choker","SlaversCollar"],"picked":"Sozu"},{"not_picked":["Fusion Hammer","Mark of Pain"],"picked":"Black Star"}],"items_purged_floors":[28],"is_endless":false,"potions_floor_spawned":[4,6,12,13,16,18,21,25,39,45,48],"ascension_level":0}}