{"host":"ttx8tv95o5vka1nm","time":1613645517,"event":{"mods":["AchievementEnabler","BaseMod","Better Altar","Better Sensory Stone","Better Skull","Better Vampires","BetterRewards","Colored Map","Defuse TimeMaze Blight","Energized Spire","Evolution","Hubris","Infinite Spire","Minty Spire (QoL Compilation)","Relic Filter Mod","Relic Sorter","Reliquary","Replay The Spire","Shade Mod","Shop Mod","Spicy Shops","StSLib","The Blue Laboratory","Wandering Minibosses"],"gold_per_floor":[112,128,128,146,23,56,131,158,181,191,222,236,236,247,247,342,342,362,381,381,391,405,438,26,54,54,87,2,34,34,52,52,152,152,166,166,182,182,182],"floor_reached":38,"language":"ENG","playtime":2663,"items_purged":["Defend_G","Defend_G"],"score":938,"play_id":"7b934fab-c1b8-47cc-9fa9-c37af0eacd69","local_time":"20210218205157","is_ascension_mode":true,"campfire_choices":[{"data":"Terror","floor":15,"key":"SMITH"},{"floor":32,"key":"REST"}],"circlet_count":0,"master_deck":["Flying Knee+1","Flying Knee","Flying Knee","Flying Knee","Defend_G","Defend_G","Survivor","Neutralize","Envenom+1","Blade Dance","Cloak And Dagger","Riddle With Holes","ReplayTheSpireMod:Scrap Shanks","Terror+1","Cloak And Dagger","Dash","Hidden Blade","Finisher","PiercingWail","Dagger Throw+1","Toxin Wave","hubris:DuctTapeCard+2","Acrobatics","Well Laid Plans","Dagger Throw+1","ReplayTheSpireMod:Speed Training","infinitespire:Menacing","Eviscerate","Poison Darts+1","Dodge and Roll+1"],"relics":["Ring of the Snake","EVO:Axolotl","hubris:CuriousFeather","Guide Book","Pen Nib","Pet Ghost","hubris:OldNail","Golden Egg","reliquary:WritOfMandamus","Ring of Fury","ReplayTheSpireMod:Ring of Challenge","hubris:DuctTape","MerchantsRug","Meat on the Bone","Juzu Bracelet","Bronze Scales","infinitespire:FocusingShard","Boot","reliquary:WeakTea","Unceasing Top","Replay:Grab Bag","reliquary:Craggleroot","Busted Crown","hubris:ScarierMask"],"acts_visited":["Exordium","TheCity","TheBeyond"],"potions_floor_usage":[11,14,23,38],"damage_taken":[{"damage":0,"enemies":"Small Slimes","floor":1,"turns":3},{"damage":0,"enemies":"Cultist","floor":2,"turns":3},{"damage":2,"enemies":"2 Louse","floor":4,"turns":4},{"damage":6,"enemies":"Gremlin Nob","floor":6,"turns":3},{"damage":5,"enemies":"Lagavulin","floor":8,"turns":4},{"damage":0,"enemies":"Blue Slaver","floor":10,"turns":3},{"damage":0,"enemies":"Gremlin Nob","floor":11,"turns":3},{"damage":0,"enemies":"2 Fungi Beasts","floor":12,"turns":2},{"damage":0,"enemies":"Lots of Slimes","floor":14,"turns":3},{"damage":10,"enemies":"Hexaghost","floor":16,"turns":5},{"damage":5,"enemies":"Shell Parasite","floor":18,"turns":3},{"damage":0,"enemies":"Spheric Guardian","floor":19,"turns":3},{"damage":0,"enemies":"Snake Plant","floor":21,"turns":2},{"damage":14,"enemies":"Centurion and Healer","floor":22,"turns":3},{"damage":0,"enemies":"Gremlin Leader","floor":23,"turns":4},{"damage":28,"enemies":"Slavers","floor":25,"turns":4},{"damage":13,"enemies":"Gremlin Leader","floor":27,"turns":4},{"damage":18,"enemies":"Book of Stabbing","floor":29,"turns":4},{"damage":5,"enemies":"Shelled Parasite and Fungi","floor":31,"turns":2},{"damage":9,"enemies":"hubris:MusketHawk","floor":33,"turns":4},{"damage":4,"enemies":"3 Shapes","floor":35,"turns":3},{"damage":0,"enemies":"3 Darklings","floor":37,"turns":2},{"damage":17,"enemies":"infinitespire:Three Voidlings","floor":38,"turns":3},{"damage":45,"enemies":"Nightmare_Alpha","floor":38,"turns":4}],"seed_played":"8075211882681333749","potions_obtained":[{"floor":2,"key":"blueLaboratory:BlinkPotion"},{"floor":8,"key":"Adrenaline Potion"},{"floor":11,"key":"FearPotion"},{"floor":12,"key":"Strength Potion"},{"floor":16,"key":"SmokeBomb"},{"floor":23,"key":"Elixir"},{"floor":29,"key":"SneckoOil"},{"floor":31,"key":"Swift Potion"}],"is_trial":false,"path_per_floor":["M","M","?","M","$","E","?","E","T","M","E","M","?","M","R","B",null,"M","M","?","M","M","E","$","E","T","E","?","E","AVR","M","R","B",null,"M","?","M","?"],"character_chosen":"THE_SILENT","items_purchased":["Envenom","Guide Book","ReplayTheSpireMod:Scrap Shanks","MerchantsRug","Meat on the Bone"],"campfire_rested":1,"item_purchase_floors":[0,0,5,24,24],"current_hp_per_floor":[56,56,56,54,54,48,37,32,32,32,32,32,32,32,32,22,58,53,53,53,53,39,39,39,23,23,22,22,16,16,23,44,47,64,60,60,60,0,0],"gold":182,"neow_bonus":"","is_daily":false,"chose_seed":false,"campfire_upgraded":1,"win_rate":0.0,"timestamp":1613645517,"path_taken":["M","M","?","M","$","E","?","E","T","M","E","M","?","M","R","BOSS","M","?","?","M","M","E","$","E","T","E","?","E","AVR","M","R","BOSS","M","?","M","?"],"items_purchased_type":["Card","Relic","Card","Relic","Relic"],"build_version":"2020-12-22","purchased_purges":2,"victory":false,"max_hp_per_floor":[70,70,70,70,70,70,70,70,70,70,70,70,70,70,70,70,70,70,70,70,70,70,70,70,70,70,70,70,70,70,70,70,70,70,70,70,70,70,70],"card_choices":[{"not_picked":["Caltrops","Hidden Blade"],"picked":"Blade Dance","floor":1},{"not_picked":["Underhanded Strike","Outmaneuver"],"picked":"Cloak And Dagger","floor":2},{"not_picked":["Masterful Stab","hubris:SlightOfHand"],"picked":"Riddle With Holes","floor":4},{"not_picked":["Flechettes","Deflect"],"picked":"Terror","floor":6},{"not_picked":["Escape Plan","Phantasmal Killer"],"picked":"Cloak And Dagger","floor":8},{"not_picked":["Flying Knee","Dagger Spray"],"picked":"Dash","floor":10},{"not_picked":["Underhanded Strike","hubris:SlightOfHand"],"picked":"Hidden Blade","floor":11},{"not_picked":["Hidden Blade","Poisoned Stab","Dodge and Roll"],"picked":"SKIP","floor":12},{"not_picked":["Underhanded Strike","Setup","All Out Attack"],"picked":"SKIP","floor":14},{"not_picked":["Night Terror","Die Die Die"],"picked":"After Image","floor":16},{"not_picked":["Sucker Punch+1","Choke+1"],"picked":"PiercingWail","floor":18},{"not_picked":["Acrobatics","Underhanded Strike"],"picked":"Dagger Throw+1","floor":19},{"not_picked":["Dagger Spray+1","Slice+1"],"picked":"Toxin Wave","floor":21},{"not_picked":["Concentrate","Dagger Spray"],"picked":"Infinite Blades","floor":22},{"not_picked":["Setup+1","Riddle With Holes+1"],"picked":"Acrobatics","floor":23},{"not_picked":["Prepared","Underhanded Strike+1"],"picked":"Well Laid Plans","floor":25},{"not_picked":["Doppelganger","ReplayTheSpireMod:Exploit Weakness+1"],"picked":"Dagger Throw+1","floor":27},{"not_picked":["Dodge and Roll","Atom Bomb"],"picked":"ReplayTheSpireMod:Speed Training","floor":29},{"not_picked":["Finisher","Poisoned Stab"],"picked":"Eviscerate","floor":31},{"not_picked":["Wraith Form v2","Glass Knife"],"picked":"Poison Darts","floor":33},{"not_picked":[],"picked":"Dodge and Roll+1","floor":35},{"not_picked":["hubris:SlightOfHand+1"],"picked":"SKIP","floor":37}],"player_experience":805710,"relics_obtained":[{"floor":6,"key":"Pen Nib"},{"floor":8,"key":"Pet Ghost"},{"floor":9,"key":"hubris:OldNail"},{"floor":11,"key":"Golden Egg"},{"floor":20,"key":"Ring of Fury"},{"floor":20,"key":"ReplayTheSpireMod:Ring of Challenge"},{"floor":23,"key":"hubris:DuctTape"},{"floor":25,"key":"Juzu Bracelet"},{"floor":26,"key":"Bronze Scales"},{"floor":27,"key":"infinitespire:FocusingShard"},{"floor":29,"key":"reliquary:WeakTea"}],"event_choices":[{"cards_removed":["Strike_G"],"damage_healed":0,"gold_gain":0,"player_choice":"Forget","damage_taken":0,"max_hp_gain":0,"max_hp_loss":0,"event_name":"Living Wall","floor":3,"gold_loss":0},{"damage_healed":0,"gold_gain":75,"player_choice":"Gather Gold","damage_taken":11,"max_hp_gain":0,"max_hp_loss":0,"event_name":"World of Goop","floor":7,"gold_loss":0},{"damage_healed":0,"gold_gain":0,"cards_transformed":["Defend_G"],"player_choice":"Transformed","damage_taken":0,"max_hp_gain":0,"max_hp_loss":0,"event_name":"Transmorgrifier","floor":13,"gold_loss":0,"cards_obtained":["Finisher"]},{"damage_healed":0,"gold_gain":0,"player_choice":"Obtained Relic","damage_taken":0,"relics_obtained":["Boot"],"max_hp_gain":0,"max_hp_loss":0,"event_name":"Addict","floor":28,"gold_loss":85},{"damage_healed":0,"gold_gain":0,"player_choice":"Bought 0 Potions","damage_taken":0,"max_hp_gain":0,"max_hp_loss":0,"event_name":"The Woman in Blue","floor":36,"gold_loss":0}],"is_beta":false,"boss_relics":[{"not_picked":["Painkiller Herb","Philosopher\u0027s Stone"],"picked":"reliquary:WritOfMandamus"},{"not_picked":["Pandora\u0027s Box","energizedSpire:PogoStick"],"picked":"Replay:Grab Bag"},{"not_picked":["reliquary:RustamsPendant","energizedSpire:SpiderWeb"],"picked":"reliquary:Craggleroot"},{"not_picked":["Abe\u0027s Treasure","energizedSpire:DeadBattery"],"picked":"Busted Crown"},{"not_picked":["hubris:Backtick","Astrolabe"],"picked":"hubris:ScarierMask"}],"items_purged_floors":[24,30],"is_endless":false,"potions_floor_spawned":[2,8,11,12,16,18,23,29,31,38],"killed_by":"Nightmare_Alpha","ascension_level":7}}