{"host":"qy6st0zp32tctd9l","time":1613688889,"event":{"mods":["BaseMod","Colored Map","Downfall","GifTheSpireLib","Hermit","Marisa£®ÏF”Í°°ƒß¿Ì…≥£©","Minty Spire (QoL Compilation)","Remilia£®¿Ÿ√◊¿Ú—«£©","StSLib","The Cursed","The Servant 0.9.4","UnlockEverythingMod"],"gold_per_floor":[115,40,57,57,57,57,86,96,96,111,111,111],"floor_reached":11,"language":"ZHS","playtime":174,"items_purged":["Strike_S"],"score":186,"play_id":"435672f3-bab4-4164-b0b2-f3d8f7901de1","local_time":"20210219065449","is_ascension_mode":true,"campfire_choices":[{"data":"FanOfKnives","floor":6.0,"key":"SMITH"}],"circlet_count":0,"master_deck":["AscendersBane","Strike_S","Strike_S+1","Strike_S","Defend_S","Defend_S+1","Defend_S","Defend_S","KidneyShot","Exchange","Rearm","FanOfKnives+1","Alleviate","ShiftingGears"],"relics":["Uniform","NeowsBlessing","StoneCalendar","Potion Belt"],"acts_visited":["Exordium"],"potions_floor_usage":[11],"damage_taken":[{"damage":0.0,"enemies":"Cultist","floor":1.0,"turns":1.0},{"damage":0.0,"enemies":"Jaw Worm","floor":3.0,"turns":1.0},{"damage":0.0,"enemies":"Gremlin Nob","floor":7.0,"turns":1.0},{"damage":0.0,"enemies":"2 Louse","floor":8.0,"turns":1.0},{"damage":5.0,"enemies":"Exordium Wildlife","floor":10.0,"turns":3.0},{"damage":8,"enemies":"3 Sentries","floor":11,"turns":4}],"seed_played":"-2067732321382991864","potions_obtained":[{"floor":1.0,"key":"Fruit Juice"},{"floor":3.0,"key":"PowerPotion"},{"floor":10.0,"key":"Weak Potion"}],"is_trial":false,"path_per_floor":["M","$","M","?","?","R","E","M","T","M","E"],"character_chosen":"THE_SERVANT","items_purchased":[],"campfire_rested":0,"item_purchase_floors":[],"current_hp_per_floor":[59,59,59,39,28,28,28,28,28,23,15,15],"gold":111,"neow_bonus":"THREE_ENEMY_KILL","is_daily":false,"chose_seed":false,"campfire_upgraded":1,"win_rate":0.0,"timestamp":1613688889,"path_taken":["M","$","M","?","?","R","E","M","T","M","E"],"items_purchased_type":[],"build_version":"2020-12-22","purchased_purges":1,"victory":false,"max_hp_per_floor":[65,65,65,65,65,65,65,65,65,65,65,65],"card_choices":[{"not_picked":["Collapse","WasteNot"],"picked":"Rearm","floor":1.0},{"not_picked":["Reset","DoubleEdge"],"picked":"FanOfKnives","floor":3.0},{"not_picked":["Rearm","Comet"],"picked":"Alleviate","floor":7.0},{"not_picked":["Ricochet","Defy","Replace"],"picked":"SKIP","floor":8.0},{"not_picked":["Orbit","Unruled"],"picked":"ShiftingGears","floor":10.0}],"player_experience":229313,"relics_obtained":[{"floor":7.0,"key":"Potion Belt"}],"event_choices":[{"damage_healed":0.0,"max_hp_gain":0.0,"max_hp_loss":0.0,"gold_gain":0.0,"event_name":"Shining Light","player_choice":"Entered Light","floor":4.0,"gold_loss":0.0,"damage_taken":20.0,"cards_upgraded":["Strike_S","Defend_S"]},{"damage_healed":0.0,"max_hp_gain":0.0,"max_hp_loss":0.0,"gold_gain":0.0,"event_name":"Scrap Ooze","player_choice":"Success","floor":5.0,"gold_loss":0.0,"damage_taken":11.0,"relics_obtained":["StoneCalendar"]}],"is_beta":false,"boss_relics":[],"items_purged_floors":[2],"is_endless":false,"potions_floor_spawned":[1,3,10],"killed_by":"3 Sentries","ascension_level":18}}