{"host":"y0i0tbisecj7yjyn","time":1613624524,"event":{"mods":["2.2 Compatiblity","AchievementEnabler","AlwaysNeverKeys","BaseMod","Better Third Choice","BetterRewards","Colored Map","Colored Powertips","Curses Come First","Disable Question Mark Monsters","Displayed Cursed Tome","Highlight Path","Keyboard Shortcuts","Minty Spire (QoL Compilation)","Quick Restart","Random Character Button","Rare Cards Sparkle","Relic Stats","Reliquary","Smile Girya","StSLib","SuperFastMode","The Marked","Transform Curses","Weighted Paths"],"gold_per_floor":[109,129,86,86,86,86,151,185,185,185,185],"floor_reached":10,"language":"ENG","playtime":196,"items_purged":[],"score":77,"play_id":"fb084ff5-ff0c-4644-8f52-f32f333c8f93","local_time":"20210217230204","is_ascension_mode":true,"campfire_choices":[{"data":"Zap","floor":6,"key":"SMITH"}],"circlet_count":0,"master_deck":["Strike_B+1","Strike_B","Strike_B","Strike_B","Defend_B+1","Defend_B","Defend_B","Defend_B","Zap+1","Dualcast","Darkness","Redo","Static Discharge","Consume"],"relics":["Cracked Core","NeowsBlessing","betterThird:SlimedRelic","InkBottle","Bronze Scales","Frozen Egg 2","Juzu Bracelet"],"acts_visited":["Exordium"],"potions_floor_usage":[10],"damage_taken":[{"damage":0,"enemies":"Jaw Worm","floor":1,"turns":1},{"damage":0,"enemies":"2 Louse","floor":2,"turns":1},{"damage":0,"enemies":"3 Sentries","floor":7,"turns":1},{"damage":34,"enemies":"Gremlin Nob","floor":8,"turns":4},{"damage":22,"enemies":"Lagavulin","floor":10,"turns":4}],"seed_played":"-404929462496952120","potions_obtained":[{"floor":1,"key":"DistilledChaos"},{"floor":7,"key":"FearPotion"}],"is_trial":false,"path_per_floor":["M","M","?","?","T","R","?","E","T","E"],"character_chosen":"DEFECT","items_purchased":[],"campfire_rested":0,"item_purchase_floors":[],"current_hp_per_floor":[75,75,64,49,49,49,49,15,15,0,0],"gold":185,"neow_bonus":"THREE_ENEMY_KILL","is_daily":false,"chose_seed":false,"campfire_upgraded":1,"win_rate":0.0,"timestamp":1613624524,"path_taken":["M","M","?","?","?","R","?","E","T","E"],"items_purchased_type":[],"build_version":"2020-12-22","purchased_purges":0,"victory":false,"max_hp_per_floor":[75,75,75,75,75,75,75,75,75,75,75],"relic_stats":{"counters":[5,11],"Bronze Scales":[9],"Juzu Bracelet":0,"obtain_stats":[{"NeowsBlessing":0,"betterThird:SlimedRelic":3,"Bronze Scales":7,"Juzu Bracelet":9,"Frozen Egg 2":8,"Cracked Core":0,"InkBottle":5},{"NeowsBlessing":0,"betterThird:SlimedRelic":2,"Bronze Scales":3,"Juzu Bracelet":4,"Frozen Egg 2":4,"Cracked Core":0,"InkBottle":2},{"NeowsBlessing":0,"betterThird:SlimedRelic":2,"Bronze Scales":3,"Juzu Bracelet":7,"Frozen Egg 2":7,"Cracked Core":0,"InkBottle":2}],"InkBottle":[2]},"card_choices":[{"not_picked":["Leap","Double Energy"],"picked":"Darkness","floor":1},{"not_picked":["Barrage","Sweeping Beam"],"picked":"Redo","floor":2},{"not_picked":["Coolheaded","Streamline"],"picked":"Static Discharge","floor":7},{"not_picked":["Rip and Tear","Force Field"],"picked":"Consume","floor":8}],"player_experience":476532,"relics_obtained":[{"floor":5,"key":"InkBottle"},{"floor":7,"key":"Bronze Scales"},{"floor":8,"key":"Frozen Egg 2"},{"floor":9,"key":"Juzu Bracelet"}],"event_choices":[{"damage_healed":0,"gold_gain":0,"player_choice":"Slimed","damage_taken":11,"max_hp_gain":0,"max_hp_loss":0,"event_name":"betterThird:BetterGoop","floor":3,"gold_loss":43},{"damage_healed":64,"gold_gain":0,"player_choice":"Upgrade","damage_taken":15,"max_hp_gain":0,"max_hp_loss":75,"event_name":"betterThird:BetterShining","floor":4,"gold_loss":0,"cards_upgraded":["Strike_B","Defend_B"]},{"damage_healed":0,"gold_gain":0,"player_choice":"Searched \u00271\u0027 times","damage_taken":0,"max_hp_gain":0,"max_hp_loss":0,"event_name":"Dead Adventurer","floor":7,"gold_loss":0}],"is_beta":false,"boss_relics":[],"items_purged_floors":[],"is_endless":false,"potions_floor_spawned":[1,7],"killed_by":"Lagavulin","ascension_level":4}}