{"host":"7s0ipaqx8m4pdduf","time":1613658769,"event":{"mods":["BaseMod","BetterRewards","Colored Map","Infinite Spire","Minty Spire (QoL Compilation)","StSLib","SuperFastMode","The Animator"],"gold_per_floor":[110,110,110,23,23,54,54,66,66,83,33,51,51,84,84,163,163,179,179,179,199,211,211,211,211],"floor_reached":24,"language":"ENG","playtime":871,"items_purged":["Strike_G","Strike_G"],"score":532,"play_id":"97d54849-e28e-4f9d-8761-cbfe8b48e2d3","local_time":"20210218153249","is_ascension_mode":true,"campfire_choices":[{"floor":7,"key":"REST"},{"floor":13,"key":"REST"},{"data":"Infinite Blades","floor":15,"key":"SMITH"},{"floor":23,"key":"REST"}],"circlet_count":0,"master_deck":["AscendersBane","Strike_G","Strike_G","Defend_G","Defend_G","Defend_G","Defend_G","Defend_G","Survivor","Neutralize","Noxious Fumes","PiercingWail","infinitespire:Collect","Infinite Blades+1","Bane","Dagger Spray","Dagger Spray","Catalyst","After Image","Poisoned Stab+1","infinitespire:Execution"],"relics":["PureWater","Pear","infinitespire:Cubic Diamond","Incense Burner","Smiling Mask","Letter Opener","Fusion Hammer"],"acts_visited":["Exordium","TheCity"],"potions_floor_usage":[6,12,16,16,22],"damage_taken":[{"damage":2,"enemies":"Jaw Worm","floor":1,"turns":7},{"damage":35,"enemies":"Gremlin Nob","floor":6,"turns":6},{"damage":3,"enemies":"2 Louse","floor":8,"turns":2},{"damage":9,"enemies":"infinitespire:Voidling","floor":10,"turns":3},{"damage":2,"enemies":"Exordium Thugs","floor":12,"turns":3},{"damage":10,"enemies":"3 Sentries","floor":14,"turns":5},{"damage":31,"enemies":"Hexaghost","floor":16,"turns":12},{"damage":27,"enemies":"2 Thieves","floor":18,"turns":5},{"damage":13,"enemies":"3 Byrds","floor":21,"turns":4},{"damage":0,"enemies":"3 Cultists","floor":22,"turns":3},{"damage":43,"enemies":"Masked Bandits","floor":24,"turns":3}],"seed_played":"-7883047507900211075","potions_obtained":[{"floor":1,"key":"Ancient Potion"},{"floor":8,"key":"EssenceOfSteel"},{"floor":10,"key":"LiquidMemories"},{"floor":14,"key":"Regen Potion"},{"floor":18,"key":"Ancient Potion"},{"floor":21,"key":"SteroidPotion"},{"floor":22,"key":"SpeedPotion"}],"is_trial":false,"path_per_floor":["M","?","?","$","?","E","R","M","T","M","$","M","R","E","R","B",null,"M","AVR","?","M","M","R","?"],"character_chosen":"THE_SILENT","items_purchased":["Noxious Fumes","Pear","Infinite Blades","Bane"],"campfire_rested":3,"item_purchase_floors":[0,0,4,4],"current_hp_per_floor":[59,59,40,40,40,5,27,24,24,20,20,18,40,30,30,14,61,34,34,34,21,21,43,0,0],"gold":211,"neow_bonus":"","is_daily":false,"chose_seed":false,"campfire_upgraded":1,"win_rate":0.0,"timestamp":1613658769,"path_taken":["M","?","?","?","?","E","R","?","T","?","?","M","R","E","R","BOSS","M","AVR","?","M","?","R","?"],"items_purchased_type":["Card","Relic","Card","Card"],"build_version":"2020-12-22","purchased_purges":2,"victory":false,"max_hp_per_floor":[76,76,76,76,76,76,76,76,76,76,76,76,76,76,76,76,76,76,76,76,76,76,76,76,76],"card_choices":[{"not_picked":["Prepared","Outmaneuver"],"picked":"PiercingWail","floor":1},{"not_picked":["infinitespire:Starlight","infinitespire:FutureSight"],"picked":"infinitespire:Collect","floor":3},{"not_picked":["Flechettes","Setup"],"picked":"Dagger Spray","floor":6},{"not_picked":["Outmaneuver","Prepared"],"picked":"Dagger Spray","floor":8},{"not_picked":["Prepared","Flechettes"],"picked":"Catalyst","floor":10},{"not_picked":["Acrobatics","Dagger Throw","Prepared"],"picked":"SKIP","floor":12},{"not_picked":["Crippling Poison","Outmaneuver","Well Laid Plans"],"picked":"SKIP","floor":14},{"not_picked":["Corpse Explosion","Venomology"],"picked":"After Image","floor":16},{"not_picked":["Backflip","Outmaneuver+1"],"picked":"Poisoned Stab+1","floor":18},{"not_picked":["Eviscerate","Prepared","Flechettes"],"picked":"SKIP","floor":21},{"not_picked":["PiercingWail","Masterful Stab","Heel Hook"],"picked":"SKIP","floor":22}],"player_experience":2412480,"relics_obtained":[{"floor":6,"key":"Incense Burner"},{"floor":9,"key":"Smiling Mask"},{"floor":14,"key":"Letter Opener"}],"event_choices":[{"damage_healed":0,"gold_gain":0,"player_choice":"Ignored","damage_taken":0,"max_hp_gain":0,"max_hp_loss":0,"event_name":"Golden Idol","floor":5,"gold_loss":0},{"cards_removed":["Strike_G"],"damage_healed":0,"gold_gain":0,"player_choice":"Purged","damage_taken":0,"max_hp_gain":0,"max_hp_loss":0,"event_name":"Purifier","floor":20,"gold_loss":0},{"damage_healed":0,"gold_gain":0,"player_choice":"Fought Bandits","damage_taken":0,"max_hp_gain":0,"max_hp_loss":0,"event_name":"Masked Bandits","floor":24,"gold_loss":0}],"is_beta":false,"boss_relics":[{"not_picked":["SacredBark","Velvet Choker"],"picked":"Fusion Hammer"}],"items_purged_floors":[11,19],"is_endless":false,"potions_floor_spawned":[1,8,10,14,18,21,22],"killed_by":"Masked Bandits","ascension_level":15}}