{"host":"lqrb1yojfbnm12si","time":1613688056,"event":{"mods":["A Penny For Your Troubles","AchievementEnabler","BaseMod","Bestiary","Better Third Choice","Block Reminder","Colored Map","Hermit","Keyboard Shortcuts","Minty Spire (QoL Compilation)","Shapeshifter Mod","StSLib"],"gold_per_floor":[114,114,114,124,136,161,176,176,176,186,203,203,223,243,243,343,343,358,283,295,24,43,43,75,91,391,391,391,414,430,457,469,586,598,625,653,665,677,706,718,765,777,871,898,910,910],"floor_reached":45,"language":"ENG","playtime":7590,"items_purged":[],"score":539,"play_id":"98757078-3fcf-4f45-a972-f6c076af3b3d","local_time":"20210218234056","is_ascension_mode":false,"campfire_choices":[{"floor":12,"key":"REST"},{"floor":15,"key":"REST"},{"floor":23,"key":"REST"},{"floor":28,"key":"REST"},{"floor":32,"key":"REST"},{"floor":40,"key":"REST"},{"floor":42,"key":"REST"}],"circlet_count":0,"master_deck":["StSShapeShifter:ShapeShifter_Strike+1","StSShapeShifter:ShapeShifter_Strike+1","StSShapeShifter:ShapeShifter_Strike+1","StSShapeShifter:ShapeShifter_Strike+1","StSShapeShifter:ShapeShifter_Strike+1","StSShapeShifter:ShapeShifter_Defend+1","StSShapeShifter:ShapeShifter_Defend+1","StSShapeShifter:ShapeShifter_Defend+1","StSShapeShifter:ShapeShifter_Defend+1","StSShapeShifter:ShapeShifter_Defend+1","StSShapeShifter:Tortoise_Form","StSShapeShifter:Lynx_Form","StSShapeShifter:BearForm","StSShapeShifter:Sapling","StSShapeShifter:DeerForm","StSShapeShifter:FlowerShield","StSShapeShifter:Guard","StSShapeShifter:Evolution","StSShapeShifter:ThornedSkin","StSShapeShifter:BloomingSlash+1","StSShapeShifter:MultiSpiritedStrike+1","StSShapeShifter:PowerShifter","StSShapeShifter:HummingbirdForm","StSShapeShifter:BloomingSlash+1","StSShapeShifter:MysticalSeed+1","StSShapeShifter:Summer","StSShapeShifter:DragonForm","CurseOfTheBell","StSShapeShifter:BladeOfGrass+1","StSShapeShifter:CosmicShifter+1"],"relics":["StSShapeShifter:AnimalHeart","StSShapeShifter:TheShapeShiftersMagnolia","Tiny Chest","Mercury Hourglass","Molten Egg 2","PreservedInsect","SlaversCollar","Membership Card","StSShapeShifter:ThornsOfSummi","Whetstone","Old Coin","Bag of Preparation","MawBank","Calling Bell","Bag of Marbles","Toxic Egg 2","StSShapeShifter:AlarmClock","Bottled Flame","White Beast Statue"],"acts_visited":["Exordium","TheCity","TheBeyond"],"potions_floor_usage":[6,14,16,30,33,41,41,41,44,45],"damage_taken":[{"damage":0,"enemies":"Jaw Worm","floor":1,"turns":6},{"damage":0,"enemies":"Small Slimes","floor":4,"turns":2},{"damage":0,"enemies":"Cultist","floor":5,"turns":3},{"damage":18,"enemies":"Lagavulin","floor":6,"turns":17},{"damage":0,"enemies":"2 Fungi Beasts","floor":7,"turns":3},{"damage":8,"enemies":"Gremlin Gang","floor":10,"turns":4},{"damage":21,"enemies":"Exordium Thugs","floor":11,"turns":8},{"damage":0,"enemies":"Large Slime","floor":13,"turns":10},{"damage":0,"enemies":"2 Fungi Beasts","floor":14,"turns":5},{"damage":39,"enemies":"The Guardian","floor":16,"turns":18},{"damage":13,"enemies":"Spheric Guardian","floor":18,"turns":5},{"damage":7,"enemies":"3 Byrds","floor":20,"turns":4},{"damage":20,"enemies":"3 Cultists","floor":22,"turns":5},{"damage":13,"enemies":"Slavers","floor":24,"turns":5},{"damage":11,"enemies":"Shelled Parasite and Fungi","floor":25,"turns":7},{"damage":11,"enemies":"Snake Plant","floor":30,"turns":4},{"damage":8,"enemies":"Gremlin Leader","floor":31,"turns":5},{"damage":29,"enemies":"Champ","floor":33,"turns":9},{"damage":55,"enemies":"3 Darklings","floor":35,"turns":7},{"damage":6,"enemies":"3 Shapes","floor":36,"turns":2},{"damage":48,"enemies":"3 Darklings","floor":39,"turns":7},{"damage":24,"enemies":"Nemesis","floor":41,"turns":7},{"damage":26,"enemies":"Transient","floor":44,"turns":5},{"damage":9,"enemies":"Writhing Mass","floor":45,"turns":3}],"seed_played":"4816472546598980526","potions_obtained":[{"floor":1,"key":"BlessingOfTheForge"},{"floor":11,"key":"Block Potion"},{"floor":14,"key":"Fruit Juice"},{"floor":16,"key":"LiquidMemories"},{"floor":24,"key":"LiquidBronze"},{"floor":25,"key":"StSShapeShifter:PolyBeastPotion"},{"floor":31,"key":"FairyPotion"},{"floor":38,"key":"Block Potion"},{"floor":39,"key":"Explosive Potion"},{"floor":41,"key":"AttackPotion"},{"floor":44,"key":"Explosive Potion"}],"is_trial":false,"path_per_floor":["M","?","?","M","M","E","M","T","T","M","M","R","M","M","R","B",null,"M","?","M","$","M","R","E","M","T","?","R","T","M","E","R","B",null,"M","M","?","?","M","R","E","R","T","M","M"],"character_chosen":"SHAPESHIFTER","items_purchased":["Membership Card","StSShapeShifter:ThornsOfSummi"],"campfire_rested":7,"item_purchase_floors":[21,21],"current_hp_per_floor":[78,78,78,78,78,60,60,60,60,52,31,54,54,59,83,44,83,70,70,63,63,43,67,54,43,43,43,67,67,56,48,72,43,83,28,22,22,22,5,29,5,29,29,3,0,0],"gold":910,"neow_bonus":"RANDOM_COMMON_RELIC","is_daily":false,"chose_seed":false,"campfire_upgraded":0,"win_rate":0.0,"timestamp":1613688056,"path_taken":["M","?","?","M","?","E","M","?","T","M","M","R","?","M","R","BOSS","M","?","M","$","M","R","E","M","T","?","R","?","M","E","R","BOSS","M","M","?","?","M","R","E","R","T","M","M"],"items_purchased_type":["Relic","Relic"],"build_version":"2020-12-22","purchased_purges":0,"victory":false,"max_hp_per_floor":[78,78,78,78,78,78,78,78,78,78,78,78,78,83,83,83,83,83,83,83,83,83,83,83,83,83,83,83,83,83,83,83,83,83,83,83,83,83,83,83,83,83,83,83,83,83],"card_choices":[{"not_picked":["StSShapeShifter:RockSlide","StSShapeShifter:BloomingSlash"],"picked":"StSShapeShifter:BearForm","floor":1},{"not_picked":["StSShapeShifter:Rabid","StSShapeShifter:VineHandcuffs"],"picked":"StSShapeShifter:DeerForm","floor":4},{"not_picked":["StSShapeShifter:PoisonIvy","StSShapeShifter:BearForm"],"picked":"StSShapeShifter:FlowerShield","floor":5},{"not_picked":["StSShapeShifter:EagleForm","StSShapeShifter:OpportuneSwoop"],"picked":"StSShapeShifter:Guard","floor":6},{"not_picked":["StSShapeShifter:SunflowerShuriken","StSShapeShifter:BurstingSpore","StSShapeShifter:Maul"],"picked":"SKIP","floor":7},{"not_picked":["StSShapeShifter:VileMushroom","StSShapeShifter:Summer"],"picked":"StSShapeShifter:Evolution","floor":10},{"not_picked":["StSShapeShifter:ClimbTree","StSShapeShifter:OakBlade+1"],"picked":"StSShapeShifter:ThornedSkin","floor":11},{"not_picked":["StSShapeShifter:FlowerShield","StSShapeShifter:Sapling"],"picked":"StSShapeShifter:BloomingSlash+1","floor":13},{"not_picked":["StSShapeShifter:IntimidatingAura","StSShapeShifter:BaskInBloom"],"picked":"StSShapeShifter:MultiSpiritedStrike+1","floor":14},{"not_picked":["StSShapeShifter:MooseForm","StSShapeShifter:Summer"],"picked":"StSShapeShifter:PowerShifter","floor":16},{"not_picked":["StSShapeShifter:LeapingSlash+1","StSShapeShifter:BaskInBloom","StSShapeShifter:Sapling"],"picked":"SKIP","floor":18},{"not_picked":["StSShapeShifter:Rest","StSShapeShifter:BearForm"],"picked":"StSShapeShifter:HummingbirdForm","floor":20},{"not_picked":["StSShapeShifter:SquirrelForm","StSShapeShifter:ThornToss+1"],"picked":"StSShapeShifter:BloomingSlash+1","floor":22},{"not_picked":["StSShapeShifter:Guard+1","StSShapeShifter:BurstingSpore+1"],"picked":"StSShapeShifter:MysticalSeed+1","floor":24},{"not_picked":["StSShapeShifter:ShiftingStrike+1","StSShapeShifter:OakBlade+1","StSShapeShifter:Guard"],"picked":"SKIP","floor":25},{"not_picked":["StSShapeShifter:BurstingSpore+1","StSShapeShifter:PoisonIvy","StSShapeShifter:AdaptiveStrikes+1"],"picked":"SKIP","floor":30},{"not_picked":["StSShapeShifter:FallingLeaves","StSShapeShifter:VineHandcuffs+1"],"picked":"StSShapeShifter:Summer","floor":31},{"not_picked":["StSShapeShifter:Summon_Mountains","StSShapeShifter:LionForm"],"picked":"StSShapeShifter:DragonForm","floor":33},{"not_picked":["StSShapeShifter:WaspSwarmForm+1","StSShapeShifter:BarkSkin+1"],"picked":"StSShapeShifter:BladeOfGrass+1","floor":35},{"not_picked":["StSShapeShifter:Guard+1","StSShapeShifter:ShiftingStrike+1"],"picked":"StSShapeShifter:CosmicShifter+1","floor":36},{"not_picked":["StSShapeShifter:BarkSkin+1","StSShapeShifter:Sapling+1","StSShapeShifter:EntForm+1"],"picked":"SKIP","floor":39},{"not_picked":["StSShapeShifter:Rest+1","StSShapeShifter:OakBlade+1","StSShapeShifter:Uproot_Redwood+1"],"picked":"SKIP","floor":41},{"not_picked":["StSShapeShifter:Synchronicity","StSShapeShifter:BulwarkOfDiscovery+1","StSShapeShifter:Maul+1"],"picked":"SKIP","floor":44}],"player_experience":93543,"relics_obtained":[{"floor":6,"key":"Mercury Hourglass"},{"floor":8,"key":"Molten Egg 2"},{"floor":9,"key":"PreservedInsect"},{"floor":24,"key":"Whetstone"},{"floor":26,"key":"Old Coin"},{"floor":29,"key":"Bag of Preparation"},{"floor":31,"key":"MawBank"},{"floor":34,"key":"Bag of Marbles"},{"floor":34,"key":"Toxic Egg 2"},{"floor":34,"key":"StSShapeShifter:AlarmClock"},{"floor":41,"key":"Bottled Flame"},{"floor":43,"key":"White Beast Statue"}],"event_choices":[{"damage_healed":0,"gold_gain":0,"player_choice":"Ignored","damage_taken":0,"max_hp_gain":0,"max_hp_loss":0,"event_name":"Golden Idol","floor":2,"gold_loss":0},{"damage_healed":0,"gold_gain":0,"player_choice":"2 cards matched","damage_taken":0,"max_hp_gain":0,"max_hp_loss":0,"event_name":"Match and Keep!","floor":3,"gold_loss":0,"cards_obtained":["StSShapeShifter:Sapling","StSShapeShifter:CursedApple"]},{"cards_removed":["StSShapeShifter:CursedApple"],"damage_healed":0,"gold_gain":0,"player_choice":"Gave Gold","damage_taken":0,"max_hp_gain":0,"max_hp_loss":0,"event_name":"Beggar","floor":19,"gold_loss":75},{"damage_healed":0,"gold_gain":0,"player_choice":"Simplicity","damage_taken":0,"max_hp_gain":0,"max_hp_loss":8,"event_name":"betterThird:BetterWriting","floor":27,"gold_loss":0},{"damage_healed":0,"gold_gain":0,"player_choice":"Ignored","damage_taken":0,"max_hp_gain":0,"max_hp_loss":0,"event_name":"Mysterious Sphere","floor":37,"gold_loss":0},{"damage_healed":0,"gold_gain":0,"player_choice":"Got Potions","damage_taken":0,"max_hp_gain":0,"max_hp_loss":0,"event_name":"Lab","floor":38,"gold_loss":0}],"is_beta":false,"boss_relics":[{"not_picked":["Empty Cage","Coffee Dripper"],"picked":"SlaversCollar"},{"not_picked":["Busted Crown","Pandora\u0027s Box"],"picked":"Calling Bell"}],"items_purged_floors":[],"is_endless":false,"potions_floor_spawned":[1,11,14,16,24,25,31,39,41,44],"killed_by":"Writhing Mass","ascension_level":0}}