{"host":"ydg0vn0pu4pubmdt","time":1613678757,"event":{"mods":["AchievementEnabler","BaseMod","Colored Map","Minty Spire (QoL Compilation)","Quick Restart","SuperFastMode"],"gold_per_floor":[116,41,41,52,52,80,99,99,125,141,66,66,77,111,111,186,186,205,44,44,38,38,67,67,87,112,125,157,82,82,155,155,155,155],"floor_reached":33,"language":"KOR","playtime":867,"items_purged":["Strike_G"],"score":636,"play_id":"bd2baffe-162c-4f80-9422-b44d451ecc4c","local_time":"20210219050557","is_ascension_mode":true,"campfire_choices":[{"data":"Adrenaline","floor":8.0,"key":"SMITH"},{"data":"Noxious Fumes","floor":12.0,"key":"SMITH"},{"data":"Glass Knife","floor":15.0,"key":"SMITH"},{"data":"Flechettes","floor":24.0,"key":"SMITH"},{"data":"Bullet Time","floor":32.0,"key":"SMITH"}],"circlet_count":0,"master_deck":["AscendersBane","Strike_G","Strike_G","Strike_G","Defend_G","Defend_G","Defend_G","Survivor","Neutralize","Reflex","Noxious Fumes+1","Adrenaline+1","All Out Attack","Backflip","Blade Dance","Glass Knife+1","Venomology","Flechettes+1","Escape Plan","Bullet Time+1"],"relics":["Ring of the Snake","NeowsBlessing","Blood Vial","Gremlin Horn","Omamori","Tiny Chest","Runic Pyramid","Toy Ornithopter","Boot","Nunchaku","Bag of Marbles","Sundial"],"acts_visited":["Exordium","TheCity"],"potions_floor_usage":[33,33],"damage_taken":[{"damage":0.0,"enemies":"Small Slimes","floor":1.0,"turns":1.0},{"damage":0.0,"enemies":"Jaw Worm","floor":4.0,"turns":1.0},{"damage":0.0,"enemies":"Gremlin Nob","floor":6.0,"turns":2.0},{"damage":3.0,"enemies":"Cultist","floor":7.0,"turns":4.0},{"damage":11.0,"enemies":"3 Louse","floor":10.0,"turns":2.0},{"damage":1.0,"enemies":"Blue Slaver","floor":13.0,"turns":3.0},{"damage":5.0,"enemies":"3 Sentries","floor":14.0,"turns":3.0},{"damage":25.0,"enemies":"The Guardian","floor":16.0,"turns":10.0},{"damage":9.0,"enemies":"Spheric Guardian","floor":18.0,"turns":4.0},{"damage":10.0,"enemies":"2 Thieves","floor":21.0,"turns":4.0},{"damage":23.0,"enemies":"Slavers","floor":23.0,"turns":5.0},{"damage":13.0,"enemies":"Snake Plant","floor":25.0,"turns":4.0},{"damage":8.0,"enemies":"Centurion and Healer","floor":27.0,"turns":4.0},{"damage":26.0,"enemies":"Book of Stabbing","floor":28.0,"turns":4.0},{"damage":53,"enemies":"Collector","floor":33,"turns":6}],"seed_played":"6144567962150230156","potions_obtained":[{"floor":1.0,"key":"DistilledChaos"},{"floor":6.0,"key":"Explosive Potion"},{"floor":16.0,"key":"Poison Potion"},{"floor":18.0,"key":"Dexterity Potion"},{"floor":25.0,"key":"Regen Potion"},{"floor":27.0,"key":"Block Potion"}],"is_trial":false,"path_per_floor":["M","?","?","M","?","E","M","R","T","M","$","R","M","E","R","B",null,"M","$","?","M","?","E","R","M","T","M","E","?","$","T","R","B"],"character_chosen":"THE_SILENT","items_purchased":["Toy Ornithopter"],"campfire_rested":0,"item_purchase_floors":[19],"current_hp_per_floor":[59,59,54,56,56,58,57,57,57,48,48,48,49,46,46,23,55,48,48,48,50,50,48,48,47,47,65,40,40,40,40,40,0,0],"gold":155,"neow_bonus":"THREE_ENEMY_KILL","is_daily":false,"chose_seed":false,"campfire_upgraded":5,"win_rate":0.0,"timestamp":1613678757,"path_taken":["M","?","?","M","?","E","M","R","T","M","$","R","?","E","R","BOSS","M","$","?","M","?","E","R","M","T","M","E","?","$","?","R","BOSS"],"items_purchased_type":["Relic"],"build_version":"2020-12-22","purchased_purges":1,"victory":false,"max_hp_per_floor":[66,66,66,66,66,66,66,66,66,66,66,66,66,66,66,66,66,66,66,66,66,66,66,66,66,66,66,66,66,66,66,66,66,66],"card_choices":[{"not_picked":["Calculated Gamble","Dash"],"picked":"Reflex","floor":1.0},{"not_picked":["Quick Slash","Bane"],"picked":"Noxious Fumes","floor":4.0},{"not_picked":["Crippling Poison","Well Laid Plans"],"picked":"Adrenaline","floor":6.0},{"not_picked":["Dodge and Roll","Expertise"],"picked":"All Out Attack","floor":7.0},{"not_picked":["Deadly Poison","Infinite Blades"],"picked":"Backflip","floor":10.0},{"not_picked":["Terror","Quick Slash"],"picked":"Blade Dance","floor":13.0},{"not_picked":["Distraction","Poisoned Stab"],"picked":"Glass Knife","floor":14.0},{"not_picked":["Doppelganger","Burst"],"picked":"Venomology","floor":16.0},{"not_picked":["Dagger Throw","Noxious Fumes","Poisoned Stab"],"picked":"SKIP","floor":18.0},{"not_picked":["Acrobatics","Bane"],"picked":"Flechettes","floor":21.0},{"not_picked":["Sucker Punch","Footwork","Flechettes"],"picked":"SKIP","floor":23.0},{"not_picked":["Finisher","Deflect","Dodge and Roll"],"picked":"SKIP","floor":25.0},{"not_picked":["Underhanded Strike","Acrobatics","Noxious Fumes"],"picked":"SKIP","floor":27.0},{"not_picked":["Underhanded Strike","Sucker Punch"],"picked":"Bullet Time","floor":28.0}],"player_experience":611687,"relics_obtained":[{"floor":6.0,"key":"Gremlin Horn"},{"floor":9.0,"key":"Omamori"},{"floor":14.0,"key":"Tiny Chest"},{"floor":23.0,"key":"Boot"},{"floor":26.0,"key":"Nunchaku"},{"floor":28.0,"key":"Bag of Marbles"},{"floor":31.0,"key":"Sundial"}],"event_choices":[{"cards_removed":["Strike_G"],"damage_healed":0.0,"max_hp_gain":0.0,"max_hp_loss":0.0,"gold_gain":0.0,"event_name":"The Cleric","player_choice":"Card Removal","floor":2.0,"gold_loss":75.0,"damage_taken":0.0},{"damage_healed":0.0,"max_hp_gain":0.0,"max_hp_loss":0.0,"gold_gain":0.0,"event_name":"Scrap Ooze","player_choice":"Success","floor":3.0,"gold_loss":0.0,"damage_taken":5.0,"relics_obtained":["Blood Vial"]},{"cards_removed":["Defend_G"],"damage_healed":0.0,"max_hp_gain":0.0,"max_hp_loss":0.0,"gold_gain":0.0,"event_name":"Bonfire Elementals","player_choice":"Offered Basic","floor":5.0,"gold_loss":0.0,"damage_taken":0.0},{"damage_healed":0.0,"max_hp_gain":0.0,"max_hp_loss":0.0,"gold_gain":0.0,"event_name":"The Library","player_choice":"Read","floor":22.0,"gold_loss":0.0,"damage_taken":0.0,"cards_obtained":["Escape Plan"]},{"cards_removed":["Defend_G"],"damage_healed":0.0,"max_hp_gain":0.0,"max_hp_loss":0.0,"gold_gain":0.0,"event_name":"Beggar","player_choice":"Gave Gold","floor":29.0,"gold_loss":75.0,"damage_taken":0.0}],"is_beta":false,"boss_relics":[{"not_picked":["Philosopher\u0027s Stone","Runic Dome"],"picked":"Runic Pyramid"}],"items_purged_floors":[11],"is_endless":false,"potions_floor_spawned":[1,6,13,16,18,23,25,27],"killed_by":"Collector","ascension_level":20}}