{"host":"g3js2eermvvpeiqn","time":1613686014,"event":{"mods":["BaseMod","DeckTracker","Downfall","Minty Spire (QoL Compilation)","Quick Restart","StSLib"],"gold_per_floor":[119,3,3,78,228,268,58,58,58,58,58,78,78,78,78,168,168,187,212,212,212,212],"floor_reached":21,"language":"ENG","playtime":1019,"items_purged":["Strike_B","Doubt"],"score":366,"play_id":"b0d1291e-94dc-49d2-8443-f31928c3c5d3","local_time":"20210218160654","is_ascension_mode":true,"campfire_choices":[{"data":"Hologram","floor":10.0,"key":"SMITH"},{"floor":15.0,"key":"REST"}],"circlet_count":0,"master_deck":["AscendersBane","Strike_B","Strike_B","Strike_B","Defend_B","Defend_B","Defend_B","Defend_B","Zap","Dualcast","Hologram+1","Capacitor","Defragment","Undo","Echo Form","Gash","Gash"],"relics":["Cracked Core","Pocketwatch","Golden Idol","Question Card","Bag of Preparation","Eternal Feather","DataDisk","Cursed Key"],"acts_visited":["Exordium","TheCity"],"potions_floor_usage":[21],"damage_taken":[{"damage":1.0,"enemies":"2 Louse","floor":1.0,"turns":2.0},{"damage":32.0,"enemies":"3 Sentries","floor":6.0,"turns":9.0},{"damage":0.0,"enemies":"Gremlin Nob","floor":8.0,"turns":1.0},{"damage":2.0,"enemies":"Jaw Worm","floor":12.0,"turns":3.0},{"damage":8.0,"enemies":"Slime Boss","floor":16.0,"turns":8.0},{"damage":30.0,"enemies":"2 Thieves","floor":18.0,"turns":5.0},{"damage":18.0,"enemies":"3 Byrds","floor":19.0,"turns":5.0},{"damage":11,"enemies":"Cultist and Chosen","floor":21,"turns":3}],"seed_played":"-4004394466758162649","potions_obtained":[{"floor":1.0,"key":"DistilledChaos"},{"floor":6.0,"key":"Block Potion"},{"floor":12.0,"key":"Swift Potion"},{"floor":18.0,"key":"FearPotion"}],"is_trial":false,"path_per_floor":["M","$","?","T","?","E","$","E","T","R","$","M","T","$","R","B",null,"M","M","?","M"],"character_chosen":"DEFECT","items_purchased":["Capacitor","SmokeBomb"],"campfire_rested":1,"item_purchase_floors":[2,7],"current_hp_per_floor":[45,45,45,45,45,13,13,13,13,19,19,17,17,17,42,34,57,27,9,9,0,0],"gold":212,"neow_bonus":"ONE_RARE_RELIC","is_daily":false,"chose_seed":false,"campfire_upgraded":1,"win_rate":0.0,"timestamp":1613686014,"path_taken":["M","$","?","?","?","E","$","E","T","R","?","?","?","?","R","BOSS","M","M","?","M"],"items_purchased_type":["Card","Potion"],"build_version":"2020-12-22","purchased_purges":2,"victory":false,"max_hp_per_floor":[71,71,64,64,64,64,64,64,64,64,64,64,64,64,64,64,64,64,64,64,64,64],"card_choices":[{"not_picked":["Double Energy","Loop"],"picked":"Hologram","floor":1.0},{"not_picked":["Ball Lightning","Hologram","Stack"],"picked":"Defragment","floor":6.0},{"not_picked":["Beam Cell","Compile Driver","Stack"],"picked":"Undo","floor":12.0},{"not_picked":["Reboot","Multi-Cast","Core Surge"],"picked":"Echo Form","floor":16.0},{"not_picked":["Heatsinks+1","Conserve Battery","Compile Driver"],"picked":"Gash","floor":18.0},{"not_picked":["Go for the Eyes","Barrage","Beam Cell"],"picked":"Gash","floor":19.0}],"player_experience":1492576,"relics_obtained":[{"floor":4.0,"key":"Question Card"},{"floor":6.0,"key":"Bag of Preparation"},{"floor":9.0,"key":"Eternal Feather"},{"floor":13.0,"key":"DataDisk"}],"event_choices":[{"damage_healed":0.0,"max_hp_gain":0.0,"max_hp_loss":7.0,"gold_gain":0.0,"event_name":"Golden Idol","player_choice":"Lose Max HP","floor":3.0,"gold_loss":0.0,"damage_taken":0.0,"relics_obtained":["Golden Idol"]},{"damage_healed":0.0,"max_hp_gain":0.0,"max_hp_loss":0.0,"gold_gain":150.0,"event_name":"Liars Game","player_choice":"AGREE","floor":5.0,"gold_loss":0.0,"damage_taken":0.0,"cards_obtained":["Doubt"]},{"damage_healed":0.0,"max_hp_gain":0.0,"max_hp_loss":0.0,"gold_gain":0.0,"event_name":"Ghosts","player_choice":"Ignored","floor":20.0,"gold_loss":0.0,"damage_taken":0.0}],"is_beta":false,"boss_relics":[{"not_picked":["Fusion Hammer","SlaversCollar"],"picked":"Cursed Key"}],"items_purged_floors":[2,7],"is_endless":false,"potions_floor_spawned":[1,6,12,18],"killed_by":"Cultist and Chosen","ascension_level":20}}