{"host":"sygfylmorsvdndbx","time":1613664275,"event":{"mods":["AchievementEnabler","BaseMod","Bestiary","Highlight Path","Minty Spire (QoL Compilation)","Permanent Neow","Quick Restart","Relic Stats"],"gold_per_floor":[115,115,134,11,30,30,49,49,49,49,80,97,107,133,133,229,229,241,241,276,292,312,346,11,11,90,102,116,116,146,175,187,304,316,338,1349,564,564,579,579,597,597,622,652,652,681,681,697,697,697,697,697,12,43,43],"floor_reached":56,"language":"ENG","playtime":8179,"items_purged":["Shame","Zap","Normality","Normality"],"score":1988,"play_id":"e17d6532-616b-4c5d-9b0d-26a4e2d86620","local_time":"20210218110435","is_ascension_mode":true,"campfire_choices":[{"data":"Metamorphosis","floor":6.0,"key":"SMITH"},{"data":"Beam Cell","floor":8.0,"key":"SMITH"},{"data":"Cold Snap","floor":10.0,"key":"SMITH"},{"data":"Hologram","floor":15.0,"key":"SMITH"},{"data":"Machine Learning","floor":29.0,"key":"SMITH"},{"data":"Capacitor","floor":32.0,"key":"SMITH"},{"data":"Seek","floor":40.0,"key":"SMITH"},{"data":"Buffer","floor":42.0,"key":"SMITH"},{"data":"Reinforced Body","floor":45,"key":"SMITH"},{"floor":49,"key":"RECALL"},{"data":"Reinforced Body","floor":52,"key":"SMITH"}],"circlet_count":0,"master_deck":["AscendersBane","Strike_B+1","Strike_B+1","Strike_B+1","Strike_B+1","Defend_B+1","Defend_B+1","Defend_B+1","Defend_B+1","Metamorphosis+1","Reinforced Body+1","Cold Snap+1","Beam Cell+1","Compile Driver+1","Machine Learning+1","Self Repair","Hologram+1","Reinforced Body+1","Seek+1","Ball Lightning+1","Rebound+1","Compile Driver+1","RitualDagger+1","Capacitor+1","Buffer+1","Stack+1","Electrodynamics","Hologram+1","Rebound+1","Secret Technique","Defragment+1","Loop+1","Hologram+1","White Noise+1","Compile Driver+1","Thinking Ahead+1","Capacitor+1"],"relics":["Cracked Core","Pear","Incense Burner","Symbiotic Virus","Nuclear Battery","Red Mask","The Courier","Membership Card","Molten Egg 2","Whetstone","MawBank","Sozu","Pocketwatch","Orrery","Anchor","Regal Pillow","Cables","Emotion Chip","Ginger","Art of War","Toxic Egg 2","Bottled Lightning","Bag of Marbles","Lantern","Happy Flower","Vajra","Shuriken","Bag of Preparation","Centennial Puzzle","Akabeko","Sundial"],"acts_visited":["Exordium","TheCity","TheBeyond","TheEnding"],"potions_floor_usage":[50,55],"damage_taken":[{"damage":10.0,"enemies":"Small Slimes","floor":1.0,"turns":3.0},{"damage":0.0,"enemies":"Cultist","floor":3.0,"turns":4.0},{"damage":0.0,"enemies":"2 Louse","floor":5.0,"turns":2.0},{"damage":5.0,"enemies":"Looter","floor":7.0,"turns":4.0},{"damage":0.0,"enemies":"Gremlin Nob","floor":11.0,"turns":3.0},{"damage":6.0,"enemies":"Blue Slaver","floor":12.0,"turns":3.0},{"damage":20.0,"enemies":"Exordium Wildlife","floor":13.0,"turns":4.0},{"damage":0.0,"enemies":"Lagavulin","floor":14.0,"turns":3.0},{"damage":1.0,"enemies":"The Guardian","floor":16.0,"turns":8.0},{"damage":10.0,"enemies":"3 Byrds","floor":18.0,"turns":4.0},{"damage":11.0,"enemies":"Masked Bandits","floor":20.0,"turns":4.0},{"damage":7.0,"enemies":"Shell Parasite","floor":21.0,"turns":3.0},{"damage":4.0,"enemies":"Snecko","floor":22.0,"turns":5.0},{"damage":4.0,"enemies":"Slavers","floor":23.0,"turns":5.0},{"damage":4.0,"enemies":"3 Cultists","floor":27.0,"turns":5.0},{"damage":0.0,"enemies":"Sentry and Sphere","floor":28.0,"turns":3.0},{"damage":18.0,"enemies":"Gremlin Leader","floor":30.0,"turns":7.0},{"damage":3.0,"enemies":"Cultist and Chosen","floor":31.0,"turns":4.0},{"damage":0.0,"enemies":"Collector","floor":33.0,"turns":5.0},{"damage":0.0,"enemies":"3 Shapes","floor":35.0,"turns":4.0},{"damage":23.0,"enemies":"3 Darklings","floor":39.0,"turns":8.0},{"damage":0.0,"enemies":"Spire Growth","floor":41.0,"turns":3.0},{"damage":14,"enemies":"Reptomancer","floor":44,"turns":4},{"damage":9,"enemies":"Giant Head","floor":46,"turns":5},{"damage":0,"enemies":"Sphere and 2 Shapes","floor":48,"turns":2},{"damage":12,"enemies":"Time Eater","floor":50,"turns":11},{"damage":6,"enemies":"Shield and Spear","floor":54,"turns":6},{"damage":54,"enemies":"The Heart","floor":55,"turns":8}],"seed_played":"-1620578178160038619","potions_obtained":[{"floor":7.0,"key":"Swift Potion"},{"floor":12.0,"key":"LiquidMemories"},{"floor":14.0,"key":"SteroidPotion"},{"floor":18.0,"key":"SteroidPotion"},{"floor":23.0,"key":"SmokeBomb"},{"floor":28.0,"key":"GamblersBrew"},{"floor":33.0,"key":"DistilledChaos"}],"is_trial":false,"path_per_floor":["M","?","M","$","M","R","M","R","T","R","E","M","M","E","R","B",null,"M","?","?","M","M","E","$","?","T","M","M","R","E","M","R","B",null,"M","?","$","?","M","R","M","R","T","E","R","E","?","M","R","B",null,"R","$","E","B",null],"character_chosen":"DEFECT","items_purchased":["Swift Potion","Membership Card","Molten Egg 2","Whetstone","Pocketwatch","Orrery","Anchor","Regal Pillow","Cables","Emotion Chip","Ginger","Secret Technique","Bag of Marbles","Lantern","Happy Flower","Vajra","Shuriken","Bag of Preparation","Centennial Puzzle","Compile Driver+1","Akabeko","Thinking Ahead+1"],"campfire_rested":0,"item_purchase_floors":[4,24,24,24,37,37,37,37,37,37,37,37,53,53,53,53,53,53,53,53,53,53],"current_hp_per_floor":[58,58,58,58,58,58,53,53,63,63,63,64,51,51,51,57,78,68,68,64,57,60,63,63,57,57,60,60,60,49,53,53,60,79,85,85,85,85,69,69,69,69,69,62,62,60,60,60,60,55,75,75,75,76,29],"gold":43,"neow_bonus":"RANDOM_COLORLESS_2","is_daily":false,"chose_seed":false,"campfire_upgraded":10,"win_rate":0.0,"timestamp":1613664275,"path_taken":["M","?","M","$","?","R","?","R","T","R","E","M","M","E","R","BOSS","M","?","?","M","M","E","$","?","T","M","M","R","E","M","R","BOSS","M","?","$","?","M","R","M","R","T","E","R","E","?","M","R","BOSS","R","$","E","BOSS"],"items_purchased_type":["Potion","Relic","Relic","Relic","Relic","Relic","Relic","Relic","Relic","Relic","Relic","Card","Relic","Relic","Relic","Relic","Relic","Relic","Relic","Card","Relic","Card"],"build_version":"2020-12-22","purchased_purges":4,"victory":true,"max_hp_per_floor":[75,75,75,75,75,75,75,75,85,85,85,85,85,85,85,85,85,85,85,85,85,85,85,85,85,85,85,85,85,85,85,85,85,85,85,85,85,85,85,85,85,85,85,85,85,85,81,81,81,81,81,81,81,81,81],"relic_stats":{"Regal Pillow":0,"Happy Flower":[4],"counters":[28,130],"Bag of Preparation":[4],"Whetstone":["Compile Driver","Compile Driver"],"Ginger":[5],"MawBank":84,"Cables":[48,38,0,2,8],"Sozu":3,"Emotion Chip":[34,20,3,3,8],"Centennial Puzzle":[6],"Shuriken":[9],"Sundial":[0],"Art of War":[6],"obtain_stats":[{"Regal Pillow":37,"Lantern":53,"Vajra":53,"Incense Burner":11,"Bag of Preparation":53,"Whetstone":24,"Ginger":37,"Sozu":34,"Emotion Chip":37,"Centennial Puzzle":53,"Sundial":54,"Red Mask":20,"Toxic Egg 2":44,"Cracked Core":0,"Pear":9,"Happy Flower":53,"The Courier":23,"MawBank":30,"Akabeko":53,"Nuclear Battery":17,"Cables":37,"Anchor":37,"Shuriken":53,"Orrery":37,"Molten Egg 2":24,"Art of War":43,"Bag of Marbles":53,"Membership Card":24,"Bottled Lightning":46,"Symbiotic Virus":14,"Pocketwatch":37},{"Regal Pillow":20,"Lantern":26,"Vajra":26,"Incense Burner":5,"Bag of Preparation":26,"Whetstone":14,"Ginger":20,"Sozu":19,"Emotion Chip":20,"Centennial Puzzle":26,"Sundial":27,"Red Mask":11,"Toxic Egg 2":23,"Cracked Core":0,"Pear":4,"Happy Flower":26,"The Courier":14,"MawBank":17,"Akabeko":26,"Nuclear Battery":9,"Cables":20,"Anchor":20,"Shuriken":26,"Orrery":20,"Molten Egg 2":14,"Art of War":22,"Bag of Marbles":26,"Membership Card":14,"Bottled Lightning":24,"Symbiotic Virus":8,"Pocketwatch":20},{"Regal Pillow":83,"Lantern":116,"Vajra":116,"Incense Burner":16,"Bag of Preparation":116,"Whetstone":55,"Ginger":83,"Sozu":79,"Emotion Chip":83,"Centennial Puzzle":116,"Sundial":122,"Red Mask":42,"Toxic Egg 2":98,"Cracked Core":0,"Pear":13,"Happy Flower":116,"The Courier":55,"MawBank":70,"Akabeko":116,"Nuclear Battery":34,"Cables":83,"Anchor":83,"Shuriken":116,"Orrery":83,"Molten Egg 2":55,"Art of War":94,"Bag of Marbles":116,"Membership Card":55,"Bottled Lightning":103,"Symbiotic Virus":26,"Pocketwatch":83}],"Pocketwatch":[42]},"card_choices":[{"not_picked":["Sadistic Nature","Transmutation"],"picked":"Metamorphosis","floor":0.0},{"not_picked":["Beam Cell","Storm"],"picked":"Reinforced Body","floor":1.0},{"not_picked":["Sweeping Beam","Hologram"],"picked":"Beam Cell","floor":3.0},{"not_picked":["Hello World","Skim"],"picked":"Compile Driver","floor":5.0},{"not_picked":["Force Field","Sweeping Beam"],"picked":"Machine Learning","floor":7.0},{"not_picked":["Cold Snap","Go for the Eyes"],"picked":"Self Repair","floor":11.0},{"not_picked":["Force Field","Ball Lightning"],"picked":"Hologram","floor":12.0},{"not_picked":["Redo","Amplify"],"picked":"Reinforced Body","floor":13.0},{"not_picked":["White Noise","Lockon","Heatsinks"],"picked":"SKIP","floor":14.0},{"not_picked":["Reboot","Meteor Strike"],"picked":"Seek","floor":16.0},{"not_picked":["Barrage","Cold Snap","Coolheaded"],"picked":"SKIP","floor":18.0},{"not_picked":["Cold Snap+1","Leap"],"picked":"Ball Lightning+1","floor":20.0},{"not_picked":["Reinforced Body","Darkness+1"],"picked":"Rebound+1","floor":21.0},{"not_picked":["BootSequence+1","Turbo+1"],"picked":"Compile Driver","floor":22.0},{"not_picked":["Sunder+1","Sweeping Beam","Beam Cell"],"picked":"SKIP","floor":23.0},{"not_picked":["Steam","Compile Driver+1"],"picked":"Capacitor","floor":27.0},{"not_picked":["Capacitor+1","Undo","Streamline+1"],"picked":"SKIP","floor":28.0},{"not_picked":["Steam Power","Darkness+1","Beam Cell+1"],"picked":"SKIP","floor":30.0},{"not_picked":["Rainbow","Undo","Auto Shields+1"],"picked":"SKIP","floor":31.0},{"not_picked":["Biased Cognition","Fission"],"picked":"Buffer","floor":33.0},{"not_picked":["Sweeping Beam+1","Turbo"],"picked":"Stack+1","floor":35.0},{"not_picked":["Reprogram+1","Fusion"],"picked":"Electrodynamics","floor":37.0},{"not_picked":["Coolheaded+1","Rebound+1"],"picked":"Hologram+1","floor":37.0},{"not_picked":["Reboot","Conserve Battery"],"picked":"Rebound+1","floor":37.0},{"not_picked":["Stack","Darkness","Force Field+1"],"picked":"SKIP","floor":39.0},{"not_picked":["Consume","Streamline+1"],"picked":"Defragment+1","floor":41.0},{"not_picked":["Hyperbeam+1","Barrage+1"],"picked":"Loop+1","floor":44},{"not_picked":["Force Field+1","Self Repair"],"picked":"Hologram+1","floor":46},{"not_picked":["Sweeping Beam+1","Fusion+1"],"picked":"White Noise+1","floor":48},{"not_picked":["Skim+1","Redo+1"],"picked":"Capacitor+1","floor":54}],"player_experience":565953,"relics_obtained":[{"floor":9.0,"key":"Pear"},{"floor":11.0,"key":"Incense Burner"},{"floor":14.0,"key":"Symbiotic Virus"},{"floor":20.0,"key":"Red Mask"},{"floor":23.0,"key":"The Courier"},{"floor":30.0,"key":"MawBank"},{"floor":43.0,"key":"Art of War"},{"floor":44,"key":"Toxic Egg 2"},{"floor":46,"key":"Bottled Lightning"},{"floor":54,"key":"Sundial"}],"event_choices":[{"damage_healed":0.0,"max_hp_gain":0.0,"max_hp_loss":0.0,"gold_gain":0.0,"event_name":"Match and Keep!","player_choice":"1 cards matched","floor":2.0,"gold_loss":0.0,"damage_taken":0.0,"cards_obtained":["Cold Snap"]},{"damage_healed":0.0,"max_hp_gain":0.0,"max_hp_loss":0.0,"gold_gain":0.0,"event_name":"Match and Keep!","player_choice":"1 cards matched","floor":2.0,"gold_loss":0.0,"damage_taken":0.0,"cards_obtained":["Cold Snap"]},{"damage_healed":0.0,"max_hp_gain":0.0,"max_hp_loss":0.0,"gold_gain":0.0,"event_name":"Back to Basics","player_choice":"Simplicity","floor":19.0,"gold_loss":0.0,"damage_taken":0.0,"cards_upgraded":["Strike_B","Strike_B","Strike_B","Strike_B","Defend_B","Defend_B","Defend_B","Defend_B"]},{"damage_healed":0.0,"max_hp_gain":0.0,"max_hp_loss":0.0,"gold_gain":0.0,"event_name":"Masked Bandits","player_choice":"Fought Bandits","floor":20.0,"gold_loss":0.0,"damage_taken":0.0},{"damage_healed":0.0,"max_hp_gain":0.0,"max_hp_loss":0.0,"gold_gain":0.0,"event_name":"Nest","player_choice":"Joined the Cult","floor":25.0,"gold_loss":0.0,"damage_taken":6.0,"cards_obtained":["RitualDagger"]},{"damage_healed":0.0,"max_hp_gain":0.0,"max_hp_loss":0.0,"gold_gain":999.0,"event_name":"MindBloom","player_choice":"Gold","floor":36.0,"gold_loss":0.0,"damage_taken":0.0,"cards_obtained":["Normality","Normality"]},{"cards_removed":["Dualcast"],"damage_healed":0.0,"max_hp_gain":0.0,"max_hp_loss":0.0,"gold_gain":0.0,"event_name":"Falling","player_choice":"Removed Skill","floor":38.0,"gold_loss":0.0,"damage_taken":0.0},{"damage_healed":0,"gold_gain":0,"player_choice":"Max HP","damage_taken":0,"max_hp_gain":0,"max_hp_loss":4,"event_name":"Winding Halls","floor":47,"gold_loss":0}],"is_beta":false,"boss_relics":[{"not_picked":["Runic Pyramid","Inserter"],"picked":"Nuclear Battery"},{"not_picked":["Calling Bell","Fusion Hammer"],"picked":"Sozu"}],"items_purged_floors":[4,24,37,53],"is_endless":false,"potions_floor_spawned":[7,12,14,18,23,28,31,33,39,41,46],"ascension_level":11}}