{"host":"8zow35rkxv448q2r","time":1613659658,"event":{"mods":["AchievementEnabler","BaseMod","Colored Map","Colored Powertips","Minty Spire (QoL Compilation)","Relic Stats"],"gold_per_floor":[110,121,98936,98994,98223,98223,98223,98241,98265,98265,98290,98290,98307,98338,98338,98412,98412,98426,97299,96417,96417,96443,96468,95729,95758,95782,95782,95697,95697,95717,94709,94709,94780,94780,94791,94791,94791,94801,94818,94818,94778,94778,94826,94839,93990,94035,93429,92693,92693,92693,92693,92693,91785,91819,91819,91819],"floor_reached":55,"language":"ENG","playtime":4412,"items_purged":["Warcry","Sentinel+1"],"score":1355,"play_id":"6ab3560d-d97a-46ab-bc3d-38c4c82d90ab","local_time":"20210218094738","is_ascension_mode":true,"campfire_choices":[{"floor":6.0,"key":"REST"},{"data":"ForeignInfluence","floor":10.0,"key":"SMITH"},{"floor":15.0,"key":"REST"},{"data":"Apotheosis","floor":32.0,"key":"SMITH"},{"data":"Alpha","floor":40,"key":"SMITH"},{"floor":42,"key":"RECALL"},{"data":"Spot Weakness","floor":49,"key":"SMITH"},{"data":"Berserk","floor":52,"key":"SMITH"}],"circlet_count":0,"master_deck":["AscendersBane","Strike_R+1","Strike_R+1","Defend_R+1","Defend_R+1","Defend_R+1","Defend_R+1","Bash","Feel No Pain","Pummel","Seeing Red+1","Evolve","Carnage+1","Metallicize","Power Through","ForeignInfluence+1","Cleave","Second Wind+1","Double Tap+1","Exhume","ForeignInfluence+1","Apotheosis+1","Alpha+1","Berserk+1","Spot Weakness+1"],"relics":["Mark of Pain","PrismaticShard","Gremlin Horn","Bottled Flame","Blood Vial","Gambling Chip","Chemical X","Nunchaku","PreservedInsect","MealTicket","Astrolabe","WingedGreaves","Meat on the Bone","DollysMirror","TungstenRod","Pear","Toolbox","Red Mask","Toy Ornithopter","Omamori","Pocketwatch","OrangePellets","Smiling Mask","Potion Belt","MutagenicStrength","StrikeDummy","Shuriken","Akabeko","TheAbacus","Calling Bell","Juzu Bracelet","Singing Bowl","Magic Flower","Self Forming Clay","Bag of Marbles","HandDrill","Bird Faced Urn","Blue Candle","Cauldron","Happy Flower","Strange Spoon","Dream Catcher","Champion Belt","Sundial","Brimstone","Charon\u0027s Ashes","Ornamental Fan"],"acts_visited":["Exordium","TheCity","TheBeyond","TheEnding"],"potions_floor_usage":[39,50,50,54,55,55,55],"damage_taken":[{"damage":6.0,"enemies":"Cultist","floor":1.0,"turns":5.0},{"damage":14.0,"enemies":"2 Louse","floor":2.0,"turns":3.0},{"damage":4.0,"enemies":"Small Slimes","floor":8.0,"turns":2.0},{"damage":0.0,"enemies":"Blue Slaver","floor":13.0,"turns":1.0},{"damage":17.0,"enemies":"Lagavulin","floor":14.0,"turns":5.0},{"damage":59.0,"enemies":"The Guardian","floor":16.0,"turns":9.0},{"damage":18.0,"enemies":"Shell Parasite","floor":18.0,"turns":6.0},{"damage":0.0,"enemies":"Masked Bandits","floor":22.0,"turns":4.0},{"damage":0.0,"enemies":"Gremlin Leader","floor":23.0,"turns":5.0},{"damage":19.0,"enemies":"Book of Stabbing","floor":25.0,"turns":4.0},{"damage":0.0,"enemies":"Chosen","floor":29.0,"turns":1.0},{"damage":7.0,"enemies":"Sentry and Sphere","floor":30.0,"turns":4.0},{"damage":35.0,"enemies":"Champ","floor":33.0,"turns":9.0},{"damage":29.0,"enemies":"3 Darklings","floor":35.0,"turns":6.0},{"damage":19.0,"enemies":"3 Shapes","floor":38.0,"turns":3.0},{"damage":0,"enemies":"Spire Growth","floor":39,"turns":5},{"damage":32,"enemies":"Sphere and 2 Shapes","floor":44,"turns":5},{"damage":12,"enemies":"2 Orb Walkers","floor":46,"turns":4},{"damage":37,"enemies":"Time Eater","floor":50,"turns":11},{"damage":60,"enemies":"Shield and Spear","floor":54,"turns":4},{"damage":115,"enemies":"The Heart","floor":55,"turns":5}],"seed_played":"1610736619810717799","potions_obtained":[{"floor":13.0,"key":"Swift Potion"},{"floor":14.0,"key":"SteroidPotion"},{"floor":16.0,"key":"BlessingOfTheForge"},{"floor":18.0,"key":"Fire Potion"},{"floor":22.0,"key":"BlessingOfTheForge"},{"floor":33.0,"key":"Energy Potion"},{"floor":39,"key":"FearPotion"},{"floor":41,"key":"SkillPotion"},{"floor":41,"key":"DuplicationPotion"},{"floor":41,"key":"Weak Potion"},{"floor":44,"key":"DuplicationPotion"},{"floor":46,"key":"DuplicationPotion"},{"floor":54,"key":"SmokeBomb"}],"is_trial":false,"path_per_floor":["M","M","$","?","$","R","?","M","T","R","T","?","M","E","R","B",null,"M","$","$","?","?","E","$","E","T","?","?","M","M","$","R","B",null,"M","?","?","M","M","R","?","R","T","M","$","?","$","$","R","B",null,"R","$","E","B"],"character_chosen":"IRONCLAD","items_purchased":["Warcry","Seeing Red","PrismaticShard","Gremlin Horn","Evolve","Carnage","Fire Potion","AttackPotion","Bottled Flame","Blood Vial","Gambling Chip","Chemical X","Metallicize","Power Through","WingedGreaves","Meat on the Bone","DistilledChaos","Exhume","DollysMirror","TungstenRod","Pear","Toolbox","SmokeBomb","Omamori","Pocketwatch","OrangePellets","BlessingOfTheForge","Apotheosis","Shuriken","Akabeko","TheAbacus","ColorlessPotion","EssenceOfSteel","Block Potion","DistilledChaos","Self Forming Clay","Bag of Marbles","HandDrill","Berserk","Blue Candle","Cauldron","Happy Flower","Strange Spoon","Dream Catcher","Champion Belt","Spot Weakness","Sundial","Brimstone","Charon\u0027s Ashes","SkillPotion","LiquidBronze"],"campfire_rested":2,"item_purchase_floors":[3,3,3,3,3,3,3,3,3,5,5,5,5,5,19,19,19,19,19,20,20,20,20,24,24,24,24,31,31,31,31,31,31,31,45,45,45,45,45,47,47,47,48,48,48,48,53,53,53,53,53],"current_hp_per_floor":[62,48,48,48,48,70,70,68,68,68,68,68,70,55,75,16,60,44,59,84,84,85,85,85,66,66,66,66,68,63,78,78,54,77,53,53,55,59,72,72,72,72,72,63,78,71,86,97,97,85,94,94,97,66,0,0],"gold":91819,"neow_bonus":"BOSS_RELIC","is_daily":false,"chose_seed":false,"campfire_upgraded":5,"win_rate":0.0,"timestamp":1613659658,"path_taken":["M","?","$","?","$","R","?","M","T","R","?","?","?","E","R","BOSS","M","?","$","?","?","E","$","E","T","?","?","?","M","$","R","BOSS","M","?","?","M","M","R","?","R","T","M","$","?","$","$","R","BOSS","R","$","E","BOSS"],"items_purchased_type":["Card","Card","Relic","Relic","Card","Card","Potion","Potion","Relic","Relic","Relic","Relic","Card","Card","Relic","Relic","Potion","Card","Relic","Relic","Relic","Relic","Potion","Relic","Relic","Relic","Potion","Card","Relic","Relic","Relic","Potion","Potion","Potion","Potion","Relic","Relic","Relic","Card","Relic","Relic","Relic","Relic","Relic","Relic","Card","Relic","Relic","Relic","Potion","Potion"],"build_version":"2020-12-22","purchased_purges":2,"victory":false,"max_hp_per_floor":[75,75,75,75,75,75,75,75,75,75,75,75,75,75,75,75,75,75,75,85,85,85,85,85,85,85,85,85,85,85,85,85,85,85,87,87,89,91,93,93,93,93,93,95,95,97,97,97,97,97,97,97,97,99,99,99],"relic_stats":{"Gremlin Horn":[15,15],"Singing Bowl":14,"Magic Flower":[53],"Juzu Bracelet":2,"Smiling Mask":0,"Blood Vial":33,"Nunchaku":[17],"Dream Catcher":0,"TheAbacus":[54],"Sundial":[0],"Gambling Chip":[8],"MealTicket":89,"HandDrill":[6],"Chemical X":[2],"Happy Flower":[6],"counters":[21,101],"Self Forming Clay":[93],"Astrolabe":["Second Wind","Sentinel","Double Tap"],"Blue Candle":[0],"PreservedInsect":210,"Charon\u0027s Ashes":[30],"OrangePellets":[10],"Strange Spoon":[11],"Shuriken":[15],"Ornamental Fan":[0],"Bird Faced Urn":[42],"Champion Belt":[18],"obtain_stats":[{"Gremlin Horn":3,"Singing Bowl":34,"Magic Flower":34,"Juzu Bracelet":34,"PrismaticShard":3,"Smiling Mask":25,"Burning Blood":0,"Blood Vial":5,"Nunchaku":9,"Dream Catcher":48,"TheAbacus":31,"DollysMirror":19,"Sundial":53,"Gambling Chip":5,"Toolbox":20,"MealTicket":14,"WingedGreaves":19,"Red Mask":22,"HandDrill":45,"Chemical X":5,"Potion Belt":26,"Pear":20,"Happy Flower":47,"Self Forming Clay":45,"Astrolabe":17,"Blue Candle":47,"PreservedInsect":11,"Charon\u0027s Ashes":53,"Omamori":24,"Akabeko":31,"Calling Bell":34,"OrangePellets":24,"Cauldron":47,"Strange Spoon":48,"Bottled Flame":3,"Shuriken":31,"Brimstone":53,"Ornamental Fan":54,"MutagenicStrength":27,"Bird Faced Urn":46,"Mark of Pain":0,"Bag of Marbles":45,"Champion Belt":48,"StrikeDummy":28,"TungstenRod":20,"Toy Ornithopter":23,"Meat on the Bone":19,"Pocketwatch":24},{"Gremlin Horn":2,"Singing Bowl":13,"Magic Flower":13,"Juzu Bracelet":13,"PrismaticShard":2,"Smiling Mask":10,"Burning Blood":0,"Blood Vial":2,"Nunchaku":3,"Dream Catcher":18,"TheAbacus":12,"DollysMirror":7,"Sundial":19,"Gambling Chip":2,"Toolbox":7,"MealTicket":5,"WingedGreaves":7,"Red Mask":8,"HandDrill":17,"Chemical X":2,"Potion Belt":10,"Pear":7,"Happy Flower":18,"Self Forming Clay":17,"Astrolabe":6,"Blue Candle":18,"PreservedInsect":3,"Charon\u0027s Ashes":19,"Omamori":9,"Akabeko":12,"Calling Bell":13,"OrangePellets":9,"Cauldron":18,"Strange Spoon":18,"Bottled Flame":2,"Shuriken":12,"Brimstone":19,"Ornamental Fan":20,"MutagenicStrength":10,"Bird Faced Urn":18,"Mark of Pain":0,"Bag of Marbles":17,"Champion Belt":18,"StrikeDummy":10,"TungstenRod":7,"Toy Ornithopter":9,"Meat on the Bone":7,"Pocketwatch":9},{"Gremlin Horn":8,"Singing Bowl":58,"Magic Flower":58,"Juzu Bracelet":58,"PrismaticShard":8,"Smiling Mask":44,"Burning Blood":0,"Blood Vial":8,"Nunchaku":10,"Dream Catcher":81,"TheAbacus":49,"DollysMirror":31,"Sundial":92,"Gambling Chip":8,"Toolbox":31,"MealTicket":16,"WingedGreaves":31,"Red Mask":35,"HandDrill":77,"Chemical X":8,"Potion Belt":44,"Pear":31,"Happy Flower":81,"Self Forming Clay":77,"Astrolabe":25,"Blue Candle":81,"PreservedInsect":10,"Charon\u0027s Ashes":92,"Omamori":40,"Akabeko":49,"Calling Bell":58,"OrangePellets":40,"Cauldron":81,"Strange Spoon":81,"Bottled Flame":8,"Shuriken":49,"Brimstone":92,"Ornamental Fan":96,"MutagenicStrength":44,"Bird Faced Urn":81,"Mark of Pain":0,"Bag of Marbles":77,"Champion Belt":81,"StrikeDummy":44,"TungstenRod":31,"Toy Ornithopter":40,"Meat on the Bone":31,"Pocketwatch":40}],"TungstenRod":74,"Toy Ornithopter":38,"Meat on the Bone":54,"Pocketwatch":[45]},"card_choices":[{"not_picked":["Sword Boomerang","True Grit"],"picked":"Feel No Pain","floor":1.0},{"not_picked":["True Grit","Anger"],"picked":"Pummel","floor":2.0},{"not_picked":["Ball Lightning","Turbo"],"picked":"ForeignInfluence","floor":8.0},{"not_picked":["Evolve","Poisoned Stab","SignatureMove"],"picked":"SKIP","floor":13.0},{"not_picked":["Fission","Go for the Eyes"],"picked":"Cleave","floor":14.0},{"not_picked":["Sanctity","Barrage","Power Through"],"picked":"SKIP","floor":18.0},{"not_picked":["Conserve Battery","Panacea","Well Laid Plans"],"picked":"SKIP","floor":23.0},{"not_picked":["Brilliance","Rage","Fusion"],"picked":"SKIP","floor":25.0},{"not_picked":["Consecrate","Heavy Blade","Searing Blow"],"picked":"SKIP","floor":30.0},{"not_picked":["Transmutation","Envenom"],"picked":"Alpha","floor":33.0},{"not_picked":["Vengeance","PiercingWail","Wild Strike"],"picked":"Singing Bowl","floor":35.0},{"not_picked":["Dramatic Entrance","Bandage Up","Metamorphosis"],"picked":"Singing Bowl","floor":37.0},{"not_picked":["ClearTheMind+1","Coolheaded+1","Cold Snap"],"picked":"Singing Bowl","floor":38.0},{"not_picked":["Cold Snap+1","Impatience","Pray"],"picked":"Singing Bowl","floor":39},{"not_picked":["Clothesline","Reflex","BootSequence"],"picked":"Singing Bowl","floor":44},{"not_picked":["Acrobatics","Feed","Cloak And Dagger"],"picked":"Singing Bowl","floor":46},{"not_picked":["Sanctity","Wild Strike","Deadly Poison"],"picked":"Singing Bowl","floor":54}],"player_experience":221772,"relics_obtained":[{"floor":9.0,"key":"Nunchaku"},{"floor":11.0,"key":"PreservedInsect"},{"floor":14.0,"key":"MealTicket"},{"floor":22.0,"key":"Red Mask"},{"floor":23.0,"key":"Toy Ornithopter"},{"floor":25.0,"key":"Smiling Mask"},{"floor":26.0,"key":"Potion Belt"},{"floor":34.0,"key":"Juzu Bracelet"},{"floor":34.0,"key":"Singing Bowl"},{"floor":34.0,"key":"Magic Flower"},{"floor":46,"key":"Bird Faced Urn"},{"floor":54,"key":"Ornamental Fan"}],"event_choices":[{"damage_healed":0.0,"max_hp_gain":0.0,"max_hp_loss":0.0,"gold_gain":58.0,"event_name":"Golden Wing","player_choice":"Gained Gold","floor":4.0,"gold_loss":0.0,"damage_taken":0.0},{"damage_healed":0.0,"max_hp_gain":0.0,"max_hp_loss":0.0,"gold_gain":0.0,"event_name":"Living Wall","player_choice":"Grow","floor":7.0,"gold_loss":0.0,"damage_taken":0.0,"cards_upgraded":["Carnage"]},{"damage_healed":0.0,"max_hp_gain":0.0,"max_hp_loss":0.0,"gold_gain":0.0,"event_name":"Upgrade Shrine","player_choice":"Upgraded","floor":12.0,"gold_loss":0.0,"damage_taken":0.0,"cards_upgraded":["Seeing Red"]},{"damage_healed":0.0,"max_hp_gain":0.0,"max_hp_loss":0.0,"gold_gain":0.0,"event_name":"Back to Basics","player_choice":"Simplicity","floor":21.0,"gold_loss":0.0,"damage_taken":0.0,"cards_upgraded":["Strike_R","Strike_R","Defend_R","Defend_R","Defend_R","Defend_R"]},{"damage_healed":0.0,"max_hp_gain":0.0,"max_hp_loss":0.0,"gold_gain":0.0,"event_name":"Masked Bandits","player_choice":"Fought Bandits","floor":22.0,"gold_loss":0.0,"damage_taken":0.0},{"damage_healed":0.0,"max_hp_gain":0.0,"max_hp_loss":0.0,"gold_gain":0.0,"event_name":"Drug Dealer","player_choice":"Inject Mutagens","floor":27.0,"gold_loss":0.0,"damage_taken":0.0,"relics_obtained":["MutagenicStrength"]},{"damage_healed":0.0,"max_hp_gain":0.0,"max_hp_loss":0.0,"gold_gain":0.0,"event_name":"Addict","player_choice":"Obtained Relic","floor":28.0,"gold_loss":85.0,"damage_taken":0.0,"relics_obtained":["StrikeDummy"]},{"damage_healed":0.0,"max_hp_gain":0.0,"max_hp_loss":0.0,"gold_gain":0.0,"event_name":"Golden Shrine","player_choice":"Ignored","floor":36.0,"gold_loss":0.0,"damage_taken":0.0},{"damage_healed":0.0,"max_hp_gain":0.0,"max_hp_loss":0.0,"gold_gain":0.0,"event_name":"SensoryStone","player_choice":"Memory 1","floor":37.0,"gold_loss":0.0,"damage_taken":0.0},{"damage_healed":0,"gold_gain":0,"player_choice":"Bought 3 Potions","damage_taken":0,"max_hp_gain":0,"max_hp_loss":0,"event_name":"The Woman in Blue","floor":41,"gold_loss":0},{"damage_healed":0,"gold_gain":0,"player_choice":"Fight","damage_taken":0,"max_hp_gain":0,"max_hp_loss":0,"event_name":"Mysterious Sphere","floor":46,"gold_loss":0}],"is_beta":false,"boss_relics":[{"not_picked":["Empty Cage","SacredBark"],"picked":"Astrolabe"},{"not_picked":["SlaversCollar","Fusion Hammer"],"picked":"Calling Bell"}],"items_purged_floors":[3,19],"is_endless":false,"potions_floor_spawned":[13,14,16,18,22,29,33,39,44,46,54],"killed_by":"The Heart","ascension_level":16}}