{"host":"lnfs5t5iydkm2lft","time":1613621658,"event":{"mods":["AchievementEnabler","BaseMod","Better Third Choice","BetterRewards","Colored Powertips","Downfall","Hermit","Hubris","Infinite Spire","Marisa????????","Minty Spire (QoL Compilation)","Quick Restart","Replay The Spire","StSLib","The Runesmith","The Senshi","everything is the same but u backflip on backflip","slay the spire mod where everything is the same but ironclad has a cowboy hat"],"gold_per_floor":[119,134,148,148,160,160,194,194,194,221,271,299,226,243,258,270,270,374,374,385,401,70,70,89,117,117,117,117,131,464,464,464,476,476,580,580,599,614,188,188,204,233,244,244,268,268,279,313,328,363,363,363,363],"floor_reached":52,"language":"ENG","playtime":2824,"items_purged":["Strike_G"],"score":1270,"play_id":"a69ae4db-f88c-4fd6-b549-c239c40141a3","local_time":"20210217221418","is_ascension_mode":true,"campfire_choices":[{"floor":6,"key":"REST"},{"floor":17,"key":"REST"},{"floor":26,"key":"RECALL"},{"floor":32,"key":"REST"},{"floor":34,"key":"DIG"},{"floor":44,"key":"REST"},{"floor":46,"key":"REST"},{"floor":51,"key":"REST"}],"circlet_count":0,"master_deck":["Strike_G+1","Strike_G","Strike_G","Defend_G+1","Defend_G","Defend_G","Survivor","Neutralize","Glass Knife+1","Backflip+1","Bouncing Flask","ReplayTheSpireMod:From All Sides","Calculated Gamble","Terror+1","PiercingWail","Prepared+1","infinitespire:Neurotoxin","Deadly Poison+1","Dash","PiercingWail","Backstab+1","Malaise","hubris:Counter+1","Adrenaline","Calculated Gamble+1","Infinite Blades+1","Storm of Steel+1","PiercingWail+1","Footwork","Panacea","Backflip","Madness","Madness","PiercingWail+1","Sneak Up","hubris:TrickCloak+1","Leg Sweep+1"],"relics":["Ring of the Snake","infinitespire:Golems Mask","hubris:DisguiseKit","Pen Nib","Blue Doll","Gremlin Food","War Paint","Replay:Bottled Flurry","Fusion Hammer","infinitespire:Bottled Soul","hubris:BottledHeart","Anchor","Old Coin","Ornamental Fan","Astrolabe","Chemical X","Replay:Mystery Machine","Toy Ornithopter","Potion Belt","Unceasing Top"],"acts_visited":["Exordium","TheCity","TheBeyond"],"potions_floor_usage":[7,7,14,16,18,25,35,38,42,48,48,49,50],"damage_taken":[{"damage":7,"enemies":"Small Slimes","floor":1,"turns":4},{"damage":6,"enemies":"Jaw Worm","floor":2,"turns":4},{"damage":4,"enemies":"Cultist","floor":3,"turns":3},{"damage":1,"enemies":"2 Fungi Beasts","floor":5,"turns":4},{"damage":10,"enemies":"Lagavulin","floor":7,"turns":6},{"damage":26,"enemies":"3 Sentries","floor":10,"turns":8},{"damage":17,"enemies":"Gremlin Nob","floor":12,"turns":4},{"damage":0,"enemies":"3 Louse","floor":14,"turns":2},{"damage":0,"enemies":"Large Slime","floor":15,"turns":6},{"damage":6,"enemies":"Exordium Thugs","floor":16,"turns":5},{"damage":4,"enemies":"Slime Boss","floor":18,"turns":7},{"damage":9,"enemies":"Chosen","floor":20,"turns":5},{"damage":0,"enemies":"Spheric Guardian","floor":21,"turns":3},{"damage":0,"enemies":"3 Cultists","floor":24,"turns":5},{"damage":0,"enemies":"Slavers","floor":25,"turns":5},{"damage":0,"enemies":"Snecko","floor":29,"turns":4},{"damage":0,"enemies":"Replay:Snechameleon","floor":30,"turns":4},{"damage":0,"enemies":"Sentry and Sphere","floor":33,"turns":4},{"damage":0,"enemies":"Collector","floor":35,"turns":5},{"damage":0,"enemies":"Orb Walker","floor":37,"turns":3},{"damage":0,"enemies":"3 Shapes","floor":38,"turns":5},{"damage":0,"enemies":"Transient","floor":41,"turns":5},{"damage":0,"enemies":"Nemesis","floor":42,"turns":5},{"damage":0,"enemies":"Maw","floor":43,"turns":5},{"damage":0,"enemies":"Sphere and 2 Shapes","floor":47,"turns":6},{"damage":0,"enemies":"R_Hoarder","floor":48,"turns":7},{"damage":0,"enemies":"Spire Growth","floor":49,"turns":4},{"damage":0,"enemies":"Giant Head","floor":50,"turns":7},{"damage":30,"enemies":"Replay:Hell Engine","floor":52,"turns":8}],"seed_played":"607406156869441901","potions_obtained":[{"floor":2,"key":"Poison Potion"},{"floor":5,"key":"Adrenaline Potion"},{"floor":12,"key":"Guardian:BlockOnCardUsePotion"},{"floor":15,"key":"Adrenaline Potion"},{"floor":16,"key":"Fruit Juice"},{"floor":24,"key":"SteroidPotion"},{"floor":29,"key":"sneckomod:MuddlingPotion"},{"floor":31,"key":"infinitespire:BlackPotion"},{"floor":31,"key":"Fire Potion"},{"floor":31,"key":"Milkshake"},{"floor":33,"key":"GamblersBrew"},{"floor":43,"key":"EssenceOfSteel"},{"floor":47,"key":"hexamod:SoulburnPotion"},{"floor":49,"key":"Doom Potion"}],"is_trial":false,"path_per_floor":["M","M","M","?","M","R","E","PTL","PTL","E","T","E","?","M","M","M","R","B",null,"M","M","$","?","M","E","R","?","T","M","E","?","R","M","R","B",null,"M","M","$","?","M","E","M","R","T","R","M","E","M","E","R","B"],"character_chosen":"THE_SILENT","items_purchased":["infinitespire:Golems Mask","Glass Knife","infinitespire:Bottled Soul","Dash","Chemical X","Footwork","Panacea","Backflip"],"campfire_rested":6,"item_purchase_floors":[0,0,22,22,39,39,39,39],"current_hp_per_floor":[63,57,53,44,43,64,54,54,54,28,28,11,11,11,11,10,32,28,63,54,54,54,1,1,1,1,1,1,1,1,1,1,1,1,1,1,1,1,1,1,1,1,1,1,1,1,1,1,1,1,1,0,0],"gold":363,"neow_bonus":"","is_daily":false,"chose_seed":false,"campfire_upgraded":0,"win_rate":0.0,"timestamp":1613621658,"path_taken":["M","M","M","?","M","R","E","PTL","PTL","E","T","E","?","M","?","M","R","BOSS","M","M","$","?","M","E","R","?","T","M","E","?","R","?","R","BOSS","M","M","$","?","M","E","M","R","T","R","M","E","M","E","R","BOSS"],"items_purchased_type":["Relic","Card","Relic","Card","Relic","Card","Card","Card"],"build_version":"2020-12-22","purchased_purges":1,"victory":false,"max_hp_per_floor":[70,70,70,70,70,70,70,70,70,70,70,70,70,70,70,75,75,75,75,75,75,75,1,1,1,1,1,1,1,1,1,1,1,1,1,1,1,1,1,1,1,1,1,1,1,1,1,1,1,1,1,1,1],"card_choices":[{"not_picked":["ReplayTheSpireMod:Shiv Toss","Underhanded Strike"],"picked":"Backflip","floor":1},{"not_picked":["Reflex","Outmaneuver"],"picked":"Bouncing Flask","floor":2},{"not_picked":["Cloak And Dagger","hubris:SlightOfHand"],"picked":"ReplayTheSpireMod:From All Sides","floor":3},{"not_picked":["Endless Agony","hubris:Sniper","GravityBeat"],"picked":"Calculated Gamble","floor":5},{"not_picked":["Bouncing Flask","ReplayTheSpireMod:The Works","PowerUp"],"picked":"Terror","floor":7},{"not_picked":["Prepared","Dodge and Roll","EarthLightRay"],"picked":"PiercingWail","floor":10},{"not_picked":["Poisoned Stab","Replay:Poison Smokescreen","MeteoricShower"],"picked":"Prepared","floor":12},{"not_picked":["Bane","Quick Slash","hubris:Sniper","EnergyFlow"],"picked":"SKIP","floor":14},{"not_picked":["Catalyst","Backflip","Dodge and Roll","AlicesGift"],"picked":"SKIP","floor":15},{"not_picked":["hubris:SlightOfHand","Dodge and Roll","Masterful Stab","DarkMatter"],"picked":"SKIP","floor":16},{"not_picked":["Bullet Time","Burst","SatelliteIllusion"],"picked":"infinitespire:Neurotoxin","floor":18},{"not_picked":["Blade Dance","Dodge and Roll+1","Slice","ChargingUp"],"picked":"SKIP","floor":20},{"not_picked":["hubris:SlightOfHand+1","Envenom","IllusionStar"],"picked":"Deadly Poison","floor":21},{"not_picked":["Prepared+1","Sucker Punch","AsteroidBelt"],"picked":"PiercingWail","floor":24},{"not_picked":["Bane","Blade Dance","Poisoned Stab+1","MeteoricShower"],"picked":"SKIP","floor":25},{"not_picked":["Dagger Throw","hubris:SlightOfHand","MagicAbsorber"],"picked":"Backstab+1","floor":29},{"not_picked":["Prepared","Tactician","Singularity"],"picked":"Malaise","floor":30},{"not_picked":["Calculated Gamble","Acrobatics","AsteroidBelt"],"picked":"hubris:Counter+1","floor":33},{"not_picked":["Unload","Die Die Die","StarDustReverie"],"picked":"Adrenaline","floor":35},{"not_picked":["Dagger Spray","Backflip","IllusionStar"],"picked":"PiercingWail+1","floor":37},{"not_picked":["Endless Agony+1","hubris:SlightOfHand+1","Masterful Stab+1","ShootTheMoon"],"picked":"SKIP","floor":38},{"not_picked":["Hidden Blade","Sucker Punch","Cloak And Dagger","DoubleSpark"],"picked":"SKIP","floor":41},{"not_picked":["Prepared+1","Outmaneuver","ShootingEcho"],"picked":"PiercingWail+1","floor":42},{"not_picked":["Acrobatics","Endless Agony+1","Crippling Poison+1","AlicesGift"],"picked":"SKIP","floor":43},{"not_picked":["Outmaneuver","Prepared","Unload","DeepEcoloBomb"],"picked":"SKIP","floor":47},{"not_picked":["Sucker Punch+1","Dagger Throw+1","WitchLeyline"],"picked":"Sneak Up","floor":48},{"not_picked":["Backflip+1","Quick Slash+1","SporeBomb"],"picked":"hubris:TrickCloak+1","floor":49},{"not_picked":["Terror+1","Dodge and Roll","EventHorizon"],"picked":"Leg Sweep+1","floor":50}],"player_experience":376738,"relics_obtained":[{"floor":7,"key":"Pen Nib"},{"floor":10,"key":"Blue Doll"},{"floor":11,"key":"Gremlin Food"},{"floor":12,"key":"War Paint"},{"floor":25,"key":"Anchor"},{"floor":30,"key":"Old Coin"},{"floor":34,"key":"Ornamental Fan"},{"floor":42,"key":"Replay:Mystery Machine"},{"floor":45,"key":"Toy Ornithopter"},{"floor":48,"key":"Potion Belt"},{"floor":50,"key":"Unceasing Top"}],"event_choices":[{"damage_healed":0,"gold_gain":0,"player_choice":"Relic ","damage_taken":9,"max_hp_gain":0,"max_hp_loss":0,"event_name":"betterThird:BetterScrap","floor":4,"gold_loss":0,"cards_obtained":["Ghostly Armor"]},{"damage_healed":0,"gold_gain":0,"player_choice":"Paid Gold","damage_taken":0,"relics_obtained":["Replay:Bottled Flurry"],"max_hp_gain":0,"max_hp_loss":0,"event_name":"WeMeetAgain","floor":13,"gold_loss":73},{"damage_healed":0,"gold_gain":0,"player_choice":"Got Potions","damage_taken":0,"max_hp_gain":0,"max_hp_loss":0,"event_name":"Lab","floor":31,"gold_loss":0},{"damage_healed":0,"gold_gain":0,"player_choice":"Embrace Madness","damage_taken":0,"max_hp_gain":0,"max_hp_loss":0,"event_name":"Winding Halls","floor":40,"gold_loss":0,"cards_obtained":["Madness","Madness"]}],"is_beta":false,"boss_relics":[{"not_picked":["Snecko Scales","hubris:HollowSoul"],"picked":"Fusion Hammer"},{"not_picked":["Honey Jar","Busted Crown"],"picked":"Astrolabe"}],"items_purged_floors":[39],"is_endless":false,"potions_floor_spawned":[2,5,12,15,16,24,29,33,43,47,49],"killed_by":"Replay:Hell Engine","ascension_level":5}}