{"host":"oehe2dxjvdgux73m","time":1613661027,"event":{"mods":["AchievementEnabler","BaseMod","Colored Map","Colored Powertips","DeckTracker","Keyboard Shortcuts","Minty Spire (QoL Compilation)","Permanent Neow","Quick Restart","StSLib","SuperFastMode"],"gold_per_floor":[115,126,140,190,206,241,257,257,257],"floor_reached":8,"language":"KOR","playtime":193,"items_purged":[],"score":120,"play_id":"b5b260c9-5a58-4167-8f04-6c7593e586b0","local_time":"20210219001027","is_ascension_mode":true,"campfire_choices":[],"circlet_count":0,"master_deck":["AscendersBane","Strike_G","Strike_G","Strike_G","Strike_G","Defend_G","Defend_G","Defend_G","Defend_G","Defend_G","Survivor","Neutralize","Blade Dance","PiercingWail","Underhanded Strike"],"relics":["Ring of the Snake","Tiny Chest"],"acts_visited":["Exordium"],"potions_floor_usage":[6,8],"damage_taken":[{"damage":3.0,"enemies":"Small Slimes","floor":1.0,"turns":4.0},{"damage":6.0,"enemies":"Cultist","floor":2.0,"turns":5.0},{"damage":1.0,"enemies":"Jaw Worm","floor":3.0,"turns":3.0},{"damage":1.0,"enemies":"Exordium Wildlife","floor":5.0,"turns":3.0},{"damage":29,"enemies":"Gremlin Nob","floor":6,"turns":4},{"damage":4,"enemies":"3 Louse","floor":7,"turns":5},{"damage":20,"enemies":"Lagavulin","floor":8,"turns":3}],"seed_played":"8720380208975819621","potions_obtained":[{"floor":1.0,"key":"SpeedPotion"},{"floor":3.0,"key":"ColorlessPotion"},{"floor":7,"key":"Fruit Juice"}],"is_trial":false,"path_per_floor":["M","M","M","?","M","E","M","E"],"character_chosen":"THE_SILENT","items_purchased":[],"campfire_rested":0,"item_purchase_floors":[],"current_hp_per_floor":[56,50,49,43,42,13,9,0,0],"gold":257,"neow_bonus":"REMOVE_CARD","is_daily":false,"chose_seed":false,"campfire_upgraded":0,"win_rate":0.0,"timestamp":1613661027,"path_taken":["M","M","M","?","?","E","M","E"],"items_purchased_type":[],"build_version":"2020-12-22","purchased_purges":0,"victory":false,"max_hp_per_floor":[66,66,66,66,66,66,66,71,71],"card_choices":[{"not_picked":["Leg Sweep","Underhanded Strike"],"picked":"Blade Dance","floor":1.0},{"not_picked":["Dodge and Roll","Masterful Stab"],"picked":"PiercingWail","floor":2.0},{"not_picked":["Caltrops","Quick Slash"],"picked":"Underhanded Strike","floor":3.0},{"not_picked":["Underhanded Strike","Deadly Poison","Flying Knee"],"picked":"SKIP","floor":5.0},{"not_picked":["Outmaneuver","Bouncing Flask","Deadly Poison"],"picked":"SKIP","floor":6},{"not_picked":["Quick Slash","Predator","Distraction"],"picked":"SKIP","floor":7}],"player_experience":478965,"relics_obtained":[{"floor":6,"key":"Tiny Chest"}],"event_choices":[{"damage_healed":0.0,"max_hp_gain":0.0,"max_hp_loss":0.0,"gold_gain":50.0,"event_name":"FaceTrader","player_choice":"Touch","floor":4.0,"gold_loss":0.0,"damage_taken":6.0}],"is_beta":false,"boss_relics":[],"items_purged_floors":[],"is_endless":false,"potions_floor_spawned":[1,3,7],"killed_by":"Lagavulin","ascension_level":20}}