{"host":"w97dq1whmpm6b2tc","time":1613681889,"event":{"mods":["BaseMod","Challenge The Spire","Downfall","Minty Spire (QoL Compilation)","StSLib"],"gold_per_floor":[99,109,120,137,47,82,105,116,148,148,159,193,206,39,58,156,156,156,166,181,195,214,214,240,265,282,282,167,187,87,122,133,234,234,34,44,44,54,70,100,100,100,205,230,242,282,344,367,390,402,414,454,172,172,172,172,172,172],"floor_reached":56,"language":"ENG","playtime":6505,"items_purged":["Guardian:Repulse","Guardian:SentryBeam"],"score":1156,"play_id":"57d51e4b-4191-4a92-b63e-3183de4c0f55","local_time":"20210218225809","is_ascension_mode":true,"campfire_choices":[{"data":"Guardian:Repulse","floor":1.0,"key":"SMITH"},{"data":"Guardian:CompilePackage","floor":10.0,"key":"SMITH"},{"floor":18.0,"key":"RECALL"},{"data":"Guardian:StasisEngine","floor":27.0,"key":"SMITH"},{"data":"Guardian:FloatingOrbs","floor":30.0,"key":"SMITH"},{"data":"Guardian:FloatingOrbs","floor":35.0,"key":"SMITH"},{"data":"Guardian:PiercingHide","floor":45.0,"key":"SMITH"},{"data":"Guardian:PiercingHide","floor":54.0,"key":"SMITH"}],"circlet_count":0,"master_deck":["Guardian:CurlUp","Guardian:SpikerProtocol","Guardian:ConstructionForm","Guardian:CompilePackage+1","Guardian:TemporalStrike","Guardian:Repulse+1","Guardian:ShieldCharger","Guardian:PiercingHide+1","Guardian:PiercingHide+1","Guardian:FloatingOrbs+1","Guardian:FloatingOrbs+1","Guardian:StasisEngine+1","Guardian:FuturePlans+1","Guardian:FastForward","Guardian:Gem_Synthetic"],"relics":["Pandora\u0027s Box","Regal Pillow","Strawberry","Turnip","Vajra","Sozu","Guardian:PickAxe","champ:DuelingGlove","downfall:HeartBlessingRed","Bag of Preparation","sneckomod:SneckoTalon","downfall:HeartBlessingGreen","downfall:HeartBlessingBlue","Blue Candle","Bronze Scales","Ornamental Fan","Letter Opener","MawBank","Boot","StoneCalendar","Torii","FossilizedHelix"],"acts_visited":["Exordium","TheCity","TheBeyond","TheEnding"],"potions_floor_usage":[56],"damage_taken":[{"damage":9.0,"enemies":"Jaw Worm","floor":2.0,"turns":2.0},{"damage":8.0,"enemies":"Small Slimes","floor":3.0,"turns":5.0},{"damage":5.0,"enemies":"2 Louse","floor":4.0,"turns":5.0},{"damage":0.0,"enemies":"downfall:FleeingMerchant","floor":5.0,"turns":4.0},{"damage":0.0,"enemies":"Lagavulin","floor":6.0,"turns":6.0},{"damage":0.0,"enemies":"Exordium Wildlife","floor":8.0,"turns":6.0},{"damage":0.0,"enemies":"3 Sentries","floor":9.0,"turns":7.0},{"damage":0.0,"enemies":"2 Fungi Beasts","floor":11.0,"turns":4.0},{"damage":0.0,"enemies":"Gremlin Nob","floor":12.0,"turns":5.0},{"damage":0.0,"enemies":"Lots of Slimes","floor":13.0,"turns":2.0},{"damage":0.0,"enemies":"downfall:FleeingMerchant","floor":14.0,"turns":4.0},{"damage":0.0,"enemies":"Exordium Wildlife","floor":15.0,"turns":4.0},{"damage":0.0,"enemies":"SI_SHIV_ARCHETYPE","floor":16.0,"turns":6.0},{"damage":0.0,"enemies":"3 Byrds","floor":19.0,"turns":4.0},{"damage":0.0,"enemies":"Shell Parasite","floor":20.0,"turns":4.0},{"damage":0.0,"enemies":"Snecko","floor":21.0,"turns":4.0},{"damage":21.0,"enemies":"Snake Plant","floor":22.0,"turns":4.0},{"damage":9.0,"enemies":"Slavers","floor":25.0,"turns":6.0},{"damage":0.0,"enemies":"Centurion and Healer","floor":26.0,"turns":4.0},{"damage":0.0,"enemies":"downfall:FleeingMerchant","floor":28.0,"turns":4.0},{"damage":0.0,"enemies":"Cultist and Chosen","floor":29.0,"turns":4.0},{"damage":0.0,"enemies":"Book of Stabbing","floor":31.0,"turns":5.0},{"damage":0.0,"enemies":"Snecko","floor":32.0,"turns":3.0},{"damage":11.0,"enemies":"DF_ARCHETYPE_CLAW","floor":33.0,"turns":6.0},{"damage":2.0,"enemies":"Orb Walker","floor":36.0,"turns":3.0},{"damage":5.0,"enemies":"3 Shapes","floor":38.0,"turns":4.0},{"damage":0.0,"enemies":"Maw","floor":39.0,"turns":5.0},{"damage":0.0,"enemies":"Nemesis","floor":40.0,"turns":5.0},{"damage":0.0,"enemies":"downfall:FleeingMerchant","floor":43.0,"turns":2.0},{"damage":0.0,"enemies":"Giant Head","floor":44.0,"turns":6.0},{"damage":15.0,"enemies":"Reptomancer","floor":46.0,"turns":5.0},{"damage":0.0,"enemies":"Reptomancer","floor":47.0,"turns":5.0},{"damage":10.0,"enemies":"Transient","floor":48.0,"turns":5.0},{"damage":0.0,"enemies":"Jaw Worm Horde","floor":49.0,"turns":2.0},{"damage":0.0,"enemies":"IC_BLOCK_ARCHETYPE","floor":50.0,"turns":8.0},{"damage":0.0,"enemies":"downfall:CharBossMerchant","floor":52.0,"turns":7.0},{"damage":12,"enemies":"downfall:NeowBoss","floor":55,"turns":12},{"damage":88,"enemies":"downfall:NeowBossFinal","floor":56,"turns":8}],"seed_played":"-7651914399104353758","potions_obtained":[{"floor":6.0,"key":"Explosive Potion"},{"floor":8.0,"key":"Block Potion"},{"floor":11.0,"key":"SpeedPotion"},{"floor":12.0,"key":"Guardian:DefensiveModePotion"},{"floor":16.0,"key":"SteroidPotion"}],"is_trial":false,"path_per_floor":["R","M","M","M","$","E","T","M","E","R","M","E","M","$","M","B",null,"R","M","M","M","M","?","T","E","M","R","$","M","R","E","M","B",null,"R","M","?","M","M","E","T","?","$","E","R","E","?","M","M","B",null,"E","$","R","B","B"],"character_chosen":"GUARDIAN","items_purchased":["Vajra","Letter Opener","FossilizedHelix"],"campfire_rested":0,"item_purchase_floors":[14,43,53],"current_hp_per_floor":[80,71,63,58,58,58,58,58,65,65,65,65,65,65,65,65,87,87,87,87,87,66,66,66,57,57,57,57,57,57,57,57,46,87,97,95,90,85,85,85,85,85,85,85,85,70,70,60,60,60,97,97,97,97,85,0,0,0],"gold":172,"neow_bonus":"BOSS_RELIC","is_daily":false,"chose_seed":false,"campfire_upgraded":7,"win_rate":0.0,"timestamp":1613681889,"path_taken":["R","M","M","M","$","E","T","M","E","R","M","E","M","$","M","BOSS","R","M","M","M","M","?","T","E","M","R","$","M","R","E","M","BOSS","R","M","?","M","M","E","T","?","$","E","R","E","?","?","M","BOSS","E","$","R","BOSS","BOSS"],"items_purchased_type":["Relic","Relic","Relic"],"build_version":"2020-12-22","purchased_purges":2,"victory":false,"max_hp_per_floor":[80,80,80,80,80,80,80,80,87,87,87,87,87,87,87,87,87,87,87,87,87,87,87,87,87,87,87,87,87,87,87,87,87,87,97,97,97,97,97,97,97,97,97,97,97,97,97,97,97,97,97,97,97,97,97,97,97,97],"card_choices":[{"not_picked":["Guardian:SpikerProtocol","Guardian:PrimingBeam"],"picked":"Guardian:PiercingHide","floor":2.0},{"not_picked":["Guardian:BronzeArmor","Guardian:Gem_Cyan","Guardian:WalkerClaw"],"picked":"SKIP","floor":3.0},{"not_picked":["Guardian:Gem_Lightblue","Guardian:Gem_Cyan"],"picked":"Guardian:PiercingHide","floor":4.0},{"not_picked":["Guardian:SphericShield","Guardian:Emergency","Guardian:PrismaticBeam"],"picked":"SKIP","floor":5.0},{"not_picked":["Guardian:WalkerClaw","Guardian:PrismaticBarrier"],"picked":"Guardian:Gem_Purple","floor":6.0},{"not_picked":["Guardian:BronzeArmor","Guardian:DonusPower"],"picked":"Guardian:SentryBeam","floor":8.0},{"not_picked":["Guardian:BodySlam","Guardian:PrimingBeam"],"picked":"Guardian:FloatingOrbs","floor":9.0},{"not_picked":["Guardian:RollAttack","Guardian:Gem_Cyan","Guardian:ShieldCharger"],"picked":"SKIP","floor":11.0},{"not_picked":["Guardian:CrystalBeam","Guardian:Planning","Guardian:SentryBeam"],"picked":"SKIP","floor":12.0},{"not_picked":["Guardian:Gem_Cyan","Guardian:Reroute","Guardian:Suspension"],"picked":"SKIP","floor":13.0},{"not_picked":["Guardian:Incinerate","Guardian:BodySlam"],"picked":"Guardian:FloatingOrbs","floor":14.0},{"not_picked":["Guardian:VentSteam","Guardian:TemporalShield"],"picked":"Guardian:StasisEngine","floor":15.0},{"not_picked":["Guardian:TimeSifter","Guardian:ExploitGems"],"picked":"Guardian:Gem_Synthetic","floor":16.0},{"not_picked":["Guardian:TemporalShield","Guardian:PrismaticBeam","Guardian:RollAttack+1"],"picked":"SKIP","floor":19.0},{"not_picked":["Guardian:WalkerClaw","Guardian:PiercingHide"],"picked":"Guardian:FuturePlans+1","floor":20.0},{"not_picked":["Guardian:TemporalStrike","Guardian:DecasProtection","Guardian:Gem_Cyan"],"picked":"SKIP","floor":21.0},{"not_picked":["Guardian:TemporalShield+1","Guardian:FuturePlans"],"picked":"Guardian:Gem_White","floor":22.0},{"not_picked":["Guardian:PolyBeam+1","Guardian:GuardianWhirl","Guardian:WalkerClaw"],"picked":"SKIP","floor":25.0},{"not_picked":["Guardian:Emergency","Guardian:PrimingBeam"],"picked":"Guardian:Gem_Yellow","floor":26.0},{"not_picked":["Guardian:Gem_Red","Guardian:StasisField","Guardian:VentSteam+1"],"picked":"SKIP","floor":28.0},{"not_picked":["Guardian:RollAttack","Guardian:TemporalStrike","Guardian:PrismaticBarrier"],"picked":"SKIP","floor":29.0},{"not_picked":["Guardian:Gem_Green","Guardian:PrismaticBarrier","Guardian:Gem_Crimson"],"picked":"SKIP","floor":31.0},{"not_picked":["Guardian:ChargeCore","Guardian:GuardianWhirl","Guardian:Gem_Crimson"],"picked":"SKIP","floor":32.0},{"not_picked":["Guardian:GemFinder","Guardian:StasisStrike"],"picked":"Guardian:FastForward","floor":33.0},{"not_picked":["Guardian:WalkerClaw","Guardian:Gem_Fragmented","Guardian:TemporalShield"],"picked":"SKIP","floor":36.0},{"not_picked":["Guardian:MultiBeam+1","Guardian:ShieldCharger+1","Guardian:Gem_Crimson"],"picked":"SKIP","floor":38.0},{"not_picked":["Guardian:VentSteam","Guardian:Gem_Red","Guardian:PrismaticBeam+1"],"picked":"SKIP","floor":39.0},{"not_picked":["Guardian:Gem_Lightblue","Guardian:TemporalShield","Guardian:Gem_Cyan"],"picked":"SKIP","floor":40.0},{"not_picked":["Guardian:TemporalStrike+1","Guardian:Incinerate","Guardian:Gem_Cyan"],"picked":"SKIP","floor":43.0},{"not_picked":["Guardian:ShieldSpikes","Guardian:Planning"],"picked":"Guardian:Gem_Synthetic","floor":44.0},{"not_picked":["Guardian:DecasProtection","Guardian:TemporalStrike","Guardian:PolyBeam+1"],"picked":"SKIP","floor":46.0},{"not_picked":["Guardian:EvasiveProtocol","Guardian:SpikerProtocol","Guardian:ShieldSpikes"],"picked":"SKIP","floor":48.0},{"not_picked":["Guardian:ShieldSpikes+1","Guardian:Clone+1","Guardian:TemporalShield+1"],"picked":"SKIP","floor":49.0},{"not_picked":["Guardian:Incinerate","Guardian:TemporalShield","Guardian:Clone+1"],"picked":"SKIP","floor":52.0}],"player_experience":3784665,"relics_obtained":[{"floor":6.0,"key":"Regal Pillow"},{"floor":9.0,"key":"Strawberry"},{"floor":12.0,"key":"Turnip"},{"floor":24.0,"key":"Guardian:PickAxe"},{"floor":25.0,"key":"champ:DuelingGlove"},{"floor":31.0,"key":"Bag of Preparation"},{"floor":40.0,"key":"Bronze Scales"},{"floor":41.0,"key":"Ornamental Fan"},{"floor":44.0,"key":"MawBank"},{"floor":46.0,"key":"Boot"},{"floor":47.0,"key":"StoneCalendar"},{"floor":52.0,"key":"Torii"}],"event_choices":[{"damage_healed":0.0,"max_hp_gain":0.0,"max_hp_loss":0.0,"gold_gain":0.0,"event_name":"Vampires","player_choice":"Ignored","floor":23.0,"gold_loss":0.0,"damage_taken":0.0},{"cards_removed":["Guardian:TwinSlam"],"damage_healed":0.0,"max_hp_gain":0.0,"max_hp_loss":0.0,"gold_gain":0.0,"event_name":"Falling","player_choice":"Removed Attack","floor":42.0,"gold_loss":0.0,"damage_taken":0.0}],"is_beta":false,"boss_relics":[{"not_picked":["Fusion Hammer","Black Star"],"picked":"Sozu"},{"not_picked":["Empty Cage","SlaversCollar"],"picked":"sneckomod:SneckoTalon"}],"items_purged_floors":[5,28],"is_endless":false,"potions_floor_spawned":[6,8,11,12,16,20,22,25,26,33,39,47,48,49],"killed_by":"downfall:NeowBossFinal","ascension_level":1}}