{"host":"cr9rpoy6dx9riis3","time":1613666319,"event":{"mods":["AchievementEnabler","BaseMod","Better Altar","Better Note","Better Sensory Stone","Better Skull","Better Third Choice","Better-Laid Plans","BetterRewards","Block Reminder","Curses Come First","Displayed Cursed Tome","Emptier Cage","Marked Mod","Minty Spire (QoL Compilation)","Permanent Neow","Relic Sorter","StSLib","The Blue Laboratory","Transform Curses"],"gold_per_floor":[114,130,55,74,74,74,74,74,74,85,101,120,120,20,20,117,117,137,41,41,51,70,70,84,84,107,119,138,153,153,187,187,187,187],"floor_reached":33,"language":"ENG","playtime":1407,"items_purged":["Defend_G","Strike_G"],"score":313,"play_id":"8ec03c82-14ab-49b4-aac0-629d4dcb2840","local_time":"20210218173839","is_ascension_mode":true,"campfire_choices":[{"data":"Flechettes","floor":6,"key":"SMITH"},{"data":"Survivor","floor":8,"key":"SMITH"},{"data":"Malaise","floor":13,"key":"SMITH"},{"data":"All Out Attack","floor":15,"key":"SMITH"},{"data":"Terror","floor":23,"key":"SMITH"},{"data":"Flechettes","floor":30,"key":"SMITH"},{"floor":32,"key":"REST"}],"circlet_count":0,"master_deck":["Strike_G","Strike_G","Strike_G","Defend_G","Defend_G+1","Defend_G+1","Defend_G","Survivor+1","Neutralize","All Out Attack+1","Flechettes+1","Malaise+1","Die Die Die","Flechettes+1","Good Instincts","Terror+1","Masterful Stab+1"],"relics":["Ring of the Snake","Sozu","Oddly Smooth Stone","Singing Bowl","Mercury Hourglass"],"acts_visited":["Exordium","TheCity"],"potions_floor_usage":[16,16],"damage_taken":[{"damage":0,"enemies":"Small Slimes","floor":1,"turns":4},{"damage":0,"enemies":"Cultist","floor":2,"turns":4},{"damage":0,"enemies":"Jaw Worm","floor":4,"turns":5},{"damage":0,"enemies":"3 Louse","floor":10,"turns":3},{"damage":0,"enemies":"Lots of Slimes","floor":11,"turns":2},{"damage":9,"enemies":"Exordium Wildlife","floor":12,"turns":3},{"damage":64,"enemies":"Hexaghost","floor":16,"turns":17},{"damage":2,"enemies":"Chosen","floor":18,"turns":4},{"damage":4,"enemies":"Spheric Guardian","floor":21,"turns":4},{"damage":24,"enemies":"Cultist and Chosen","floor":22,"turns":7},{"damage":7,"enemies":"Shelled Parasite and Fungi","floor":24,"turns":4},{"damage":15,"enemies":"Snecko","floor":27,"turns":5},{"damage":0,"enemies":"Cultist and Chosen","floor":28,"turns":6},{"damage":5,"enemies":"Centurion and Healer","floor":29,"turns":6},{"damage":48,"enemies":"Gremlin Leader","floor":31,"turns":9},{"damage":30,"enemies":"Champ","floor":33,"turns":8}],"seed_played":"-6786896718586941836","potions_obtained":[{"floor":2,"key":"blueLaboratory:AbyssPotion"},{"floor":4,"key":"blueLaboratory:ArtistsPotion"},{"floor":12,"key":"DuplicationPotion"}],"is_trial":false,"path_per_floor":["M","M","$","M","?","R","$","R","T","M","M","M","R","$","R","B",null,"M","$","?","M","M","R","M","?","T","M","M","M","R","E","R","B"],"character_chosen":"THE_SILENT","items_purchased":["Good Instincts"],"campfire_rested":1,"item_purchase_floors":[19],"current_hp_per_floor":[70,70,70,70,70,70,70,70,70,70,72,65,65,65,65,1,74,72,72,72,68,46,46,41,67,67,54,56,51,51,5,30,0,0],"gold":187,"neow_bonus":"RANDOM_COMMON_RELIC","is_daily":false,"chose_seed":false,"campfire_upgraded":6,"win_rate":0.0,"timestamp":1613666319,"path_taken":["M","M","$","M","?","R","$","R","T","M","?","M","R","$","R","BOSS","M","$","?","M","M","R","M","?","T","M","M","M","R","E","R","BOSS"],"items_purchased_type":["Card"],"build_version":"2020-12-22","purchased_purges":2,"victory":false,"max_hp_per_floor":[70,70,70,70,70,70,70,70,70,70,72,74,74,74,74,74,74,74,74,74,74,76,76,78,78,78,80,82,82,82,84,84,84,84],"card_choices":[{"not_picked":["Prepared","Slice","Dagger Spray"],"picked":"SKIP","floor":1},{"not_picked":["Prepared","Slice","Dagger Spray"],"picked":"SKIP","floor":1},{"not_picked":["Outmaneuver","Caltrops"],"picked":"All Out Attack","floor":2},{"not_picked":["Flying Knee","Sucker Punch"],"picked":"Flechettes","floor":4},{"not_picked":["Underhanded Strike","Blade Dance"],"picked":"Malaise","floor":10},{"not_picked":["Sucker Punch","Accuracy","Underhanded Strike"],"picked":"Singing Bowl","floor":11},{"not_picked":["Endless Agony","Well Laid Plans","Acrobatics"],"picked":"Singing Bowl","floor":12},{"not_picked":["Corpse Explosion","Storm of Steel"],"picked":"Die Die Die","floor":16},{"not_picked":["Slice","Endless Agony"],"picked":"Flechettes","floor":18},{"not_picked":["Quick Slash+1","Distraction+1"],"picked":"Terror","floor":21},{"not_picked":["Bane","Catalyst","Dagger Throw+1"],"picked":"Singing Bowl","floor":22},{"not_picked":["Outmaneuver+1","Sucker Punch","Underhanded Strike"],"picked":"Singing Bowl","floor":24},{"not_picked":["Backflip","Underhanded Strike","Terror+1"],"picked":"Singing Bowl","floor":27},{"not_picked":["Reflex","Heel Hook","Catalyst"],"picked":"Singing Bowl","floor":28},{"not_picked":["Cloak And Dagger+1","Quick Slash"],"picked":"Masterful Stab+1","floor":29},{"not_picked":["Deflect","Outmaneuver","Leg Sweep"],"picked":"Singing Bowl","floor":31}],"player_experience":753876,"relics_obtained":[{"floor":9,"key":"Singing Bowl"},{"floor":26,"key":"War Paint"},{"floor":31,"key":"Mercury Hourglass"}],"event_choices":[{"cards_removed":["Strike_G"],"damage_healed":0,"gold_gain":0,"player_choice":"Offered Basic","damage_taken":0,"max_hp_gain":0,"max_hp_loss":0,"event_name":"Bonfire Elementals","floor":5,"gold_loss":0},{"cards_removed":["Die Die Die"],"damage_healed":0,"gold_gain":0,"player_choice":"Give","damage_taken":0,"max_hp_gain":0,"max_hp_loss":0,"event_name":"betterNote:BetterNote","floor":20,"gold_loss":0,"cards_obtained":["None"]},{"damage_healed":26,"gold_gain":0,"player_choice":"Heal","damage_taken":0,"max_hp_gain":0,"max_hp_loss":0,"event_name":"The Library","floor":25,"gold_loss":0}],"is_beta":false,"boss_relics":[{"not_picked":["Runic Dome","Coffee Dripper"],"picked":"Sozu"}],"items_purged_floors":[3,14],"is_endless":false,"potions_floor_spawned":[2,4,12,21,27,31],"killed_by":"Champ","ascension_level":4}}