{"host":"rm0ctv8qd8mnbkg1","time":1613662664,"event":{"mods":["BaseMod","Beaked The Cultist","BetterRewards","Colored Map","DNKmod","Dark Map","Defuse TimeMaze Blight","Downfall","Friendly Minions","Hubris","Marisa????????","Minty Spire (QoL Compilation)","MostiFishMod","Permanent Neow","Rare Cards Sparkle","Relic Sorter","Reliquary","Replay The Spire","RumiaBox-????????","Shade Mod","Shop Mod","Spicy Shops","Spire Arcade","StSLib","The Construct","The Servant 0.9.4","TheVacant","Wandering Minibosses","??????REMEMod"],"gold_per_floor":[10018,10193,9427,9427,7510,7542,7542,7573,7573,7273,7298,7311,7329,7344,7344,7439,7439,7453,7552,7398,7409,6360,6387,6397,6428,6428,6460,6474,5545,5560,5578,5578,5690,5690,5707,5707,4539,4557,4585,4613,4613,4613,4613,4624,4624,4624],"floor_reached":45,"language":"ENG","playtime":1005,"items_purged":["Doubt","Regret","Shame"],"score":938,"play_id":"5b14a34a-17ff-47f4-af06-c738946a8fc3","local_time":"20210218153744","is_ascension_mode":true,"campfire_choices":[{"data":"REME_BuildACard","floor":7,"key":"SMITH"},{"data":"Replay:LoomingThreat","floor":15,"key":"SMITH"},{"data":"1","floor":32,"key":"LIFT"},{"data":"2","floor":42,"key":"LIFT"}],"circlet_count":0,"master_deck":["Strike_P","Strike_P","Strike_P","Defend_P","Defend_P","Defend_P","Defend_P","Eruption","Vigilance","REME_BuildACard+1","FollowUp","Prostrate","Tantrum","MostiFishMod:DisColor","WreathOfFlame","Replay:LoomingThreat+1","Fasting2","MostiFishMod:Dust","Replay:DivineShield+1","WindmillStrike+1","Pray","Fasting2+1","ReplayTheSpireMod:Private Reserves","Replay:LoomingThreat","Fasting2","MostiFishMod:Galeforce","Consecrate+1"],"relics":["PureWater","reliquary:IvoryTrinket","reliquary:IvoryTrinket","REME_ComplimentaryCards","DaveBox","PatriotShield","bronze:BronzeIdol","Medical Kit","Mummified Hand","BirthdayGift-Tetrahedron","hubris:CuriousFeather","reliquary:FingerTrap","reliquary:PartyBalloon","reliquary:Stiletto","reliquary:PorcupineQuills","Bottled Flame","hubris:SlimyHat","Replay:Baseball","ReplayTheSpireMod:TigerMarble","Boot","hubris:FunFungus","Bird Faced Urn","Gremlin Food","Shovel","Vajra","ZombieArmy","reliquary:HotPoker","Art of War","Girya","ClockworkSouvenir","Replay:Rubber Ducky","CeramicFish","Ice Cream","Dodecahedron","sneckomod:BlankCard","hubris:Potato","hubris:MysteriousPyramids","wanderingMiniBosses:Blackblade","hubris:Metronome"],"acts_visited":["Exordium","TheCity","TheBeyond"],"potions_floor_usage":[3,18,39],"damage_taken":[{"damage":0,"enemies":"Small Slimes","floor":1,"turns":2},{"damage":0,"enemies":"Gremlin Nob","floor":6,"turns":2},{"damage":0,"enemies":"3 Sentries","floor":8,"turns":1},{"damage":0,"enemies":"Lagavulin","floor":11,"turns":1},{"damage":0,"enemies":"Jaw Worm","floor":12,"turns":1},{"damage":0,"enemies":"2 Louse","floor":13,"turns":1},{"damage":0,"enemies":"Exordium Wildlife","floor":14,"turns":1},{"damage":0,"enemies":"Hexaghost","floor":16,"turns":1},{"damage":0,"enemies":"3 Byrds","floor":18,"turns":1},{"damage":0,"enemies":"Shell Parasite","floor":21,"turns":1},{"damage":0,"enemies":"Book of Stabbing","floor":23,"turns":2},{"damage":0,"enemies":"Centurion and Healer","floor":24,"turns":1},{"damage":0,"enemies":"Slavers","floor":25,"turns":2},{"damage":0,"enemies":"Book of Stabbing","floor":27,"turns":2},{"damage":0,"enemies":"Sentry and Sphere","floor":28,"turns":1},{"damage":0,"enemies":"Cultist and Chosen","floor":30,"turns":1},{"damage":0,"enemies":"Snecko","floor":31,"turns":1},{"damage":0,"enemies":"Automaton","floor":33,"turns":2},{"damage":0,"enemies":"3 Shapes","floor":35,"turns":3},{"damage":0,"enemies":"Orb Walker","floor":38,"turns":1},{"damage":0,"enemies":"Maw","floor":39,"turns":3},{"damage":0,"enemies":"Reptomancer","floor":40,"turns":1},{"damage":0,"enemies":"Jaw Worm Horde","floor":44,"turns":2},{"damage":0,"enemies":"Spire Growth","floor":45,"turns":1}],"seed_played":"5967742148259358124","potions_obtained":[{"floor":12,"key":"PowerPotion"},{"floor":13,"key":"Venom Potion"},{"floor":24,"key":"Swift Potion"},{"floor":44,"key":"Dexterity Potion"}],"is_trial":false,"path_per_floor":["M","?","$","?","$","E","R","E","T","$","E","M","M","M","R","B",null,"M","?","$","M","$","E","M","E","T","E","M","$","M","M","R","B",null,"M","?","$","M","M","E","?","R","T","M","M"],"character_chosen":"WATCHER","items_purchased":["bronze:BronzeIdol","reliquary:IvoryTrinket","Tantrum","Fruit Juice","DistilledChaos","Medical Kit","BirthdayGift-Tetrahedron","hubris:CuriousFeather","reliquary:FingerTrap","reliquary:PartyBalloon","hubris:SlimyHat","Replay:Baseball","Boot","hubris:FunFungus","Bird Faced Urn","Gremlin Food","Shovel","Girya","ClockworkSouvenir","Fasting2","Replay:Rubber Ducky","CeramicFish","ReplayTheSpireMod:Private Reserves","Ice Cream","Fasting2","Dodecahedron","sneckomod:BlankCard","hubris:Potato","hubris:MysteriousPyramids","MostiFishMod:Galeforce"],"campfire_rested":0,"item_purchase_floors":[3,3,3,3,3,3,5,5,5,5,10,10,20,22,22,22,22,29,29,29,29,29,29,37,37,37,37,37,37,37],"current_hp_per_floor":[1000,1000,1007,1007,1007,1007,1007,1007,1007,1007,1007,1007,1007,1007,1007,1007,1007,1007,1007,1007,1007,1007,1007,1007,1007,1007,1007,1007,1007,1007,1007,1007,1007,1007,1007,1007,1007,1007,1007,1007,1007,1007,1007,1007,1007,1007],"gold":4624,"neow_bonus":"THREE_CARDS","is_daily":false,"chose_seed":false,"campfire_upgraded":2,"win_rate":0.0,"timestamp":1613662664,"path_taken":["M","?","$","?","$","E","R","E","T","?","E","?","M","M","R","BOSS","M","?","$","M","$","E","M","E","T","E","M","?","?","M","R","BOSS","M","?","$","?","M","E","?","R","T","M","M"],"items_purchased_type":["Relic","Relic","Card","Potion","Potion","Relic","Relic","Relic","Relic","Relic","Relic","Relic","Relic","Relic","Relic","Relic","Relic","Relic","Relic","Card","Relic","Relic","Card","Relic","Card","Relic","Relic","Relic","Relic","Card"],"build_version":"2020-12-22","purchased_purges":3,"victory":false,"max_hp_per_floor":[1000,1000,1007,1007,1007,1007,1007,1007,1007,1007,1007,1007,1007,1007,1007,1007,1007,1007,1007,1007,1007,1007,1007,1007,1007,1007,1007,1007,1007,1007,1007,1007,1007,1007,1007,1007,1007,1007,1007,1007,1007,1007,1007,1007,1007,1007],"card_choices":[{"not_picked":["REME_Repentance","ClearTheMind"],"picked":"FollowUp","floor":0},{"not_picked":["PathToVictory","Evaluate"],"picked":"Prostrate","floor":1},{"not_picked":["ClearTheMind","Replay:BluntJabs"],"picked":"MostiFishMod:DisColor","floor":6},{"not_picked":["Vengeance","Tantrum"],"picked":"WreathOfFlame","floor":8},{"not_picked":["ClearTheMind","CutThroughFate","Replay:BluntJabs"],"picked":"SKIP","floor":11},{"not_picked":["Prostrate","Protect","Replay:BluntJabs"],"picked":"SKIP","floor":12},{"not_picked":["ClearTheMind","FollowUp","Tantrum"],"picked":"SKIP","floor":13},{"not_picked":["Prostrate","FollowUp"],"picked":"Replay:LoomingThreat","floor":14},{"not_picked":["CrushJoints","Replay:ManipulateFuture","MentalFortress"],"picked":"SKIP","floor":18},{"not_picked":["WreathOfFlame+1","Crescendo"],"picked":"Fasting2","floor":21},{"not_picked":["DeceiveReality","CrushJoints"],"picked":"MostiFishMod:Dust","floor":23},{"not_picked":["Conclude+1","EmptyFist+1"],"picked":"Replay:DivineShield+1","floor":24},{"not_picked":["Wallop","Replay:AtTheReady","LikeWater"],"picked":"SKIP","floor":25},{"not_picked":["Meditate","Replay:BluntJabs+1"],"picked":"WindmillStrike+1","floor":27},{"not_picked":["Weave","CutThroughFate"],"picked":"Pray","floor":28},{"not_picked":["Replay:AtTheReady+1","Vengeance+1","Halt"],"picked":"SKIP","floor":30},{"not_picked":["MostiFishMod:LegendTransform","LikeWater","MostiFishMod:Moonprays"],"picked":"SKIP","floor":31},{"not_picked":["MostiFishMod:StarLaLaLa","MostiFishMod:Minus"],"picked":"Replay:LoomingThreat","floor":33},{"not_picked":["Replay:BluntJabs","WindmillStrike","WheelKick+1"],"picked":"SKIP","floor":35},{"not_picked":["JustLucky+1","Vengeance+1","Perseverance+1"],"picked":"SKIP","floor":38},{"not_picked":["InnerPeace+1","Replay:BluntJabs"],"picked":"Consecrate+1","floor":39},{"not_picked":["wanderingMiniBosses:FinaleOfPromise"],"picked":"SKIP","floor":39},{"not_picked":["MostiFishMod:FlowState+1","BowlingBash+1","Blasphemy"],"picked":"SKIP","floor":40},{"not_picked":["CutThroughFate+1","JustLucky+1","Wireheading+1"],"picked":"SKIP","floor":44}],"player_experience":378837,"relics_obtained":[{"floor":6,"key":"reliquary:Stiletto"},{"floor":8,"key":"reliquary:PorcupineQuills"},{"floor":9,"key":"Bottled Flame"},{"floor":11,"key":"ReplayTheSpireMod:TigerMarble"},{"floor":23,"key":"Vajra"},{"floor":25,"key":"ZombieArmy"},{"floor":26,"key":"reliquary:HotPoker"},{"floor":27,"key":"Art of War"},{"floor":39,"key":"wanderingMiniBosses:Blackblade"},{"floor":40,"key":"hubris:Metronome"},{"floor":43,"key":"reliquary:SculptingSteel"}],"event_choices":[{"damage_healed":0,"gold_gain":175,"player_choice":"AGREE","damage_taken":0,"max_hp_gain":0,"max_hp_loss":0,"event_name":"Liars Game","floor":2,"gold_loss":0,"cards_obtained":["Doubt"]},{"damage_healed":0,"gold_gain":0,"player_choice":"Box","damage_taken":0,"relics_obtained":["Mummified Hand"],"max_hp_gain":0,"max_hp_loss":0,"event_name":"Big Fish","floor":4,"gold_loss":0,"cards_obtained":["Regret"]},{"damage_healed":0,"gold_gain":99,"player_choice":"Stole From Cult","damage_taken":0,"max_hp_gain":0,"max_hp_loss":0,"event_name":"Nest","floor":19,"gold_loss":0},{"damage_healed":0,"gold_gain":0,"player_choice":"Forge","damage_taken":0,"max_hp_gain":0,"max_hp_loss":0,"event_name":"Accursed Blacksmith","floor":36,"gold_loss":0,"cards_upgraded":["Fasting2"]},{"cards_removed":["Strike_P"],"damage_healed":0,"gold_gain":0,"player_choice":"Purged","damage_taken":0,"max_hp_gain":0,"max_hp_loss":0,"event_name":"Purifier","floor":41,"gold_loss":0}],"is_beta":false,"boss_relics":[{"not_picked":["hubris:RunicObelisk","Transparent","hubris:HollowSoul"]},{"not_picked":["reliquary:RedPaperclip","Cursed Key","reliquary:RustamsPendant"]}],"items_purged_floors":[5,5,29],"is_endless":false,"potions_floor_spawned":[8,12,13,16,18,21,24,33,35,44],"killed_by":"Spire Growth","ascension_level":1}}