{"host":"d52brwsy6af8zvaq","time":1613632781,"event":{"mods":["AchievementEnabler","BaseMod","Bestiary","Highlight Path","Minty Spire (QoL Compilation)","Quick Restart","Relic Stats","ojb\u0027s Better Paths Mod"],"gold_per_floor":[116,129,139,152,20,20,34,64,88,88,107,11,11,11],"floor_reached":13,"language":"ENG","playtime":346,"items_purged":["Strike_B"],"score":174,"play_id":"06a855c3-b2da-4933-b683-a4f9da723775","local_time":"20210218001941","is_ascension_mode":true,"campfire_choices":[{"data":"Zap","floor":6.0,"key":"SMITH"},{"data":"Consume","floor":10.0,"key":"SMITH"}],"circlet_count":0,"master_deck":["AscendersBane","Strike_B","Strike_B","Strike_B","Defend_B","Defend_B","Defend_B","Defend_B","Zap+1","Dualcast","Doom and Gloom","Ball Lightning","Cold Snap","Coolheaded","Consume+1","Steam","Self Repair","Leap"],"relics":["Cracked Core","Matryoshka","Mummified Hand","Strawberry"],"acts_visited":["Exordium"],"potions_floor_usage":[11,13],"damage_taken":[{"damage":5.0,"enemies":"Small Slimes","floor":1.0,"turns":4.0},{"damage":3.0,"enemies":"2 Louse","floor":2.0,"turns":4.0},{"damage":7.0,"enemies":"Jaw Worm","floor":3.0,"turns":3.0},{"damage":20.0,"enemies":"Large Slime","floor":4.0,"turns":6.0},{"damage":7.0,"enemies":"Lots of Slimes","floor":7.0,"turns":3.0},{"damage":8.0,"enemies":"Lagavulin","floor":8.0,"turns":7.0},{"damage":1,"enemies":"2 Fungi Beasts","floor":11,"turns":2},{"damage":27,"enemies":"Gremlin Nob","floor":13,"turns":3}],"seed_played":"-9136249340853935009","potions_obtained":[{"floor":1.0,"key":"PowerPotion"},{"floor":2.0,"key":"DuplicationPotion"},{"floor":11,"key":"PotionOfCapacity"}],"is_trial":false,"path_per_floor":["M","M","M","M","$","R","M","E","T","R","M","$","E"],"character_chosen":"DEFECT","items_purchased":["Coolheaded","Self Repair","Leap"],"campfire_rested":0,"item_purchase_floors":[5,12,12],"current_hp_per_floor":[66,63,56,36,36,36,29,21,28,28,27,27,0,0],"gold":11,"neow_bonus":"TEN_PERCENT_HP_BONUS","is_daily":false,"chose_seed":false,"campfire_upgraded":2,"win_rate":0.0,"timestamp":1613632781,"path_taken":["M","M","M","M","$","R","M","E","T","R","M","$","E"],"items_purchased_type":["Card","Card","Card"],"build_version":"2020-12-22","purchased_purges":1,"victory":false,"max_hp_per_floor":[78,78,78,78,78,78,78,78,85,85,85,85,85,85],"relic_stats":{"counters":[8,32],"Mummified Hand":[1],"obtain_stats":[{"Matryoshka":8,"Mummified Hand":9,"Strawberry":9,"Cracked Core":0},{"Matryoshka":6,"Mummified Hand":6,"Strawberry":6,"Cracked Core":0},{"Matryoshka":27,"Mummified Hand":27,"Strawberry":27,"Cracked Core":0}]},"card_choices":[{"not_picked":["Heatsinks","Aggregate"],"picked":"Doom and Gloom","floor":1.0},{"not_picked":["Gash","Coolheaded"],"picked":"Ball Lightning","floor":2.0},{"not_picked":["Redo","White Noise","Compile Driver"],"picked":"SKIP","floor":3.0},{"not_picked":["Coolheaded","Blizzard"],"picked":"Cold Snap","floor":4.0},{"not_picked":["Steam Power","Compile Driver"],"picked":"Consume","floor":7.0},{"not_picked":["Stack","Meteor Strike","Barrage"],"picked":"SKIP","floor":8.0},{"not_picked":["Blizzard","Gash"],"picked":"Steam","floor":11}],"player_experience":2309544,"relics_obtained":[{"floor":8.0,"key":"Matryoshka"},{"floor":9.0,"key":"Mummified Hand"},{"floor":9.0,"key":"Strawberry"}],"event_choices":[],"is_beta":false,"boss_relics":[],"items_purged_floors":[5],"is_endless":false,"potions_floor_spawned":[1,2,11],"killed_by":"Gremlin Nob","ascension_level":20}}