{"host":"17hbxmotjlknbpr0","time":1613637651,"event":{"mods":["Act Like it!","BaseMod","BetterRewards","Chat Monstrosity","Colored Powertips","Conspire","Downfall","Friendly Minions","FruityMod","Googly Eyes","GungeonMod","Hallownest","Hermit","Hero for Fun","HololiveMod","Hubris","Infinite Spire","Jorbs\u0027s Wanderer Trilogy","Lobotomy","Marisa????????","Mimic Mod","Minty Spire (QoL Compilation)","Pikachu Mod","READ ME - Snecko Mod","Random Character Button","Rare Cards Sparkle","RatMod","Shop Mod","Small Relic Pack","Somnambulant","StSLib","SuperFastMode","Td1madao Mod","The Bladedancer","The Blue Laboratory","The Bug Knight","The Clintock","The Construct","The Cursed","The Disciple","The Forsaken","The Hierophant","The IronCluck","The Mystic","The Necromancer","The Poker Player","The Problem Sleuth","The Runesmith","The Sage","The Saiyan","The Senshi","The Wild Card","Trackpad","Yuri Mod","egg","thorton"],"gold_per_floor":[119,119,137,151,166,166,176,176,176,208,228,246,271,285,285,285,285,285],"floor_reached":16,"language":"ENG","playtime":1013,"items_purged":[],"score":116,"play_id":"1b8fd512-e298-42b3-866a-6934cab9b5bf","local_time":"20210218034051","is_ascension_mode":false,"metric_token":3602,"campfire_choices":[{"data":"PokerPlayerMod:Diamond1","floor":8,"key":"SMITH"},{"floor":15,"key":"RECALL"}],"circlet_count":0,"master_deck":["PokerPlayerMod:Diamond2","PokerPlayerMod:Diamond2","PokerPlayerMod:Diamond3","PokerPlayerMod:Diamond4","PokerPlayerMod:Diamond5","PokerPlayerMod:Spade1","PokerPlayerMod:Spade2","PokerPlayerMod:Spade3","PokerPlayerMod:Spade4","PokerPlayerMod:Club2","PokerPlayerMod:Heart2","PokerPlayerMod:TrumpStrike+1","PokerPlayerMod:BadJoker","PokerPlayerMod:Mulligan","PokerPlayerMod:DartThrow","PokerPlayerMod:CloakAndDiamond","PokerPlayerMod:JackOfSpades","PokerPlayerMod:Diamond1","PokerPlayerMod:Diamond2","PokerPlayerMod:Heart4","PokerPlayerMod:Spade3","PokerPlayerMod:Diamond3","PokerPlayerMod:ClubsClub","PokerPlayerMod:ChangeRules","PokerPlayerMod:ClubsClub"],"relics":["PokerPlayerMod:DeckCase","Hallownest:DreamNailRelic","DemoMod:MonsterBlood","conspire:DeflatedDodgeball"],"acts_visited":["Hallownest:Greenpath"],"potions_floor_usage":[16],"damage_taken":[{"damage":2,"enemies":"Hallownest:2_Tiktiks_and_1_Crawlid","floor":1,"turns":2},{"damage":0,"enemies":"Hallownest:2_MossCreeps","floor":3,"turns":3},{"damage":8,"enemies":"Hallownest:monsterHuskGuard","floor":4,"turns":4},{"damage":6,"enemies":"Hallownest:1_Baldur_1_Crawlid_1_Warrior","floor":5,"turns":5},{"damage":2,"enemies":"Hallownest:MossCreep_and_Mosskin","floor":7,"turns":5},{"damage":17,"enemies":"Hallownest:eliteCrystalGuardian","floor":10,"turns":4},{"damage":29,"enemies":"Hallownest:Guard_and_Warrior","floor":11,"turns":4},{"damage":1,"enemies":"Hallownest:1_Baldur_1_Crawlid_1_Warrior","floor":12,"turns":4},{"damage":7,"enemies":"Hallownest:eliteVengeflyKing","floor":13,"turns":6},{"damage":2,"enemies":"Hallownest:2_Tiktiks_1_Baldur_1_Crawlid","floor":14,"turns":3},{"damage":63,"enemies":"Hallownest:BossHornet","floor":16,"turns":6}],"seed_played":"-664123143554133750","potions_obtained":[{"floor":1,"key":"CultistPotion"},{"floor":3,"key":"blueLaboratory:EnragingPotion"},{"floor":11,"key":"ColorlessPotion"}],"is_trial":false,"path_per_floor":["M","?","M","M","M","?","M","R","T","E","M","M","E","M","R","B"],"character_chosen":"THE_POKER_PLAYER","items_purchased":[],"campfire_rested":0,"item_purchase_floors":[],"current_hp_per_floor":[50,50,52,44,44,44,46,46,46,42,25,33,35,39,39,0,0,0],"gold":285,"neow_bonus":"UPGRADE_CARD","is_daily":false,"chose_seed":false,"campfire_upgraded":1,"win_rate":0.0,"timestamp":1613637651,"path_taken":["M","?","M","M","M","?","?","R","T","E","?","?","E","M","R","BOSS"],"items_purchased_type":[],"build_version":"2020-12-22","purchased_purges":0,"victory":false,"max_hp_per_floor":[52,52,52,52,52,52,52,52,52,59,59,59,59,59,59,59,59,59],"card_choices":[{"not_picked":["PokerPlayerMod:Heart3","PokerPlayerMod:FlyingCard"],"picked":"PokerPlayerMod:DartThrow","floor":1},{"not_picked":["PokerPlayerMod:Spade1","PokerPlayerMod:Harden"],"picked":"PokerPlayerMod:JackOfSpades","floor":3},{"not_picked":["PokerPlayerMod:Heart3","PokerPlayerMod:ClubStrike"],"picked":"PokerPlayerMod:Diamond1","floor":4},{"not_picked":["PokerPlayerMod:DartThrow","PokerPlayerMod:ClubShade"],"picked":"PokerPlayerMod:Diamond2","floor":5},{"not_picked":["PokerPlayerMod:SecondChance","PokerPlayerMod:DiamondStrike"],"picked":"PokerPlayerMod:Heart4","floor":7},{"not_picked":["PokerPlayerMod:ClubDance","PokerPlayerMod:FakeSymbols"],"picked":"PokerPlayerMod:Spade3","floor":10},{"not_picked":["PokerPlayerMod:DiamondStrike","PokerPlayerMod:CardPrinter"],"picked":"PokerPlayerMod:Diamond3","floor":11},{"not_picked":["PokerPlayerMod:MagicTrick","PokerPlayerMod:SecondChance"],"picked":"PokerPlayerMod:ClubsClub","floor":12},{"not_picked":["PokerPlayerMod:ClubDance","PokerPlayerMod:PoorCopy"],"picked":"PokerPlayerMod:ChangeRules","floor":13},{"not_picked":["PokerPlayerMod:Club2","PokerPlayerMod:Heart3"],"picked":"PokerPlayerMod:ClubsClub","floor":14}],"player_experience":141589,"relics_obtained":[{"floor":10,"key":"DemoMod:MonsterBlood"},{"floor":13,"key":"conspire:DeflatedDodgeball"}],"event_choices":[],"is_beta":false,"boss_relics":[],"items_purged_floors":[],"is_endless":false,"potions_floor_spawned":[1,3,11],"killed_by":"Hallownest:BossHornet","ascension_level":0}}