{"host":"Teech","time":1613672694,"event":{"mods":["AchievementEnabler","BaseMod","Colored Map","Minty Spire (QoL Compilation)","StSLib"],"gold_per_floor":[115,126,21,21,34,63,93,93,120,195,205,170,8,158,158,237,237,256,0,0,0,0,32,32,32,32],"floor_reached":25,"language":"ENG","playtime":786,"items_purged":["Strike_B"],"score":600,"play_id":"a2dfc26c-e724-4b9d-ae91-e116ca19f3a0","local_time":"20210218122454","is_ascension_mode":true,"campfire_choices":[{"data":"Loop","floor":8.0,"key":"SMITH"},{"data":"Conserve Battery","floor":15.0,"key":"SMITH"},{"floor":24.0,"key":"REST"}],"circlet_count":0,"master_deck":["AscendersBane","Strike_B+1","Strike_B+1","Strike_B+1","Defend_B+1","Defend_B+1","Defend_B+1","Defend_B+1","Zap","Dualcast","CurseOfTheBell","Ball Lightning","Conserve Battery+1","Gash","Regret","Sweeping Beam","Beam Cell","Loop+1","Doom and Gloom","Doubt","Multi-Cast","Stack","Shame","Loop+1","Loop+1"],"relics":["Calling Bell","Smiling Mask","Cables","WingedGreaves","Blood Vial","MealTicket","Ginger","Akabeko","DataDisk","Sozu","Dream Catcher","Bag of Preparation"],"acts_visited":["Exordium","TheCity"],"potions_floor_usage":[25],"damage_taken":[{"damage":4.0,"enemies":"Jaw Worm","floor":1.0,"turns":4.0},{"damage":6.0,"enemies":"2 Louse","floor":2.0,"turns":2.0},{"damage":10.0,"enemies":"Small Slimes","floor":5.0,"turns":4.0},{"damage":2.0,"enemies":"Gremlin Nob","floor":6.0,"turns":3.0},{"damage":19.0,"enemies":"3 Sentries","floor":7.0,"turns":5.0},{"damage":3.0,"enemies":"Blue Slaver","floor":11.0,"turns":2.0},{"damage":36.0,"enemies":"Hexaghost","floor":16.0,"turns":8.0},{"damage":42.0,"enemies":"2 Thieves","floor":18.0,"turns":3.0},{"damage":27.0,"enemies":"Slavers","floor":23.0,"turns":5.0},{"damage":34,"enemies":"Book of Stabbing","floor":25,"turns":4}],"seed_played":"8330078911259445941","potions_obtained":[{"floor":2.0,"key":"Fire Potion"},{"floor":5.0,"key":"EntropicBrew"},{"floor":16.0,"key":"DuplicationPotion"}],"is_trial":false,"path_per_floor":["M","M","$","?","M","E","E","R","T","?","M","?","$","?","R","B",null,"M","?","$","?","?","E","R","E"],"character_chosen":"DEFECT","items_purchased":["Gash","DataDisk"],"campfire_rested":1,"item_purchase_floors":[3,13],"current_hp_per_floor":[60,54,54,54,46,46,29,29,29,18,17,34,49,49,49,15,57,17,17,32,32,32,7,28,0,0],"gold":32,"neow_bonus":"BOSS_RELIC","is_daily":false,"chose_seed":false,"campfire_upgraded":2,"win_rate":0.0,"timestamp":1613672694,"path_taken":["M","M","$","?","M","E","E","R","T","?","M","?","?","?","R","BOSS","M","?","$","?","?","E","R","E"],"items_purchased_type":["Card","Relic"],"build_version":"2020-12-18","purchased_purges":1,"victory":false,"max_hp_per_floor":[71,71,71,71,71,71,71,71,71,71,71,71,71,71,71,71,71,71,71,71,71,71,71,71,71,71],"card_choices":[{"not_picked":["Undo","Storm"],"picked":"Ball Lightning","floor":1.0},{"not_picked":["Loop","Streamline"],"picked":"Conserve Battery","floor":2.0},{"not_picked":["Rebound","Leap"],"picked":"Sweeping Beam","floor":5.0},{"not_picked":["Blizzard","Barrage"],"picked":"Beam Cell","floor":6.0},{"not_picked":["Sweeping Beam","Compile Driver"],"picked":"Loop","floor":7.0},{"not_picked":["Stack","Redo"],"picked":"Doom and Gloom","floor":11.0},{"not_picked":["Meteor Strike","Amplify"],"picked":"Multi-Cast","floor":16.0},{"not_picked":["Skim","Rebound"],"picked":"Stack","floor":18.0},{"not_picked":["Capacitor","Doom and Gloom"],"picked":"Loop+1","floor":23.0},{"not_picked":["Gash","Streamline"],"picked":"Loop+1","floor":24.0}],"player_experience":434375,"relics_obtained":[{"floor":0.0,"key":"Smiling Mask"},{"floor":0.0,"key":"Cables"},{"floor":0.0,"key":"WingedGreaves"},{"floor":6.0,"key":"MealTicket"},{"floor":7.0,"key":"Ginger"},{"floor":9.0,"key":"Akabeko"},{"floor":23.0,"key":"Bag of Preparation"}],"event_choices":[{"damage_healed":0.0,"max_hp_gain":0.0,"max_hp_loss":0.0,"gold_gain":0.0,"event_name":"Big Fish","player_choice":"Box","floor":4.0,"gold_loss":0.0,"damage_taken":0.0,"relics_obtained":["Blood Vial"],"cards_obtained":["Regret"]},{"damage_healed":0.0,"max_hp_gain":0.0,"max_hp_loss":0.0,"gold_gain":75.0,"event_name":"World of Goop","player_choice":"Gather Gold","floor":10.0,"gold_loss":0.0,"damage_taken":11.0},{"damage_healed":17.0,"max_hp_gain":0.0,"max_hp_loss":0.0,"gold_gain":0.0,"event_name":"The Cleric","player_choice":"Healed","floor":12.0,"gold_loss":35.0,"damage_taken":0.0},{"damage_healed":0.0,"max_hp_gain":0.0,"max_hp_loss":0.0,"gold_gain":150.0,"event_name":"Liars Game","player_choice":"AGREE","floor":14.0,"gold_loss":0.0,"damage_taken":0.0,"cards_obtained":["Doubt"]},{"damage_healed":0.0,"max_hp_gain":0.0,"max_hp_loss":0.0,"gold_gain":0.0,"event_name":"Masked Bandits","player_choice":"Paid Fearfully","floor":19.0,"gold_loss":256.0,"damage_taken":0.0},{"damage_healed":0.0,"max_hp_gain":0.0,"max_hp_loss":0.0,"gold_gain":0.0,"event_name":"Back to Basics","player_choice":"Simplicity","floor":21.0,"gold_loss":0.0,"damage_taken":0.0,"cards_upgraded":["Strike_B","Strike_B","Strike_B","Defend_B","Defend_B","Defend_B","Defend_B"]},{"damage_healed":0.0,"max_hp_gain":0.0,"max_hp_loss":0.0,"gold_gain":0.0,"event_name":"Addict","player_choice":"Stole Relic","floor":22.0,"gold_loss":0.0,"damage_taken":0.0,"relics_obtained":["Dream Catcher"],"cards_obtained":["Shame"]}],"is_beta":true,"boss_relics":[{"not_picked":["Ectoplasm","Velvet Choker"],"picked":"Sozu"}],"items_purged_floors":[3],"is_endless":false,"potions_floor_spawned":[2,5,16],"killed_by":"Book of Stabbing","ascension_level":20}}