{"host":"df48i9djcn92c5sx","time":1613629036,"event":{"mods":["Act Like it!","Arknights","BaseMod","Decade(王小明)","Downfall","Gensokyo","Marisa（F雨　魔理沙）","Minty Spire (QoL Compilation)","READ ME - Guardian Mod","READ ME - Snecko Mod","Reimu（博丽灵梦）","Remilia（蕾米莉亚）","Shop Mod","StSLib","The Jungle","The Servant 0.9.4"],"gold_per_floor":[99,113,263,282,282,282,307,307,307,322,329,344,358,370,380,357,357,357],"floor_reached":16,"language":"ZHS","playtime":517,"items_purged":[],"score":114,"play_id":"875081f5-8b34-49a2-b293-303b81faaa9c","local_time":"20210218141716","is_ascension_mode":true,"campfire_choices":[{"data":"bronze:SpaghettiCode","floor":1.0,"key":"SMITH"},{"data":"bronze:Philosophize","floor":6.0,"key":"SMITH"},{"data":"bronze:Constructor","floor":8.0,"key":"SMITH"}],"circlet_count":0,"master_deck":["bronze:Strike","bronze:Strike","bronze:Strike","bronze:Strike","bronze:Defend","bronze:Defend","bronze:Defend","bronze:Defend","bronze:Replicate+1","bronze:Goto","bronze:SpaghettiCode+1","bronze:Philosophize+1","downfall:Icky","bronze:Constructor+1","Poor:ReiMu","bronze:NullPointer","bronze:AlphaBuild","bronze:Separator","bronze:Backtrace"],"relics":["bronze:BronzeCore","YidongShenshe:ReiMu","Bag of Preparation"],"acts_visited":["Exordium"],"potions_floor_usage":[14,14,16],"damage_taken":[{"damage":0.0,"enemies":"Small Slimes","floor":2.0,"turns":1.0},{"damage":2.0,"enemies":"Jaw Worm","floor":4.0,"turns":3.0},{"damage":11.0,"enemies":"ats:Genji","floor":10.0,"turns":3.0},{"damage":9.0,"enemies":"Exordium Thugs","floor":11.0,"turns":4.0},{"damage":0.0,"enemies":"Large Slime","floor":12.0,"turns":2.0},{"damage":9,"enemies":"Lagavulin","floor":13,"turns":8},{"damage":0,"enemies":"downfall:LooterAlt","floor":14,"turns":2},{"damage":0,"enemies":"Blue Slaver","floor":15,"turns":2},{"damage":36,"enemies":"DF_ARCHETYPE_STREAMLINE","floor":16,"turns":6}],"seed_played":"-2505313971453924402","potions_obtained":[{"floor":10.0,"key":"Explosive Potion"},{"floor":12.0,"key":"Fire Potion"},{"floor":14,"key":"bronze:BurnAndBuffPotion"},{"floor":15,"key":"GrandPatriotsElixir:ReiMu"}],"is_trial":false,"path_per_floor":["R","M","?","M","?","R","T","R","?","M","M","M","E","M","M","B"],"character_chosen":"THE_AUTOMATON","items_purchased":[],"campfire_rested":0,"item_purchase_floors":[],"current_hp_per_floor":[63,63,63,61,61,61,61,61,61,50,41,41,35,35,35,0,0,0],"gold":357,"neow_bonus":"THREE_RARE_CARDS","is_daily":false,"chose_seed":false,"campfire_upgraded":3,"win_rate":0.0,"timestamp":1613629036,"path_taken":["R","M","?","M","?","R","T","R","?","M","M","M","E","M","M","BOSS"],"items_purchased_type":[],"build_version":"2020-12-22","purchased_purges":0,"victory":false,"max_hp_per_floor":[63,63,63,63,63,63,63,63,63,63,63,63,63,63,63,63,63,63],"card_choices":[{"not_picked":["bronze:Break","bronze:Format"],"picked":"bronze:SpaghettiCode","floor":0.0},{"not_picked":["bronze:Overheat","bronze:BugBarrage"],"picked":"bronze:Philosophize","floor":2.0},{"not_picked":["bronze:BuggyMess","bronze:WhirlingStrike"],"picked":"bronze:Constructor","floor":4.0},{"not_picked":["bronze:Turbo","bronze:ForLoop"],"picked":"bronze:NullPointer","floor":10.0},{"not_picked":["bronze:FineTuning","bronze:GetLatest"],"picked":"bronze:AlphaBuild","floor":11.0},{"not_picked":["bronze:DelayedSlice","bronze:WildBeam","bronze:Allocate"],"picked":"SKIP","floor":12.0},{"not_picked":["bronze:WildBeam","bronze:Branch"],"picked":"bronze:Separator","floor":13},{"not_picked":["bronze:Refactor","bronze:FineTuning"],"picked":"bronze:Backtrace","floor":14},{"not_picked":["bronze:ItsAFeature","bronze:DelayedGuard","bronze:Optimize"],"picked":"SKIP","floor":15}],"player_experience":1575240,"relics_obtained":[{"floor":13,"key":"Bag of Preparation"}],"event_choices":[{"damage_healed":0.0,"max_hp_gain":0.0,"max_hp_loss":0.0,"gold_gain":0.0,"event_name":"yidonshenshe","player_choice":"带走神社","floor":5.0,"gold_loss":0.0,"damage_taken":0.0,"relics_obtained":["YidongShenshe:ReiMu"],"cards_obtained":["Poor:ReiMu"]}],"is_beta":false,"boss_relics":[],"items_purged_floors":[],"is_endless":false,"potions_floor_spawned":[10,12,14,15],"killed_by":"DF_ARCHETYPE_STREAMLINE","ascension_level":2}}