{"host":"fxrgx7wt2cpkbhka","time":1613632140,"event":{"mods":["AchievementEnabler","BaseMod","Colored Powertips","Dark Map","Minty Spire (QoL Compilation)","Permanent Neow","Quick Restart","Slay-I","StSLib","Waifu the Spire"],"gold_per_floor":[111,286,140,150,163,194,206,206,231,231,246,276,276,294,294,368,368,380,415,385,385,385],"floor_reached":21,"language":"ENG","playtime":768,"items_purged":["Doubt"],"score":308,"play_id":"3c99ba9b-3511-4530-8a62-6aee6df1bfeb","local_time":"20210217230900","is_ascension_mode":true,"campfire_choices":[{"data":"Self Repair","floor":8,"key":"SMITH"},{"data":"Consume","floor":10,"key":"SMITH"},{"data":"Zap","floor":13,"key":"SMITH"},{"floor":15,"key":"REST"}],"circlet_count":0,"master_deck":["AscendersBane","Strike_B","Strike_B","Strike_B","Strike_B","Defend_B","Defend_B","Defend_B","Defend_B","Zap+1","Dualcast+1","Consume+1","Self Repair+1","Cold Snap","Cold Snap","Seek"],"relics":["Cracked Core","Bag of Marbles","Anchor","Bag of Preparation","Inserter","Red Mask"],"acts_visited":["Exordium","TheCity"],"potions_floor_usage":[4],"damage_taken":[{"damage":0,"enemies":"Small Slimes","floor":1,"turns":2},{"damage":0,"enemies":"2 Louse","floor":4,"turns":2},{"damage":2,"enemies":"Jaw Worm","floor":5,"turns":5},{"damage":41,"enemies":"3 Sentries","floor":6,"turns":9},{"damage":16,"enemies":"Blue Slaver","floor":7,"turns":3},{"damage":6,"enemies":"Looter","floor":11,"turns":3},{"damage":6,"enemies":"Exordium Thugs","floor":14,"turns":4},{"damage":10,"enemies":"The Guardian","floor":16,"turns":15},{"damage":0,"enemies":"Shell Parasite","floor":18,"turns":8},{"damage":49,"enemies":"Masked Bandits","floor":19,"turns":7},{"damage":25,"enemies":"2 Thieves","floor":20,"turns":5},{"damage":17,"enemies":"Sentry and Sphere","floor":21,"turns":3}],"seed_played":"6426242878776901945","potions_obtained":[{"floor":1,"key":"DistilledChaos"},{"floor":5,"key":"Dexterity Potion"},{"floor":11,"key":"Strength Potion"}],"is_trial":false,"path_per_floor":["M","?","$","M","M","E","M","R","T","R","M","?","R","M","R","B",null,"M","?","M","M"],"character_chosen":"DEFECT","items_purchased":["Self Repair"],"campfire_rested":1,"item_purchase_floors":[3],"current_hp_per_floor":[64,64,64,71,71,37,28,28,28,28,32,32,32,36,57,57,68,71,32,17,0,0],"gold":385,"neow_bonus":"UPGRADE_CARD","is_daily":false,"chose_seed":false,"campfire_upgraded":3,"win_rate":0.0,"timestamp":1613632140,"path_taken":["M","?","$","M","M","E","M","R","T","R","M","?","R","M","R","BOSS","M","?","M","M"],"items_purchased_type":["Card"],"build_version":"2020-12-22","purchased_purges":1,"victory":false,"max_hp_per_floor":[71,71,71,71,71,71,71,71,71,71,71,71,71,71,71,71,71,71,71,71,71,71],"card_choices":[{"not_picked":["Heatsinks","Stack"],"picked":"Consume","floor":1},{"not_picked":["Scrape","Beam Cell"],"picked":"Cold Snap","floor":4},{"not_picked":["Chaos","Conserve Battery","Doom and Gloom"],"picked":"SKIP","floor":5},{"not_picked":["Scrape","Force Field","Steam"],"picked":"SKIP","floor":6},{"not_picked":["Rebound","Streamline","Leap"],"picked":"SKIP","floor":7},{"not_picked":["Consume","White Noise"],"picked":"Cold Snap","floor":11},{"not_picked":["Heatsinks","Conserve Battery","Steam"],"picked":"SKIP","floor":14},{"not_picked":["Rainbow","Echo Form"],"picked":"Seek","floor":16},{"not_picked":["Beam Cell","Streamline","Loop"],"picked":"SKIP","floor":18},{"not_picked":["Redo","Hologram","Rebound"],"picked":"SKIP","floor":20}],"player_experience":792241,"relics_obtained":[{"floor":6,"key":"Bag of Marbles"},{"floor":9,"key":"Anchor"},{"floor":19,"key":"Red Mask"}],"event_choices":[{"damage_healed":0,"gold_gain":175,"player_choice":"AGREE","damage_taken":0,"max_hp_gain":0,"max_hp_loss":0,"event_name":"Liars Game","floor":2,"gold_loss":0,"cards_obtained":["Doubt"]},{"damage_healed":0,"gold_gain":30,"player_choice":"Searched \u00273\u0027 times","damage_taken":0,"relics_obtained":["Bag of Preparation"],"max_hp_gain":0,"max_hp_loss":0,"event_name":"Dead Adventurer","floor":12,"gold_loss":0},{"damage_healed":0,"gold_gain":0,"player_choice":"Fought Bandits","damage_taken":0,"max_hp_gain":0,"max_hp_loss":0,"event_name":"Masked Bandits","floor":19,"gold_loss":0}],"is_beta":false,"boss_relics":[{"not_picked":["Snecko Eye","SlaversCollar"],"picked":"Inserter"}],"items_purged_floors":[3],"is_endless":false,"potions_floor_spawned":[1,5,11,14,18],"killed_by":"Sentry and Sphere","ascension_level":14}}