{"host":"92wx9z21c4p52du4","time":1613689862,"event":{"mods":["Act Like it!","BaseMod","ChefMod","Evolution","GungeonMod","Infinite Spire","Minty Spire (QoL Compilation)","QueenMod","Relic Stats","Reliquary","StSLib","SuperFastMode"],"gold_per_floor":[111,286,304,55,55,55,74,74,74,87,87,87,102,114,114,212,212,229,29,29,29,39,39,49,49,72,72,99,111,146,146,146],"floor_reached":31,"language":"ENG","playtime":1319,"items_purged":[],"score":315,"play_id":"a2b46930-27b3-4587-ab6b-77d8fb9c9359","local_time":"20210218171102","is_ascension_mode":false,"campfire_choices":[{"data":"DemoMod:FastSwitch","floor":6,"key":"SMITH"},{"data":"DemoMod:HuntsMan","floor":8,"key":"SMITH"},{"data":"DemoMod:SuppressiveFire","floor":12,"key":"SMITH"},{"data":"DemoMod:PotionOfGunFriendShip","floor":15,"key":"SMITH"},{"data":"DemoMod:ManualReload","floor":23,"key":"SMITH"},{"data":"J.A.X.","floor":27,"key":"SMITH"}],"circlet_count":0,"master_deck":["DemoMod:MachoBrace","DemoMod:MachoBrace","DemoMod:MachoBrace","DemoMod:Roll","DemoMod:ManualReload+1","DemoMod:RustySidearm","DemoMod:CrossBow","DemoMod:FastSwitch+1","DemoMod:HuntsMan+1","DemoMod:SuppressiveFire+1","DemoMod:Evolver","DemoMod:PotionOfGunFriendShip+1","DemoMod:GunslingerForm+1","DemoMod:Ejector+1","DemoMod:BattleInHaste","DemoMod:SkilledReload+1","Writhe","J.A.X.+1","DemoMod:BattleInHaste+1","DemoMod:Desperate","DemoMod:Unity+1","DemoMod:RadGun"],"relics":["DemoMod:Dog","EVO:Axolotl","Tiny Chest","infinitespire:WardingShard","Frozen Egg 2","DemoMod:GundromedaStrain","reliquary:ThirdArm","MealTicket","Membership Card","reliquary:SilkGlove","DemoMod:MeltedRock","Art of War","White Beast Statue"],"acts_visited":["Exordium","TheCity"],"potions_floor_usage":[22,22,24,28,30,30,31],"damage_taken":[{"damage":0,"enemies":"2 Louse","floor":1,"turns":2},{"damage":0,"enemies":"Cultist","floor":3,"turns":4},{"damage":0,"enemies":"Jaw Worm","floor":7,"turns":3},{"damage":0,"enemies":"Large Slime","floor":10,"turns":4},{"damage":0,"enemies":"Looter","floor":13,"turns":2},{"damage":0,"enemies":"Exordium Thugs","floor":14,"turns":3},{"damage":0,"enemies":"Slime Boss","floor":16,"turns":10},{"damage":7,"enemies":"Spheric Guardian","floor":18,"turns":4},{"damage":10,"enemies":"2 Thieves","floor":22,"turns":3},{"damage":18,"enemies":"3 Cultists","floor":24,"turns":6},{"damage":24,"enemies":"Book of Stabbing","floor":28,"turns":4},{"damage":9,"enemies":"Sentry and Sphere","floor":29,"turns":5},{"damage":13,"enemies":"Nightmare","floor":30,"turns":8},{"damage":12,"enemies":"Snake Plant","floor":31,"turns":1}],"seed_played":"4535215529796218637","potions_obtained":[{"floor":1,"key":"BlessingOfTheForge"},{"floor":3,"key":"Swift Potion"},{"floor":14,"key":"FearPotion"},{"floor":22,"key":"DemoMod:LeadSkinPotion"},{"floor":24,"key":"Regen Potion"},{"floor":29,"key":"Energy Potion"},{"floor":30,"key":"Energy Potion"}],"is_trial":false,"path_per_floor":["M","?","M","$","?","R","M","R","T","M","T","R","M","M","R","B",null,"M","$","?","?","M","R","M","T","T","R","E","M","NM","M"],"character_chosen":"HUNTRESS","items_purchased":["infinitespire:WardingShard","Membership Card","DemoMod:BattleInHaste","DemoMod:SkilledReload+1"],"campfire_rested":0,"item_purchase_floors":[4,19,19,19],"current_hp_per_floor":[70,70,70,70,70,70,70,70,70,70,70,70,70,70,70,70,70,63,70,70,70,60,60,42,42,42,42,30,21,8,0,0],"gold":146,"neow_bonus":"RANDOM_COMMON_RELIC","is_daily":false,"chose_seed":false,"campfire_upgraded":6,"win_rate":0.0,"timestamp":1613689862,"path_taken":["M","?","M","?","?","R","M","R","T","M","?","R","M","?","R","BOSS","M","$","?","?","M","R","M","?","T","R","E","M","NM","?"],"items_purchased_type":["Relic","Relic","Card","Card"],"build_version":"2020-12-22","purchased_purges":0,"victory":false,"max_hp_per_floor":[70,70,70,70,70,70,70,70,70,70,70,70,70,70,70,70,70,70,70,70,70,70,70,70,70,70,70,70,70,70,70,70],"relic_stats":{"counters":[14,59],"Tiny Chest":2,"MealTicket":7,"Art of War":[3],"obtain_stats":[{"reliquary:SilkGlove":20,"DemoMod:Dog":0,"DemoMod:GlassGuonStoneRelic":1,"EVO:Axolotl":0,"Frozen Egg 2":9,"reliquary:ThirdArm":17,"White Beast Statue":30,"infinitespire:WardingShard":4,"DemoMod:GundromedaStrain":11,"Tiny Chest":0,"MealTicket":18,"DemoMod:MeltedRock":25,"Art of War":28,"Membership Card":19},{"reliquary:SilkGlove":8,"DemoMod:Dog":0,"DemoMod:GlassGuonStoneRelic":1,"EVO:Axolotl":0,"Frozen Egg 2":3,"reliquary:ThirdArm":7,"White Beast Statue":13,"infinitespire:WardingShard":2,"DemoMod:GundromedaStrain":4,"Tiny Chest":0,"MealTicket":8,"DemoMod:MeltedRock":10,"Art of War":11,"Membership Card":8},{"reliquary:SilkGlove":32,"DemoMod:Dog":0,"DemoMod:GlassGuonStoneRelic":2,"EVO:Axolotl":0,"Frozen Egg 2":9,"reliquary:ThirdArm":28,"White Beast Statue":58,"infinitespire:WardingShard":6,"DemoMod:GundromedaStrain":13,"Tiny Chest":0,"MealTicket":32,"DemoMod:MeltedRock":41,"Art of War":45,"Membership Card":32}]},"card_choices":[{"not_picked":["DemoMod:Ejector","DemoMod:BoxingGlove"],"picked":"DemoMod:FastSwitch","floor":1},{"not_picked":["DemoMod:MachoBrace","DemoMod:DoubleSwitch"],"picked":"DemoMod:Purify","floor":3},{"not_picked":["DemoMod:TeaPot","DemoMod:SpreadAmmo"],"picked":"DemoMod:HuntsMan","floor":7},{"not_picked":["DemoMod:MachoBrace","DemoMod:HardPowerCard"],"picked":"DemoMod:SuppressiveFire","floor":10},{"not_picked":["DemoMod:Ejector","DemoMod:HuntsMan"],"picked":"DemoMod:Evolver","floor":13},{"not_picked":["DemoMod:BattleInHaste","DemoMod:HuntsMan"],"picked":"DemoMod:PotionOfGunFriendShip","floor":14},{"not_picked":["DemoMod:FightSabre","DemoMod:BlankBullets+1"],"picked":"DemoMod:GunslingerForm+1","floor":16},{"not_picked":["DemoMod:HungryBullets+1","DemoMod:TripleGun"],"picked":"DemoMod:Ejector+1","floor":18},{"not_picked":["DemoMod:SniperShot","DemoMod:AC15"],"picked":"DemoMod:BattleInHaste+1","floor":22},{"not_picked":["DemoMod:SAA","DemoMod:Ejector+1","DemoMod:BattleInHaste+1"],"picked":"SKIP","floor":24},{"not_picked":["DemoMod:FeignSurrender","DemoMod:ConditionalReflex"],"picked":"DemoMod:Desperate","floor":28},{"not_picked":["DemoMod:CombinedRifle","DemoMod:Unmoved"],"picked":"DemoMod:Unity+1","floor":29},{"not_picked":["DemoMod:Unmoved+1","DemoMod:CombinedRifle+1"],"picked":"DemoMod:RadGun","floor":30}],"player_experience":202156,"relics_obtained":[{"floor":9,"key":"Frozen Egg 2"},{"floor":11,"key":"DemoMod:GundromedaStrain"},{"floor":18,"key":"MealTicket"},{"floor":25,"key":"DemoMod:MeltedRock"},{"floor":28,"key":"Art of War"},{"floor":30,"key":"White Beast Statue"}],"event_choices":[{"damage_healed":0,"gold_gain":175,"player_choice":"AGREE","damage_taken":0,"max_hp_gain":0,"max_hp_loss":0,"event_name":"Liars Game","floor":2,"gold_loss":0,"cards_obtained":["Doubt"]},{"cards_removed":["Doubt"],"damage_healed":0,"gold_gain":0,"player_choice":"Removed Curses","damage_taken":0,"max_hp_gain":0,"max_hp_loss":0,"event_name":"Fountain of Cleansing","floor":5,"gold_loss":0},{"damage_healed":0,"gold_gain":0,"player_choice":"Opened","damage_taken":0,"relics_obtained":["reliquary:SilkGlove"],"max_hp_gain":0,"max_hp_loss":0,"event_name":"The Mausoleum","floor":20,"gold_loss":0,"cards_obtained":["Writhe"]},{"damage_healed":0,"gold_gain":0,"player_choice":"Obtain J.A.X.","damage_taken":0,"max_hp_gain":0,"max_hp_loss":0,"event_name":"Drug Dealer","floor":21,"gold_loss":0,"cards_obtained":["J.A.X."]}],"is_beta":false,"boss_relics":[{"not_picked":["reliquary:KinkedSpring","reliquary:Craggleroot"],"picked":"reliquary:ThirdArm"}],"items_purged_floors":[],"is_endless":false,"potions_floor_spawned":[1,3,14,22,24,29,30],"killed_by":"Snake Plant","ascension_level":0}}