{"host":"z3qs3l37sjzyczji","time":1613657956,"event":{"mods":["AchievementEnabler","BaseMod","Colored Map","Colored Powertips","Keyboard Shortcuts","Minty Spire (QoL Compilation)","Relic Stats","SuperFastMode"],"gold_per_floor":[117,134,134,151,171,202,202,231,231,246,246,246,246],"floor_reached":12,"language":"ENG","playtime":404,"items_purged":[],"score":140,"play_id":"064440cd-09be-4af4-b50f-e0ccbdf6ddd2","local_time":"20210218141916","is_ascension_mode":true,"campfire_choices":[{"data":"Feed","floor":7,"key":"SMITH"},{"data":"Bash","floor":11,"key":"SMITH"}],"circlet_count":0,"master_deck":["AscendersBane","Strike_R","Strike_R","Strike_R","Strike_R","Defend_R","Defend_R","Defend_R","Defend_R","Bash+1","Immolate","Pommel Strike","Shrug It Off","Battle Trance","Feed+1"],"relics":["Burning Blood","Turnip","Letter Opener","Sundial"],"acts_visited":["Exordium"],"potions_floor_usage":[8,8],"damage_taken":[{"damage":2,"enemies":"Jaw Worm","floor":1,"turns":3},{"damage":0,"enemies":"2 Louse","floor":2,"turns":1},{"damage":0,"enemies":"Cultist","floor":4,"turns":2},{"damage":8,"enemies":"Blue Slaver","floor":5,"turns":2},{"damage":50,"enemies":"Gremlin Nob","floor":6,"turns":5},{"damage":30,"enemies":"Lagavulin","floor":8,"turns":7},{"damage":0,"enemies":"2 Fungi Beasts","floor":10,"turns":2},{"damage":16,"enemies":"Gremlin Nob","floor":12,"turns":2}],"seed_played":"-7156903382080588956","potions_obtained":[{"floor":1,"key":"Fruit Juice"},{"floor":5,"key":"LiquidBronze"},{"floor":6,"key":"HeartOfIron"},{"floor":8,"key":"ElixirPotion"}],"is_trial":false,"path_per_floor":["M","M","?","M","M","E","R","E","T","M","R","E"],"character_chosen":"IRONCLAD","items_purchased":[],"campfire_rested":0,"item_purchase_floors":[],"current_hp_per_floor":[72,72,72,72,70,26,26,7,7,13,13,0,0],"gold":246,"neow_bonus":"THREE_RARE_CARDS","is_daily":false,"chose_seed":false,"campfire_upgraded":2,"win_rate":0.0,"timestamp":1613657956,"path_taken":["M","M","?","M","M","E","R","E","T","M","R","E"],"items_purchased_type":[],"build_version":"2020-12-22","purchased_purges":0,"victory":false,"max_hp_per_floor":[72,72,72,72,72,72,72,77,77,77,77,77,77],"relic_stats":{"counters":[8,24],"Sundial":[0],"Turnip":[0],"Letter Opener":[0],"obtain_stats":[{"Sundial":9,"Turnip":6,"Letter Opener":8,"Burning Blood":0},{"Sundial":6,"Turnip":5,"Letter Opener":6,"Burning Blood":0},{"Sundial":20,"Turnip":13,"Letter Opener":20,"Burning Blood":0}],"Burning Blood":26},"card_choices":[{"not_picked":["Juggernaut","Reaper"],"picked":"Immolate","floor":0},{"not_picked":["Fire Breathing","Second Wind"],"picked":"Pommel Strike","floor":1},{"not_picked":["Armaments","Dropkick"],"picked":"Shrug It Off","floor":2},{"not_picked":["Dark Embrace","Wild Strike"],"picked":"Battle Trance","floor":4},{"not_picked":["Heavy Blade","Havoc","Infernal Blade"],"picked":"SKIP","floor":5},{"not_picked":["Iron Wave","Bloodletting"],"picked":"Feed","floor":6},{"not_picked":["Burning Pact","Body Slam","Anger"],"picked":"SKIP","floor":8},{"not_picked":["Dropkick","Power Through","Iron Wave"],"picked":"SKIP","floor":10}],"player_experience":110311,"relics_obtained":[{"floor":6,"key":"Turnip"},{"floor":8,"key":"Letter Opener"},{"floor":9,"key":"Sundial"}],"event_choices":[{"cards_removed":["Strike_R"],"damage_healed":0,"gold_gain":0,"player_choice":"Forget","damage_taken":0,"max_hp_gain":0,"max_hp_loss":0,"event_name":"Living Wall","floor":3,"gold_loss":0}],"is_beta":false,"boss_relics":[],"items_purged_floors":[],"is_endless":false,"potions_floor_spawned":[1,5,6,8],"killed_by":"Gremlin Nob","ascension_level":11}}