{"host":"ju66gn9zov5ov15o","time":1613659838,"event":{"mods":["100% Spire Juice","2.2 Compatiblity","Act Like it!","Arknights","Aspiration","BaseMod","Conspire","Downfall","GifTheSpireLib","Hubris","Lobotomy","LobotomyExtend","Marisa????????","Minty Spire (QoL Compilation)","Pale of the Ancients","Rare Cards Sparkle","Relic Stats","Ruina","Shapeshifter Mod","StSLib","The Alterego","The Animator"],"gold_per_floor":[119,119,139,139,214,243,263,263,263,263,279,279,50,50,50,145,145,161,161,178,178,178],"floor_reached":21,"language":"ENG","playtime":858,"items_purged":[],"score":212,"play_id":"7911305c-b5ce-4d52-bb8c-4d8d8fe08cb5","local_time":"20210218155038","is_ascension_mode":true,"campfire_choices":[{"data":"Prepared","floor":8,"key":"SMITH"},{"data":"Corpse Explosion","floor":10,"key":"SMITH"},{"floor":15,"key":"REST"}],"circlet_count":0,"master_deck":["Strike_G","Strike_G","Strike_G+1","Strike_G","Strike_G","Defend_G","Defend_G","Defend_G+1","Defend_G+1","Defend_G","Survivor","Neutralize","Bouncing Flask+1","Corpse Explosion+1","Neutralize","Poisoned Stab","Masterful Stab","Prepared+1","Backflip","Reflex","aspiration:Lunge","PiercingWail+1","Underhanded Strike"],"relics":["Ring of the Snake","aspiration:DSix","LetterFromLob","War Paint","hubris:ToyBattleship","Blood Vial","conspire:SlowCooker","Frozen Eye"],"acts_visited":["Exordium","ruina:Briah"],"potions_floor_usage":[6,20],"damage_taken":[{"damage":2,"enemies":"ats:Genji","floor":1,"turns":6},{"damage":0,"enemies":"Cultist","floor":3,"turns":3},{"damage":27,"enemies":"3 Sentries","floor":6,"turns":5},{"damage":0,"enemies":"conspire:RoseBush","floor":7,"turns":3},{"damage":0,"enemies":"2 Fungi Beasts","floor":11,"turns":2},{"damage":9,"enemies":"The Guardian","floor":16,"turns":8},{"damage":18,"enemies":"ruina:3_Bats","floor":18,"turns":3},{"damage":24,"enemies":"ruina:BadWolf","floor":20,"turns":6},{"damage":41,"enemies":"ruina:3_Scarecrows","floor":21,"turns":4}],"seed_played":"-8553012119943175856","potions_obtained":[{"floor":1,"key":"Dexterity Potion"},{"floor":11,"key":"sneckomod:MuddlingPotion"}],"is_trial":false,"path_per_floor":["M","?","M","?","?","E","M","R","T","R","M","?","$","?","R","B",null,"M","?","M","M"],"character_chosen":"THE_SILENT","items_purchased":["Blood Vial","Reflex"],"campfire_rested":1,"item_purchase_floors":[13,13],"current_hp_per_floor":[68,68,68,71,60,33,33,33,33,33,33,26,26,11,32,25,73,55,55,33,0,0],"gold":178,"neow_bonus":"DSIX","is_daily":false,"chose_seed":false,"campfire_upgraded":2,"win_rate":0.0,"timestamp":1613659838,"path_taken":["M","?","?","?","?","E","M","R","T","R","M","?","$","?","R","BOSS","M","?","?","M"],"items_purchased_type":["Relic","Card"],"build_version":"2020-12-22","purchased_purges":0,"victory":false,"max_hp_per_floor":[70,70,70,73,73,73,73,73,73,73,73,73,73,73,73,73,73,73,73,73,73,73],"relic_stats":{"Blood Vial":6,"counters":[9,40],"War Paint":["Defend_G","Bouncing Flask"],"obtain_stats":[{"Blood Vial":13,"Frozen Eye":21,"conspire:SlowCooker":17,"LetterFromLob":1,"hubris:ToyBattleship":12,"War Paint":6,"aspiration:DSix":0,"Ring of the Snake":0},{"Blood Vial":5,"Frozen Eye":8,"conspire:SlowCooker":6,"LetterFromLob":1,"hubris:ToyBattleship":5,"War Paint":3,"aspiration:DSix":0,"Ring of the Snake":0},{"Blood Vial":19,"Frozen Eye":36,"conspire:SlowCooker":27,"LetterFromLob":6,"hubris:ToyBattleship":19,"War Paint":14,"aspiration:DSix":0,"Ring of the Snake":0}],"Ring of the Snake":[18]},"card_choices":[{"not_picked":["Dodge and Roll","Bane"],"picked":"Bouncing Flask","floor":1},{"not_picked":["Backflip","Quick Slash"],"picked":"Poisoned Stab","floor":3},{"not_picked":["Quick Slash","Sucker Punch"],"picked":"Masterful Stab","floor":6},{"not_picked":["Deflect","Choke"],"picked":"Prepared","floor":7},{"not_picked":["Prepared","Bane"],"picked":"Backflip","floor":11},{"not_picked":["Malaise","Burst"],"picked":"aspiration:Lunge","floor":16},{"not_picked":["Well Laid Plans","hubris:TrickCloak"],"picked":"PiercingWail+1","floor":18},{"not_picked":["Slice","Predator"],"picked":"Underhanded Strike","floor":20}],"player_experience":490619,"relics_obtained":[{"floor":1,"key":"LetterFromLob"},{"floor":6,"key":"War Paint"}],"event_choices":[{"damage_healed":0,"gold_gain":0,"player_choice":"2 cards matched","damage_taken":0,"max_hp_gain":0,"max_hp_loss":0,"event_name":"Match and Keep!","floor":2,"gold_loss":0,"cards_obtained":["Corpse Explosion","Neutralize"]},{"damage_healed":0,"gold_gain":75,"player_choice":"Gather Gold","damage_taken":11,"max_hp_gain":0,"max_hp_loss":0,"event_name":"World of Goop","floor":5,"gold_loss":0},{"damage_healed":0,"gold_gain":0,"player_choice":"Success","damage_taken":7,"relics_obtained":["hubris:ToyBattleship"],"max_hp_gain":0,"max_hp_loss":0,"event_name":"Scrap Ooze","floor":12,"gold_loss":0},{"damage_healed":0,"gold_gain":0,"player_choice":"Entered Light","damage_taken":15,"max_hp_gain":0,"max_hp_loss":0,"event_name":"Shining Light","floor":14,"gold_loss":0,"cards_upgraded":["Defend_G","Strike_G"]}],"is_beta":false,"boss_relics":[{"not_picked":["aspiration:DefectSkillbook","Busted Crown"],"picked":"conspire:SlowCooker"}],"items_purged_floors":[],"is_endless":false,"potions_floor_spawned":[1,11],"killed_by":"ruina:3_Scarecrows","ascension_level":4}}