{"host":"i09pxcjttd31eh4q","time":1613643345,"event":{"mods":["AchievementEnabler","BaseMod","Colored Map","Keyboard Shortcuts","Minty Spire (QoL Compilation)","StSLib","SuperFastMode"],"gold_per_floor":[115,115,190,206,206,235,235,235,261,272,283,283,208,226,226,304,304,315,330,343,83,95,95,109,109,109],"floor_reached":25,"language":"KOR","playtime":557,"items_purged":["Strike_P","Defend_P"],"score":460,"play_id":"7255b10b-b584-4870-9f26-0fb8e217b499","local_time":"20210218191545","is_ascension_mode":true,"campfire_choices":[{"data":"Eruption","floor":8,"key":"SMITH"},{"data":"Sanctity","floor":12,"key":"SMITH"},{"floor":15,"key":"RECALL"},{"data":"Scrawl","floor":23,"key":"SMITH"}],"circlet_count":0,"master_deck":["AscendersBane","Strike_P","Strike_P","Strike_P","Defend_P","Eruption+1","Vigilance","Sanctity+1","FearNoEvil","Scrawl+1","InnerPeace"],"relics":["PureWater","NeowsBlessing","Regal Pillow","Toy Ornithopter","SlaversCollar","Potion Belt"],"acts_visited":["Exordium","TheCity"],"potions_floor_usage":[11,18,20,22],"damage_taken":[{"damage":0.0,"enemies":"2 Louse","floor":1.0,"turns":1.0},{"damage":0,"enemies":"Jaw Worm","floor":4,"turns":1},{"damage":0,"enemies":"Lagavulin","floor":6,"turns":1},{"damage":0,"enemies":"Small Slimes","floor":10,"turns":3},{"damage":0,"enemies":"2 Fungi Beasts","floor":11,"turns":2},{"damage":0,"enemies":"Blue Slaver","floor":14,"turns":2},{"damage":30,"enemies":"The Guardian","floor":16,"turns":15},{"damage":0,"enemies":"Spheric Guardian","floor":18,"turns":1},{"damage":7,"enemies":"Chosen","floor":19,"turns":3},{"damage":29,"enemies":"Shelled Parasite and Fungi","floor":20,"turns":6},{"damage":22,"enemies":"3 Cultists","floor":22,"turns":5},{"damage":0,"enemies":"Centurion and Healer","floor":24,"turns":4}],"seed_played":"5429429592817087152","potions_obtained":[{"floor":4,"key":"Swift Potion"},{"floor":6,"key":"Energy Potion"},{"floor":14,"key":"BottledMiracle"},{"floor":18,"key":"DistilledChaos"},{"floor":20,"key":"Dexterity Potion"}],"is_trial":false,"path_per_floor":["M","?","?","M","?","E","?","R","T","M","M","R","$","M","R","B",null,"M","M","M","$","M","R","M","?"],"character_chosen":"WATCHER","items_purchased":["Potion Belt"],"campfire_rested":0,"item_purchase_floors":[21],"current_hp_per_floor":[61,61,50,50,55,55,48,48,48,48,53,53,53,53,53,23,61,66,59,35,35,18,18,18,0,0],"gold":109,"neow_bonus":"THREE_ENEMY_KILL","is_daily":false,"chose_seed":false,"campfire_upgraded":3,"win_rate":0.0,"timestamp":1613643345,"path_taken":["M","?","?","M","?","E","?","R","T","?","M","R","$","M","R","BOSS","M","M","M","$","M","R","M","?"],"items_purchased_type":["Relic"],"build_version":"2020-12-22","purchased_purges":2,"victory":false,"max_hp_per_floor":[68,68,68,68,73,73,73,73,73,73,73,73,73,73,73,73,73,73,73,73,73,73,73,73,78,78],"card_choices":[{"not_picked":["ClearTheMind","Perseverance","DeceiveReality"],"picked":"SKIP","floor":1.0},{"not_picked":["Evaluate","FlyingSleeves","EmptyBody"],"picked":"SKIP","floor":4},{"not_picked":["ClearTheMind","Conclude","FlurryOfBlows"],"picked":"SKIP","floor":6},{"not_picked":["InnerPeace","DeusExMachina"],"picked":"FearNoEvil","floor":10},{"not_picked":["ClearTheMind","CutThroughFate","SashWhip"],"picked":"SKIP","floor":11},{"not_picked":["JustLucky","Halt","FollowUp"],"picked":"SKIP","floor":14},{"not_picked":["Ragnarok","Wish"],"picked":"Scrawl","floor":16},{"not_picked":["ClearTheMind","Consecrate","Evaluate"],"picked":"SKIP","floor":18},{"not_picked":["Consecrate","FlurryOfBlows","FlyingSleeves"],"picked":"SKIP","floor":19},{"not_picked":["PathToVictory","WreathOfFlame"],"picked":"InnerPeace","floor":20},{"not_picked":["Vengeance","CutThroughFate","PathToVictory"],"picked":"SKIP","floor":22},{"not_picked":["CutThroughFate","EmptyBody","ForeignInfluence"],"picked":"SKIP","floor":24}],"player_experience":924772,"relics_obtained":[{"floor":6,"key":"Regal Pillow"},{"floor":9,"key":"Toy Ornithopter"}],"event_choices":[{"damage_healed":0,"gold_gain":0,"cards_transformed":["Defend_P"],"player_choice":"Change","damage_taken":0,"max_hp_gain":0,"max_hp_loss":0,"event_name":"Living Wall","floor":2,"gold_loss":0,"cards_obtained":["Sanctity"]},{"damage_healed":0,"gold_gain":75,"player_choice":"Gather Gold","damage_taken":11,"max_hp_gain":0,"max_hp_loss":0,"event_name":"World of Goop","floor":3,"gold_loss":0},{"damage_healed":0,"gold_gain":0,"player_choice":"Donut","damage_taken":0,"max_hp_gain":5,"max_hp_loss":0,"event_name":"Big Fish","floor":5,"gold_loss":0},{"cards_removed":["Defend_P"],"damage_healed":0,"gold_gain":0,"player_choice":"Card Removal","damage_taken":7,"max_hp_gain":0,"max_hp_loss":0,"event_name":"Golden Wing","floor":7,"gold_loss":0}],"is_beta":false,"boss_relics":[{"not_picked":["Runic Dome","Calling Bell"],"picked":"SlaversCollar"}],"items_purged_floors":[13,21],"is_endless":false,"potions_floor_spawned":[4,6,14,18,20],"ascension_level":20}}