{"host":"v4tuy5ykrbdcm9o9","time":1613667058,"event":{"mods":["BaseMod","Duelist Mod","Minty Spire (QoL Compilation)","Replay The Spire","StSLib"],"gold_per_floor":[119,119,119,45,64,64,93,93,93,121,121,144,157,168,168,269,269,279,291,309,224,224,254,270,298,325,340,340,25,52,70,70,171,221,236,236,236,255,21,51,70,70,94,147,186,248,296,326,326,342,342,342,38,112,130],"floor_reached":56,"language":"ENG","playtime":12659,"items_purged":["Writhe"],"score":2329,"play_id":"79f446fa-4e02-4d79-bc9d-5dd212f9da0e","local_time":"20210218115058","is_ascension_mode":true,"campfire_choices":[{"data":"1","floor":6.0,"key":"LIFT"},{"data":"2","floor":8.0,"key":"LIFT"},{"floor":15.0,"key":"RECALL"},{"floor":28,"key":"REST"},{"data":"3","floor":32,"key":"LIFT"},{"data":"Hologram","floor":42,"key":"SMITH"},{"floor":49,"key":"REST"},{"floor":52,"key":"REST"}],"circlet_count":0,"master_deck":["Strike_B","Strike_B","Strike_B","Strike_B","Defend_B","Defend_B","Defend_B","Zap","Dualcast","Strike_P","Eruption+1","Go for the Eyes","Steam+1","BootSequence","Turbo","Cold Snap+1","Ball Lightning","Streamline","Compile Driver","All For One+1","Seek+1","theDuelist:CurseAging","theDuelist:DuelistAscender","theDuelist:CurseAging","Conserve Battery","Gash","Panic Button+1","Streamline+1","Sweeping Beam","Stack+1","Go for the Eyes","Chrysalis+1","Glacier+1","Go for the Eyes","Gash","Mirror Shield+1","Sunder+1","Beam Cell+1","Streamline","Hologram+1","Madness","Madness","Swift Strike","Chrysalis+1","Conserve Battery","Hello World+1","Stack+1","Go for the Eyes+1","Lockon+1","Seek+1","Buffer+1","Go for the Eyes+1","Conserve Battery","Beam Cell+1","Static Discharge+1","Turbo","ReplayGash+1","Sunder+1","Storm","Gash","FTL+1","Leap+1","Heatsinks+1","Hologram","Buffer+1","All For One+1","ReplayTheSpireMod:Private Reserves+1","ReplayTheSpireMod:Private Reserves+1","Mirror Shield+1"],"relics":["Cracked Core","Girya","Blood Vial","Golden Egg","ReplayTheSpireMod:Shallot","CaptainsWheel","Replay:Ancient Bell","Juzu Bracelet","Shuriken","Torii","Turnip","Nunchaku","Ancient Tea Set","Potion Belt","Blue Doll","Bag of Preparation","Prayer Wheel","Prayer Wheel","Tiny House","Solar Panel","Replay:Bandana","ReplayTheSpireMod:TigerMarble","Unceasing Top","Prayer Wheel","Pondfish Scales","Lantern"],"acts_visited":["Exordium","TheCity","TheBeyond","TheEnding"],"potions_floor_usage":[18,20,24,30,31,38,44,46,47,48,54,55,55,55],"damage_taken":[{"damage":2.0,"enemies":"Jaw Worm","floor":1.0,"turns":3.0},{"damage":0.0,"enemies":"2 Louse","floor":5.0,"turns":2.0},{"damage":0.0,"enemies":"Replay:BlueRogue","floor":7.0,"turns":3.0},{"damage":0.0,"enemies":"Gremlin Nob","floor":10.0,"turns":3.0},{"damage":0.0,"enemies":"Cultist","floor":13.0,"turns":2.0},{"damage":0.0,"enemies":"Blue Slaver","floor":14.0,"turns":2.0},{"damage":26.0,"enemies":"Fading Forest","floor":16.0,"turns":11.0},{"damage":9,"enemies":"2 Thieves","floor":18,"turns":3},{"damage":0,"enemies":"Chosen","floor":19,"turns":3},{"damage":0,"enemies":"3 Cultists","floor":20,"turns":3},{"damage":1,"enemies":"theDuelist:KaibaA2","floor":23,"turns":4},{"damage":0,"enemies":"Snecko","floor":24,"turns":4},{"damage":13,"enemies":"Gremlin Leader","floor":25,"turns":4},{"damage":15,"enemies":"Snake Plant","floor":27,"turns":4},{"damage":0,"enemies":"Slavers","floor":30,"turns":4},{"damage":10,"enemies":"Sentry and Sphere","floor":31,"turns":4},{"damage":19,"enemies":"Pondfish","floor":33,"turns":10},{"damage":0,"enemies":"3 Darklings","floor":35,"turns":2},{"damage":0,"enemies":"3 Shapes","floor":38,"turns":2},{"damage":1,"enemies":"Giant Head","floor":40,"turns":6},{"damage":2,"enemies":"Writhing Mass","floor":41,"turns":7},{"damage":19,"enemies":"Nemesis","floor":44,"turns":7},{"damage":0,"enemies":"Transient","floor":45,"turns":5},{"damage":3,"enemies":"Mind Bloom Boss Battle","floor":46,"turns":6},{"damage":0,"enemies":"R_Hoarder","floor":47,"turns":6},{"damage":0,"enemies":"3 Darklings","floor":48,"turns":6},{"damage":74,"enemies":"Time Eater","floor":50,"turns":12},{"damage":1,"enemies":"Shield and Spear","floor":54,"turns":3},{"damage":17,"enemies":"The Heart","floor":55,"turns":8}],"seed_played":"-7846824809615672868","potions_obtained":[{"floor":1.0,"key":"Swift Potion"},{"floor":5.0,"key":"Flashbang"},{"floor":7.0,"key":"Doom Potion"},{"floor":13.0,"key":"Fire Potion"},{"floor":16.0,"key":"Explosive Potion"},{"floor":19,"key":"PowerPotion"},{"floor":20,"key":"Energy Potion"},{"floor":30,"key":"Milkshake"},{"floor":33,"key":"Explosive Potion"},{"floor":34,"key":"Doom Potion"},{"floor":35,"key":"Explosive Potion"},{"floor":41,"key":"Explosive Potion"},{"floor":44,"key":"Elixir"},{"floor":46,"key":"FearPotion"},{"floor":48,"key":"Fruit Juice"},{"floor":54,"key":"SteroidPotion"}],"is_trial":false,"path_per_floor":["M","?","?","$","M","R","E","R","T","E","T","?","M","M","R","B",null,"M","M","M","?","?","E","M","E","T","M","R","$","E","M","R","B",null,"M","?","?","M","$","E","M","R","T","E","M","?","E","M","R","B",null,"R","$","E","B",null],"character_chosen":"DEFECT","items_purchased":["BootSequence","Chrysalis","Glacier","ColorlessPotion","Go for the Eyes","Lockon+1","Seek","Buffer","All For One+1","ReplayTheSpireMod:Private Reserves","LiquidBronze"],"campfire_rested":3,"item_purchase_floors":[4,29,29,29,39,39,39,53,53,53,53],"current_hp_per_floor":[66,66,66,66,66,66,66,66,66,68,68,68,70,72,72,48,68,61,63,65,65,65,66,68,57,57,44,66,66,68,60,60,43,72,74,64,59,61,61,62,62,62,62,45,49,48,50,57,82,16,68,85,85,84,70],"gold":130,"neow_bonus":"ONE_RARE_RELIC","is_daily":false,"chose_seed":false,"campfire_upgraded":1,"win_rate":0.0,"timestamp":1613667058,"path_taken":["M","?","?","$","M","R","E","R","T","E","?","?","?","M","R","BOSS","M","M","M","?","?","E","M","E","T","M","R","$","E","M","R","BOSS","M","?","?","M","$","E","M","R","T","E","M","?","E","M","R","BOSS","R","$","E","BOSS"],"items_purchased_type":["Card","Card","Card","Potion","Card","Card","Card","Card","Card","Card","Potion"],"build_version":"2020-12-22","purchased_purges":1,"victory":true,"max_hp_per_floor":[75,75,75,75,75,75,75,75,75,75,75,75,75,75,75,75,75,75,75,75,75,75,75,75,75,75,75,75,75,75,75,75,75,80,80,80,80,80,80,80,80,80,80,80,80,80,80,85,85,85,85,85,85,85,85],"card_choices":[{"not_picked":["Chill","Rebound"],"picked":"Go for the Eyes","floor":1.0},{"not_picked":["Doom and Gloom","Capacitor"],"picked":"Turbo","floor":5.0},{"not_picked":["ReplayTheSpireMod:Fabricate Wheel","Hello World"],"picked":"Cold Snap","floor":7.0},{"not_picked":["Capacitor","Rebound"],"picked":"Ball Lightning","floor":10.0},{"not_picked":["Turbo","Steam"],"picked":"Streamline","floor":12.0},{"not_picked":["Capacitor","Double Energy"],"picked":"Compile Driver","floor":13.0},{"not_picked":["Redo","Streamline"],"picked":"All For One","floor":14.0},{"not_picked":["Mirror Shield","Echo Form"],"picked":"Seek","floor":16.0},{"not_picked":["AbeCurse","Spreading Infection"],"picked":"theDuelist:CurseAging","floor":17},{"not_picked":["theDuelist:GravekeeperCurse","Voices"],"picked":"theDuelist:DuelistAscender","floor":17},{"not_picked":["Doubt","Looming Evil"],"picked":"theDuelist:CurseAging","floor":17},{"not_picked":["Barrage","Biased Cognition"],"picked":"Conserve Battery","floor":18},{"not_picked":["Steam","Leap"],"picked":"Gash","floor":19},{"not_picked":["Turbo","Tempest+1"],"picked":"Panic Button+1","floor":20},{"not_picked":["Steam","Multi-Cast"],"picked":"Streamline+1","floor":23},{"not_picked":["Redo","Double Energy"],"picked":"Sweeping Beam","floor":24},{"not_picked":["Compile Driver","ReplaySort"],"picked":"Stack+1","floor":25},{"not_picked":["Turbo","Steam Power"],"picked":"Go for the Eyes","floor":27},{"not_picked":["Panic Button","Steam+1"],"picked":"Go for the Eyes","floor":30},{"not_picked":["ReplayTheSpireMod:Repulse+1","Reprogram"],"picked":"Gash","floor":31},{"not_picked":["Electrodynamics","Machine Learning"],"picked":"Mirror Shield","floor":33},{"not_picked":["Go for the Eyes","Panic Button"],"picked":"Sunder+1","floor":34},{"not_picked":["Barrage","Lockon"],"picked":"Beam Cell+1","floor":35},{"not_picked":["Consume","Chaos"],"picked":"Streamline","floor":35},{"not_picked":["Meteor Strike","Sweeping Beam"],"picked":"Hologram","floor":35},{"not_picked":["Mayhem","Jack Of All Trades"],"picked":"Swift Strike","floor":37},{"not_picked":["Deep Breath","Replay:Sssssssssstrike"],"picked":"Chrysalis","floor":37},{"not_picked":["Crystallizer","Steam Power+1"],"picked":"Conserve Battery","floor":38},{"not_picked":["ReplayTheSpireMod:Repulse","Time Bomb+1"],"picked":"Hello World+1","floor":38},{"not_picked":["Streamline","Sweeping Beam+1"],"picked":"Stack+1","floor":38},{"not_picked":["ReplaySolidLightProjector","Beam Cell+1"],"picked":"Buffer","floor":40},{"not_picked":["ReplayTheSpireMod:Reroute Power+1","Sweeping Beam"],"picked":"Go for the Eyes+1","floor":41},{"not_picked":["Panic Button","Compile Driver+1"],"picked":"Conserve Battery","floor":41},{"not_picked":["Turbo+1","Hello World+1"],"picked":"Beam Cell+1","floor":41},{"not_picked":["Echo Form","Coolheaded"],"picked":"Static Discharge+1","floor":44},{"not_picked":["ReplayTheSpireMod:Reroute Power","Streamline"],"picked":"Turbo","floor":45},{"not_picked":["Ball Lightning","Compile Driver+1"],"picked":"ReplayGash+1","floor":45},{"not_picked":["Coolheaded+1","Beam Cell"],"picked":"Sunder+1","floor":45},{"not_picked":["ReplayTheSpireMod:Fabricate Wheel","Redo"],"picked":"Storm","floor":46},{"not_picked":["Rebound+1","Compile Driver+1"],"picked":"Gash","floor":47},{"not_picked":["Rip and Tear+1","Panic Button+1"],"picked":"FTL+1","floor":48},{"not_picked":["Streamline","BasicCrystalCard+1"],"picked":"Leap+1","floor":48},{"not_picked":["Panic Button","Capacitor"],"picked":"Heatsinks+1","floor":48},{"not_picked":["Ball Lightning","Glacier"],"picked":"Hologram","floor":48},{"not_picked":["White Noise","Heatsinks"],"picked":"Mirror Shield","floor":54}],"player_experience":905541,"relics_obtained":[{"floor":7.0,"key":"Blood Vial"},{"floor":10.0,"key":"Golden Egg"},{"floor":11.0,"key":"ReplayTheSpireMod:Shallot"},{"floor":12.0,"key":"CaptainsWheel"},{"floor":23,"key":"Ancient Tea Set"},{"floor":25,"key":"Potion Belt"},{"floor":26,"key":"Blue Doll"},{"floor":30,"key":"Bag of Preparation"},{"floor":40,"key":"Solar Panel"},{"floor":43,"key":"Replay:Bandana"},{"floor":44,"key":"ReplayTheSpireMod:TigerMarble"},{"floor":46,"key":"Unceasing Top"},{"floor":47,"key":"Pondfish Scales"},{"floor":54,"key":"Lantern"}],"event_choices":[{"damage_healed":0.0,"max_hp_gain":0.0,"max_hp_loss":0.0,"gold_gain":0.0,"event_name":"Living Wall","player_choice":"Grow","floor":2.0,"gold_loss":0.0,"damage_taken":0.0,"cards_upgraded":["Eruption"]},{"damage_healed":0,"gold_gain":0,"player_choice":"Obtained Relic","damage_taken":0,"relics_obtained":["Turnip"],"max_hp_gain":0,"max_hp_loss":0,"event_name":"Addict","floor":21,"gold_loss":85},{"damage_healed":0,"gold_gain":0,"player_choice":"Opened","damage_taken":0,"relics_obtained":["Nunchaku"],"max_hp_gain":0,"max_hp_loss":0,"event_name":"The Mausoleum","floor":22,"gold_loss":0,"cards_obtained":["Writhe"]},{"damage_healed":0,"gold_gain":0,"player_choice":"Embrace Madness","damage_taken":10,"max_hp_gain":0,"max_hp_loss":0,"event_name":"Winding Halls","floor":36,"gold_loss":0,"cards_obtained":["Madness","Madness"]},{"damage_healed":0,"gold_gain":0,"player_choice":"Memory 2","damage_taken":5,"max_hp_gain":0,"max_hp_loss":0,"event_name":"SensoryStone","floor":37,"gold_loss":0},{"damage_healed":0,"gold_gain":0,"player_choice":"Fight","damage_taken":0,"max_hp_gain":0,"max_hp_loss":0,"event_name":"MindBloom","floor":46,"gold_loss":0}],"is_beta":false,"boss_relics":[{"not_picked":["Runic Pyramid","Busted Crown"],"picked":"Replay:Ancient Bell"},{"not_picked":["Art of War","Dream Catcher"],"picked":"Juzu Bracelet"},{"not_picked":["InkBottle","Carrot"],"picked":"Shuriken"},{"not_picked":["FossilizedHelix","WingedGreaves"],"picked":"Torii"},{"not_picked":["Pandora\u0027s Box","Snecko Eye"],"picked":"Tiny House"}],"items_purged_floors":[29],"is_endless":false,"potions_floor_spawned":[1,5,7,13,16,19,20,30,33,35,41,44,46,48,54],"ascension_level":9}}