{"host":"phy652c7lim9lcu2","time":1613639806,"event":{"mods":["BaseMod","Colored Powertips","Googly Eyes","Minty Spire (QoL Compilation)","Relic Stats","Spicy Shops","StSLib","everything is the same but u backflip on backflip"],"gold_per_floor":[118,131,21,38,50,50,77,77,123,146,158,170,210,172,184,196,196],"floor_reached":16,"language":"ENG","playtime":299,"items_purged":["Strike_R"],"score":182,"play_id":"bc652ad6-b549-47c4-80eb-1647a3a1330c","local_time":"20210218191646","is_ascension_mode":true,"campfire_choices":[{"data":"Barricade","floor":6,"key":"SMITH"},{"data":"Bash","floor":11,"key":"SMITH"},{"data":"Flex","floor":15,"key":"SMITH"}],"circlet_count":0,"master_deck":["AscendersBane","Strike_R","Strike_R","Strike_R","Defend_R","Defend_R","Defend_R","Defend_R","Bash+1","Cleave","Flex+1","Combust","Whirlwind+1","Barricade+1","Reaper"],"relics":["Burning Blood","NeowsBlessing","Question Card","MawBank","Bag of Preparation"],"acts_visited":["Exordium"],"potions_floor_usage":[16,16],"damage_taken":[{"damage":0,"enemies":"Jaw Worm","floor":1,"turns":1},{"damage":0,"enemies":"Small Slimes","floor":2,"turns":1},{"damage":0,"enemies":"2 Louse","floor":4,"turns":1},{"damage":9,"enemies":"2 Fungi Beasts","floor":5,"turns":2},{"damage":32,"enemies":"3 Sentries","floor":7,"turns":4},{"damage":28,"enemies":"Exordium Thugs","floor":10,"turns":2},{"damage":41,"enemies":"Lagavulin","floor":13,"turns":8},{"damage":42,"enemies":"The Guardian","floor":16,"turns":5}],"seed_played":"6422987644363093186","potions_obtained":[{"floor":4,"key":"Regen Potion"},{"floor":10,"key":"Explosive Potion"},{"floor":13,"key":"Strength Potion"}],"is_trial":false,"path_per_floor":["M","M","$","M","M","R","E","?","T","M","R","?","E","?","R","B"],"character_chosen":"IRONCLAD","items_purchased":["Combust"],"campfire_rested":0,"item_purchase_floors":[3],"current_hp_per_floor":[78,80,80,80,77,77,51,51,51,29,29,55,20,20,20,0,0],"gold":196,"neow_bonus":"THREE_ENEMY_KILL","is_daily":false,"chose_seed":false,"campfire_upgraded":3,"win_rate":0.0,"timestamp":1613639806,"path_taken":["M","M","$","M","M","R","E","?","T","M","R","?","E","?","R","BOSS"],"items_purchased_type":["Card"],"build_version":"2020-12-22","purchased_purges":1,"victory":false,"max_hp_per_floor":[80,80,80,80,80,80,80,80,80,80,80,80,80,80,80,80,80],"relic_stats":{"counters":[8,24],"Bag of Preparation":[2],"Question Card":2,"MawBank":84,"obtain_stats":[{"NeowsBlessing":0,"Bag of Preparation":13,"Question Card":7,"MawBank":9,"Burning Blood":0},{"NeowsBlessing":0,"Bag of Preparation":7,"Question Card":5,"MawBank":5,"Burning Blood":0},{"NeowsBlessing":0,"Bag of Preparation":19,"Question Card":9,"MawBank":9,"Burning Blood":0}],"Burning Blood":32},"card_choices":[{"not_picked":["Perfected Strike","Blood for Blood"],"picked":"Cleave","floor":1},{"not_picked":["Entrench","Pommel Strike"],"picked":"Flex","floor":2},{"not_picked":["Heavy Blade","Twin Strike"],"picked":"Whirlwind","floor":4},{"not_picked":["Clothesline","Iron Wave"],"picked":"Barricade","floor":5},{"not_picked":["Heavy Blade","Havoc","Sever Soul"],"picked":"SKIP","floor":7},{"not_picked":["Heavy Blade","Dropkick","Warcry","Iron Wave"],"picked":"SKIP","floor":10},{"not_picked":["Disarm","Clothesline","Sentinel"],"picked":"Reaper","floor":13}],"player_experience":348997,"relics_obtained":[{"floor":7,"key":"Question Card"},{"floor":9,"key":"MawBank"},{"floor":13,"key":"Bag of Preparation"}],"event_choices":[{"damage_healed":0,"gold_gain":0,"player_choice":"Grow","damage_taken":0,"max_hp_gain":0,"max_hp_loss":0,"event_name":"Living Wall","floor":8,"gold_loss":0,"cards_upgraded":["Whirlwind"]},{"damage_healed":26,"gold_gain":0,"player_choice":"Banana","damage_taken":0,"max_hp_gain":0,"max_hp_loss":0,"event_name":"Big Fish","floor":12,"gold_loss":0},{"cards_removed":["Strike_R"],"damage_healed":0,"gold_gain":0,"player_choice":"Card Removal","damage_taken":0,"max_hp_gain":0,"max_hp_loss":0,"event_name":"The Cleric","floor":14,"gold_loss":50}],"is_beta":false,"boss_relics":[],"items_purged_floors":[3],"is_endless":false,"potions_floor_spawned":[4,10,13],"killed_by":"The Guardian","ascension_level":13}}