{"host":"8e3sp1tozjyrh64l","time":1613620674,"event":{"mods":["Act Like it!","BaseMod","Better Altar","Better Match","Better Note","Better Sensory Stone","Better Silent Start","Better Skull","Better Third Choice","BetterRewards","Conspire","Curses Come First","Defuse TimeMaze Blight","Infinite Spire","Minty Spire (QoL Compilation)","Permanent Neow","Rare Cards Sparkle","Relic Sorter","Reliquary","Replay The Spire","Shop Mod","Spicy Shops","StSLib","SuperFastMode","The Jungle","The Mystic","The Necromancer","Wandering Minibosses"],"gold_per_floor":[113,113,132,132,132,142,142,172,172,38,52,39,73,63,63,162,162,142,142,142,154,154,154],"floor_reached":22,"language":"ENG","playtime":1218,"items_purged":[],"score":221,"play_id":"6137a749-4f73-4735-8f8b-489a1b122cac","local_time":"20210217205754","is_ascension_mode":false,"campfire_choices":[{"data":"mysticmod:MagicWeapon","floor":7,"key":"SMITH"},{"data":"conspire:Banana","floor":15,"key":"SMITH"}],"circlet_count":0,"master_deck":["mysticmod:Strike_Mystic","mysticmod:Strike_Mystic","mysticmod:Strike_Mystic","mysticmod:Strike_Mystic","mysticmod:Defend_Mystic","mysticmod:Defend_Mystic","mysticmod:Defend_Mystic","mysticmod:Defend_Mystic","mysticmod:ArcaneDodge","mysticmod:ShockingGrasp","mysticmod:Fireball+1","mysticmod:MagicMissile","mysticmod:MagicWeapon+1","conspire:Banana+1","mysticmod:MightyMagic","mysticmod:Dedication","mysticmod:SpontaneousCaster","mysticmod:MightyMagic","mysticmod:CureLightWounds","mysticmod:Discipline","mysticmod:LightningBolt"],"relics":["mysticmod:SpellBook","reliquary:ExpiredCoupon","infinitespire:CheckeredPen","PreservedInsect","reliquary:ThirdArm"],"acts_visited":["Exordium","TheCity"],"potions_floor_usage":[11,13,16,21],"damage_taken":[{"damage":3,"enemies":"Jaw Worm","floor":1,"turns":3},{"damage":1,"enemies":"Cultist","floor":3,"turns":3},{"damage":2,"enemies":"2 Louse","floor":6,"turns":2},{"damage":0,"enemies":"Gremlin Nob","floor":8,"turns":3},{"damage":0,"enemies":"Large Slime","floor":11,"turns":3},{"damage":11,"enemies":"Red Slaver","floor":12,"turns":6},{"damage":9,"enemies":"Lagavulin","floor":13,"turns":6},{"damage":16,"enemies":"2 Fungi Beasts","floor":14,"turns":7},{"damage":35,"enemies":"Slime Boss","floor":16,"turns":7},{"damage":40,"enemies":"2 Thieves","floor":18,"turns":4},{"damage":31,"enemies":"Spheric Guardian","floor":21,"turns":5},{"damage":29,"enemies":"Masked Bandits","floor":22,"turns":3}],"seed_played":"-1008336324941752932","potions_obtained":[{"floor":1,"key":"Explosive Potion"},{"floor":6,"key":"Fire Potion"},{"floor":8,"key":"BlessingOfTheForge"},{"floor":12,"key":"PowerPotion"},{"floor":18,"key":"AttackPotion"}],"is_trial":false,"path_per_floor":["M","?","M","?","?","M","R","E","T","$","M","M","E","M","R","B",null,"M","?","$","M","?"],"character_chosen":"MYSTIC_CLASS","items_purchased":["conspire:Banana","mysticmod:MightyMagic"],"campfire_rested":0,"item_purchase_floors":[10,10],"current_hp_per_floor":[74,74,73,73,73,71,71,71,71,71,73,63,55,40,40,10,84,46,46,46,20,0,0],"gold":154,"neow_bonus":"RANDOM_COMMON_RELIC","is_daily":false,"chose_seed":false,"campfire_upgraded":2,"win_rate":0.0,"timestamp":1613620674,"path_taken":["M","?","?","?","?","M","R","E","T","$","?","M","E","M","R","BOSS","M","?","?","M","?"],"items_purchased_type":["Card","Card"],"build_version":"2020-12-22","purchased_purges":0,"victory":false,"max_hp_per_floor":[77,77,77,77,77,77,77,77,77,77,79,80,81,82,82,84,84,86,86,86,88,90,90],"card_choices":[{"not_picked":["mysticmod:Disengage","mysticmod:BulkUp"],"picked":"mysticmod:Fireball","floor":1},{"not_picked":["mysticmod:Disengage","mysticmod:Daze"],"picked":"mysticmod:MagicMissile","floor":3},{"not_picked":["mysticmod:BulkUp","mysticmod:PunishingArmor"],"picked":"mysticmod:MagicWeapon","floor":6},{"not_picked":["mysticmod:Sideswipe","mysticmod:BladeMaster","mysticmod:StyleChange"],"picked":"SKIP","floor":8},{"not_picked":["mysticmod:ChargedParry","mysticmod:Sideswipe"],"picked":"mysticmod:Dedication","floor":11},{"not_picked":["mysticmod:AllIn","mysticmod:Fly"],"picked":"mysticmod:SpontaneousCaster","floor":12},{"not_picked":["mysticmod:Flurry","mysticmod:Fly"],"picked":"mysticmod:MightyMagic","floor":13},{"not_picked":["mysticmod:CorrosiveTouch","mysticmod:DiviningBlow"],"picked":"mysticmod:CureLightWounds","floor":14},{"not_picked":["mysticmod:GeminiForm","mysticmod:ObscuringMist"],"picked":"mysticmod:Discipline","floor":16},{"not_picked":["mysticmod:EnergizedRift+1","mysticmod:Sideswipe"],"picked":"mysticmod:LightningBolt","floor":18},{"not_picked":["mysticmod:StyleChange","mysticmod:Shield","mysticmod:Lunge"],"picked":"SKIP","floor":21}],"player_experience":960424,"relics_obtained":[{"floor":8,"key":"Bag of Preparation"},{"floor":9,"key":"Anchor"},{"floor":13,"key":"PreservedInsect"}],"event_choices":[{"damage_healed":0,"gold_gain":0,"player_choice":"Upgraded","damage_taken":0,"max_hp_gain":0,"max_hp_loss":0,"event_name":"Upgrade Shrine","floor":2,"gold_loss":0,"cards_upgraded":["mysticmod:Fireball"]},{"damage_healed":0,"gold_gain":0,"player_choice":"Leave","damage_taken":0,"max_hp_gain":0,"max_hp_loss":0,"event_name":"conspire:Investor","floor":4,"gold_loss":0},{"damage_healed":0,"gold_gain":0,"player_choice":"Gave Potion","damage_taken":0,"relics_obtained":["infinitespire:CheckeredPen"],"max_hp_gain":0,"max_hp_loss":0,"event_name":"WeMeetAgain","floor":5,"gold_loss":0},{"damage_healed":0,"gold_gain":0,"player_choice":"Ignored","damage_taken":0,"max_hp_gain":0,"max_hp_loss":0,"event_name":"betterNote:BetterNote","floor":19,"gold_loss":0,"cards_obtained":["Trip"]},{"damage_healed":0,"gold_gain":0,"player_choice":"Fought Bandits","damage_taken":0,"max_hp_gain":0,"max_hp_loss":0,"event_name":"Masked Bandits","floor":22,"gold_loss":0}],"is_beta":false,"boss_relics":[{"not_picked":["Sozu","conspire:SeveredTorchhead"],"picked":"reliquary:ThirdArm"}],"items_purged_floors":[],"is_endless":false,"potions_floor_spawned":[1,6,8,12,18],"killed_by":"Masked Bandits","ascension_level":0}}