{"host":"k5fgrtcqzqosfxt0","time":1613628418,"event":{"mods":["Act Like it!","Aspiration","BaseMod","Downfall","Gensokyo","Minty Spire (QoL Compilation)","StSLib","TestMod","UnlockEverythingMod"],"gold_per_floor":[113,132,132,143,163,193,209,100,100,100,130,130,141,141,141,265,265,284,302,135,50,65,98,116,154,154,188,241,241,241,273,273,403,403,424,424,424,449,449,487,487,487,487,507,197,219,236,264,264,281,291,291,291,134,188,217],"floor_reached":57,"language":"ZHS","playtime":2260,"items_purged":["Strike_R","Strike_R","Masterful Stab+1"],"score":3019,"play_id":"4f8272e7-511d-4d64-abfc-fd5c1273a0d3","local_time":"20210218140658","is_ascension_mode":true,"campfire_choices":[{"data":"Armaments","floor":10.0,"key":"SMITH"},{"data":"Limit Break","floor":12.0,"key":"SMITH"},{"data":"Fire Breathing","floor":15.0,"key":"SMITH"},{"data":"Barricade","floor":32.0,"key":"SMITH"},{"floor":42.0,"key":"RECALL"},{"data":"testmod-Dream","floor":49.0,"key":"SMITH"},{"data":"Dark Embrace","floor":53.0,"key":"SMITH"}],"circlet_count":0,"master_deck":["AscendersBane","Defend_R","Defend_R","Defend_R","Bash+1","Sword Boomerang+1","Fire Breathing+1","Doppelganger","Bane","Inflame","Immolate","Limit Break+1","Armaments+1","Corruption+1","Impervious+1","Shrug It Off+1","Barricade+1","Berserk+1","Impervious","Reaper","Madness","Madness","Shockwave","Dark Embrace+1","Pommel Strike+1","testmod-Dream+1","Burning Pact"],"relics":["Burning Blood","testmod-TestBox","testmod-AscensionHeart","aspiration:Nostalgia","Guardian:ModeShifter","Question Card","testmod-LifeArmor","aspiration:SeaSaltIceCream","NeowsBlessing","testmod-SaigiyounoYou","testmod-Acrobat","Pantograph","Happy Flower","testmod-ArcanaOfDestiny","Sundial","Whetstone","Vajra","aspiration:Stabinomicon","Bottled Tornado","Runic Pyramid","aspiration:FrozenJewel","Singing Bowl","TheAbacus","Red Skull"],"acts_visited":["Exordium","TheCity","TheBeyond","TheEnding"],"potions_floor_usage":[56],"damage_taken":[{"damage":0.0,"enemies":"Cultist","floor":1.0,"turns":3.0},{"damage":7.0,"enemies":"Jaw Worm","floor":2.0,"turns":3.0},{"damage":2.0,"enemies":"2 Louse","floor":4.0,"turns":3.0},{"damage":39.0,"enemies":"Exordium Thugs","floor":5.0,"turns":4.0},{"damage":18.0,"enemies":"3 Sentries","floor":6.0,"turns":4.0},{"damage":4.0,"enemies":"Blue Slaver","floor":7.0,"turns":3.0},{"damage":0.0,"enemies":"Lagavulin","floor":11.0,"turns":3.0},{"damage":2.0,"enemies":"2 Fungi Beasts","floor":13.0,"turns":2.0},{"damage":0.0,"enemies":"Hexaghost","floor":16.0,"turns":1.0},{"damage":10.0,"enemies":"Shell Parasite","floor":18.0,"turns":2.0},{"damage":0.0,"enemies":"3 Byrds","floor":19.0,"turns":1.0},{"damage":19.0,"enemies":"Snake Plant","floor":22.0,"turns":5.0},{"damage":48.0,"enemies":"Book of Stabbing","floor":23.0,"turns":7.0},{"damage":15.0,"enemies":"Chosen and Byrds","floor":24.0,"turns":4.0},{"damage":19.0,"enemies":"Gremlin Leader","floor":25.0,"turns":8.0},{"damage":21.0,"enemies":"Book of Stabbing","floor":27.0,"turns":7.0},{"damage":15.0,"enemies":"Slavers","floor":31.0,"turns":5.0},{"damage":16.0,"enemies":"Collector","floor":33.0,"turns":7.0},{"damage":21.0,"enemies":"3 Darklings","floor":35.0,"turns":5.0},{"damage":10.0,"enemies":"3 Shapes","floor":38.0,"turns":5.0},{"damage":50.0,"enemies":"Nemesis","floor":40.0,"turns":5.0},{"damage":13.0,"enemies":"Writhing Mass","floor":44.0,"turns":5.0},{"damage":21.0,"enemies":"3 Darklings","floor":46.0,"turns":4.0},{"damage":12.0,"enemies":"Spire Growth","floor":47.0,"turns":5.0},{"damage":38.0,"enemies":"Maw","floor":48.0,"turns":4.0},{"damage":22.0,"enemies":"Donu and Deca","floor":50.0,"turns":6.0},{"damage":50.0,"enemies":"Time Eater","floor":51.0,"turns":9.0},{"damage":56,"enemies":"Shield and Spear","floor":55,"turns":5},{"damage":13,"enemies":"The Heart","floor":56,"turns":7}],"seed_played":"-5787011546636205414","potions_obtained":[{"floor":2.0,"key":"Energy Potion"},{"floor":6.0,"key":"BlessingOfTheForge"},{"floor":7.0,"key":"Weak Potion"},{"floor":18.0,"key":"testmod-TimePotion"},{"floor":23.0,"key":"DuplicationPotion"},{"floor":27.0,"key":"SteroidPotion"},{"floor":31.0,"key":"testmod-TimePotion"}],"is_trial":false,"path_per_floor":["M","M","?","M","M","E","M","$","T","R","E","R","M","?","R","B",null,"M","M","$","?","M","E","M","E","T","E","T","T","?","E","R","B",null,"M","?","?","M","?","E","?","R","T","M","$","M","M","M","R","B","B",null,"R","$","E","B",null],"character_chosen":"IRONCLAD","items_purchased":["Armaments","Barricade","testmod-Dream","TheAbacus"],"campfire_rested":0,"item_purchase_floors":[8,20,45,54],"current_hp_per_floor":[75,74,74,75,42,32,38,38,38,38,46,46,51,46,46,58,76,74,82,82,82,71,40,41,48,48,42,42,42,33,37,37,73,87,91,83,83,91,91,90,90,90,90,92,92,86,89,96,96,101,106,106,106,106,94,114],"gold":217,"neow_bonus":"NOSTALGIA","is_daily":false,"chose_seed":false,"campfire_upgraded":6,"win_rate":0.0,"timestamp":1613628418,"path_taken":["M","?","?","M","M","E","M","$","T","R","E","R","?","?","R","BOSS","M","M","$","?","M","E","M","E","T","E","?","?","?","E","R","BOSS","M","?","?","?","?","E","?","R","T","M","$","M","?","M","R","BOSS","BOSS","R","$","E","BOSS"],"items_purchased_type":["Card","Card","Card","Relic"],"build_version":"2020-12-22","purchased_purges":3,"victory":true,"max_hp_per_floor":[75,75,75,75,75,76,76,76,76,76,77,77,77,77,77,82,82,82,82,82,82,82,83,83,84,84,85,85,85,85,86,86,91,91,91,91,91,91,91,92,92,92,92,92,92,92,94,96,96,101,106,106,106,106,109,114],"card_choices":[{"not_picked":["Havoc","Rage"],"picked":"Sword Boomerang","floor":1.0},{"not_picked":["Havoc","Sword Boomerang"],"picked":"Fire Breathing","floor":2.0},{"not_picked":["Perfected Strike","Sentinel"],"picked":"Inflame","floor":4.0},{"not_picked":["Warcry","Heavy Blade","Sword Boomerang"],"picked":"SKIP","floor":5.0},{"not_picked":["Double Tap","Impervious"],"picked":"Immolate","floor":6.0},{"not_picked":["Seeing Red","Anger","Body Slam"],"picked":"Limit Break","floor":7.0},{"not_picked":["Juggernaut","Demon Form","Immolate"],"picked":"Corruption","floor":11.0},{"not_picked":["Havoc","Clothesline","Twin Strike","Sentinel"],"picked":"SKIP","floor":13.0},{"not_picked":["Brutality","Limit Break","Bludgeon"],"picked":"Impervious","floor":16.0},{"not_picked":["Anger","Heavy Blade","Sword Boomerang","Sever Soul"],"picked":"SKIP","floor":18.0},{"not_picked":["Anger","Sword Boomerang","Wild Strike"],"picked":"Shrug It Off+1","floor":19.0},{"not_picked":["Uppercut","Rupture","Infernal Blade","Sever Soul"],"picked":"SKIP","floor":22.0},{"not_picked":["Corruption","Limit Break","Immolate"],"picked":"Berserk","floor":23.0},{"not_picked":["Havoc","Anger","Whirlwind","Heavy Blade"],"picked":"SKIP","floor":24.0},{"not_picked":["Fiend Fire","Immolate","Corruption","Fiend Fire"],"picked":"SKIP","floor":25.0},{"not_picked":["Corruption","Berserk","Fiend Fire","Bludgeon"],"picked":"SKIP","floor":27.0},{"not_picked":["Barricade","Exhume","Demon Form"],"picked":"Impervious","floor":31.0},{"not_picked":["Immolate","Feed","Juggernaut"],"picked":"Reaper","floor":33.0},{"not_picked":["Sword Boomerang","Armaments","Clash","Warcry"],"picked":"SKIP","floor":35.0},{"not_picked":["Anger","Sword Boomerang","Fire Breathing"],"picked":"Shockwave","floor":38.0},{"not_picked":["Juggernaut","Immolate","Fiend Fire","Double Tap"],"picked":"SKIP","floor":40.0},{"not_picked":["Demon Form","Whirlwind","Body Slam"],"picked":"Pommel Strike+1","floor":44.0},{"not_picked":["Sword Boomerang","Pommel Strike","Fire Breathing+1"],"picked":"Burning Pact","floor":46.0},{"not_picked":["Body Slam","Perfected Strike","Bludgeon","Pommel Strike"],"picked":"Singing Bowl","floor":47.0},{"not_picked":["Wild Strike","Flex","Rage","Perfected Strike+1"],"picked":"Singing Bowl","floor":48.0},{"not_picked":["Brutality","Bludgeon","Exhume","Feed"],"picked":"Singing Bowl","floor":55}],"player_experience":677246,"relics_obtained":[{"floor":6.0,"key":"Question Card"},{"floor":11.0,"key":"testmod-LifeArmor"},{"floor":23.0,"key":"Pantograph"},{"floor":25.0,"key":"Happy Flower"},{"floor":26.0,"key":"testmod-ArcanaOfDestiny"},{"floor":27.0,"key":"Sundial"},{"floor":28.0,"key":"Whetstone"},{"floor":29.0,"key":"Vajra"},{"floor":30.0,"key":"aspiration:Stabinomicon"},{"floor":31.0,"key":"Bottled Tornado"},{"floor":40.0,"key":"aspiration:FrozenJewel"},{"floor":43.0,"key":"Singing Bowl"},{"floor":55,"key":"Red Skull"}],"event_choices":[{"damage_healed":0.0,"max_hp_gain":0.0,"max_hp_loss":0.0,"gold_gain":0.0,"event_name":"Scrap Ooze","player_choice":"Success","floor":14.0,"gold_loss":0.0,"damage_taken":11.0,"relics_obtained":["aspiration:SeaSaltIceCream"]},{"damage_healed":0.0,"max_hp_gain":0.0,"max_hp_loss":0.0,"gold_gain":0.0,"event_name":"Addict","player_choice":"Obtained Relic","floor":21.0,"gold_loss":85.0,"damage_taken":0.0,"relics_obtained":["testmod-Acrobat"]},{"damage_healed":0.0,"max_hp_gain":0.0,"max_hp_loss":0.0,"gold_gain":0.0,"event_name":"Cursed Tome","player_choice":"Obtained Book","floor":30.0,"gold_loss":0.0,"damage_taken":21.0},{"damage_healed":0.0,"max_hp_gain":0.0,"max_hp_loss":0.0,"gold_gain":0.0,"event_name":"Winding Halls","player_choice":"Embrace Madness","floor":36.0,"gold_loss":0.0,"damage_taken":16.0,"cards_obtained":["Madness","Madness"]},{"damage_healed":0.0,"max_hp_gain":0.0,"max_hp_loss":0.0,"gold_gain":0.0,"event_name":"Upgrade Shrine","player_choice":"Upgraded","floor":37.0,"gold_loss":0.0,"damage_taken":0.0,"cards_upgraded":["Corruption"]},{"damage_healed":0.0,"max_hp_gain":0.0,"max_hp_loss":0.0,"gold_gain":0.0,"event_name":"Tomb of Lord Red Mask","player_choice":"Ignored","floor":39.0,"gold_loss":0.0,"damage_taken":0.0},{"damage_healed":0.0,"max_hp_gain":0.0,"max_hp_loss":0.0,"gold_gain":0.0,"cards_transformed":["Strike_R"],"event_name":"Transmorgrifier","player_choice":"Transformed","floor":41.0,"gold_loss":0.0,"damage_taken":0.0,"cards_obtained":["Dark Embrace"]}],"is_beta":false,"boss_relics":[{"not_picked":["Sozu","testmod-BloodSacrificeSpiritualization"],"picked":"testmod-SaigiyounoYou"},{"not_picked":["testmod-BatchProcessingSystem","aspiration:WatcherSkillbook"],"picked":"Runic Pyramid"}],"items_purged_floors":[8,20,45],"is_endless":false,"potions_floor_spawned":[2,6,7,11,18,22,23,27,31,38,46,55],"ascension_level":20}}