{"host":"Oniwa","time":1613639518,"event":{"mods":["BaseMod","Colored Map","Colored Powertips","Minty Spire (QoL Compilation)","Relic Stats","SpireBot","StSLib","Twitch Utils","ojb\u0027s Better Paths Mod","ojb\u0027s Info Mod"],"gold_per_floor":[20,40,58,58,58,58,77,112,112,135,178,197,197,233,233,323,323,346,346,346,27,43,43,82,95,95,128,128,152,165,201,201,300,300,324,348,681,693,693,693,270,297,324,324,324,333,355,397,397,397,397,397,397,39,83,83],"floor_reached":57,"language":"JPN","playtime":4389,"items_purged":["Strike_G","Strike_G"],"score":2880,"play_id":"a8cbde24-d9ae-4a1b-9835-27419bd4f6b2","local_time":"20210218181158","is_ascension_mode":true,"campfire_choices":[{"data":"Crippling Poison","floor":6.0,"key":"SMITH"},{"data":"Catalyst","floor":15.0,"key":"SMITH"},{"data":"Crippling Poison","floor":23.0,"key":"SMITH"},{"floor":28.0,"key":"REST"},{"data":"Adrenaline","floor":32.0,"key":"SMITH"},{"data":"Wraith Form v2","floor":40.0,"key":"SMITH"},{"data":"Calculated Gamble","floor":45.0,"key":"SMITH"},{"floor":49.0,"key":"RECALL"},{"data":"Blade Dance","floor":53.0,"key":"SMITH"}],"circlet_count":0,"master_deck":["AscendersBane","Strike_G","Defend_G+1","Defend_G","Defend_G","Defend_G","Defend_G","Survivor","Neutralize","Corpse Explosion","Crippling Poison+1","Dagger Throw","Masterful Stab","Adrenaline+1","Backstab","Catalyst+1","PiercingWail","Malaise+1","Blade Dance+1","Ghostly","Ghostly","Ghostly","Blade Dance","Dodge and Roll","Endless Agony","Crippling Poison+1","Dodge and Roll","Poisoned Stab","Bouncing Flask","Leg Sweep+1","PiercingWail","Wraith Form v2+1","Calculated Gamble+1","Backflip","Blur","Infinite Blades+1","Deadly Poison","Blade Dance","Backflip","Noxious Fumes","Secret Technique","Leg Sweep"],"relics":["Ring of the Snake","Vajra","Akabeko","Kunai","Smiling Mask","Sozu","Omamori","Membership Card","Bronze Scales","War Paint","Pear","Runic Dome","TwistedFunnel","Pen Nib","Question Card","Pantograph","CeramicFish","PreservedInsect","OrangePellets","Anchor","Happy Flower","Bag of Preparation"],"acts_visited":["Exordium","TheCity","TheBeyond","TheEnding"],"potions_floor_usage":[],"damage_taken":[{"damage":2.0,"enemies":"Cultist","floor":1.0,"turns":4.0},{"damage":1.0,"enemies":"2 Louse","floor":2.0,"turns":4.0},{"damage":2.0,"enemies":"Jaw Worm","floor":3.0,"turns":5.0},{"damage":8.0,"enemies":"Looter","floor":7.0,"turns":4.0},{"damage":12.0,"enemies":"3 Sentries","floor":8.0,"turns":3.0},{"damage":0.0,"enemies":"Gremlin Gang","floor":10.0,"turns":1.0},{"damage":0.0,"enemies":"Gremlin Nob","floor":11.0,"turns":3.0},{"damage":0.0,"enemies":"2 Fungi Beasts","floor":12.0,"turns":1.0},{"damage":0.0,"enemies":"3 Sentries","floor":14.0,"turns":2.0},{"damage":8.0,"enemies":"Hexaghost","floor":16.0,"turns":9.0},{"damage":6.0,"enemies":"Spheric Guardian","floor":18.0,"turns":5.0},{"damage":0.0,"enemies":"3 Byrds","floor":22.0,"turns":5.0},{"damage":9.0,"enemies":"Book of Stabbing","floor":24.0,"turns":8.0},{"damage":0.0,"enemies":"Snake Plant","floor":25.0,"turns":3.0},{"damage":8.0,"enemies":"Slavers","floor":27.0,"turns":3.0},{"damage":0.0,"enemies":"3 Cultists","floor":29.0,"turns":3.0},{"damage":6.0,"enemies":"Centurion and Healer","floor":30.0,"turns":3.0},{"damage":1.0,"enemies":"Book of Stabbing","floor":31.0,"turns":6.0},{"damage":4.0,"enemies":"Automaton","floor":33.0,"turns":11.0},{"damage":1.0,"enemies":"3 Shapes","floor":35.0,"turns":5.0},{"damage":0.0,"enemies":"Orb Walker","floor":36.0,"turns":3.0},{"damage":0.0,"enemies":"Writhing Mass","floor":38.0,"turns":5.0},{"damage":8.0,"enemies":"Nemesis","floor":42.0,"turns":7.0},{"damage":1.0,"enemies":"Transient","floor":47.0,"turns":6.0},{"damage":6.0,"enemies":"Reptomancer","floor":48.0,"turns":6.0},{"damage":19.0,"enemies":"Donu and Deca","floor":50.0,"turns":9.0},{"damage":9.0,"enemies":"Awakened One","floor":51.0,"turns":18.0},{"damage":2.0,"enemies":"Shield and Spear","floor":55.0,"turns":5.0},{"damage":35,"enemies":"The Heart","floor":56,"turns":11}],"seed_played":"-2854540989069069747","potions_obtained":[{"floor":1.0,"key":"DistilledChaos"},{"floor":2.0,"key":"LiquidMemories"},{"floor":7.0,"key":"Poison Potion"},{"floor":11.0,"key":"GhostInAJar"}],"is_trial":false,"path_per_floor":["M","M","M","?","?","R","M","E","T","M","E","M","?","E","R","B",null,"M","?","?","$","M","R","E","M","T","E","R","M","M","E","R","B",null,"M","M","?","M","?","R","$","E","T","?","R","?","M","E","R","B","B",null,"R","$","E","B",null],"character_chosen":"THE_SILENT","items_purchased":["Membership Card","Blade Dance","Dodge and Roll","Endless Agony","TwistedFunnel","Pen Nib","Question Card","Backflip","Blur","OrangePellets","Anchor","Happy Flower","Noxious Fumes","Secret Technique"],"campfire_rested":1,"item_purchase_floors":[21,21,21,21,41,41,41,41,41,54,54,54,54,54],"current_hp_per_floor":[57,56,54,54,54,54,46,34,34,34,34,34,27,27,27,19,50,44,30,30,30,30,30,21,21,21,13,22,22,16,25,25,21,35,34,34,34,34,40,40,40,32,32,32,32,32,31,25,25,21,31,38,38,38,36,5],"gold":83,"neow_bonus":"THREE_RARE_CARDS","is_daily":false,"chose_seed":false,"campfire_upgraded":7,"win_rate":0.0,"timestamp":1613639518,"path_taken":["M","M","M","?","?","R","?","E","T","M","E","M","?","E","R","BOSS","M","?","?","$","M","R","E","M","T","E","R","M","?","E","R","BOSS","M","M","?","M","?","R","$","E","T","?","R","?","?","E","R","BOSS","BOSS","R","$","E","BOSS"],"items_purchased_type":["Relic","Card","Card","Card","Relic","Relic","Relic","Card","Card","Relic","Relic","Relic","Card","Card"],"build_version":"2020-12-18","purchased_purges":2,"victory":true,"max_hp_per_floor":[66,66,66,60,60,60,60,60,60,60,60,60,60,60,60,60,60,60,30,30,30,30,30,30,30,30,30,30,30,30,40,40,40,40,40,40,40,40,40,40,40,40,40,40,40,40,40,40,40,40,40,40,40,40,40,40],"relic_stats":{"Happy Flower":[5],"counters":[29,158],"CeramicFish":54,"Pen Nib":[17],"PreservedInsect":77,"Bag of Preparation":[2],"War Paint":["Malaise","Defend_G"],"Smiling Mask":-12,"Question Card":4,"Sozu":7,"OrangePellets":[1],"Bronze Scales":[517],"Pantograph":38,"Kunai":[74],"obtain_stats":[{"TwistedFunnel":41,"Pear":31,"Happy Flower":54,"Golden Idol":4,"CeramicFish":43,"Vajra":8,"Pen Nib":41,"PreservedInsect":48,"Omamori":20,"Bag of Preparation":55,"War Paint":27,"Smiling Mask":14,"Question Card":41,"Akabeko":9,"Sozu":17,"Runic Dome":34,"OrangePellets":54,"Anchor":54,"Bronze Scales":24,"Pantograph":42,"Kunai":11,"Membership Card":21,"Ring of the Snake":0},{"TwistedFunnel":22,"Pear":18,"Happy Flower":27,"Golden Idol":3,"CeramicFish":23,"Vajra":5,"Pen Nib":22,"PreservedInsect":25,"Omamori":11,"Bag of Preparation":28,"War Paint":15,"Smiling Mask":9,"Question Card":22,"Akabeko":5,"Sozu":10,"Runic Dome":19,"OrangePellets":27,"Anchor":27,"Bronze Scales":13,"Pantograph":23,"Kunai":7,"Membership Card":11,"Ring of the Snake":0},{"TwistedFunnel":96,"Pear":72,"Happy Flower":142,"Golden Idol":13,"CeramicFish":103,"Vajra":20,"Pen Nib":96,"PreservedInsect":115,"Omamori":41,"Bag of Preparation":147,"War Paint":60,"Smiling Mask":27,"Question Card":96,"Akabeko":20,"Sozu":36,"Runic Dome":83,"OrangePellets":142,"Anchor":142,"Bronze Scales":54,"Pantograph":103,"Kunai":24,"Membership Card":41,"Ring of the Snake":0}],"Ring of the Snake":[60]},"card_choices":[{"not_picked":["Tools of the Trade","Die Die Die"],"picked":"Corpse Explosion","floor":0.0},{"not_picked":["Riddle With Holes","Masterful Stab"],"picked":"Crippling Poison","floor":1.0},{"not_picked":["Setup","Riddle With Holes"],"picked":"Dagger Throw","floor":2.0},{"not_picked":["Flechettes","Outmaneuver"],"picked":"All Out Attack","floor":3.0},{"not_picked":["Flying Knee","Dodge and Roll"],"picked":"Masterful Stab","floor":7.0},{"not_picked":["PiercingWail","Flying Knee"],"picked":"Adrenaline","floor":8.0},{"not_picked":["Underhanded Strike","Bane"],"picked":"Backstab","floor":10.0},{"not_picked":["Eviscerate","Choke","Flechettes"],"picked":"SKIP","floor":11.0},{"not_picked":["Slice","Underhanded Strike"],"picked":"Catalyst","floor":12.0},{"not_picked":["Bane","Reflex"],"picked":"PiercingWail","floor":14.0},{"not_picked":["A Thousand Cuts","Unload"],"picked":"Malaise","floor":16.0},{"not_picked":["Cloak And Dagger","Escape Plan"],"picked":"Blade Dance","floor":18.0},{"not_picked":["Sucker Punch","Eviscerate+1"],"picked":"Crippling Poison","floor":22.0},{"not_picked":["Slice","Venomology","Setup"],"picked":"SKIP","floor":24.0},{"not_picked":["Predator","Setup"],"picked":"Dodge and Roll","floor":25.0},{"not_picked":["Prepared","Dash"],"picked":"Poisoned Stab","floor":27.0},{"not_picked":["Backflip","Dagger Spray"],"picked":"Bouncing Flask","floor":29.0},{"not_picked":["Caltrops","Reflex"],"picked":"Leg Sweep+1","floor":30.0},{"not_picked":["Deflect","Dash"],"picked":"PiercingWail","floor":31.0},{"not_picked":["A Thousand Cuts","Phantasmal Killer"],"picked":"Wraith Form v2","floor":33.0},{"not_picked":["Bane","Sucker Punch","Reflex+1"],"picked":"SKIP","floor":35.0},{"not_picked":["Eviscerate+1","Sucker Punch","Quick Slash"],"picked":"SKIP","floor":36.0},{"not_picked":["Infinite Blades+1","Dagger Spray"],"picked":"Calculated Gamble","floor":38.0},{"not_picked":["Dodge and Roll","Outmaneuver+1","Concentrate"],"picked":"Infinite Blades+1","floor":42.0},{"not_picked":["Endless Agony","Deadly Poison","Deflect"],"picked":"Blade Dance","floor":47.0},{"not_picked":["Reflex+1","Blur+1","Finisher"],"picked":"Backflip","floor":48.0},{"not_picked":["Crippling Poison","Grand Finale","Backstab"],"picked":"Leg Sweep","floor":55.0}],"player_experience":2738938,"relics_obtained":[{"floor":8.0,"key":"Vajra"},{"floor":9.0,"key":"Akabeko"},{"floor":11.0,"key":"Kunai"},{"floor":14.0,"key":"Smiling Mask"},{"floor":24.0,"key":"Bronze Scales"},{"floor":27.0,"key":"War Paint"},{"floor":31.0,"key":"Pear"},{"floor":42.0,"key":"Pantograph"},{"floor":43.0,"key":"CeramicFish"},{"floor":48.0,"key":"PreservedInsect"},{"floor":55.0,"key":"Bag of Preparation"}],"event_choices":[{"damage_healed":0.0,"max_hp_gain":0.0,"max_hp_loss":6.0,"gold_gain":0.0,"event_name":"Golden Idol","player_choice":"Lose Max HP","floor":4.0,"gold_loss":0.0,"damage_taken":0.0,"relics_obtained":["Golden Idol"]},{"damage_healed":0.0,"max_hp_gain":0.0,"max_hp_loss":0.0,"gold_gain":0.0,"event_name":"Lab","player_choice":"Got Potions","floor":5.0,"gold_loss":0.0,"damage_taken":0.0},{"cards_removed":["Strike_G"],"damage_healed":0.0,"max_hp_gain":0.0,"max_hp_loss":0.0,"gold_gain":0.0,"event_name":"Golden Wing","player_choice":"Card Removal","floor":13.0,"gold_loss":0.0,"damage_taken":7.0},{"damage_healed":0.0,"max_hp_gain":0.0,"max_hp_loss":30.0,"gold_gain":0.0,"event_name":"Ghosts","player_choice":"Became a Ghost","floor":19.0,"gold_loss":0.0,"damage_taken":0.0,"cards_obtained":["Ghostly","Ghostly","Ghostly"]},{"cards_removed":["All Out Attack"],"damage_healed":0.0,"max_hp_gain":0.0,"max_hp_loss":0.0,"gold_gain":0.0,"event_name":"WeMeetAgain","player_choice":"Gave Card","floor":20.0,"gold_loss":0.0,"damage_taken":0.0,"relics_obtained":["Omamori"]},{"damage_healed":0.0,"max_hp_gain":0.0,"max_hp_loss":0.0,"gold_gain":333.0,"event_name":"The Moai Head","player_choice":"Gave Idol","floor":37.0,"relics_lost":["Golden Idol"],"gold_loss":0.0,"damage_taken":0.0},{"damage_healed":8.0,"max_hp_gain":0.0,"max_hp_loss":0.0,"gold_gain":0.0,"event_name":"Winding Halls","player_choice":"Writhe","floor":39.0,"gold_loss":0.0,"damage_taken":0.0,"cards_obtained":["Writhe"]},{"damage_healed":0.0,"max_hp_gain":0.0,"max_hp_loss":0.0,"gold_gain":0.0,"event_name":"Tomb of Lord Red Mask","player_choice":"Ignored","floor":44.0,"gold_loss":0.0,"damage_taken":0.0},{"damage_healed":0.0,"max_hp_gain":0.0,"max_hp_loss":0.0,"gold_gain":0.0,"cards_transformed":["Strike_G"],"event_name":"Transmorgrifier","player_choice":"Transformed","floor":46.0,"gold_loss":0.0,"damage_taken":0.0,"cards_obtained":["Deadly Poison"]}],"is_beta":true,"boss_relics":[{"not_picked":["SacredBark","Busted Crown"],"picked":"Sozu"},{"not_picked":["Empty Cage","Calling Bell"],"picked":"Runic Dome"}],"items_purged_floors":[21,41],"is_endless":false,"potions_floor_spawned":[1,2,7,8,11,18,27,29,33,36,38,47],"ascension_level":20}}