{"host":"zxkjcgzis4pm3za5","time":1613622946,"event":{"mods":["2.2 Compatiblity","AchievementEnabler","BaseMod","Colored Map","Colored Powertips","Minty Spire (QoL Compilation)","Quick Restart","Random Character Button","Relic Filter Mod","Relic Sorter","Relic Stats","StSLib"],"gold_per_floor":[16,16,34,46,7,7,25,75,101,113,159,187,199,242,254,340,352,379,341,372,384,429,441,481,506,518,542,233,233,265,279,279,356,356,366,209,226,239,85,111,124,135,160,160,192,205,205,222,222,222,222,222,222,13,47,47,47],"floor_reached":56,"language":"ENG","playtime":2761,"items_purged":["Decay","Regret"],"score":1997,"play_id":"b2ec4490-83a3-4b94-85cb-8215c0d63de4","local_time":"20210218100546","is_ascension_mode":true,"campfire_choices":[{"data":"Doom and Gloom","floor":6.0,"key":"SMITH"},{"data":"Zap","floor":10.0,"key":"SMITH"},{"data":"Biased Cognition","floor":15.0,"key":"SMITH"},{"floor":23.0,"key":"REST"},{"floor":32.0,"key":"REST"},{"floor":47.0,"key":"REST"},{"floor":49.0,"key":"RECALL"},{"data":"Defragment","floor":53,"key":"SMITH"}],"circlet_count":0,"master_deck":["AscendersBane","Strike_B","Defend_B","Defend_B","Defend_B","Defend_B","Zap+1","Dualcast","Ball Lightning","Heatsinks","Conserve Battery","Rebound","Doom and Gloom+1","Genetic Algorithm","Biased Cognition+1","Melter","Reinforced Body","Rainbow","Loop+1","Coolheaded+1","Leap+1","Sunder+1","Sweeping Beam","Compile Driver+1","Chill+1","Tempest","Core Surge","Echo Form","Recycle","Defragment+1","Madness","Madness","Redo+1","Seek","Cold Snap"],"relics":["Cracked Core","FossilizedHelix","MawBank","Centennial Puzzle","Happy Flower","Cursed Key","Red Mask","Bronze Scales","Anchor","Bag of Preparation","Mercury Hourglass","Runic Pyramid","ClockworkSouvenir","DataDisk","War Paint","Toy Ornithopter"],"acts_visited":["Exordium","TheCity","TheBeyond","TheEnding"],"potions_floor_usage":[51,56,56],"damage_taken":[{"damage":0.0,"enemies":"Cultist","floor":1.0,"turns":3.0},{"damage":0.0,"enemies":"2 Louse","floor":3.0,"turns":2.0},{"damage":0.0,"enemies":"Jaw Worm","floor":4.0,"turns":2.0},{"damage":0.0,"enemies":"Looter","floor":7.0,"turns":2.0},{"damage":0.0,"enemies":"Gremlin Nob","floor":11.0,"turns":3.0},{"damage":0.0,"enemies":"3 Louse","floor":12.0,"turns":2.0},{"damage":0.0,"enemies":"Gremlin Gang","floor":13.0,"turns":1.0},{"damage":5.0,"enemies":"Lagavulin","floor":14.0,"turns":5.0},{"damage":21.0,"enemies":"Hexaghost","floor":16.0,"turns":7.0},{"damage":5.0,"enemies":"3 Byrds","floor":18.0,"turns":2.0},{"damage":0.0,"enemies":"Chosen","floor":20.0,"turns":4.0},{"damage":31.0,"enemies":"Masked Bandits","floor":22.0,"turns":5.0},{"damage":14.0,"enemies":"Slavers","floor":24.0,"turns":4.0},{"damage":0.0,"enemies":"Sentry and Sphere","floor":25.0,"turns":3.0},{"damage":0.0,"enemies":"Snake Plant","floor":27.0,"turns":2.0},{"damage":16.0,"enemies":"Gremlin Leader","floor":30.0,"turns":4.0},{"damage":0.0,"enemies":"Chosen and Byrds","floor":31.0,"turns":4.0},{"damage":45.0,"enemies":"Automaton","floor":33.0,"turns":10.0},{"damage":0.0,"enemies":"Orb Walker","floor":35.0,"turns":3.0},{"damage":0.0,"enemies":"3 Shapes","floor":37.0,"turns":4.0},{"damage":0.0,"enemies":"Spire Growth","floor":38.0,"turns":4.0},{"damage":0.0,"enemies":"Nemesis","floor":40.0,"turns":7.0},{"damage":0.0,"enemies":"Transient","floor":41.0,"turns":6.0},{"damage":0.0,"enemies":"Sphere and 2 Shapes","floor":42.0,"turns":2.0},{"damage":29.0,"enemies":"Giant Head","floor":45.0,"turns":8.0},{"damage":0.0,"enemies":"Maw","floor":46.0,"turns":5.0},{"damage":0.0,"enemies":"Jaw Worm Horde","floor":48.0,"turns":3.0},{"damage":18.0,"enemies":"Awakened One","floor":50.0,"turns":12.0},{"damage":4,"enemies":"Time Eater","floor":51,"turns":9},{"damage":34,"enemies":"Shield and Spear","floor":55,"turns":7},{"damage":40,"enemies":"The Heart","floor":56,"turns":9}],"seed_played":"3187735245451071284","potions_obtained":[{"floor":4.0,"key":"SmokeBomb"},{"floor":7.0,"key":"Fire Potion"},{"floor":11.0,"key":"DistilledChaos"},{"floor":18.0,"key":"Swift Potion"},{"floor":22.0,"key":"GamblersBrew"},{"floor":24.0,"key":"Weak Potion"},{"floor":35.0,"key":"SneckoOil"},{"floor":38.0,"key":"PowerPotion"},{"floor":40.0,"key":"FocusPotion"},{"floor":45.0,"key":"FocusPotion"},{"floor":48.0,"key":"Regen Potion"}],"is_trial":false,"path_per_floor":["M","?","M","M","$","R","M","?","T","R","E","M","M","E","R","B",null,"M","?","M","?","?","R","E","M","T","M","$","?","E","M","R","B",null,"M","$","M","M","$","E","M","M","T","?","E","M","R","M","R","B","B",null,"R","$","E","B"],"character_chosen":"DEFECT","items_purchased":["Doom and Gloom","Regen Potion","Bag of Preparation","ClockworkSouvenir","Echo Form","Weak Potion","AttackPotion"],"campfire_rested":3,"item_purchase_floors":[5,28,28,36,39,54,54],"current_hp_per_floor":[64,64,64,64,64,64,64,57,57,57,57,57,57,52,52,31,61,56,56,56,56,25,46,32,32,32,32,32,32,28,28,49,4,54,54,54,54,54,54,54,54,54,54,41,12,12,33,33,33,30,26,60,60,60,26,0,0],"gold":47,"neow_bonus":"ONE_RARE_RELIC","is_daily":false,"chose_seed":false,"campfire_upgraded":4,"win_rate":0.0,"timestamp":1613622946,"path_taken":["M","?","M","M","$","R","M","?","T","R","E","?","M","E","R","BOSS","M","?","?","?","?","R","E","M","T","M","$","?","E","M","R","BOSS","M","$","?","?","$","E","M","M","T","?","E","M","R","M","R","BOSS","BOSS","R","$","E","BOSS"],"items_purchased_type":["Card","Potion","Relic","Relic","Card","Potion","Potion"],"build_version":"2020-12-22","purchased_purges":2,"victory":false,"max_hp_per_floor":[71,71,71,71,71,71,71,71,71,71,71,71,71,71,71,71,71,71,71,71,71,71,71,71,71,71,71,71,71,71,71,71,71,71,71,71,71,71,71,71,71,71,71,71,71,71,71,71,71,71,71,71,71,71,71,71,71],"relic_stats":{"Centennial Puzzle":[36],"Happy Flower":[41],"counters":[31,143],"Bronze Scales":[383],"Bag of Preparation":[32],"War Paint":["Leap","Chill"],"MawBank":228,"Cursed Key":2,"obtain_stats":[{"Happy Flower":14,"Bag of Preparation":28,"War Paint":45,"MawBank":9,"Cursed Key":17,"Mercury Hourglass":30,"ClockworkSouvenir":36,"Centennial Puzzle":11,"Anchor":26,"DataDisk":40,"Bronze Scales":24,"Red Mask":22,"Cracked Core":0,"FossilizedHelix":0,"Toy Ornithopter":55,"Runic Pyramid":34},{"Happy Flower":8,"Bag of Preparation":15,"War Paint":25,"MawBank":4,"Cursed Key":9,"Mercury Hourglass":16,"ClockworkSouvenir":19,"Centennial Puzzle":5,"Anchor":14,"DataDisk":22,"Bronze Scales":13,"Red Mask":12,"Cracked Core":0,"FossilizedHelix":0,"Toy Ornithopter":30,"Runic Pyramid":18},{"Happy Flower":20,"Bag of Preparation":47,"War Paint":99,"MawBank":9,"Cursed Key":27,"Mercury Hourglass":51,"ClockworkSouvenir":68,"Centennial Puzzle":12,"Anchor":45,"DataDisk":83,"Bronze Scales":42,"Red Mask":38,"Cracked Core":0,"FossilizedHelix":0,"Toy Ornithopter":134,"Runic Pyramid":65}],"Toy Ornithopter":10,"Mercury Hourglass":[300]},"card_choices":[{"not_picked":["Hologram","Steam Power"],"picked":"Ball Lightning","floor":1.0},{"not_picked":["Reinforced Body","Heatsinks"],"picked":"Conserve Battery","floor":3.0},{"not_picked":["Darkness","Stack"],"picked":"Rebound","floor":4.0},{"not_picked":["Go for the Eyes","Beam Cell"],"picked":"Genetic Algorithm","floor":7.0},{"not_picked":["Barrage","Stack"],"picked":"Biased Cognition","floor":11.0},{"not_picked":["Hologram","Redo"],"picked":"Melter","floor":12.0},{"not_picked":["Self Repair","Skim"],"picked":"Reinforced Body","floor":14.0},{"not_picked":["Amplify","Reboot"],"picked":"Rainbow","floor":16.0},{"not_picked":["Conserve Battery+1","Rebound"],"picked":"Loop+1","floor":18.0},{"not_picked":["Skim","Compile Driver"],"picked":"Coolheaded+1","floor":20.0},{"not_picked":["Rebound","Go for the Eyes"],"picked":"Leap","floor":22.0},{"not_picked":["All For One","Consume"],"picked":"Sunder+1","floor":24.0},{"not_picked":["Force Field","Beam Cell"],"picked":"Sweeping Beam","floor":25.0},{"not_picked":["Sweeping Beam","Leap"],"picked":"Compile Driver+1","floor":27.0},{"not_picked":["Streamline","Redo"],"picked":"Chill","floor":30.0},{"not_picked":["Reinforced Body","Reprogram+1"],"picked":"Tempest","floor":31.0},{"not_picked":["Rainbow","Creative AI"],"picked":"Core Surge","floor":33.0},{"not_picked":["Ball Lightning","Barrage","Coolheaded"],"picked":"SKIP","floor":35.0},{"not_picked":["Stack","Scrape","Steam"],"picked":"SKIP","floor":37.0},{"not_picked":["Sweeping Beam","Conserve Battery+1","Beam Cell+1"],"picked":"SKIP","floor":38.0},{"not_picked":["Hologram","Redo"],"picked":"Recycle","floor":40.0},{"not_picked":["Leap+1","Melter+1","Compile Driver+1"],"picked":"SKIP","floor":41.0},{"not_picked":["Ball Lightning+1","Cold Snap"],"picked":"Defragment","floor":42.0},{"not_picked":["Genetic Algorithm","Stack"],"picked":"Redo+1","floor":45.0},{"not_picked":["Ball Lightning","Turbo","Rebound+1"],"picked":"SKIP","floor":46.0},{"not_picked":["Static Discharge","Rebound+1"],"picked":"Seek","floor":48.0},{"not_picked":["Melter","Go for the Eyes"],"picked":"Cold Snap","floor":55}],"player_experience":390336,"relics_obtained":[{"floor":9.0,"key":"MawBank"},{"floor":11.0,"key":"Centennial Puzzle"},{"floor":14.0,"key":"Happy Flower"},{"floor":22.0,"key":"Red Mask"},{"floor":24.0,"key":"Bronze Scales"},{"floor":26.0,"key":"Anchor"},{"floor":30.0,"key":"Mercury Hourglass"},{"floor":40.0,"key":"DataDisk"},{"floor":45.0,"key":"War Paint"},{"floor":55,"key":"Toy Ornithopter"}],"event_choices":[{"damage_healed":0.0,"max_hp_gain":0.0,"max_hp_loss":0.0,"gold_gain":0.0,"cards_transformed":["Strike_B"],"event_name":"Living Wall","player_choice":"Change","floor":2.0,"gold_loss":0.0,"damage_taken":0.0,"cards_obtained":["Heatsinks"]},{"damage_healed":0.0,"max_hp_gain":0.0,"max_hp_loss":0.0,"gold_gain":50.0,"event_name":"FaceTrader","player_choice":"Touch","floor":8.0,"gold_loss":0.0,"damage_taken":7.0},{"damage_healed":0.0,"max_hp_gain":0.0,"max_hp_loss":0.0,"gold_gain":0.0,"event_name":"The Joust","player_choice":"Bet on Murderer","floor":19.0,"gold_loss":50.0,"damage_taken":0.0},{"cards_removed":["Strike_B"],"damage_healed":0.0,"max_hp_gain":0.0,"max_hp_loss":0.0,"gold_gain":0.0,"event_name":"Back to Basics","player_choice":"Elegance","floor":21.0,"gold_loss":0.0,"damage_taken":0.0},{"damage_healed":0.0,"max_hp_gain":0.0,"max_hp_loss":0.0,"gold_gain":0.0,"event_name":"Masked Bandits","player_choice":"Fought Bandits","floor":22.0,"gold_loss":0.0,"damage_taken":0.0},{"cards_removed":["Strike_B"],"damage_healed":0.0,"max_hp_gain":0.0,"max_hp_loss":0.0,"gold_gain":0.0,"event_name":"Purifier","player_choice":"Purged","floor":29.0,"gold_loss":0.0,"damage_taken":0.0},{"damage_healed":0.0,"max_hp_gain":0.0,"max_hp_loss":0.0,"gold_gain":0.0,"event_name":"Winding Halls","player_choice":"Embrace Madness","floor":44.0,"gold_loss":0.0,"damage_taken":13.0,"cards_obtained":["Madness","Madness"]}],"is_beta":false,"boss_relics":[{"not_picked":["Black Star","Sozu"],"picked":"Cursed Key"},{"not_picked":["Snecko Eye","Nuclear Battery"],"picked":"Runic Pyramid"}],"items_purged_floors":[28,54],"is_endless":false,"potions_floor_spawned":[4,7,11,13,18,20,22,24,35,38,40,45,48],"killed_by":"The Heart","ascension_level":20}}