{"host":"ju66gn9zov5ov15o","time":1613661038,"event":{"mods":["100% Spire Juice","2.2 Compatiblity","Act Like it!","Arknights","Aspiration","BaseMod","Conspire","Downfall","GifTheSpireLib","Hubris","Lobotomy","LobotomyExtend","Marisa????????","Minty Spire (QoL Compilation)","Pale of the Ancients","Rare Cards Sparkle","Relic Stats","Ruina","Shapeshifter Mod","StSLib","The Alterego","The Animator"],"gold_per_floor":[111,129,23,23,98,128,128,156,179,179,22,36,36,71,71,168,168,182,0,10,10,10,10],"floor_reached":22,"language":"ENG","playtime":717,"items_purged":[],"score":230,"play_id":"1a114329-0f1c-4141-a378-8992b48cced9","local_time":"20210218161038","is_ascension_mode":true,"campfire_choices":[{"data":"Self Repair","floor":10,"key":"SMITH"},{"data":"Hyperbeam","floor":15,"key":"SMITH"}],"circlet_count":0,"master_deck":["Strike_B","Strike_B","Strike_B","Strike_B","Defend_B","Defend_B","Defend_B","Defend_B","Zap","Dualcast","Conserve Battery","Tempest","Doom and Gloom","hubris:Ukulele","Self Repair+1","Leap","Sunder","Heatsinks","Steam","Hyperbeam+1","Conserve Battery","Double Energy","All For One","Thunder Strike","Electrodynamics","Go for the Eyes","ruina:BlindRage","Sweeping Beam+1"],"relics":["Cracked Core","LetterFromLob","MealTicket","Smiling Mask","Omamori","hubris:OldNail","PreservedInsect","Toy Ornithopter","conspire:SlowCooker"],"acts_visited":["Exordium","ruina:Briah"],"potions_floor_usage":[14,16,16,16,22],"damage_taken":[{"damage":1,"enemies":"2 Louse","floor":1,"turns":2},{"damage":14,"enemies":"Small Slimes","floor":2,"turns":2},{"damage":13,"enemies":"3 Sentries","floor":6,"turns":5},{"damage":16,"enemies":"Lagavulin","floor":8,"turns":6},{"damage":11,"enemies":"Cultist","floor":12,"turns":4},{"damage":32,"enemies":"Gremlin Nob","floor":14,"turns":4},{"damage":16,"enemies":"Slime Boss","floor":16,"turns":7},{"damage":44,"enemies":"ruina:BadWolf","floor":18,"turns":6},{"damage":28,"enemies":"ruina:2_Scarecrows","floor":20,"turns":4},{"damage":53,"enemies":"ruina:KnightOfDespair","floor":22,"turns":5}],"seed_played":"-7953099697095007222","potions_obtained":[{"floor":6,"key":"sneckomod:MuddlingPotion"},{"floor":8,"key":"ColorlessPotion"},{"floor":12,"key":"Strength Potion"},{"floor":14,"key":"FocusPotion"},{"floor":18,"key":"Strength Potion"}],"is_trial":false,"path_per_floor":["M","M","$","?","?","E","?","E","T","R","$","M","?","E","R","B",null,"M","$","M","?","M"],"character_chosen":"DEFECT","items_purchased":["hubris:Ukulele","Self Repair","PreservedInsect","ruina:BlindRage"],"campfire_rested":0,"item_purchase_floors":[3,3,11,19],"current_hp_per_floor":[74,60,60,60,49,43,36,27,27,27,42,41,41,19,19,28,75,41,56,38,46,0,0],"gold":10,"neow_bonus":"THREE_CARDS","is_daily":false,"chose_seed":false,"campfire_upgraded":2,"win_rate":0.0,"timestamp":1613661038,"path_taken":["M","M","$","?","?","E","?","E","T","R","$","M","?","E","R","BOSS","M","$","?","?","?"],"items_purchased_type":["Card","Card","Relic","Card"],"build_version":"2020-12-22","purchased_purges":0,"victory":false,"max_hp_per_floor":[75,75,75,75,75,75,75,75,75,75,75,75,75,75,75,75,75,75,75,75,75,75,75],"relic_stats":{"counters":[10,45],"MealTicket":30,"PreservedInsect":22,"Smiling Mask":0,"obtain_stats":[{"Frozen Eye":20,"MealTicket":6,"PreservedInsect":11,"conspire:SlowCooker":17,"LetterFromLob":1,"Omamori":8,"Cracked Core":0,"Smiling Mask":7,"hubris:OldNail":9,"Toy Ornithopter":14},{"Frozen Eye":8,"MealTicket":3,"PreservedInsect":4,"conspire:SlowCooker":7,"LetterFromLob":1,"Omamori":4,"Cracked Core":0,"Smiling Mask":3,"hubris:OldNail":4,"Toy Ornithopter":6},{"Frozen Eye":36,"MealTicket":9,"PreservedInsect":15,"conspire:SlowCooker":30,"LetterFromLob":2,"Omamori":15,"Cracked Core":0,"Smiling Mask":9,"hubris:OldNail":15,"Toy Ornithopter":23}],"Toy Ornithopter":20},"card_choices":[{"not_picked":["BootSequence","Barrage"],"picked":"Conserve Battery","floor":0},{"not_picked":["Steam","Scrape"],"picked":"Tempest","floor":1},{"not_picked":["Hologram","Hello World"],"picked":"Doom and Gloom","floor":2},{"not_picked":["Cold Snap","Turbo"],"picked":"Hyperbeam","floor":6},{"not_picked":["Redo","Barrage"],"picked":"Conserve Battery","floor":8},{"not_picked":["Rebound","Compile Driver"],"picked":"Double Energy","floor":12},{"not_picked":["Ball Lightning","Loop"],"picked":"Thunder Strike","floor":14},{"not_picked":["Multi-Cast","Core Surge"],"picked":"Electrodynamics","floor":16},{"not_picked":["Coolheaded","Steam"],"picked":"Go for the Eyes","floor":18},{"not_picked":["Skim+1","Compile Driver"],"picked":"Sweeping Beam+1","floor":20}],"player_experience":491926,"relics_obtained":[{"floor":1,"key":"LetterFromLob"},{"floor":6,"key":"MealTicket"},{"floor":8,"key":"Omamori"},{"floor":9,"key":"hubris:OldNail"},{"floor":14,"key":"Toy Ornithopter"}],"event_choices":[{"damage_healed":0,"gold_gain":75,"player_choice":"Gather Gold","damage_taken":11,"max_hp_gain":0,"max_hp_loss":0,"event_name":"World of Goop","floor":5,"gold_loss":0},{"damage_healed":0,"gold_gain":0,"player_choice":"Success","damage_taken":7,"relics_obtained":["Smiling Mask"],"max_hp_gain":0,"max_hp_loss":0,"event_name":"Scrap Ooze","floor":7,"gold_loss":0},{"damage_healed":0,"gold_gain":0,"cards_transformed":["Sunder"],"player_choice":"Transformed","damage_taken":0,"max_hp_gain":0,"max_hp_loss":0,"event_name":"Transmorgrifier","floor":13,"gold_loss":0,"cards_obtained":["All For One"]}],"is_beta":false,"boss_relics":[{"not_picked":["Pandora\u0027s Box","aspiration:WatcherSkillbook"],"picked":"conspire:SlowCooker"}],"items_purged_floors":[],"is_endless":false,"potions_floor_spawned":[6,8,12,14,18],"killed_by":"ruina:KnightOfDespair","ascension_level":3}}