{"host":"5y2vm16xfq9gfmb2","time":1613615687,"event":{"mods":["AchievementEnabler","BaseMod","Better Third Choice","Colored Map","Colored Powertips","DeckTracker","Friendly Minions","Marisa????????","Minty Spire (QoL Compilation)","Rare Cards Sparkle","Relic Stats","StSLib","The Alterego","The Animator","The Marked","The Servant 0.9.4","Yohane!"],"gold_per_floor":[111,127,127,145,195,243,261,261,261,261,261,261,275,289,289,409,409,440,455,370,41,54,102,102,128,128,54,54,72,72,83,83,195,195,215,280,18,18,43,93,120,154,154,154,11,29,57,57,57],"floor_reached":48,"language":"ENG","playtime":2533,"items_purged":[],"score":577,"play_id":"3fe1ab6c-22e4-4b05-a64e-b656d5789944","local_time":"20210217213447","is_ascension_mode":false,"campfire_choices":[{"floor":8,"key":"RECALL"},{"data":"MysteriousBeam","floor":11,"key":"SMITH"},{"floor":15,"key":"REST"},{"floor":24,"key":"REST"},{"floor":28,"key":"REST"},{"floor":32,"key":"REST"}],"circlet_count":0,"master_deck":["Strike_MRS+1","Strike_MRS","Strike_MRS","Defend_MRS","Defend_MRS","Defend_MRS","MasterSpark","UpSweep","DC+1","Orbital","Occultation","WitchOfGreed","SuperPerseids","UnstableBomb","MysteriousBeam+1","6A","MachineGunSpark","PowerUp","UnstableBomb","DoubleSpark","ManaRampage","GalacticHalo","OortCloud","MaximisePower","OortCloud+1","ManaConvection","AsteroidBelt","FairyDestructionRay","DragonMeteor+1","TreasureHunter","AsteroidBelt+1","animator:Curse_GriefSeed","Singularity+1","MachineGunSpark+1","SprinkleStarSeal","Magnetism+1","Mind Blast","RefractionSpark","Clumsy","TreasureHunter","GravityBeat","MilkyWay+1","Parasite","GrandCross","Enlightenment","animator:Curse_Greed","Acceleration+1"],"relics":["MiniHakkero","Whetstone","Vajra","Cursed Key","Frozen Egg 2","Oddly Smooth Stone","Kunai","Tiny Chest","InkBottle","Astrolabe","Mango","Blood Vial","Pear","MagicBroom","Chemical X"],"acts_visited":["Exordium","TheCity","TheBeyond"],"potions_floor_usage":[16,40,42,46,47,47,47,48,48],"damage_taken":[{"damage":0,"enemies":"Cultist","floor":1,"turns":2},{"damage":0,"enemies":"Jaw Worm","floor":2,"turns":1},{"damage":0,"enemies":"2 Louse","floor":4,"turns":2},{"damage":21,"enemies":"Lagavulin","floor":6,"turns":5},{"damage":12,"enemies":"Blue Slaver","floor":7,"turns":2},{"damage":5,"enemies":"Looter","floor":13,"turns":2},{"damage":0,"enemies":"Red Slaver","floor":14,"turns":1},{"damage":53,"enemies":"The Guardian","floor":16,"turns":6},{"damage":3,"enemies":"3 Byrds","floor":18,"turns":3},{"damage":10,"enemies":"Chosen","floor":19,"turns":2},{"damage":0,"enemies":"Snecko","floor":22,"turns":4},{"damage":50,"enemies":"Slavers","floor":23,"turns":7},{"damage":18,"enemies":"Gremlin Leader","floor":25,"turns":5},{"damage":0,"enemies":"Centurion and Healer","floor":29,"turns":4},{"damage":0,"enemies":"Snake Plant","floor":31,"turns":2},{"damage":52,"enemies":"Automaton","floor":33,"turns":9},{"damage":10,"enemies":"Orb Walker","floor":35,"turns":2},{"damage":0,"enemies":"Mind Bloom Boss Battle","floor":36,"turns":3},{"damage":27,"enemies":"Nemesis","floor":40,"turns":5},{"damage":37,"enemies":"3 Shapes","floor":41,"turns":4},{"damage":15,"enemies":"Maw","floor":42,"turns":10},{"damage":1,"enemies":"Jaw Worm Horde","floor":46,"turns":2},{"damage":21,"enemies":"Transient","floor":47,"turns":5},{"damage":10,"enemies":"Maw","floor":48,"turns":2}],"seed_played":"-8959443326682916010","potions_obtained":[{"floor":1,"key":"Ancient Potion"},{"floor":7,"key":"Ancient Potion"},{"floor":14,"key":"Regen Potion"},{"floor":16,"key":"DuplicationPotion"},{"floor":18,"key":"BottledSpark"},{"floor":23,"key":"EntropicBrew"},{"floor":40,"key":"Regen Potion"},{"floor":41,"key":"SkillPotion"},{"floor":42,"key":"LiquidBronze"},{"floor":42,"key":"ColorlessPotion"},{"floor":47,"key":"AttackPotion"}],"is_trial":false,"path_per_floor":["M","M","?","M","T","E","M","R","T","?","R","?","M","M","R","B",null,"M","M","?","$","M","E","R","E","T","$","R","M","?","M","R","B",null,"M","?","$","?","T","E","M","M","T","?","$","M","M","M"],"character_chosen":"MARISA","items_purchased":["MaximisePower","OortCloud+1","Oddly Smooth Stone","DistilledChaos","Magnetism+1","Mind Blast","Chemical X"],"campfire_rested":4,"item_purchase_floors":[21,21,21,27,37,37,45],"current_hp_per_floor":[68,68,68,68,68,47,35,35,35,35,35,35,30,30,50,11,68,65,55,55,55,55,5,25,7,7,7,27,27,49,49,68,16,68,58,72,72,72,72,57,22,24,24,24,24,25,6,0,0],"gold":57,"neow_bonus":"TRANSFORM_TWO_CARDS","is_daily":false,"chose_seed":false,"campfire_upgraded":1,"win_rate":0.0,"timestamp":1613615687,"path_taken":["M","M","?","?","?","E","?","R","T","?","R","?","?","M","R","BOSS","M","?","?","$","M","E","R","E","T","$","R","M","?","M","R","BOSS","M","?","$","?","?","E","M","?","T","?","?","M","M","M"],"items_purchased_type":["Card","Card","Relic","Potion","Card","Card","Relic"],"build_version":"2020-12-22","purchased_purges":0,"victory":false,"max_hp_per_floor":[68,68,68,68,68,68,68,68,68,68,68,68,68,68,68,68,68,68,68,68,68,68,68,68,68,68,68,68,68,68,68,68,68,68,68,82,82,82,82,92,92,92,92,92,92,92,92,92,92],"relic_stats":{"Blood Vial":12,"counters":[24,90],"Astrolabe":["AsteroidBelt","animator:Curse_GriefSeed","Singularity"],"Tiny Chest":1,"Whetstone":["DC","Strike_MRS"],"Kunai":[29],"Chemical X":[1],"Cursed Key":3,"obtain_stats":[{"Pear":40,"MagicBroom":43,"Astrolabe":34,"Vajra":6,"Oddly Smooth Stone":21,"Mango":36,"Whetstone":5,"Frozen Egg 2":20,"Cursed Key":17,"Blood Vial":39,"Tiny Chest":25,"MiniHakkero":0,"Kunai":23,"Chemical X":45,"InkBottle":26},{"Pear":19,"MagicBroom":21,"Astrolabe":16,"Vajra":4,"Oddly Smooth Stone":10,"Mango":18,"Whetstone":3,"Frozen Egg 2":10,"Cursed Key":8,"Blood Vial":18,"Tiny Chest":13,"MiniHakkero":0,"Kunai":12,"Chemical X":21,"InkBottle":13},{"Pear":67,"MagicBroom":81,"Astrolabe":57,"Vajra":10,"Oddly Smooth Stone":26,"Mango":62,"Whetstone":5,"Frozen Egg 2":26,"Cursed Key":21,"Blood Vial":62,"Tiny Chest":42,"MiniHakkero":0,"Kunai":37,"Chemical X":81,"InkBottle":42}],"InkBottle":[20]},"card_choices":[{"not_picked":["EnergyRecoil","DoubleSpark"],"picked":"Orbital","floor":1},{"not_picked":["UnstableBomb","GrandCross"],"picked":"Occultation","floor":2},{"not_picked":["GrandCross","MagicChant"],"picked":"WitchOfGreed","floor":4},{"not_picked":["MagicChant","ShootingEcho"],"picked":"SuperPerseids","floor":6},{"not_picked":["DeepEcoloBomb","6A"],"picked":"UnstableBomb","floor":7},{"not_picked":["NonDirectionalLaser","OneTimeOff"],"picked":"UnstableBomb","floor":13},{"not_picked":["MysteriousBeam","OneTimeOff"],"picked":"DoubleSpark","floor":14},{"not_picked":["EscapeVelocity","TreasureHunter"],"picked":"ManaRampage","floor":16},{"not_picked":["ShootingEcho","WitchOfGreed+1"],"picked":"GalacticHalo","floor":18},{"not_picked":["WitchLeyline+1","IllusionStar+1"],"picked":"OortCloud","floor":19},{"not_picked":["EventHorizon+1","SporeBomb"],"picked":"ManaConvection","floor":22},{"not_picked":["AlicesGift+1","SporeBomb"],"picked":"AsteroidBelt","floor":23},{"not_picked":["EscapeVelocity+1","MeteoricShower"],"picked":"FairyDestructionRay","floor":25},{"not_picked":["GravityBeat","RefractionSpark"],"picked":"DragonMeteor+1","floor":29},{"not_picked":["NonDirectionalLaser","GravityBeat+1"],"picked":"GasGiant","floor":31},{"not_picked":["JA","BigCrunch"],"picked":"TreasureHunter","floor":33},{"not_picked":["ChargeUpSpray+1","EarthLightRay"],"picked":"MachineGunSpark+1","floor":35},{"not_picked":["DarkSpark+1","WitchOfGreed+1"],"picked":"SprinkleStarSeal","floor":36},{"not_picked":["6A","MysteriousBeam"],"picked":"TreasureHunter","floor":40},{"not_picked":["Orbital+1","SporeBomb"],"picked":"GravityBeat","floor":41},{"not_picked":["ChargeUpSpray","6A+1"],"picked":"MilkyWay+1","floor":42},{"not_picked":["ShootingEcho+1","DoubleSpark"],"picked":"Acceleration+1","floor":46},{"not_picked":["AlicesGift","MysteriousBeam","AsteroidBelt"],"picked":"SKIP","floor":47}],"player_experience":140518,"relics_obtained":[{"floor":5,"key":"Whetstone"},{"floor":6,"key":"Vajra"},{"floor":23,"key":"Kunai"},{"floor":25,"key":"Tiny Chest"},{"floor":26,"key":"InkBottle"},{"floor":36,"key":"Mango"},{"floor":39,"key":"Blood Vial"},{"floor":40,"key":"Pear"},{"floor":43,"key":"MagicBroom"}],"event_choices":[{"damage_healed":0,"gold_gain":0,"player_choice":"Ignored","damage_taken":0,"max_hp_gain":0,"max_hp_loss":0,"event_name":"Purifier","floor":3,"gold_loss":0},{"cards_removed":["DC"],"damage_healed":0,"gold_gain":0,"player_choice":"Took Card","damage_taken":0,"max_hp_gain":0,"max_hp_loss":0,"event_name":"NoteForYourself","floor":12,"gold_loss":0,"cards_obtained":["Yohane:Indulge"]},{"damage_healed":0,"gold_gain":0,"player_choice":"Obtained Relic","damage_taken":0,"relics_obtained":["Frozen Egg 2"],"max_hp_gain":0,"max_hp_loss":0,"event_name":"Addict","floor":20,"gold_loss":85},{"damage_healed":22,"gold_gain":0,"player_choice":"Heal","damage_taken":0,"max_hp_gain":0,"max_hp_loss":0,"event_name":"The Library","floor":30,"gold_loss":0},{"damage_healed":0,"gold_gain":0,"player_choice":"Fight","damage_taken":0,"max_hp_gain":0,"max_hp_loss":0,"event_name":"MindBloom","floor":36,"gold_loss":0},{"damage_healed":0,"gold_gain":0,"cards_transformed":["GasGiant"],"player_choice":"Transformed","damage_taken":0,"max_hp_gain":0,"max_hp_loss":0,"event_name":"Transmorgrifier","floor":38,"gold_loss":0,"cards_obtained":["RefractionSpark"]},{"damage_healed":0,"gold_gain":0,"player_choice":"3 cards matched","damage_taken":0,"max_hp_gain":0,"max_hp_loss":0,"event_name":"Match and Keep!","floor":44,"gold_loss":0,"cards_obtained":["GrandCross","Enlightenment","animator:Curse_Greed"]}],"is_beta":false,"boss_relics":[{"not_picked":["SacredBark","Sozu"],"picked":"Cursed Key"},{"not_picked":["Coffee Dripper","Fusion Hammer"],"picked":"Astrolabe"}],"items_purged_floors":[],"is_endless":false,"potions_floor_spawned":[1,7,14,16,18,19,31,33,35,42,47],"killed_by":"Maw","ascension_level":0}}