{"host":"6aycdg1azw3gf4o9","time":1613653898,"event":{"mods":["Act Like it!","Arknights","BaseMod","CapriCore","Friendly Minions","Koishi","Marisa£®ÏF”Í°°ƒß¿Ì…≥£©","Minty Spire (QoL Compilation)","READ ME - Guardian Mod","Remilia£®¿Ÿ√◊¿Ú—«£©","StSLib"],"gold_per_floor":[118,118,71,82,82,117,136,169,169,197,215,215,226,113,113,209,209,221,71,87,87,98,133,133,133,133],"floor_reached":25,"language":"ZHS","playtime":1356,"items_purged":["ats:Strike V"],"score":304,"play_id":"0ee77f22-3ab4-4a91-8d04-ba92c6a315f7","local_time":"20210218211138","is_ascension_mode":true,"campfire_choices":[{"data":"ats:Closed Bolt Burst Fire","floor":12,"key":"SMITH"},{"data":"ats:Soul Absorption","floor":15,"key":"SMITH"},{"floor":24,"key":"REST"}],"circlet_count":0,"master_deck":["ats:Strike G","ats:Strike S","ats:Armor Crushing Shot","ats:Defend","ats:Defend","ats:Defend","ats:Defend","ats:Emotion Absorption+1","ats:Leaping Hammer","ats:Literary Storm","ats:Assault Order+1","ats:Sashimi Platter","ats:Closed Bolt Burst Fire+1","ats:Disruption Kick","ats:Sashimi Platter","ats:Soul Absorption+1","ats:Echo Reverb","ats:Calcification","ats:Curse Doll+1","ats:Guard Mode","ats:Chain Hook+1"],"relics":["ats:Sanity","NeowsBlessing","Singing Bowl","ats:Originium","War Paint","Strawberry","Pantograph","ScarletDevilRocket","ats:Tactical Delivery","Sundial"],"acts_visited":["Exordium","TheCity"],"potions_floor_usage":[8,16,20,22,23,25],"damage_taken":[{"damage":0,"enemies":"2 Louse","floor":1,"turns":1},{"damage":0,"enemies":"Cultist","floor":4,"turns":1},{"damage":0,"enemies":"3 Sentries","floor":6,"turns":2},{"damage":7,"enemies":"Small Slimes","floor":7,"turns":4},{"damage":24,"enemies":"Gremlin Nob","floor":8,"turns":4},{"damage":17,"enemies":"3 Sentries","floor":10,"turns":8},{"damage":11,"enemies":"Blue Slaver","floor":11,"turns":4},{"damage":15,"enemies":"Looter","floor":13,"turns":3},{"damage":101,"enemies":"The Guardian","floor":16,"turns":17},{"damage":11,"enemies":"Spheric Guardian","floor":18,"turns":4},{"damage":3,"enemies":"3 Byrds","floor":20,"turns":7},{"damage":30,"enemies":"Snake Plant","floor":22,"turns":6},{"damage":51,"enemies":"Slavers","floor":23,"turns":13},{"damage":89,"enemies":"Gremlin Leader","floor":25,"turns":8}],"seed_played":"-4431132344578549796","potions_obtained":[{"floor":1,"key":"Ancient Potion"},{"floor":6,"key":"PowerPotion"},{"floor":7,"key":"Weak Potion"},{"floor":13,"key":"GamblersBrew"},{"floor":18,"key":"DuplicationPotion"},{"floor":22,"key":"Weak Potion"}],"is_trial":false,"path_per_floor":["M","?","$","M","T","E","M","E","T","E","M","R","M","$","R","B",null,"M","$","M","?","M","E","R","E"],"character_chosen":"DOCTOR_CLASS","items_purchased":["ats:Assault Order","ats:Soul Absorption","ats:Calcification"],"campfire_rested":1,"item_purchase_floors":[3,14,19],"current_hp_per_floor":[72,72,72,72,72,74,67,57,57,50,42,42,39,39,39,36,83,84,84,85,69,52,34,61,0,0],"gold":133,"neow_bonus":"THREE_ENEMY_KILL","is_daily":false,"chose_seed":false,"campfire_upgraded":2,"win_rate":0.0,"timestamp":1613653898,"path_taken":["M","?","$","?","?","E","M","E","T","E","M","R","M","$","R","BOSS","M","$","M","?","M","E","R","E"],"items_purchased_type":["Card","Card","Card"],"build_version":"2020-12-22","purchased_purges":1,"victory":false,"max_hp_per_floor":[72,72,72,72,72,74,74,81,81,81,81,81,83,83,83,83,83,85,85,85,90,90,90,90,90,90],"card_choices":[{"not_picked":["ats:Counter Healing Mode","ats:Consecutive Shot Auto"],"picked":"ats:Leaping Hammer","floor":1},{"not_picked":["ats:Poison Spread","ats:Phantom","ats:Ignite"],"picked":"SKIP","floor":4},{"not_picked":["ats:Very Hot Blade","ats:Support Order","ats:Blood Oath"],"picked":"Singing Bowl","floor":6},{"not_picked":["ats:Support Order","ats:Revitalization"],"picked":"ats:Sashimi Platter","floor":7},{"not_picked":["ats:Phantom","ats:LN2 Cannon"],"picked":"ats:Closed Bolt Burst Fire","floor":8},{"not_picked":["ats:Hook Shot","ats:Hammer On"],"picked":"ats:Disruption Kick","floor":10},{"not_picked":["ats:Curse Doll","ats:Blood Oath"],"picked":"ats:Sashimi Platter","floor":11},{"not_picked":["ats:Closed Bolt Burst Fire","ats:Curse Doll","ats:Explosion Area Strengthen"],"picked":"Singing Bowl","floor":13},{"not_picked":["ats:Volcano","ats:Ambush"],"picked":"ats:Echo Reverb","floor":16},{"not_picked":["ats:Revitalization+1","ats:Blood Oath+1","ats:Chain Hook"],"picked":"Singing Bowl","floor":18},{"not_picked":["ats:Revitalization","ats:Blood Oath"],"picked":"ats:Curse Doll+1","floor":20},{"not_picked":["ats:Ignite","ats:Fractured Body"],"picked":"ats:Guard Mode","floor":22},{"not_picked":["ats:Healing Drone","ats:Composite Medical Shells"],"picked":"ats:Chain Hook+1","floor":23}],"player_experience":532147,"relics_obtained":[{"floor":5,"key":"Singing Bowl"},{"floor":6,"key":"ats:Originium"},{"floor":6,"key":"War Paint"},{"floor":8,"key":"ats:Originium"},{"floor":8,"key":"Strawberry"},{"floor":9,"key":"Pantograph"},{"floor":10,"key":"ats:Originium"},{"floor":10,"key":"ScarletDevilRocket"},{"floor":23,"key":"Sundial"}],"event_choices":[{"damage_healed":0,"gold_gain":0,"cards_transformed":["ats:Strike C"],"player_choice":"Transformed","damage_taken":0,"max_hp_gain":0,"max_hp_loss":0,"event_name":"Transmorgrifier","floor":2,"gold_loss":0,"cards_obtained":["ats:Literary Storm"]},{"damage_healed":0,"gold_gain":0,"player_choice":"Shed Blood","damage_taken":21,"max_hp_gain":5,"max_hp_loss":0,"event_name":"Forgotten Altar","floor":21,"gold_loss":0}],"is_beta":false,"boss_relics":[{"not_picked":["Busted Crown","Velvet Choker"],"picked":"ats:Tactical Delivery"}],"items_purged_floors":[14],"is_endless":false,"potions_floor_spawned":[1,6,7,13,18,22],"killed_by":"Gremlin Leader","ascension_level":1}}