{"host":"jhy70w0yh8dayqay","time":1613657426,"event":{"mods":["AchievementEnabler","BaseMod","Colored Map","Colored Powertips","DeckTracker","Minty Spire (QoL Compilation)","Permanent Neow","SuperFastMode"],"gold_per_floor":[113,130,142,217,229,229,229],"floor_reached":6,"language":"KOR","playtime":197,"items_purged":[],"score":61,"play_id":"a222bfd1-700b-410a-8e54-39c2f8d0bf23","local_time":"20210218231026","is_ascension_mode":true,"campfire_choices":[],"circlet_count":0,"master_deck":["AscendersBane","Strike_G","Strike_G","Strike_G","Strike_G","Strike_G","Defend_G","Defend_G","Defend_G","Defend_G","Defend_G","Survivor","Neutralize","Deadly Poison","Dagger Spray","Dodge and Roll","Flying Knee","PiercingWail"],"relics":["Ring of the Snake"],"acts_visited":["Exordium"],"potions_floor_usage":[6],"damage_taken":[{"damage":1,"enemies":"Jaw Worm","floor":1,"turns":6},{"damage":0,"enemies":"Small Slimes","floor":2,"turns":3},{"damage":1,"enemies":"Cultist","floor":3,"turns":4},{"damage":19,"enemies":"Exordium Wildlife","floor":5,"turns":7},{"damage":28,"enemies":"Gremlin Nob","floor":6,"turns":5}],"seed_played":"-5790712580660961904","potions_obtained":[{"floor":5,"key":"PowerPotion"}],"is_trial":false,"path_per_floor":["M","M","M","?","M","E"],"character_chosen":"THE_SILENT","items_purchased":[],"campfire_rested":0,"item_purchase_floors":[],"current_hp_per_floor":[62,62,61,50,31,3,3],"gold":229,"neow_bonus":"THREE_CARDS","is_daily":false,"chose_seed":false,"campfire_upgraded":0,"win_rate":0.0,"timestamp":1613657426,"path_taken":["M","M","M","?","M","E"],"items_purchased_type":[],"build_version":"2020-12-22","purchased_purges":0,"victory":false,"max_hp_per_floor":[70,70,70,70,70,70,70],"card_choices":[{"not_picked":["Setup","All Out Attack"],"picked":"Deadly Poison","floor":0},{"not_picked":["Deadly Poison","Prepared"],"picked":"Dagger Spray","floor":1},{"not_picked":["All Out Attack","Skewer"],"picked":"Dodge and Roll","floor":2},{"not_picked":["Blade Dance","Dodge and Roll"],"picked":"Flying Knee","floor":3},{"not_picked":["Bane","Concentrate"],"picked":"PiercingWail","floor":5}],"player_experience":485528,"relics_obtained":[],"event_choices":[{"damage_healed":0,"gold_gain":75,"player_choice":"Gather Gold","damage_taken":11,"max_hp_gain":0,"max_hp_loss":0,"event_name":"World of Goop","floor":4,"gold_loss":0}],"is_beta":false,"boss_relics":[],"items_purged_floors":[],"is_endless":false,"potions_floor_spawned":[5],"killed_by":"Gremlin Nob","ascension_level":12}}