{"host":"clf2hd4adhiiw0zf","time":1613691996,"event":{"mods":["AchievementEnabler","BaseMod","Beaked The Cultist","Bestiary","Dark Map","Downfall","Gremlin Mod","Hermit","Jorbs\u0027s Wanderer Trilogy","Marisa????????","Minty Spire (QoL Compilation)","Quick Restart","Shop Mod","Spire Arcade","StSLib","The Construct","The Cursed","Wide Potions"],"gold_per_floor":[99,99,99,399,399,428,453,453,472,507,522,552,352,381,391,391,391,391],"floor_reached":16,"language":"ENG","playtime":781,"items_purged":[],"score":189,"play_id":"c5cc4c4a-124e-4cf2-b53a-79113b2f96da","local_time":"20210218164636","is_ascension_mode":true,"campfire_choices":[{"floor":1,"key":"RECALL"},{"floor":13,"key":"REST"}],"circlet_count":0,"master_deck":["Guardian:Strike_Guardian","Guardian:Strike_Guardian","Guardian:Strike_Guardian","Guardian:Strike_Guardian","Guardian:Defend_Guardian","Guardian:Defend_Guardian","Guardian:Defend_Guardian","Guardian:Defend_Guardian","Guardian:CurlUp","Guardian:TwinSlam","Guardian:ChargeUp","downfall:Icky","downfall:Icky","Guardian:Gem_Cyan","Guardian:Recover","Guardian:Incinerate","Guardian:Orbwalk","Guardian:SpikerProtocol","Guardian:EvasiveProtocol","Guardian:ShieldSpikes","Guardian:Suspension"],"relics":["Guardian:ModeShifter","downfall:HeartsMalice","Happy Flower","Potion Belt","Bronze Scales","Mercury Hourglass","downfall:HeartBlessingRed","downfall:HeartBlessingGreen","bronze:BronzeIdol"],"acts_visited":["Exordium"],"potions_floor_usage":[12,12,16],"damage_taken":[{"damage":0,"enemies":"Cultist","floor":2,"turns":1},{"damage":0,"enemies":"2 Louse","floor":3,"turns":1},{"damage":0,"enemies":"Gremlin Nob","floor":6,"turns":1},{"damage":7,"enemies":"Jaw Worm","floor":9,"turns":3},{"damage":27,"enemies":"3 Sentries","floor":10,"turns":12},{"damage":1,"enemies":"Red Slaver","floor":11,"turns":5},{"damage":11,"enemies":"Gremlin Nob","floor":12,"turns":5},{"damage":14,"enemies":"Lagavulin","floor":14,"turns":7},{"damage":3,"enemies":"Blue Slaver","floor":15,"turns":4},{"damage":19,"enemies":"IC_STATUS_ARCHETYPE","floor":16,"turns":8}],"seed_played":"-1289013604452050","potions_obtained":[{"floor":6,"key":"GamblersBrew"},{"floor":10,"key":"GamblersBrew"},{"floor":11,"key":"construct:ShiftPotion"}],"is_trial":false,"path_per_floor":["R","M","M","?","?","E","T","?","M","E","M","E","R","E","M","B"],"character_chosen":"GUARDIAN","items_purchased":[],"campfire_rested":1,"item_purchase_floors":[],"current_hp_per_floor":[80,80,80,80,56,56,56,56,49,22,21,10,34,20,17,0,0,0],"gold":391,"neow_bonus":"THREE_ENEMY_KILL","is_daily":false,"chose_seed":false,"campfire_upgraded":0,"win_rate":0.0,"timestamp":1613691996,"path_taken":["R","M","?","?","?","E","T","?","M","E","?","E","R","E","M","BOSS"],"items_purchased_type":[],"build_version":"2020-12-22","purchased_purges":0,"victory":false,"max_hp_per_floor":[80,80,80,80,80,80,80,80,80,80,80,80,80,80,80,80,80,80],"card_choices":[{"not_picked":["Guardian:PrismaticBarrier","Guardian:TemporalStrike"],"picked":"Guardian:ChargeUp","floor":2},{"not_picked":["Guardian:SpikerProtocol","Guardian:Planning"],"picked":"Guardian:Gem_Yellow","floor":3},{"not_picked":["Guardian:Gem_Yellow","Guardian:DecasProtection"],"picked":"Guardian:Recover","floor":6},{"not_picked":["Guardian:Gem_Cyan","Guardian:PrismaticBarrier"],"picked":"Guardian:Incinerate","floor":9},{"not_picked":["Guardian:ArmoredProtocol","Guardian:HyperBeam_Guardian"],"picked":"Guardian:Orbwalk","floor":10},{"not_picked":["Guardian:CrystalBeam","Guardian:Planning"],"picked":"Guardian:SpikerProtocol","floor":11},{"not_picked":["Guardian:Planning","Guardian:RollAttack"],"picked":"Guardian:EvasiveProtocol","floor":12},{"not_picked":["Guardian:Gem_Lightblue","Guardian:VentSteam"],"picked":"Guardian:ShieldSpikes","floor":14},{"not_picked":["Guardian:Gem_Green","Guardian:ChargeCore"],"picked":"Guardian:Suspension","floor":15}],"player_experience":352155,"relics_obtained":[{"floor":6,"key":"Happy Flower"},{"floor":7,"key":"Potion Belt"},{"floor":10,"key":"Bronze Scales"},{"floor":12,"key":"Mercury Hourglass"},{"floor":14,"key":"bronze:BronzeIdol"}],"event_choices":[],"is_beta":false,"boss_relics":[],"items_purged_floors":[],"is_endless":false,"potions_floor_spawned":[6,10,11],"killed_by":"IC_STATUS_ARCHETYPE","ascension_level":5}}