{"host":"y6zg4wwu39otf01a","time":1613690913,"event":{"mods":["Act Like it!","Aspiration","BaseMod","Better Altar","Better Match","Better Note","Better Sensory Stone","Better Skull","Better Third Choice","Challenge The Spire","Colored Map","Colored Powertips","Conspire","GifTheSpireLib","Glutton Mod","Halation","Hermit","Highlight Path","Hubris","Infinite Spire","Mimic Mod","Minty Spire (QoL Compilation)","Quick Restart","Random Character Button","Rare Cards Sparkle","Reliquary","Replay The Spire","Retaliation","Ruina","Spicy Shops","StSLib","Stuff the Spire","The Blue Laboratory","The Construct","The Jungle"],"gold_per_floor":[112,125,125,142,97,97,372,387,441,453,453,453,484,484,484,484,484],"floor_reached":16,"language":"ENG","playtime":879,"items_purged":[],"score":100,"play_id":"15d5c46a-c052-4278-aec2-370b6ca6055a","local_time":"20210218172833","is_ascension_mode":false,"campfire_choices":[{"data":"Flex","floor":6,"key":"SMITH"},{"data":"Intimidate","floor":11,"key":"SMITH"},{"data":"construct:Versatility","floor":15,"key":"SMITH"}],"circlet_count":0,"master_deck":["construct:Strike_Gold","construct:Strike_Gold","construct:Strike_Gold","construct:Strike_Gold","construct:Strike_Gold","construct:Defend_Gold","construct:Defend_Gold","construct:Defend_Gold","construct:Defend_Gold","construct:Defend_Gold","construct:AttackMode+1","construct:DefenseMode","Intimidate+1","construct:Versatility+1","Replay:Undeath\u0027s Touch","Flex+1","Regret","construct:ModeShift+1","hermit:Enervate","hermit:Headshot"],"relics":["construct:Cogwheel","War Paint","Tiny Chest","infinitespire:PuzzleCube"],"acts_visited":["Exordium"],"potions_floor_usage":[13,13,16],"damage_taken":[{"damage":7,"enemies":"2 Louse","floor":1,"turns":4},{"damage":0,"enemies":"Small Slimes","floor":2,"turns":3},{"damage":0,"enemies":"Cultist","floor":4,"turns":3},{"damage":6,"enemies":"Blue Slaver","floor":8,"turns":5},{"damage":11,"enemies":"3 Louse","floor":10,"turns":3},{"damage":40,"enemies":"3 Sentries","floor":13,"turns":9},{"damage":27,"enemies":"Slime Boss","floor":16,"turns":5}],"seed_played":"-8473561219769191061","potions_obtained":[{"floor":1,"key":"blueLaboratory:SavagePotion"},{"floor":4,"key":"blueLaboratory:BottleOfVodka"},{"floor":13,"key":"blueLaboratory:HorrorPotion"}],"is_trial":false,"path_per_floor":["M","M","?","M","$","R","?","M","T","M","R","?","E","?","R","B"],"character_chosen":"THE_CONSTRUCT_MOD","items_purchased":["Flex"],"campfire_rested":0,"item_purchase_floors":[5],"current_hp_per_floor":[78,78,78,78,78,78,78,72,72,61,61,61,21,26,26,0,0],"gold":484,"neow_bonus":"THREE_CARDS","is_daily":false,"chose_seed":false,"campfire_upgraded":3,"win_rate":0.0,"timestamp":1613690913,"path_taken":["M","M","?","M","$","R","?","?","T","M","R","?","E","?","R","BOSS"],"items_purchased_type":["Card"],"build_version":"2020-12-22","purchased_purges":0,"victory":false,"max_hp_per_floor":[85,85,85,85,85,85,85,85,85,85,85,85,85,85,85,85,85],"card_choices":[{"not_picked":["hermit:Determination","hermit:SprayPray"],"picked":"Intimidate","floor":0},{"not_picked":["DDmod:CallousedSkill","hermit:Spite"],"picked":"construct:Versatility","floor":1},{"not_picked":["Massacre","hermit:Manifest"],"picked":"hermit:ItchyTrigger","floor":2},{"not_picked":["hermit:BodyArmor","construct:ChargeShot"],"picked":"Replay:Undeath\u0027s Touch","floor":4},{"not_picked":["infinitespire:OneForAll","hermit:Combo"],"picked":"construct:ModeShift","floor":8},{"not_picked":["infinitespire:OneForAll","construct:Antimatter"],"picked":"hermit:Enervate","floor":10},{"not_picked":["construct:SyphonStrike","Immolate"],"picked":"hermit:Headshot","floor":13}],"player_experience":915929,"relics_obtained":[{"floor":9,"key":"War Paint"},{"floor":12,"key":"Tiny Chest"},{"floor":13,"key":"infinitespire:PuzzleCube"}],"event_choices":[{"damage_healed":0,"gold_gain":0,"player_choice":"Leave","damage_taken":0,"max_hp_gain":0,"max_hp_loss":0,"event_name":"The Cleric","floor":3,"gold_loss":0},{"damage_healed":0,"gold_gain":275,"player_choice":"Desecrate","damage_taken":0,"max_hp_gain":0,"max_hp_loss":0,"event_name":"Golden Shrine","floor":7,"gold_loss":0,"cards_obtained":["Regret"]},{"cards_removed":["hermit:ItchyTrigger"],"damage_healed":5,"gold_gain":0,"player_choice":"Offered Common","damage_taken":0,"max_hp_gain":0,"max_hp_loss":0,"event_name":"Bonfire Elementals","floor":14,"gold_loss":0},{"cards_removed":["hermit:ItchyTrigger"],"damage_healed":5,"gold_gain":0,"player_choice":"Offered Special","damage_taken":0,"max_hp_gain":0,"max_hp_loss":0,"event_name":"Bonfire Elementals","floor":14,"gold_loss":0}],"is_beta":false,"boss_relics":[],"items_purged_floors":[],"is_endless":false,"potions_floor_spawned":[1,4,13],"killed_by":"Slime Boss","ascension_level":0}}