{"host":"clf2hd4adhiiw0zf","time":1613691164,"event":{"mods":["AchievementEnabler","BaseMod","Beaked The Cultist","Bestiary","Dark Map","Downfall","Gremlin Mod","Hermit","Jorbs\u0027s Wanderer Trilogy","Marisa????????","Minty Spire (QoL Compilation)","Quick Restart","Shop Mod","Spire Arcade","StSLib","The Construct","The Cursed","Wide Potions"],"gold_per_floor":[99,112,132,149,149,149,172,4,4,15,15,34,34,34,34],"floor_reached":13,"language":"ENG","playtime":555,"items_purged":[],"score":94,"play_id":"0a0f5af1-f87f-4760-bfd0-95d9238d321d","local_time":"20210218163244","is_ascension_mode":true,"campfire_choices":[{"floor":1.0,"key":"RECALL"}],"circlet_count":0,"master_deck":["Guardian:Strike_Guardian+1","Guardian:Strike_Guardian","Guardian:Strike_Guardian","Guardian:Strike_Guardian+1","Guardian:Defend_Guardian","Guardian:Defend_Guardian","Guardian:Defend_Guardian+1","Guardian:Defend_Guardian","Guardian:CurlUp","Guardian:TwinSlam","Guardian:Gem_Purple","Guardian:WalkerClaw","Guardian:Reroute","downfall:Malfunctioning","Guardian:Gem_Fragmented","Guardian:Gem_Red","Guardian:Gem_Lightblue","Guardian:Gem_Green","Guardian:Gem_Lightblue","Guardian:Gem_Green","Guardian:PiercingHide","Guardian:StasisStrike"],"relics":["SacredBark","Guardian:PickAxe","Bronze Scales"],"acts_visited":["Exordium"],"potions_floor_usage":[6,8,12,13,13],"damage_taken":[{"damage":10.0,"enemies":"Small Slimes","floor":2.0,"turns":6.0},{"damage":13.0,"enemies":"Jaw Worm","floor":3.0,"turns":7.0},{"damage":2.0,"enemies":"2 Louse","floor":4.0,"turns":3.0},{"damage":3,"enemies":"2 Louse","floor":6,"turns":5},{"damage":10,"enemies":"downfall:FleeingMerchant","floor":8,"turns":4},{"damage":11,"enemies":"Red Slaver","floor":10,"turns":3},{"damage":1,"enemies":"Blue Slaver","floor":12,"turns":4},{"damage":20,"enemies":"Lagavulin","floor":13,"turns":6}],"seed_played":"-8667350940757753435","potions_obtained":[{"floor":3.0,"key":"Guardian:AcceleratePotion"},{"floor":4.0,"key":"Swift Potion"},{"floor":11,"key":"SkillPotion"},{"floor":11,"key":"PowerPotion"},{"floor":11,"key":"Swift Potion"}],"is_trial":false,"path_per_floor":["R","M","M","M","?","?","T","$","?","M","?","M","E"],"character_chosen":"GUARDIAN","items_purchased":["Bronze Scales"],"campfire_rested":0,"item_purchase_floors":[8],"current_hp_per_floor":[80,70,57,55,55,28,28,18,18,7,7,6,0,0,0],"gold":34,"neow_bonus":"BOSS_RELIC","is_daily":false,"chose_seed":false,"campfire_upgraded":0,"win_rate":0.0,"timestamp":1613691164,"path_taken":["R","M","M","M","?","?","T","?","?","M","?","M","E"],"items_purchased_type":["Relic"],"build_version":"2020-12-22","purchased_purges":0,"victory":false,"max_hp_per_floor":[80,80,80,80,80,80,80,80,80,80,80,80,80,80,80],"card_choices":[{"not_picked":["Guardian:TemporalShield","Guardian:Gem_Red"],"picked":"Guardian:Gem_Purple","floor":2.0},{"not_picked":["Guardian:Gem_Lightblue","Guardian:ShieldCharger"],"picked":"Guardian:WalkerClaw","floor":3.0},{"not_picked":["Guardian:Gem_Blue","Guardian:TemporalStrike"],"picked":"Guardian:Reroute","floor":4.0},{"not_picked":["Guardian:Gem_Purple","Guardian:Gem_Red"],"picked":"Guardian:PiercingHide","floor":8},{"not_picked":["Guardian:BronzeArmor","Guardian:ChargeCore","Guardian:Gem_Lightblue"],"picked":"SKIP","floor":10},{"not_picked":["Guardian:Incinerate","Guardian:EvasiveProtocol"],"picked":"Guardian:StasisStrike","floor":12}],"player_experience":351600,"relics_obtained":[{"floor":7,"key":"Potion Belt"}],"event_choices":[],"is_beta":false,"boss_relics":[],"items_purged_floors":[],"is_endless":false,"potions_floor_spawned":[3,4,6],"killed_by":"Lagavulin","ascension_level":5}}