{"host":"4rvakrj1idbgia3f","time":1613678919,"event":{"mods":["BaseMod","Colored Map","Colored Powertips","DeckTracker","Highlight Path","Minty Spire (QoL Compilation)","Random Character Button","StSLib"],"gold_per_floor":[127,127,155,181,20,20,20,20,67,67,91,91,120,120,120,218,218,250,250,259,334,361,361,361,361],"floor_reached":24,"language":"JPN","playtime":1413,"items_purged":[],"score":368,"play_id":"b2380ac5-aae8-4864-854c-4f70326491e5","local_time":"20210219050839","is_ascension_mode":true,"campfire_choices":[{"data":"Zap","floor":6.0,"key":"SMITH"},{"data":"Hologram","floor":8.0,"key":"SMITH"},{"data":"Cold Snap","floor":10.0,"key":"SMITH"},{"data":"Coolheaded","floor":12.0,"key":"SMITH"},{"data":"Barrage","floor":15.0,"key":"SMITH"},{"data":"Recycle","floor":23,"key":"SMITH"}],"circlet_count":0,"master_deck":["AscendersBane","Strike_B","Strike_B","Strike_B","Strike_B","Defend_B","Defend_B","Defend_B","Defend_B","Zap+1","Dualcast","Darkness+1","Cold Snap+1","Hologram+1","Coolheaded+1","Barrage+1","Core Surge","Coolheaded+1","Recycle+1","Stack"],"relics":["Cracked Core","CeramicFish","OrangePellets","Tiny Chest","Golden Idol","Coffee Dripper","Shuriken"],"acts_visited":["Exordium","TheCity"],"potions_floor_usage":[],"damage_taken":[{"damage":12.0,"enemies":"Jaw Worm","floor":1.0,"turns":4.0},{"damage":1.0,"enemies":"2 Louse","floor":3.0,"turns":3.0},{"damage":0.0,"enemies":"Cultist","floor":4.0,"turns":3.0},{"damage":2.0,"enemies":"Large Slime","floor":11.0,"turns":5.0},{"damage":0.0,"enemies":"Looter","floor":13.0,"turns":4.0},{"damage":35,"enemies":"Hexaghost","floor":16,"turns":9},{"damage":0,"enemies":"Spheric Guardian","floor":18,"turns":3},{"damage":6,"enemies":"Chosen","floor":22,"turns":4},{"damage":0,"enemies":"Gremlin Leader","floor":24,"turns":1}],"seed_played":"6114599202420774896","potions_obtained":[{"floor":1.0,"key":"BlessingOfTheForge"},{"floor":4.0,"key":"CultistPotion"},{"floor":16,"key":"Regen Potion"}],"is_trial":false,"path_per_floor":["M","?","M","M","$","R","?","R","T","R","M","R","M","?","R","B",null,"M","?","?","T","M","R","E"],"character_chosen":"DEFECT","items_purchased":["OrangePellets"],"campfire_rested":0,"item_purchase_floors":[5],"current_hp_per_floor":[52,52,51,51,51,51,56,56,56,56,54,54,54,54,54,19,57,57,57,57,57,51,51,51,51],"gold":361,"neow_bonus":"RANDOM_COMMON_RELIC","is_daily":false,"chose_seed":false,"campfire_upgraded":6,"win_rate":0.0,"timestamp":1613678919,"path_taken":["M","?","M","M","$","R","?","R","T","R","M","R","M","?","R","BOSS","M","?","?","?","M","R","E"],"items_purchased_type":["Relic"],"build_version":"2020-12-22","purchased_purges":0,"victory":false,"max_hp_per_floor":[71,71,71,71,71,71,76,76,76,76,76,76,76,69,69,69,69,69,69,69,69,69,69,69,69],"card_choices":[{"not_picked":["Scrape","Blizzard"],"picked":"Darkness","floor":1.0},{"not_picked":["Beam Cell","Go for the Eyes"],"picked":"Cold Snap","floor":3.0},{"not_picked":["Compile Driver","Amplify"],"picked":"Hologram","floor":4.0},{"not_picked":["Barrage","Chaos"],"picked":"Coolheaded","floor":11.0},{"not_picked":["Darkness","Conserve Battery"],"picked":"Barrage","floor":13.0},{"not_picked":["Machine Learning","Reboot"],"picked":"Core Surge","floor":16},{"not_picked":["Consume","Ball Lightning"],"picked":"Coolheaded+1","floor":18},{"not_picked":["Rebound","Streamline"],"picked":"Stack","floor":22}],"player_experience":2406403,"relics_obtained":[{"floor":9.0,"key":"Tiny Chest"},{"floor":21,"key":"Shuriken"}],"event_choices":[{"damage_healed":0.0,"max_hp_gain":0.0,"max_hp_loss":0.0,"gold_gain":0.0,"event_name":"Living Wall","player_choice":"Grow","floor":2.0,"gold_loss":0.0,"damage_taken":0.0,"cards_upgraded":["Darkness"]},{"damage_healed":0.0,"max_hp_gain":5.0,"max_hp_loss":0.0,"gold_gain":0.0,"event_name":"Big Fish","player_choice":"Donut","floor":7.0,"gold_loss":0.0,"damage_taken":0.0},{"damage_healed":0.0,"max_hp_gain":0.0,"max_hp_loss":7.0,"gold_gain":0.0,"event_name":"Golden Idol","player_choice":"Lose Max HP","floor":14.0,"gold_loss":0.0,"damage_taken":0.0,"relics_obtained":["Golden Idol"]},{"damage_healed":0,"gold_gain":0,"player_choice":"Ignored","damage_taken":0,"max_hp_gain":0,"max_hp_loss":0,"event_name":"Vampires","floor":19,"gold_loss":0},{"damage_healed":0,"gold_gain":0,"player_choice":"1 cards matched","damage_taken":0,"max_hp_gain":0,"max_hp_loss":0,"event_name":"Match and Keep!","floor":20,"gold_loss":0,"cards_obtained":["Recycle"]}],"is_beta":false,"boss_relics":[{"not_picked":["Philosopher\u0027s Stone","Black Star"],"picked":"Coffee Dripper"}],"items_purged_floors":[],"is_endless":false,"potions_floor_spawned":[1,4,16,18,22],"killed_by":"Gremlin Leader","ascension_level":20}}