{"host":"2ty4h143nj8vwezc","time":1613618639,"event":{"mods":["BaseMod","Colored Map","Googly Eyes","Highlight Path","Minty Spire (QoL Compilation)","Quick Restart","StSLib"],"gold_per_floor":[109,109,284,302,313,313,61,87,111,111,145,145,179,189,189,265,265,285,285,285,299,319,319,319],"floor_reached":23,"language":"ENG","playtime":998,"items_purged":[],"score":345,"play_id":"051632ed-b40b-48c6-bd89-2e322da2591c","local_time":"20210217222359","is_ascension_mode":true,"campfire_choices":[{"data":"Storm","floor":6.0,"key":"SMITH"},{"floor":10.0,"key":"REST"},{"floor":15.0,"key":"REST"}],"circlet_count":0,"master_deck":["AscendersBane","Strike_B","Strike_B","Strike_B","Strike_B","Defend_B","Defend_B","Defend_B","Defend_B","Zap","Dualcast","Storm+1","Doubt","Steam","Conserve Battery","Storm","Apotheosis","Steam","Thunder Strike","Storm","Defragment","Leap","Capacitor","Hello World","Leap"],"relics":["Cracked Core","NeowsBlessing","Boot","Lantern","Bag of Preparation","MealTicket","Nuclear Battery"],"acts_visited":["Exordium","TheCity"],"potions_floor_usage":[],"damage_taken":[{"damage":0.0,"enemies":"Small Slimes","floor":1.0,"turns":1.0},{"damage":0.0,"enemies":"2 Louse","floor":4.0,"turns":1.0},{"damage":0.0,"enemies":"Jaw Worm","floor":5.0,"turns":1.0},{"damage":34.0,"enemies":"3 Sentries","floor":8.0,"turns":9.0},{"damage":24.0,"enemies":"Lagavulin","floor":11.0,"turns":6.0},{"damage":27.0,"enemies":"3 Sentries","floor":13.0,"turns":7.0},{"damage":8.0,"enemies":"Blue Slaver","floor":14.0,"turns":3.0},{"damage":20.0,"enemies":"Hexaghost","floor":16.0,"turns":6.0},{"damage":7.0,"enemies":"Chosen","floor":18.0,"turns":4.0},{"damage":21.0,"enemies":"3 Byrds","floor":21.0,"turns":4.0},{"damage":11.0,"enemies":"Centurion and Healer","floor":22.0,"turns":4.0},{"damage":23,"enemies":"Book of Stabbing","floor":23,"turns":4}],"seed_played":"-3596558468738353705","potions_obtained":[{"floor":4.0,"key":"SkillPotion"},{"floor":8.0,"key":"SkillPotion"},{"floor":11.0,"key":"FocusPotion"},{"floor":13.0,"key":"LiquidBronze"}],"is_trial":false,"path_per_floor":["M","?","?","M","M","R","$","E","T","R","E","?","E","M","R","B",null,"M","?","?","M","M","E"],"character_chosen":"DEFECT","items_purchased":["Storm","Apotheosis"],"campfire_rested":2,"item_purchase_floors":[7,7],"current_hp_per_floor":[68,68,68,68,68,68,68,34,34,56,32,57,30,22,44,24,62,55,55,55,34,23,0,0],"gold":319,"neow_bonus":"THREE_ENEMY_KILL","is_daily":false,"chose_seed":false,"campfire_upgraded":1,"win_rate":0.0,"timestamp":1613618639,"path_taken":["M","?","?","?","M","R","$","E","T","R","E","?","E","M","R","BOSS","M","?","?","M","M","E"],"items_purchased_type":["Card","Card"],"build_version":"2020-12-22","purchased_purges":0,"victory":false,"max_hp_per_floor":[75,75,75,75,75,75,75,75,75,75,75,75,75,75,75,75,75,75,75,75,75,75,75,75],"card_choices":[{"not_picked":["Hologram","Loop"],"picked":"Storm","floor":1.0},{"not_picked":["Gash","Rebound"],"picked":"Steam","floor":4.0},{"not_picked":["Aggregate","Meteor Strike"],"picked":"Conserve Battery","floor":5.0},{"not_picked":["Steam Power","Compile Driver"],"picked":"Steam","floor":8.0},{"not_picked":["Gash","Steam"],"picked":"Thunder Strike","floor":11.0},{"not_picked":["Go for the Eyes","Loop"],"picked":"Storm","floor":13.0},{"not_picked":["Genetic Algorithm","Skim"],"picked":"Defragment","floor":14.0},{"not_picked":["Compile Driver+1","Tempest"],"picked":"Leap","floor":18.0},{"not_picked":["Leap+1","Sweeping Beam"],"picked":"Hello World","floor":21.0},{"not_picked":["Barrage+1","Steam"],"picked":"Leap","floor":22.0}],"player_experience":441193,"relics_obtained":[{"floor":8.0,"key":"Boot"},{"floor":9.0,"key":"Lantern"},{"floor":11.0,"key":"Bag of Preparation"},{"floor":13.0,"key":"MealTicket"}],"event_choices":[{"damage_healed":0.0,"max_hp_gain":0.0,"max_hp_loss":0.0,"gold_gain":0.0,"event_name":"Shining Light","player_choice":"Ignored","floor":2.0,"gold_loss":0.0,"damage_taken":0.0},{"damage_healed":0.0,"max_hp_gain":0.0,"max_hp_loss":0.0,"gold_gain":175.0,"event_name":"Liars Game","player_choice":"AGREE","floor":3.0,"gold_loss":0.0,"damage_taken":0.0,"cards_obtained":["Doubt"]},{"damage_healed":25.0,"max_hp_gain":0.0,"max_hp_loss":0.0,"gold_gain":0.0,"event_name":"Big Fish","player_choice":"Banana","floor":12.0,"gold_loss":0.0,"damage_taken":0.0},{"damage_healed":0.0,"max_hp_gain":0.0,"max_hp_loss":0.0,"gold_gain":0.0,"event_name":"Vampires","player_choice":"Ignored","floor":19.0,"gold_loss":0.0,"damage_taken":0.0},{"damage_healed":0.0,"max_hp_gain":0.0,"max_hp_loss":0.0,"gold_gain":0.0,"event_name":"The Library","player_choice":"Read","floor":20.0,"gold_loss":0.0,"damage_taken":0.0,"cards_obtained":["Capacitor"]}],"is_beta":false,"boss_relics":[{"not_picked":["Snecko Eye","Fusion Hammer"],"picked":"Nuclear Battery"}],"items_purged_floors":[],"is_endless":false,"potions_floor_spawned":[4,8,11,13],"killed_by":"Book of Stabbing","ascension_level":13}}