{"host":"g1wmg2w41xhsnw8g","time":1613609884,"event":{"mods":["100% Spire Juice","2.2 Compatiblity","Act Like it!","Aspiration","BaseMod","Better Altar","Better Match","Better Note","Better Sensory Stone","Better Skull","Better Third Choice","BetterRewards","Booster Modes","CapriCore","Colored Map","Colored Powertips","Defuse TimeMaze Blight","Displayed Cursed Tome","Evolution","Extra Virgin Snecko Oil","Fox Events","Friendly Minions","GifTheSpireLib","Good Game Mod","Googly Eyes","Hubris","Infinite Spire","Jedi Mod","Minty Spire (QoL Compilation)","Red Circlet Mod","Relic Filter Mod","Relic Sorter","Reliquary","Ruina","SCP261 Mod","Shop Mod","Smile Girya","Spicy Shops","Spikes Relics","StSLib","Strawberry Spire","The Blackbeard","The Hayseed","The Sage","Trackpad","Transform Curses","Wandering Minibosses","????"],"gold_per_floor":[114,114,114,94,93,93,124,135,135,163,175,22,38,57,57,159,159,174,224,224,224,98,98,98],"floor_reached":23,"language":"ENG","playtime":1481,"items_purged":[],"score":313,"play_id":"0d15e77b-5c5e-4ebf-8838-2f3d4411000a","local_time":"20210217195803","daily_mods":["SealedDeck","Specialized","Heirloom","Elite Swarm"],"is_ascension_mode":true,"campfire_choices":[{"data":"blackbeard:BrownPants","floor":6,"key":"SMITH"},{"data":"Moonworks:NicePresent","floor":15,"key":"SMITH"}],"circlet_count":0,"master_deck":["Moonworks:Blazing","Moonworks:Blazing","Moonworks:Blazing","Moonworks:Blazing","Moonworks:Blazing","blackbeard:Upgrade","blackbeard:Rum","blackbeard:WiseDefense","blackbeard:Fencing","blackbeard:CloakAndCannonball","blackbeard:PiratesWill","Moonworks:RedAndBlue","blackbeard:RearmingStrike+1","blackbeard:Anchor","blackbeard:BrownPants+1","blackbeard:Sword","blackbeard:Shrapnel+1","Sanctity","blackbeard:Salvager","Moonworks:IndiscriminateFireSupport+1","blackbeard:Salvager","Moonworks:NicePresent+1","hubris:NaturalOne","blackbeard:Parrot","blackbeard:Dagger","infinitespire:UltimateForm","infinitespire:TheBestDefense","blackbeard:FieryDefense+1","ruina:FadedMemories","blackbeard:PiratesWill"],"relics":["Moonworks:BrokenBomb","Moonworks:Homemark","EVO:Axolotl","REME:ComplimentaryCards","CrustySpines","hubris:Towel","hubris:Icosahedron","Whetstone","Ornamental Fan","aspiration:FrozenJewel","jedi:fakemustache","Black Star","hubris:TinFlute","Tiny House","reliquary:RosewoodLute"],"acts_visited":["Exordium","Exordium"],"potions_floor_usage":[5,10,10,16,18],"damage_taken":[{"damage":7,"enemies":"Jaw Worm","floor":1,"turns":4},{"damage":0,"enemies":"Small Slimes","floor":5,"turns":3},{"damage":16,"enemies":"strawberrySpire:EnergyPylons","floor":7,"turns":5},{"damage":0,"enemies":"Cultist","floor":8,"turns":5},{"damage":0,"enemies":"Lagavulin","floor":10,"turns":8},{"damage":0,"enemies":"Red Slaver","floor":11,"turns":4},{"damage":3,"enemies":"Gremlin Gang","floor":13,"turns":6},{"damage":0,"enemies":"Exordium Thugs","floor":14,"turns":7},{"damage":0,"enemies":"The Guardian","floor":16,"turns":8},{"damage":10,"enemies":"ruina:3_Bats","floor":18,"turns":5},{"damage":50,"enemies":"ruina:Mountain","floor":23,"turns":4}],"seed_played":"-5175544808413202594","potions_obtained":[{"floor":1,"key":"Explosive Potion"},{"floor":8,"key":"Block Potion"},{"floor":14,"key":"TheSimpletonMod:KindlingPotion"},{"floor":16,"key":"AttackPotion"},{"floor":19,"key":"SteroidPotion"}],"is_trial":true,"path_per_floor":["M","?","?","?","M","R","E","M","T","E","M","$","M","M","R","B",null,"M","AVR","?","?","?","E"],"character_chosen":"THE_STARBREAKER","items_purchased":["jedi:fakemustache"],"campfire_rested":0,"item_purchase_floors":[12],"current_hp_per_floor":[61,61,61,61,61,61,45,45,45,45,45,55,52,52,52,52,68,58,63,63,63,43,0,0],"gold":98,"neow_bonus":"","is_daily":false,"chose_seed":false,"campfire_upgraded":2,"win_rate":0.0,"timestamp":1613609883,"path_taken":["M","?","?","?","?","R","E","?","T","E","?","?","M","M","R","BOSS","M","AVR","?","?","?","E"],"items_purchased_type":["Relic"],"build_version":"2020-12-22","purchased_purges":0,"victory":false,"max_hp_per_floor":[68,68,68,68,68,68,68,68,68,68,68,68,68,68,68,68,68,68,73,68,68,68,68,68],"card_choices":[{"not_picked":["blackbeard:CloakAndCannonball","blackbeard:DeadlyArsenal"],"picked":"blackbeard:Sword","floor":1},{"not_picked":["blackbeard:ChaoticDefense","blackbeard:Sword"],"picked":"blackbeard:Shrapnel","floor":5},{"not_picked":["Moonworks:SubspaceTunnel","Moonworks:AnotherUltimateWeapon"],"picked":"blackbeard:Salvager","floor":7},{"not_picked":["Moonworks:BigMagnum","blackbeard:CaptainsCabin"],"picked":"Moonworks:IndiscriminateFireSupport","floor":8},{"not_picked":["Moonworks:MetallicMonocoque","blackbeard:Intoxication"],"picked":"blackbeard:Salvager","floor":10},{"not_picked":["Moonworks:RagingMadness","blackbeard:WiseDefense","Moonworks:BigMagnum"],"picked":"SKIP","floor":11},{"not_picked":["blackbeard:CloakAndCannonball","Moonworks:ImOnFire"],"picked":"Moonworks:NicePresent","floor":13},{"not_picked":["Moonworks:ImOnFire","blackbeard:WiseDefense","Moonworks:BigMagnum"],"picked":"SKIP","floor":14},{"not_picked":["blackbeard:PirateStrength","Moonworks:PlushieMaster"],"picked":"blackbeard:Parrot","floor":16},{"not_picked":["blackbeard:Spear","Moonworks:DeployBits+1"],"picked":"blackbeard:Dagger","floor":18},{"not_picked":["Moonworks:MixPhenomenon+1","blackbeard:Fencing"],"picked":"blackbeard:FieryDefense+1","floor":19},{"not_picked":["ruina:SwordSharpened","ruina:Harvest"],"picked":"ruina:FadedMemories","floor":20}],"player_experience":1420211,"relics_obtained":[{"floor":7,"key":"Whetstone"},{"floor":9,"key":"Ornamental Fan"},{"floor":10,"key":"aspiration:FrozenJewel"}],"event_choices":[{"damage_healed":0,"gold_gain":100,"player_choice":"Gold","damage_taken":0,"max_hp_gain":0,"max_hp_loss":0,"event_name":"Wheel of Change","floor":4,"gold_loss":0},{"damage_healed":0,"gold_gain":114,"player_choice":"RE GO ","damage_taken":23,"relics_obtained":["reliquary:RosewoodLute"],"max_hp_gain":0,"max_hp_loss":0,"event_name":"betterSkull:BetterSkull","floor":22,"gold_loss":0,"cards_upgraded":[]}],"is_beta":false,"boss_relics":[{"not_picked":["infinitespire:Cupcake","Astrolabe"],"picked":"Black Star"}],"items_purged_floors":[],"is_endless":false,"potions_floor_spawned":[1,8,14,16],"killed_by":"ruina:Mountain","ascension_level":1}}