{"host":"Varadho","time":1613682771,"event":{"mods":["BaseMod","Colored Map","Colored Powertips","Downfall","Googly Eyes","Minty Spire (QoL Compilation)","Quick Restart","Replay The Spire","StSLib","everything is the same but u backflip on backflip","slay the spire mod where everything is the same but ironclad has a cowboy hat"],"gold_per_floor":[204,223,237,337,356,7,7,7,40,40,54,89,89,189,206,305,305,305,323,323,335,47,56,56,201,221,270,270,350,350,384,451,451,451,451],"floor_reached":33,"language":"ENG","playtime":6758,"items_purged":[],"score":387,"play_id":"f23c0b4d-f8ca-4b7d-b574-a38dd7ed40c9","local_time":"20210218221251","is_ascension_mode":true,"campfire_choices":[{"data":"expansioncontent:QuickStudy","floor":8.0,"key":"SMITH"},{"data":"sneckomod:RainOfDice","floor":13.0,"key":"SMITH"},{"floor":28.0,"key":"REST"},{"floor":30.0,"key":"RECALL"}],"circlet_count":0,"master_deck":["sneckomod:Defend","sneckomod:TailWhip","sneckomod:SnekBite","sneckomod:Unknown+1","sneckomod:Unknown+1","sneckomod:UnknownColorless","sneckomod:UnknownUncommonPower","sneckomod:RainOfDice+1","sneckomod:Unknown0Cost","sneckomod:DiceCrush","expansioncontent:QuickStudy+1","expansioncontent:QuickStudy+1","sneckomod:SoulCleanse","sneckomod:UnknownDraw","sneckomod:Nope","sneckomod:WideSting","sneckomod:UnknownStrength","sneckomod:DiceCrush","sneckomod:UnknownRarePower","sneckomod:MasterEye","sneckomod:UnknownDexterity+1","sneckomod:UnknownClassGUARDIAN+1","sneckomod:WideSting+1","expansioncontent:DashGenerateEvil","Delirium","sneckomod:UnknownUncommonSkill","sneckomod:SerpentIdol","J.A.X.","Guardian:Gem_Red","sneckomod:SerpentIdol","sneckomod:PureSnecko+1","sneckomod:UnknownUncommonSkill+1","sneckomod:Memorize","sneckomod:WideSting+1"],"relics":["Tiny House","DollysMirror","Gambling Chip","Gremlin Horn","PreservedInsect","Fusion Hammer","downfall:KnowingSkull","Membership Card","CeramicFish","Ring of Fangs","Ring of Peace","Counterbalance","MutagenicStrength","Calipers","Divine Protection"],"acts_visited":["Exordium","TheCity"],"potions_floor_usage":[33],"damage_taken":[{"damage":7.0,"enemies":"2 Louse","floor":2.0,"turns":4.0},{"damage":0.0,"enemies":"Small Slimes","floor":3.0,"turns":1.0},{"damage":1.0,"enemies":"Cultist","floor":5.0,"turns":3.0},{"damage":10.0,"enemies":"downfall:FleeingMerchant","floor":6.0,"turns":4.0},{"damage":0.0,"enemies":"Lagavulin","floor":9.0,"turns":4.0},{"damage":8.0,"enemies":"Large Slime","floor":11.0,"turns":3.0},{"damage":9.0,"enemies":"Replay:BlueRogue","floor":12.0,"turns":4.0},{"damage":1.0,"enemies":"downfall:Heads","floor":14.0,"turns":5.0},{"damage":1.0,"enemies":"Exordium Wildlife","floor":15.0,"turns":2.0},{"damage":23.0,"enemies":"WA_ARCHETYPE_RETAIN","floor":16.0,"turns":4.0},{"damage":10.0,"enemies":"Chosen","floor":19.0,"turns":3.0},{"damage":0.0,"enemies":"downfall:LooterAlt2","floor":21.0,"turns":3.0},{"damage":3.0,"enemies":"downfall:FleeingMerchant","floor":22.0,"turns":4.0},{"damage":9.0,"enemies":"downfall:Augmenter","floor":25.0,"turns":4.0},{"damage":0.0,"enemies":"Chosen and Byrds","floor":26.0,"turns":5.0},{"damage":16.0,"enemies":"Cultist and Chosen","floor":27.0,"turns":6.0},{"damage":0.0,"enemies":"Gremlin Leader","floor":29.0,"turns":4.0},{"damage":11.0,"enemies":"Book of Stabbing","floor":31.0,"turns":3.0},{"damage":20.0,"enemies":"Centurion and Healer","floor":32.0,"turns":4.0},{"damage":66,"enemies":"DF_ARCHETYPE_CLAW","floor":33,"turns":6}],"seed_played":"7887332979009387589","potions_obtained":[{"floor":0.0,"key":"AttackPotion"},{"floor":2.0,"key":"AttackPotion"},{"floor":9.0,"key":"Dexterity Potion"},{"floor":11.0,"key":"Death Potion"},{"floor":14.0,"key":"champ:CounterPotion"},{"floor":15.0,"key":"champ:CounterPotion"},{"floor":19.0,"key":"Doom Potion"},{"floor":25.0,"key":"SkillPotion"},{"floor":29.0,"key":"Venom Potion"}],"is_trial":false,"path_per_floor":["R_BF","M","M","?","M","$","T","R","E","?","M","E","R","?","M","B",null,"R_BF","M","?","M","$","?","T","?","M","M","R","E","R","E","M","B"],"character_chosen":"THE_SNECKO","items_purchased":["expansioncontent:QuickStudy","DollysMirror","Membership Card","CeramicFish","expansioncontent:DashGenerateEvil"],"campfire_rested":1,"item_purchase_floors":[6,6,22,22,22],"current_hp_per_floor":[95,88,88,88,87,77,77,77,77,77,69,60,60,59,65,42,95,95,85,78,85,82,82,82,73,73,61,89,89,89,78,58,0,0,0],"gold":451,"neow_bonus":"BOSS_RELIC","is_daily":false,"chose_seed":false,"campfire_upgraded":2,"win_rate":0.0,"timestamp":1613682771,"path_taken":["R_BF","M","M","?","M","$","T","R","E","?","?","E","R","?","M","BOSS","R_BF","M","?","M","?","?","T","?","M","M","R","E","R","E","M","BOSS"],"items_purchased_type":["Card","Relic","Relic","Relic","Card"],"build_version":"2020-12-18","purchased_purges":0,"victory":false,"max_hp_per_floor":[95,95,95,95,95,95,95,95,95,95,95,95,95,95,95,95,95,95,95,95,95,95,95,95,95,95,95,95,95,95,95,95,95,95,95],"card_choices":[{"not_picked":["sneckomod:TrashToTreasure","sneckomod:Unknown1Cost"],"picked":"sneckomod:UnknownColorless","floor":0.0},{"not_picked":["sneckomod:QuickMove","sneckomod:IronFang"],"picked":"sneckomod:UnknownUncommonPower","floor":2.0},{"not_picked":["sneckomod:QuickMove","sneckomod:DefensiveFlair"],"picked":"sneckomod:RainOfDice","floor":3.0},{"not_picked":["sneckomod:UnknownCommonAttack","sneckomod:Unknown1Cost"],"picked":"sneckomod:Unknown0Cost","floor":5.0},{"not_picked":["sneckomod:IronFang","sneckomod:SnekBeam"],"picked":"sneckomod:DiceCrush","floor":6.0},{"not_picked":["sneckomod:UnknownX","sneckomod:UnknownCommonAttack"],"picked":"sneckomod:SoulCleanse","floor":9.0},{"not_picked":["sneckomod:DefensiveFlair","sneckomod:RainOfDice"],"picked":"sneckomod:UnknownDraw","floor":11.0},{"not_picked":["sneckomod:Unknown0Cost","sneckomod:MasterEye"],"picked":"sneckomod:Nope","floor":12.0},{"not_picked":["sneckomod:UnknownUncommonPower","sneckomod:TrashToTreasure"],"picked":"sneckomod:WideSting","floor":14.0},{"not_picked":["sneckomod:SoulRoll","sneckomod:IronFang"],"picked":"sneckomod:DiceCrush","floor":15.0},{"not_picked":["sneckomod:Cheat","sneckomod:UnlimitedRolls"],"picked":"sneckomod:UnknownRarePower","floor":16.0},{"not_picked":["sneckomod:UnknownCommonSkill","sneckomod:UnknownCommonAttack"],"picked":"sneckomod:UnknownDexterity+1","floor":19.0},{"not_picked":["sneckomod:DiceBlock+1","sneckomod:SoulDraw"],"picked":"sneckomod:UnknownClassGUARDIAN+1","floor":21.0},{"not_picked":["sneckomod:RainOfDice","sneckomod:DangerNoodle"],"picked":"sneckomod:WideSting+1","floor":22.0},{"not_picked":[],"picked":"J.A.X.","floor":25.0},{"not_picked":["Guardian:Gem_Lightblue","Guardian:Gem_Green"],"picked":"Guardian:Gem_Red","floor":25.0},{"not_picked":["sneckomod:UnknownClassPURPLE","sneckomod:UnknownUncommonAttack"],"picked":"sneckomod:SerpentIdol","floor":25.0},{"not_picked":["sneckomod:UnknownDraw","sneckomod:SoulRoll","sneckomod:UnknownCommonSkill+1"],"picked":"SKIP","floor":26.0},{"not_picked":["sneckomod:UnknownDexterity","sneckomod:UnknownCommonSkill"],"picked":"sneckomod:PureSnecko+1","floor":27.0},{"not_picked":["sneckomod:IronFang","sneckomod:MorePower"],"picked":"sneckomod:UnknownUncommonSkill+1","floor":29.0},{"not_picked":["sneckomod:UnknownWeak","sneckomod:Cheat"],"picked":"sneckomod:Memorize","floor":31.0},{"not_picked":["sneckomod:Nope+1","sneckomod:UnknownWeak"],"picked":"sneckomod:WideSting+1","floor":32.0}],"player_experience":632377,"relics_obtained":[{"floor":7.0,"key":"Gambling Chip"},{"floor":9.0,"key":"Gremlin Horn"},{"floor":12.0,"key":"PreservedInsect"},{"floor":23.0,"key":"Ring of Fangs"},{"floor":23.0,"key":"Ring of Peace"},{"floor":24.0,"key":"Counterbalance"},{"floor":25.0,"key":"MutagenicStrength"},{"floor":29.0,"key":"Calipers"},{"floor":31.0,"key":"Divine Protection"}],"event_choices":[{"damage_healed":0.0,"max_hp_gain":0.0,"max_hp_loss":0.0,"gold_gain":0.0,"event_name":"Accursed Blacksmith","player_choice":"Forge","floor":10.0,"gold_loss":0.0,"damage_taken":0.0,"cards_upgraded":["expansioncontent:QuickStudy"]}],"is_beta":true,"boss_relics":[{"not_picked":["Pandora\u0027s Box","Black Star"],"picked":"Fusion Hammer"}],"items_purged_floors":[],"is_endless":false,"potions_floor_spawned":[2,9,11,14,15,19,25,29],"killed_by":"DF_ARCHETYPE_CLAW","ascension_level":1}}