{"host":"7ue15d6wz1o7m0ar","time":1613672847,"event":{"mods":["BaseMod","Hermit","Minty Spire (QoL Compilation)","Replay The Spire","StSLib"],"gold_per_floor":[109,33,33,33,51,78,78,95,120,138,138,169,53,2,2,97,197,207,208,221,221,238,238,267,267,313,313,73,73,23,33,33,131,131,141,154,154,154],"floor_reached":37,"language":"ENG","playtime":2881,"items_purged":["Defend_G","Languid"],"score":415,"play_id":"2f454912-adf2-451f-a9a0-7739198a4590","local_time":"20210218122727","is_ascension_mode":true,"campfire_choices":[{"data":"Cloak And Dagger","floor":7.0,"key":"SMITH"},{"floor":11.0,"key":"REST"},{"data":"Acrobatics","floor":15.0,"key":"SMITH"},{"data":"Night Terror","floor":23,"key":"SMITH"},{"floor":25,"key":"REST"},{"data":"Backstab","floor":27,"key":"SMITH"},{"data":"Replay:Bag of Tricks","floor":32,"key":"SMITH"}],"circlet_count":0,"master_deck":["Strike_G","Strike_G","Strike_G","Strike_G+1","Strike_G+1","Defend_G","Defend_G","Defend_G","Defend_G","Survivor","Neutralize","Masterful Stab+1","Masterful Stab","Cloak And Dagger+1","Bouncing Flask","Acrobatics+1","Slice","Flying Knee","Accuracy+1","Backstab+1","Prepared","Prepared","Night Terror+1","Hidden Blade+1","Noxious Fumes+1","Endless Agony","Infinite Blades+1","ReplayTheSpireMod:Scrap Shanks","Replay:Bag of Tricks+1","Flash of Steel+1","Shame","ReplayTheSpireMod:Scrap Shanks+1","After Image","ReplayTheSpireMod:Shiv Toss+1"],"relics":["WristBlade","Blue Doll","Snake Skull","Eternal Feather","Replay:Wanted Poster","ReplayTheSpireMod:CursedCoin","Nunchaku","Juzu Bracelet","Pet Ghost","Black Star"],"acts_visited":["Exordium","TheCity","TheBeyond"],"potions_floor_usage":[20,36,36,37],"damage_taken":[{"damage":0.0,"enemies":"2 Louse","floor":1.0,"turns":5.0},{"damage":0.0,"enemies":"Jaw Worm","floor":5.0,"turns":3.0},{"damage":27.0,"enemies":"3 Sentries","floor":6.0,"turns":9.0},{"damage":0.0,"enemies":"Cultist","floor":8.0,"turns":2.0},{"damage":4.0,"enemies":"Blue Slaver","floor":10.0,"turns":2.0},{"damage":15.0,"enemies":"Lagavulin","floor":12.0,"turns":4.0},{"damage":14.0,"enemies":"Hexaghost","floor":16.0,"turns":6.0},{"damage":15,"enemies":"3 Byrds","floor":18,"turns":6},{"damage":11,"enemies":"Shell Parasite","floor":20,"turns":3},{"damage":14,"enemies":"3 Cultists","floor":22,"turns":5},{"damage":27,"enemies":"Replay:Snechameleon","floor":24,"turns":4},{"damage":34,"enemies":"Centurion and Healer","floor":31,"turns":4},{"damage":8,"enemies":"Champ","floor":33,"turns":6},{"damage":29,"enemies":"3 Darklings","floor":35,"turns":4},{"damage":27,"enemies":"3 Shapes","floor":36,"turns":3},{"damage":15,"enemies":"Sphere and 2 Shapes","floor":37,"turns":3}],"seed_played":"-6629664799474846482","potions_obtained":[{"floor":1.0,"key":"ColorlessPotion"},{"floor":5.0,"key":"SkillPotion"},{"floor":12.0,"key":"Reflective Coating"},{"floor":16.0,"key":"Energy Potion"},{"floor":31,"key":"Reflective Coating"},{"floor":33,"key":"Explosive Potion"}],"is_trial":false,"path_per_floor":["M","$","?","?","M","E","R","M","T","M","R","E","$","$","R","B",null,"M","$","M","?","M","R","E","R","T","R","$","?","$","M","R","B",null,"M","M","M"],"character_chosen":"THE_SILENT","items_purchased":["Masterful Stab","Accuracy+1","Backstab","Prepared","Noxious Fumes+1","ReplayTheSpireMod:CursedCoin","ReplayTheSpireMod:Scrap Shanks","Replay:Bag of Tricks","Flash of Steel+1","ReplayTheSpireMod:Scrap Shanks+1"],"campfire_rested":2,"item_purchase_floors":[2,13,14,14,19,19,28,28,28,30],"current_hp_per_floor":[70,70,70,56,56,29,29,29,29,25,46,31,31,31,43,29,70,55,55,44,44,30,45,18,54,54,69,69,69,69,35,53,45,70,41,14,0,0],"gold":154,"neow_bonus":"BOSS_RELIC","is_daily":false,"chose_seed":false,"campfire_upgraded":5,"win_rate":0.0,"timestamp":1613672847,"path_taken":["M","$","?","?","M","E","R","M","T","M","R","E","?","$","R","BOSS","M","$","M","?","M","R","E","R","T","R","$","?","$","M","R","BOSS","M","M","M"],"items_purchased_type":["Card","Card","Card","Card","Card","Relic","Card","Card","Card","Card"],"build_version":"2020-12-22","purchased_purges":2,"victory":false,"max_hp_per_floor":[70,70,70,70,70,70,70,70,70,70,70,70,70,70,70,70,70,70,70,70,70,70,70,70,70,70,70,70,70,70,70,70,70,70,70,70,70,70],"card_choices":[{"not_picked":["Draining Mist","Choke"],"picked":"Masterful Stab","floor":1.0},{"not_picked":["Leg Sweep","Underhanded Strike"],"picked":"Cloak And Dagger","floor":5.0},{"not_picked":["Deflect","Eviscerate"],"picked":"Bouncing Flask","floor":6.0},{"not_picked":["Prepared","Quick Slash"],"picked":"Acrobatics","floor":8.0},{"not_picked":["Fluid Movement","Deadly Poison"],"picked":"Slice","floor":10.0},{"not_picked":["Dodge and Roll","Expertise"],"picked":"Flying Knee","floor":12.0},{"not_picked":["Poison Darts","A Thousand Cuts"],"picked":"Night Terror","floor":16.0},{"not_picked":["ReplayTheSpireMod:Speed Training","Catalyst"],"picked":"Hidden Blade+1","floor":18},{"not_picked":["ReplayTheSpireMod:Tripwire","Outmaneuver+1"],"picked":"Endless Agony","floor":20},{"not_picked":["Blur","Outmaneuver"],"picked":"Infinite Blades+1","floor":22},{"not_picked":["Replay:Poison Smokescreen","Bane","Flying Knee"],"picked":"SKIP","floor":24},{"not_picked":["Slice","Deadly Poison","Sneak Up"],"picked":"SKIP","floor":31},{"not_picked":["Venomology","Doppelganger"],"picked":"After Image","floor":33},{"not_picked":["Bane","Backflip+1"],"picked":"ReplayTheSpireMod:Shiv Toss+1","floor":35},{"not_picked":["Endless Agony","Fluid Movement","Toxin Wave"],"picked":"SKIP","floor":36}],"player_experience":494457,"relics_obtained":[{"floor":6.0,"key":"Blue Doll"},{"floor":9.0,"key":"Snake Skull"},{"floor":12.0,"key":"Eternal Feather"},{"floor":24,"key":"Nunchaku"},{"floor":26,"key":"Juzu Bracelet"}],"event_choices":[{"damage_healed":0.0,"max_hp_gain":0.0,"max_hp_loss":0.0,"gold_gain":0.0,"event_name":"Shining Light","player_choice":"Entered Light","floor":4.0,"gold_loss":0.0,"damage_taken":14.0,"cards_upgraded":["Strike_G","Strike_G"]},{"damage_healed":0,"gold_gain":0,"player_choice":"Stole Relic","damage_taken":0,"relics_obtained":["Pet Ghost"],"max_hp_gain":0,"max_hp_loss":0,"event_name":"Addict","floor":29,"gold_loss":0,"cards_obtained":["Shame"]}],"is_beta":false,"boss_relics":[{"not_picked":["SacredBark","Painkiller Herb"],"picked":"Replay:Wanted Poster"},{"not_picked":["SlaversCollar","ReplayTheSpireMod:DimensionalGlitch"],"picked":"Black Star"}],"items_purged_floors":[13,19],"is_endless":false,"potions_floor_spawned":[1,5,12,16,31,33],"killed_by":"Sphere and 2 Shapes","ascension_level":1}}