{"host":"e8rlfedn69rz2s07","time":1613684267,"event":{"mods":["AchievementEnabler","BaseMod","Minty Spire (QoL Compilation)","Permanent Neow","Relic Stats"],"gold_per_floor":[117,132,203,220,295,295,330,330,398,413,428,454,454,479,479,479,479],"floor_reached":16,"language":"ENG","playtime":642,"items_purged":[],"score":240,"play_id":"07772b29-1343-4a98-a4b0-0611b2657fee","local_time":"20210218233747","is_ascension_mode":true,"campfire_choices":[{"data":"Dash","floor":6.0,"key":"SMITH"},{"floor":13,"key":"REST"},{"data":"Footwork","floor":15,"key":"SMITH"}],"circlet_count":0,"master_deck":["AscendersBane","Strike_G","Strike_G","Strike_G","Defend_G+1","Defend_G","Defend_G","Defend_G","Survivor+1","Neutralize+1","Finisher+1","Wraith Form v2+1","All Out Attack+1","Riddle With Holes","Dash+1","Poisoned Stab","Setup","Footwork+1","Leg Sweep","Phantasmal Killer"],"relics":["Astrolabe","Toy Ornithopter","Gremlin Horn","War Paint","Nunchaku"],"acts_visited":["Exordium"],"potions_floor_usage":[11,12,14],"damage_taken":[{"damage":0.0,"enemies":"2 Louse","floor":1.0,"turns":2.0},{"damage":1.0,"enemies":"Small Slimes","floor":2.0,"turns":3.0},{"damage":2.0,"enemies":"Jaw Worm","floor":4.0,"turns":4.0},{"damage":10.0,"enemies":"Lagavulin","floor":7.0,"turns":6.0},{"damage":0.0,"enemies":"3 Louse","floor":10.0,"turns":2.0},{"damage":12,"enemies":"Gremlin Gang","floor":11,"turns":5},{"damage":3,"enemies":"3 Sentries","floor":12,"turns":7},{"damage":15,"enemies":"Gremlin Nob","floor":14,"turns":8},{"damage":55,"enemies":"Slime Boss","floor":16,"turns":9}],"seed_played":"5526003953847443565","potions_obtained":[{"floor":4.0,"key":"Poison Potion"},{"floor":7.0,"key":"SteroidPotion"},{"floor":10.0,"key":"Ancient Potion"},{"floor":11,"key":"Swift Potion"}],"is_trial":false,"path_per_floor":["M","M","?","M","?","R","E","?","T","M","M","E","R","E","R","B"],"character_chosen":"THE_SILENT","items_purchased":[],"campfire_rested":1,"item_purchase_floors":[],"current_hp_per_floor":[59,58,58,56,45,45,35,35,35,35,28,30,49,39,39,0,0],"gold":479,"neow_bonus":"BOSS_RELIC","is_daily":false,"chose_seed":false,"campfire_upgraded":2,"win_rate":0.0,"timestamp":1613684267,"path_taken":["M","M","?","M","?","R","E","?","T","M","M","E","R","E","R","BOSS"],"items_purchased_type":[],"build_version":"2020-12-22","purchased_purges":0,"victory":false,"max_hp_per_floor":[66,66,66,66,66,66,66,66,66,66,66,66,66,66,66,66,66],"relic_stats":{"Nunchaku":[1],"Gremlin Horn":[7,7],"counters":[9,46],"Astrolabe":["Finisher","Wraith Form v2","All Out Attack"],"War Paint":["Survivor","Defend_G"],"obtain_stats":[{"Nunchaku":14,"Gremlin Horn":9,"Astrolabe":0,"War Paint":12,"Toy Ornithopter":7,"Ring of the Snake":0},{"Nunchaku":8,"Gremlin Horn":4,"Astrolabe":0,"War Paint":7,"Toy Ornithopter":4,"Ring of the Snake":0},{"Nunchaku":37,"Gremlin Horn":15,"Astrolabe":0,"War Paint":29,"Toy Ornithopter":15,"Ring of the Snake":0}],"Toy Ornithopter":15},"card_choices":[{"not_picked":["Bane","Dodge and Roll"],"picked":"Riddle With Holes","floor":1.0},{"not_picked":["Endless Agony","Flying Knee"],"picked":"Dash","floor":2.0},{"not_picked":["Heel Hook","Blur"],"picked":"Poisoned Stab","floor":4.0},{"not_picked":["Blade Dance","Acrobatics"],"picked":"Setup","floor":7.0},{"not_picked":["Bullet Time","Masterful Stab"],"picked":"Footwork","floor":10.0},{"not_picked":["Outmaneuver","Slice","Flying Knee"],"picked":"SKIP","floor":11},{"not_picked":["Quick Slash","Bane"],"picked":"Leg Sweep","floor":12},{"not_picked":["Outmaneuver","Flying Knee"],"picked":"Phantasmal Killer","floor":14}],"player_experience":1092654,"relics_obtained":[{"floor":7.0,"key":"Toy Ornithopter"},{"floor":9.0,"key":"Gremlin Horn"},{"floor":12,"key":"War Paint"},{"floor":14,"key":"Nunchaku"}],"event_choices":[{"damage_healed":0.0,"max_hp_gain":0.0,"max_hp_loss":0.0,"gold_gain":71.0,"event_name":"Golden Wing","player_choice":"Gained Gold","floor":3.0,"gold_loss":0.0,"damage_taken":0.0},{"damage_healed":0.0,"max_hp_gain":0.0,"max_hp_loss":0.0,"gold_gain":75.0,"event_name":"World of Goop","player_choice":"Gather Gold","floor":5.0,"gold_loss":0.0,"damage_taken":11.0},{"damage_healed":0.0,"max_hp_gain":0.0,"max_hp_loss":0.0,"gold_gain":0.0,"event_name":"Living Wall","player_choice":"Grow","floor":8.0,"gold_loss":0.0,"damage_taken":0.0,"cards_upgraded":["Neutralize"]}],"is_beta":false,"boss_relics":[],"items_purged_floors":[],"is_endless":false,"potions_floor_spawned":[4,7,10,11],"killed_by":"Slime Boss","ascension_level":20}}