{"host":"p9fmk1zxjhqthrxg","time":1613614174,"event":{"mods":["BaseMod","Colored Map","Colored Powertips","Highlight Path","Minty Spire (QoL Compilation)","Random Character Button","Rare Cards Sparkle"],"gold_per_floor":[114,114,133,133,84,122,122,122,147,166,185,185,204,223,223,348,348,367,386,405,424,424,424,462,495,570,589,608,627,54,73,73,198,198,217,236,236,255,274,274,24,24,24,43,43,43],"floor_reached":45,"language":"ENG","playtime":1578,"items_purged":[],"score":668,"play_id":"1630a925-69a4-4ecc-a492-095cdb953080","local_time":"20210217200934","daily_mods":["Cursed Run","Uncertain Future","Lethality"],"is_ascension_mode":false,"campfire_choices":[{"data":"Heavy Blade","floor":7,"key":"SMITH"},{"data":"Bash","floor":12,"key":"SMITH"},{"data":"Rupture","floor":15,"key":"SMITH"},{"floor":23,"key":"REST"},{"floor":32,"key":"REST"},{"data":"1","floor":40,"key":"LIFT"}],"circlet_count":0,"master_deck":["Bash+1","Cleave+1","Injury","Anger+1","Heavy Blade+1","Body Slam+1","Injury","Heavy Blade+1","Clash+1","Rupture+1","Inflame+1","Pain","Demon Form+1","Disarm+1","Clash+1","Wild Strike+1","Sentinel+1","Headbutt+1","Reaper+1","Power Through+1","Battle Trance+1","Feed+1","Rage+1","Sword Boomerang+1","Entrench+1","Shockwave+1","Bite+1","Bite+1","Bite+1","Bite+1","Bite+1","Iron Wave+1","Metallicize+1","Decay","Second Wind+1","Whirlwind+1","Barricade+1","CurseOfTheBell","Heavy Blade+1","Intimidate+1","Ghostly Armor","Body Slam+1","Doubt","Pain","Flame Barrier+1"],"relics":["Cursed Key","Darkstone Periapt","Du-Vu Doll","Golden Idol","Molten Egg 2","Smiling Mask","Pandora\u0027s Box","Strawberry","Red Mask","Bottled Tornado","Kunai","Matryoshka","Calling Bell","Oddly Smooth Stone","Eternal Feather","Girya","Mark of the Bloom","Letter Opener","Boot","Art of War"],"acts_visited":["Exordium","TheCity","TheBeyond"],"potions_floor_usage":[20,21,21,24,27,28,28,39,44,44],"damage_taken":[{"damage":4,"enemies":"Jaw Worm","floor":1,"turns":2},{"damage":0,"enemies":"2 Louse","floor":3,"turns":2},{"damage":0,"enemies":"Gremlin Nob","floor":6,"turns":2},{"damage":0,"enemies":"Cultist","floor":10,"turns":2},{"damage":0,"enemies":"Looter","floor":11,"turns":2},{"damage":0,"enemies":"Blue Slaver","floor":13,"turns":1},{"damage":1,"enemies":"Exordium Wildlife","floor":14,"turns":2},{"damage":24,"enemies":"The Guardian","floor":16,"turns":3},{"damage":16,"enemies":"Chosen","floor":18,"turns":2},{"damage":68,"enemies":"3 Byrds","floor":19,"turns":3},{"damage":4,"enemies":"Shelled Parasite and Fungi","floor":20,"turns":1},{"damage":0,"enemies":"Cultist and Chosen","floor":21,"turns":3},{"damage":41,"enemies":"Book of Stabbing","floor":24,"turns":4},{"damage":0,"enemies":"Masked Bandits","floor":25,"turns":2},{"damage":38,"enemies":"Snake Plant","floor":27,"turns":3},{"damage":1,"enemies":"Chosen and Byrds","floor":28,"turns":2},{"damage":1,"enemies":"Cultist and Chosen","floor":29,"turns":3},{"damage":46,"enemies":"Snake Plant","floor":31,"turns":4},{"damage":42,"enemies":"Automaton","floor":33,"turns":6},{"damage":30,"enemies":"3 Darklings","floor":35,"turns":3},{"damage":0,"enemies":"Orb Walker","floor":36,"turns":2},{"damage":18,"enemies":"Writhing Mass","floor":38,"turns":4},{"damage":0,"enemies":"Jaw Worm Horde","floor":39,"turns":3},{"damage":38,"enemies":"4 Shapes","floor":44,"turns":3},{"damage":30,"enemies":"3 Darklings","floor":45,"turns":2}],"seed_played":"-4060160915487772418","potions_obtained":[{"floor":1,"key":"FearPotion"},{"floor":6,"key":"Fire Potion"},{"floor":10,"key":"Dexterity Potion"},{"floor":19,"key":"SkillPotion"},{"floor":20,"key":"PowerPotion"},{"floor":21,"key":"Regen Potion"},{"floor":25,"key":"DistilledChaos"},{"floor":27,"key":"SkillPotion"},{"floor":35,"key":"HeartOfIron"},{"floor":38,"key":"Block Potion"},{"floor":39,"key":"DistilledChaos"}],"is_trial":false,"path_per_floor":["M","?","M","?","$","E","R","?","T","M","M","R","M","M","R","B",null,"M","M","M","M","?","R","E","?","T","M","M","M","$","M","R","B",null,"M","M","?","M","M","R","$","?","T","M","M"],"character_chosen":"IRONCLAD","items_purchased":["Heavy Blade","Kunai","Whirlwind+1","Matryoshka","Letter Opener"],"campfire_rested":2,"item_purchase_floors":[5,30,30,30,41],"current_hp_per_floor":[76,82,82,82,82,82,82,65,71,71,71,71,71,70,70,52,98,82,14,10,10,10,30,33,55,61,23,40,50,50,13,38,19,97,70,84,84,66,66,66,66,66,66,28,0,0],"gold":43,"neow_bonus":"","is_daily":true,"chose_seed":false,"campfire_upgraded":3,"win_rate":0.0,"timestamp":1613614174,"path_taken":["M","?","M","?","$","E","R","?","T","M","M","R","M","M","R","BOSS","M","M","M","M","?","R","E","?","T","M","M","?","$","M","R","BOSS","M","M","?","M","M","R","$","?","T","?","M"],"items_purchased_type":["Card","Relic","Card","Relic","Relic"],"build_version":"2020-12-22","purchased_purges":0,"victory":false,"max_hp_per_floor":[80,86,86,86,86,86,86,86,92,92,92,92,92,92,92,98,98,98,98,98,98,68,68,75,75,81,81,85,85,85,85,85,91,97,97,97,97,97,101,101,101,107,113,113,113,113],"card_choices":[{"not_picked":["Spot Weakness","Evolve"],"picked":"Cleave","floor":1},{"not_picked":["Body Slam","Sentinel"],"picked":"Anger","floor":3},{"not_picked":["Inflame","Entrench"],"picked":"Body Slam+1","floor":6},{"not_picked":["True Grit","Warcry"],"picked":"Heavy Blade+1","floor":10},{"not_picked":["Reckless Charge+1","Sentinel"],"picked":"Clash+1","floor":11},{"not_picked":["Pommel Strike+1","Sword Boomerang+1"],"picked":"Rupture","floor":13},{"not_picked":["Headbutt+1","Hemokinesis+1"],"picked":"Inflame","floor":14},{"not_picked":["Immolate+1","Bludgeon+1"],"picked":"Demon Form","floor":16},{"not_picked":["Inflame","Feel No Pain+1"],"picked":"Rage","floor":18},{"not_picked":["Wild Strike+1","Anger+1"],"picked":"Sword Boomerang+1","floor":19},{"not_picked":["Pummel+1","Wild Strike+1"],"picked":"Entrench+1","floor":20},{"not_picked":["Dark Embrace","Twin Strike+1"],"picked":"Shockwave","floor":21},{"not_picked":["Infernal Blade","Body Slam+1"],"picked":"Iron Wave+1","floor":24},{"not_picked":["Flex","Blood for Blood+1"],"picked":"Metallicize","floor":25},{"not_picked":["Headbutt+1","Searing Blow+1"],"picked":"Second Wind","floor":27},{"not_picked":["Power Through","True Grit","Flex"],"picked":"SKIP","floor":28},{"not_picked":["Shrug It Off","Pommel Strike+1","Pummel+1"],"picked":"SKIP","floor":29},{"not_picked":["Shrug It Off","Perfected Strike+1","Searing Blow+1"],"picked":"SKIP","floor":31},{"not_picked":["Bludgeon+1","Exhume"],"picked":"Barricade","floor":33},{"not_picked":["Twin Strike+1","Clothesline+1"],"picked":"Heavy Blade+1","floor":35},{"not_picked":["Wild Strike+1","Bloodletting+1"],"picked":"Intimidate","floor":36},{"not_picked":["Clash+1","Wild Strike+1"],"picked":"Ghostly Armor","floor":38},{"not_picked":["Wild Strike+1","Flex"],"picked":"Body Slam+1","floor":39},{"not_picked":["Havoc","Shockwave+1"],"picked":"Flame Barrier+1","floor":44}],"player_experience":128245,"relics_obtained":[{"floor":6,"key":"Molten Egg 2"},{"floor":9,"key":"Smiling Mask"},{"floor":24,"key":"Strawberry"},{"floor":25,"key":"Red Mask"},{"floor":26,"key":"Bottled Tornado"},{"floor":34,"key":"Oddly Smooth Stone"},{"floor":34,"key":"Eternal Feather"},{"floor":34,"key":"Girya"},{"floor":43,"key":"Boot"},{"floor":43,"key":"Art of War"}],"event_choices":[{"damage_healed":0,"gold_gain":0,"player_choice":"Take Wound","damage_taken":0,"relics_obtained":["Golden Idol"],"max_hp_gain":0,"max_hp_loss":0,"event_name":"Golden Idol","floor":2,"gold_loss":0,"cards_obtained":["Injury"]},{"damage_healed":0,"gold_gain":0,"player_choice":"Leave","damage_taken":0,"max_hp_gain":0,"max_hp_loss":0,"event_name":"The Cleric","floor":4,"gold_loss":0},{"damage_healed":0,"gold_gain":0,"player_choice":"Entered Light","damage_taken":17,"max_hp_gain":0,"max_hp_loss":0,"event_name":"Shining Light","floor":8,"gold_loss":0,"cards_upgraded":["Defend_R","Defend_R"]},{"damage_healed":0,"gold_gain":0,"player_choice":"Became a vampire","damage_taken":0,"max_hp_gain":0,"max_hp_loss":30,"event_name":"Vampires","floor":22,"gold_loss":0,"cards_obtained":["Bite","Bite","Bite","Bite","Bite"]},{"damage_healed":0,"gold_gain":0,"player_choice":"Fought Bandits","damage_taken":0,"max_hp_gain":0,"max_hp_loss":0,"event_name":"Masked Bandits","floor":25,"gold_loss":0},{"damage_healed":0,"gold_gain":0,"player_choice":"Upgrade","damage_taken":0,"relics_obtained":["Mark of the Bloom"],"max_hp_gain":0,"max_hp_loss":0,"event_name":"MindBloom","floor":37,"gold_loss":0,"cards_upgraded":["Cleave","Anger","Inflame","Demon Form","Disarm","Sentinel","Power Through","Battle Trance","Rage","Shockwave","Metallicize","Second Wind","Barricade","Intimidate"]},{"damage_healed":0,"gold_gain":0,"cards_transformed":["Normality"],"player_choice":"Transformed","damage_taken":0,"max_hp_gain":0,"max_hp_loss":0,"event_name":"Transmorgrifier","floor":42,"gold_loss":0,"cards_obtained":["Doubt"]}],"is_beta":false,"boss_relics":[{"not_picked":["SlaversCollar","Runic Dome"],"picked":"Pandora\u0027s Box"},{"not_picked":["Runic Pyramid","Fusion Hammer"],"picked":"Calling Bell"}],"items_purged_floors":[],"is_endless":false,"potions_floor_spawned":[1,6,10,14,19,20,21,25,27,35,38,39],"killed_by":"3 Darklings","ascension_level":0}}