{"host":"7s0ipaqx8m4pdduf","time":1613666425,"event":{"mods":["BaseMod","BetterRewards","Colored Map","Infinite Spire","Minty Spire (QoL Compilation)","StSLib","SuperFastMode","The Animator"],"gold_per_floor":[117,128,138,61,74,107,107,107,107],"floor_reached":8,"language":"ENG","playtime":283,"items_purged":[],"score":107,"play_id":"85200445-8f42-4ea9-b593-3f5b8eca0eec","local_time":"20210218174025","is_ascension_mode":true,"campfire_choices":[{"data":"Noxious Fumes","floor":7,"key":"SMITH"}],"circlet_count":0,"master_deck":["AscendersBane","Strike_G","Strike_G","Strike_G","Strike_G","Strike_G","Defend_G","Defend_G","Defend_G","Defend_G","Defend_G","Survivor","Neutralize","Terror","Flying Knee","Noxious Fumes+1","Sucker Punch","Catalyst"],"relics":["Ring of the Snake","Strawberry"],"acts_visited":["Exordium"],"potions_floor_usage":[],"damage_taken":[{"damage":3,"enemies":"Cultist","floor":1,"turns":5},{"damage":6,"enemies":"Small Slimes","floor":2,"turns":5},{"damage":0,"enemies":"2 Louse","floor":3,"turns":4},{"damage":13,"enemies":"Large Slime","floor":5,"turns":7},{"damage":18,"enemies":"Lagavulin","floor":6,"turns":8},{"damage":34,"enemies":"3 Sentries","floor":8,"turns":6}],"seed_played":"7441327384013868291","potions_obtained":[{"floor":2,"key":"Energy Potion"},{"floor":3,"key":"Dexterity Potion"}],"is_trial":false,"path_per_floor":["M","M","M","$","M","E","R","E"],"character_chosen":"THE_SILENT","items_purchased":["Noxious Fumes"],"campfire_rested":0,"item_purchase_floors":[4],"current_hp_per_floor":[62,56,56,56,43,32,32,0,0],"gold":107,"neow_bonus":"TEN_PERCENT_HP_BONUS","is_daily":false,"chose_seed":false,"campfire_upgraded":1,"win_rate":0.0,"timestamp":1613666425,"path_taken":["M","M","M","?","M","E","R","E"],"items_purchased_type":["Card"],"build_version":"2020-12-22","purchased_purges":0,"victory":false,"max_hp_per_floor":[72,72,72,72,72,79,79,79,79],"card_choices":[{"not_picked":["Catalyst","Blade Dance"],"picked":"Terror","floor":1},{"not_picked":["Underhanded Strike","Expertise"],"picked":"Flying Knee","floor":2},{"not_picked":["Outmaneuver","Endless Agony","Heel Hook"],"picked":"SKIP","floor":3},{"not_picked":["Bane","Backflip"],"picked":"Sucker Punch","floor":5},{"not_picked":["Underhanded Strike","Dodge and Roll"],"picked":"Catalyst","floor":6}],"player_experience":2420397,"relics_obtained":[{"floor":6,"key":"Strawberry"}],"event_choices":[],"is_beta":false,"boss_relics":[],"items_purged_floors":[],"is_endless":false,"potions_floor_spawned":[2,3,6],"killed_by":"3 Sentries","ascension_level":17}}