{"host":"p9vmbvw2hh2n16dn","time":1613646482,"event":{"mods":["AchievementEnabler","BaseMod","Block Reminder","Minty Spire (QoL Compilation)","Relic Stats","SuperFastMode"],"gold_per_floor":[112,62,62,137,147,178,196,196,248,265,215,215,215,249,249,324,324,334,348,0,38,92,92,152,152,179,179,179],"floor_reached":27,"language":"ENG","playtime":1142,"items_purged":[],"score":450,"play_id":"e74d7ed9-a2ec-409d-b510-3485723a75ea","local_time":"20210218120802","is_ascension_mode":true,"campfire_choices":[{"floor":13.0,"key":"REST"},{"floor":15.0,"key":"REST"},{"data":"HandOfGreed","floor":23,"key":"SMITH"},{"data":"Sunder","floor":25,"key":"SMITH"}],"circlet_count":0,"master_deck":["AscendersBane","Strike_B","Strike_B","Strike_B","Defend_B","Defend_B","Defend_B","Zap","Dualcast","Auto Shields","Sweeping Beam","White Noise","Buffer+1","Leap","Leap","Machine Learning","Hologram","HandOfGreed+1","Sunder+1","Barrage","Hologram"],"relics":["Busted Crown","Potion Belt","Question Card","Tiny Chest","Letter Opener","Snecko Eye","Runic Capacitor","MealTicket"],"acts_visited":["Exordium","TheCity"],"potions_floor_usage":[27,27],"damage_taken":[{"damage":0.0,"enemies":"Cultist","floor":1.0,"turns":4.0},{"damage":0.0,"enemies":"2 Louse","floor":5.0,"turns":3.0},{"damage":33.0,"enemies":"Gremlin Nob","floor":6.0,"turns":5.0},{"damage":10.0,"enemies":"Small Slimes","floor":7.0,"turns":3.0},{"damage":6.0,"enemies":"Looter","floor":10.0,"turns":3.0},{"damage":14.0,"enemies":"3 Sentries","floor":14.0,"turns":9.0},{"damage":0.0,"enemies":"The Guardian","floor":16.0,"turns":12.0},{"damage":0.0,"enemies":"2 Thieves","floor":18.0,"turns":4.0},{"damage":0.0,"enemies":"Shell Parasite","floor":19.0,"turns":9.0},{"damage":20,"enemies":"Snake Plant","floor":21,"turns":4},{"damage":24,"enemies":"Shelled Parasite and Fungi","floor":22,"turns":4},{"damage":1,"enemies":"3 Cultists","floor":24,"turns":5},{"damage":26,"enemies":"Gremlin Leader","floor":27,"turns":2}],"seed_played":"-5822884253635093475","potions_obtained":[{"floor":1.0,"key":"FocusPotion"},{"floor":7.0,"key":"Ancient Potion"},{"floor":10.0,"key":"Dexterity Potion"},{"floor":14.0,"key":"Regen Potion"},{"floor":22,"key":"PotionOfCapacity"},{"floor":24,"key":"Energy Potion"}],"is_trial":false,"path_per_floor":["M","?","?","?","M","E","M","T","T","M","$","?","R","E","R","B",null,"M","M","$","M","M","R","M","R","T","E"],"character_chosen":"DEFECT","items_purchased":["Leap","Runic Capacitor","HandOfGreed","Sunder"],"campfire_rested":2,"item_purchase_floors":[11,20,20,20],"current_hp_per_floor":[68,68,61,50,50,17,7,7,7,1,1,1,23,9,31,46,68,68,68,68,48,24,24,23,23,23,0,0],"gold":179,"neow_bonus":"BOSS_RELIC","is_daily":false,"chose_seed":false,"campfire_upgraded":2,"win_rate":0.0,"timestamp":1613646482,"path_taken":["M","?","?","?","M","E","M","?","T","M","$","?","R","E","R","BOSS","M","M","$","M","M","R","M","R","T","E"],"items_purchased_type":["Card","Relic","Card","Card"],"build_version":"2020-12-22","purchased_purges":0,"victory":false,"max_hp_per_floor":[75,75,75,75,75,75,75,75,75,75,75,75,75,75,75,75,75,75,75,75,75,75,75,75,75,75,75,75],"relic_stats":{"Busted Crown":24,"counters":[13,67],"Snecko Eye":[71,50,66,42],"Tiny Chest":0,"MealTicket":0,"Letter Opener":[90],"Question Card":8,"obtain_stats":[{"Potion Belt":6,"Busted Crown":0,"Snecko Eye":17,"Tiny Chest":9,"MealTicket":26,"Runic Capacitor":20,"Letter Opener":14,"Cracked Core":0,"Question Card":8},{"Potion Belt":3,"Busted Crown":0,"Snecko Eye":7,"Tiny Chest":4,"MealTicket":12,"Runic Capacitor":9,"Letter Opener":6,"Cracked Core":0,"Question Card":4},{"Potion Belt":12,"Busted Crown":0,"Snecko Eye":39,"Tiny Chest":15,"MealTicket":65,"Runic Capacitor":52,"Letter Opener":27,"Cracked Core":0,"Question Card":15}]},"card_choices":[{"not_picked":[],"picked":"Auto Shields","floor":1.0},{"not_picked":["Redo"],"picked":"SKIP","floor":5.0},{"not_picked":[],"picked":"Sweeping Beam","floor":6.0},{"not_picked":[],"picked":"White Noise","floor":7.0},{"not_picked":["Conserve Battery"],"picked":"Buffer","floor":10.0},{"not_picked":["Reprogram"],"picked":"Leap","floor":14.0},{"not_picked":["Meteor Strike"],"picked":"Machine Learning","floor":16.0},{"not_picked":["Turbo"],"picked":"Hologram","floor":18.0},{"not_picked":["Undo+1","Beam Cell"],"picked":"SKIP","floor":19.0},{"not_picked":["Coolheaded"],"picked":"Barrage","floor":21},{"not_picked":["Sweeping Beam","Go for the Eyes"],"picked":"SKIP","floor":22},{"not_picked":["Redo"],"picked":"Hologram","floor":24}],"player_experience":352824,"relics_obtained":[{"floor":6.0,"key":"Potion Belt"},{"floor":8.0,"key":"Question Card"},{"floor":9.0,"key":"Tiny Chest"},{"floor":14.0,"key":"Letter Opener"},{"floor":26,"key":"MealTicket"}],"event_choices":[{"cards_removed":["Strike_B"],"damage_healed":0.0,"max_hp_gain":0.0,"max_hp_loss":0.0,"gold_gain":0.0,"event_name":"The Cleric","player_choice":"Card Removal","floor":2.0,"gold_loss":50.0,"damage_taken":0.0},{"cards_removed":["Defend_B"],"damage_healed":0.0,"max_hp_gain":0.0,"max_hp_loss":0.0,"gold_gain":0.0,"event_name":"Golden Wing","player_choice":"Card Removal","floor":3.0,"gold_loss":0.0,"damage_taken":7.0},{"damage_healed":0.0,"max_hp_gain":0.0,"max_hp_loss":0.0,"gold_gain":75.0,"event_name":"World of Goop","player_choice":"Gather Gold","floor":4.0,"gold_loss":0.0,"damage_taken":11.0},{"damage_healed":0.0,"max_hp_gain":0.0,"max_hp_loss":0.0,"gold_gain":0.0,"event_name":"Living Wall","player_choice":"Grow","floor":12.0,"gold_loss":0.0,"damage_taken":0.0,"cards_upgraded":["Buffer"]}],"is_beta":false,"boss_relics":[{"not_picked":["Cursed Key","Inserter"],"picked":"Snecko Eye"}],"items_purged_floors":[],"is_endless":false,"potions_floor_spawned":[1,7,10,14,22,24],"killed_by":"Gremlin Leader","ascension_level":13}}