{"host":"2hea6pl5vmah38iy","time":1613659195,"event":{"mods":["AchievementEnabler","BaseMod","Colored Map","DeckTracker","Keyboard Shortcuts","Minty Spire (QoL Compilation)","Rare Cards Sparkle","StSLib","SuperFastMode","everything is the same but u backflip on backflip"],"gold_per_floor":[366,15,27,27,46,46,46,65,113,128,142,161,202,40,40,40,40],"floor_reached":16,"language":"KOR","playtime":548,"items_purged":[],"score":203,"play_id":"f6cb54ac-0e5c-4c7f-a45f-9a0d40d5425d","local_time":"20210218233955","is_ascension_mode":true,"campfire_choices":[{"data":"Zap","floor":6.0,"key":"SMITH"},{"data":"Hologram","floor":15.0,"key":"SMITH"}],"circlet_count":0,"master_deck":["AscendersBane","Strike_B","Strike_B","Strike_B","Strike_B","Defend_B","Defend_B","Defend_B","Defend_B","Zap+1","Dualcast+1","Ball Lightning+1","Chill","Compile Driver","Self Repair+1","Hologram+1","Sweeping Beam"],"relics":["Cracked Core","Frozen Egg 2","Golden Idol","Nunchaku","Pen Nib","DataDisk"],"acts_visited":["Exordium"],"potions_floor_usage":[16],"damage_taken":[{"damage":2.0,"enemies":"2 Louse","floor":1.0,"turns":2.0},{"damage":2.0,"enemies":"Jaw Worm","floor":3.0,"turns":4.0},{"damage":0.0,"enemies":"Small Slimes","floor":5.0,"turns":2.0},{"damage":9.0,"enemies":"Exordium Wildlife","floor":8.0,"turns":3.0},{"damage":0.0,"enemies":"Large Slime","floor":10.0,"turns":5.0},{"damage":0.0,"enemies":"Lots of Slimes","floor":11.0,"turns":2.0},{"damage":13.0,"enemies":"Blue Slaver","floor":12.0,"turns":3.0},{"damage":5.0,"enemies":"3 Sentries","floor":13.0,"turns":4.0},{"damage":39,"enemies":"Hexaghost","floor":16,"turns":8}],"seed_played":"-8130986000681703253","potions_obtained":[{"floor":3.0,"key":"SpeedPotion"},{"floor":5.0,"key":"BlessingOfTheForge"},{"floor":10.0,"key":"Explosive Potion"},{"floor":12.0,"key":"Dexterity Potion"}],"is_trial":false,"path_per_floor":["M","$","M","?","M","R","?","M","T","M","M","M","E","$","R","B"],"character_chosen":"DEFECT","items_purchased":["Frozen Egg 2","Chill","DataDisk"],"campfire_rested":0,"item_purchase_floors":[2,2,14],"current_hp_per_floor":[44,44,42,21,21,21,21,22,22,32,42,39,34,34,34,0,0],"gold":40,"neow_bonus":"TWO_FIFTY_GOLD","is_daily":false,"chose_seed":false,"campfire_upgraded":2,"win_rate":0.0,"timestamp":1613659195,"path_taken":["M","$","M","?","M","R","?","M","T","M","M","M","E","$","R","BOSS"],"items_purchased_type":["Relic","Card","Relic"],"build_version":"2020-12-22","purchased_purges":0,"victory":false,"max_hp_per_floor":[71,71,71,71,71,71,64,64,64,64,64,64,64,64,64,64,64],"card_choices":[{"not_picked":["Hologram","Cold Snap"],"picked":"Ball Lightning","floor":1.0},{"not_picked":["Turbo","Tempest"],"picked":"Compile Driver","floor":3.0},{"not_picked":["Streamline","Compile Driver"],"picked":"Self Repair+1","floor":5.0},{"not_picked":["Beam Cell","Gash","Leap"],"picked":"SKIP","floor":8.0},{"not_picked":["Rebound","Conserve Battery"],"picked":"Hologram","floor":10.0},{"not_picked":["Blizzard","Melter","Steam"],"picked":"SKIP","floor":11.0},{"not_picked":["Streamline","Redo","Beam Cell"],"picked":"SKIP","floor":12.0},{"not_picked":["Ball Lightning","Lockon"],"picked":"Sweeping Beam","floor":13.0}],"player_experience":592903,"relics_obtained":[{"floor":9.0,"key":"Nunchaku"},{"floor":13.0,"key":"Pen Nib"}],"event_choices":[{"damage_healed":0.0,"max_hp_gain":0.0,"max_hp_loss":0.0,"gold_gain":0.0,"event_name":"Shining Light","player_choice":"Entered Light","floor":4.0,"gold_loss":0.0,"damage_taken":21.0,"cards_upgraded":["Dualcast","Ball Lightning"]},{"damage_healed":0.0,"max_hp_gain":0.0,"max_hp_loss":7.0,"gold_gain":0.0,"event_name":"Golden Idol","player_choice":"Lose Max HP","floor":7.0,"gold_loss":0.0,"damage_taken":0.0,"relics_obtained":["Golden Idol"]}],"is_beta":false,"boss_relics":[],"items_purged_floors":[],"is_endless":false,"potions_floor_spawned":[3,5,10,12],"killed_by":"Hexaghost","ascension_level":19}}