{"host":"i0avyit1s6jb1siw","time":1613650862,"event":{"mods":["BaseMod","DeckTracker","Dota2Spire","Highlight Path","Minty Spire (QoL Compilation)","Quick Restart","StSLib","SuperFastMode"],"gold_per_floor":[111,129,145,25,35,62,62,76,76,103,113,138,138,313,340,340,340,413,413,428,463,463,129,129,155,20,52,52,52,52,83,20,43,83,95,185,197,229,463,475,82,82,82,117,130,201,201,104,151,165,184,184,184,184,184,184,38,70,70],"floor_reached":60,"language":"ENG","playtime":1759,"items_purged":["Strike_B"],"score":2651,"play_id":"2caaf29d-42b1-46b9-8a6a-8dcef5b95662","local_time":"20210218132102","is_ascension_mode":true,"campfire_choices":[{"floor":7,"key":"DIG"},{"floor":13,"key":"DIG"},{"floor":16,"key":"DIG"},{"floor":17,"key":"DIG"},{"floor":35,"key":"DIG"},{"floor":43,"key":"DIG"},{"floor":52,"key":"DIG"},{"floor":53,"key":"RECALL"},{"floor":56,"key":"DIG"}],"circlet_count":0,"master_deck":["AscendersBane","Strike_B","Defend_B","Defend_B","Defend_B","Defend_B","Zap","Dualcast","Corruption+1","Self Repair","Coolheaded","Steam Power","Conserve Battery","Coolheaded","Compile Driver","Double Energy+1","Darkness+1","Recycle+1","Master of Strategy+1","Master of Strategy+1","Rainbow+1","Turbo+1","Tempest+1","Fission+1","Reboot+1","The Bomb+1","Chill+1","Glacier+1","Purity+1","White Noise+1","Capacitor+1","Leap+1"],"relics":["Bottled Tornado","Busted Crown","Dead Branch","Shovel","Mercury Hourglass","Eternal Feather","Toxic Egg 2","Lizard Tail","Dota2Spire:BattleFury","Odd Mushroom","Juzu Bracelet","Art of War","Black Star","Red Mask","Meat on the Bone","InkBottle","Ornamental Fan","Frozen Egg 2","MawBank","Dota2Spire:OctarineCore","Letter Opener","Oddly Smooth Stone","Ancient Tea Set","Inserter","Toolbox","Pear","Dota2Spire:ArcaneBoots","Dota2Spire:MonkeyKingBar","Dota2Spire:BladeMail","Gremlin Horn","Dota2Spire:Satanic","Dota2Spire:LinkenSphere","Sundial","ClockworkSouvenir","Orichalcum"],"acts_visited":["Exordium","TheCity","TheBeyond","TheEnding"],"potions_floor_usage":[18],"damage_taken":[{"damage":0,"enemies":"Cultist","floor":1,"turns":3},{"damage":0,"enemies":"Small Slimes","floor":2,"turns":2},{"damage":0,"enemies":"2 Louse","floor":3,"turns":2},{"damage":0,"enemies":"Blue Slaver","floor":5,"turns":3},{"damage":0,"enemies":"Lagavulin","floor":6,"turns":5},{"damage":3,"enemies":"Exordium Thugs","floor":8,"turns":4},{"damage":1,"enemies":"3 Sentries","floor":10,"turns":4},{"damage":10,"enemies":"Gremlin Gang","floor":11,"turns":2},{"damage":0,"enemies":"Lagavulin","floor":12,"turns":6},{"damage":0,"enemies":"The Mushroom Lair","floor":15,"turns":1},{"damage":0,"enemies":"Slime Boss","floor":18,"turns":3},{"damage":11,"enemies":"3 Byrds","floor":20,"turns":4},{"damage":7,"enemies":"Masked Bandits","floor":21,"turns":2},{"damage":0,"enemies":"Book of Stabbing","floor":25,"turns":3},{"damage":3,"enemies":"Gremlin Leader","floor":27,"turns":4},{"damage":7,"enemies":"Slavers","floor":31,"turns":3},{"damage":0,"enemies":"Spheric Guardian","floor":33,"turns":1},{"damage":0,"enemies":"Book of Stabbing","floor":34,"turns":2},{"damage":0,"enemies":"Collector","floor":36,"turns":5},{"damage":0,"enemies":"3 Darklings","floor":38,"turns":1},{"damage":0,"enemies":"Reptomancer","floor":44,"turns":1},{"damage":0,"enemies":"3 Shapes","floor":45,"turns":1},{"damage":0,"enemies":"2 Orb Walkers","floor":49,"turns":1},{"damage":0,"enemies":"Maw","floor":50,"turns":2},{"damage":0,"enemies":"Jaw Worm Horde","floor":51,"turns":1},{"damage":0,"enemies":"Time Eater","floor":54,"turns":5},{"damage":0,"enemies":"Shield and Spear","floor":58,"turns":1},{"damage":16,"enemies":"The Heart","floor":59,"turns":4}],"seed_played":"-7579849063999589167","potions_obtained":[{"floor":6,"key":"AttackPotion"},{"floor":8,"key":"Ancient Potion"},{"floor":10,"key":"EssenceOfDarkness"},{"floor":20,"key":"Fire Potion"},{"floor":36,"key":"LiquidMemories"}],"is_trial":false,"path_per_floor":["M","M","M","$","M","E","R","M","T","E","M","E","R","?","?","R","R","B",null,"M","?","?","$","?","E","$","E","T","T","?","E","?","M","E","R","B",null,"M","?","?","$","T","R","E","M","T","?","$","?","M","M","R","R","B",null,"R","$","E","B",null],"character_chosen":"DEFECT","items_purchased":["Self Repair","Coolheaded","Recycle+1","Master of Strategy+1","Rainbow+1","The Bomb+1","Chill+1","Toolbox","Purity+1","ClockworkSouvenir"],"campfire_rested":0,"item_purchase_floors":[4,4,23,23,26,41,41,41,48,57],"current_hp_per_floor":[64,64,64,64,71,71,71,71,71,71,68,71,71,71,71,71,71,71,71,67,67,67,67,67,71,71,71,71,71,71,71,71,71,71,71,71,71,71,71,71,71,81,81,81,81,81,81,81,81,81,81,81,81,81,81,81,81,81,72],"gold":70,"neow_bonus":"BOSS_RELIC","is_daily":false,"chose_seed":false,"campfire_upgraded":0,"win_rate":0.0,"timestamp":1613650862,"path_taken":["M","M","M","$","M","E","R","M","T","E","M","E","R","?","?","R","R","BOSS","M","?","?","$","?","E","$","E","T","T","?","E","?","M","E","R","BOSS","M","?","?","$","?","R","E","M","T","?","$","?","M","M","R","R","BOSS","R","$","E","BOSS"],"items_purchased_type":["Card","Card","Card","Card","Card","Card","Card","Relic","Card","Relic"],"build_version":"2020-12-22","purchased_purges":1,"victory":true,"max_hp_per_floor":[71,71,71,71,71,71,71,71,71,71,71,71,71,71,71,71,71,71,71,71,71,71,71,71,71,71,71,71,71,71,71,71,71,71,71,71,71,71,71,71,71,81,81,81,81,81,81,81,81,81,81,81,81,81,81,81,81,81,81],"card_choices":[{"not_picked":["Streamline"],"picked":"SKIP","floor":1},{"not_picked":["Ball Lightning"],"picked":"SKIP","floor":2},{"not_picked":["Rebound"],"picked":"SKIP","floor":3},{"not_picked":[],"picked":"Steam Power","floor":5},{"not_picked":[],"picked":"Conserve Battery","floor":6},{"not_picked":[],"picked":"Coolheaded","floor":8},{"not_picked":[],"picked":"Compile Driver","floor":10},{"not_picked":[],"picked":"Double Energy+1","floor":11},{"not_picked":[],"picked":"Darkness+1","floor":12},{"not_picked":["Sweeping Beam+1"],"picked":"SKIP","floor":20},{"not_picked":["Compile Driver"],"picked":"SKIP","floor":25},{"not_picked":[],"picked":"Turbo+1","floor":27},{"not_picked":[],"picked":"Fission+1","floor":31},{"not_picked":["Compile Driver"],"picked":"SKIP","floor":33},{"not_picked":["Cold Snap"],"picked":"SKIP","floor":34},{"not_picked":[],"picked":"Reboot+1","floor":36},{"not_picked":["Streamline"],"picked":"SKIP","floor":38},{"not_picked":["Cold Snap+1"],"picked":"SKIP","floor":44},{"not_picked":[],"picked":"Glacier+1","floor":45},{"not_picked":[],"picked":"White Noise+1","floor":50},{"not_picked":[],"picked":"Capacitor+1","floor":51},{"not_picked":[],"picked":"Leap+1","floor":58}],"player_experience":2455429,"relics_obtained":[{"floor":6,"key":"Shovel"},{"floor":7,"key":"Mercury Hourglass"},{"floor":9,"key":"Eternal Feather"},{"floor":10,"key":"Toxic Egg 2"},{"floor":12,"key":"Lizard Tail"},{"floor":13,"key":"Dota2Spire:BattleFury"},{"floor":15,"key":"Odd Mushroom"},{"floor":16,"key":"Juzu Bracelet"},{"floor":17,"key":"Art of War"},{"floor":21,"key":"Red Mask"},{"floor":25,"key":"Meat on the Bone"},{"floor":25,"key":"InkBottle"},{"floor":27,"key":"Ornamental Fan"},{"floor":28,"key":"Frozen Egg 2"},{"floor":31,"key":"MawBank"},{"floor":31,"key":"Dota2Spire:OctarineCore"},{"floor":34,"key":"Letter Opener"},{"floor":34,"key":"Oddly Smooth Stone"},{"floor":35,"key":"Ancient Tea Set"},{"floor":42,"key":"Pear"},{"floor":43,"key":"Dota2Spire:ArcaneBoots"},{"floor":44,"key":"Dota2Spire:MonkeyKingBar"},{"floor":44,"key":"Dota2Spire:BladeMail"},{"floor":46,"key":"Gremlin Horn"},{"floor":49,"key":"Dota2Spire:Satanic"},{"floor":52,"key":"Dota2Spire:LinkenSphere"},{"floor":56,"key":"Sundial"},{"floor":58,"key":"Orichalcum"}],"event_choices":[{"damage_healed":0,"gold_gain":175,"player_choice":"AGREE","damage_taken":0,"max_hp_gain":0,"max_hp_loss":0,"event_name":"Liars Game","floor":14,"gold_loss":0,"cards_obtained":["Doubt"]},{"damage_healed":0,"gold_gain":0,"player_choice":"Fought Mushrooms","damage_taken":0,"max_hp_gain":0,"max_hp_loss":0,"event_name":"Mushrooms","floor":15,"gold_loss":0},{"damage_healed":0,"gold_gain":0,"player_choice":"Fought Bandits","damage_taken":0,"max_hp_gain":0,"max_hp_loss":0,"event_name":"Masked Bandits","floor":21,"gold_loss":0},{"cards_removed":["Doubt"],"damage_healed":0,"gold_gain":0,"player_choice":"Purged","damage_taken":0,"max_hp_gain":0,"max_hp_loss":0,"event_name":"Purifier","floor":22,"gold_loss":0},{"damage_healed":0,"gold_gain":0,"player_choice":"Copied","damage_taken":0,"max_hp_gain":0,"max_hp_loss":0,"event_name":"Duplicator","floor":24,"gold_loss":0,"cards_obtained":["Master of Strategy"]},{"damage_healed":0,"gold_gain":0,"player_choice":"Read","damage_taken":0,"max_hp_gain":0,"max_hp_loss":0,"event_name":"The Library","floor":30,"gold_loss":0,"cards_obtained":["Tempest"]},{"cards_removed":["Strike_B"],"damage_healed":0,"gold_gain":0,"player_choice":"Gave Gold","damage_taken":0,"max_hp_gain":0,"max_hp_loss":0,"event_name":"Beggar","floor":32,"gold_loss":75},{"damage_healed":0,"gold_gain":222,"player_choice":"Wore Mask","damage_taken":0,"max_hp_gain":0,"max_hp_loss":0,"event_name":"Tomb of Lord Red Mask","floor":39,"gold_loss":0},{"cards_removed":["Strike_B"],"damage_healed":0,"gold_gain":0,"player_choice":"Removed Attack","damage_taken":0,"max_hp_gain":0,"max_hp_loss":0,"event_name":"Falling","floor":40,"gold_loss":0},{"damage_healed":0,"gold_gain":0,"player_choice":"Upgraded","damage_taken":0,"max_hp_gain":0,"max_hp_loss":0,"event_name":"Upgrade Shrine","floor":47,"gold_loss":0,"cards_upgraded":["Corruption"]},{"damage_healed":0,"gold_gain":0,"player_choice":"Fight","damage_taken":0,"max_hp_gain":0,"max_hp_loss":0,"event_name":"Mysterious Sphere","floor":49,"gold_loss":0}],"is_beta":false,"boss_relics":[{"not_picked":["SacredBark","Ectoplasm"],"picked":"Black Star"},{"not_picked":["Sozu","Velvet Choker"],"picked":"Inserter"}],"items_purged_floors":[23],"is_endless":false,"potions_floor_spawned":[6,8,10,12,15,20,27,36,44,50,58],"ascension_level":14}}