{"host":"8tgyo6jwzgmjsiz5","time":1613692262,"event":{"mods":["AchievementEnabler","BaseMod","Best Route Mod","Highlight Path","Minty Spire (QoL Compilation)","Permanent Neow","Quick Restart","StSLib","SuperFastMode"],"gold_per_floor":[111,111,127,127,127,153,153,187,235,235,251,282,300,333,333,412,412,428,303,578,578,633,633,667,0,0,10,23,23,23],"floor_reached":29,"language":"ENG","playtime":943,"items_purged":["Regret","Regret"],"score":515,"play_id":"48191401-2af5-45f8-bfab-64e99f098fd6","local_time":"20210218205102","is_ascension_mode":true,"campfire_choices":[{"data":"Hemokinesis","floor":7.0,"key":"SMITH"},{"floor":10.0,"key":"REST"},{"data":"Armaments","floor":15.0,"key":"SMITH"},{"data":"True Grit","floor":23.0,"key":"SMITH"}],"circlet_count":0,"master_deck":["AscendersBane","Strike_R","Strike_R","Defend_R","Defend_R","Defend_R","Bash+1","Pommel Strike","Hemokinesis+1","Inflame","Pommel Strike","Cleave","Spot Weakness","Armaments+1","Offering","Limit Break","True Grit+1","Reckless Charge","Burning Pact","True Grit+1","Pummel"],"relics":["Burning Blood","Tiny Chest","Anchor","Ice Cream","Eternal Feather","Regal Pillow","Nunchaku","Juzu Bracelet","Black Star","Lantern","Oddly Smooth Stone","Toxic Egg 2","Shuriken","Brimstone","StoneCalendar"],"acts_visited":["Exordium","TheCity"],"potions_floor_usage":[29,29],"damage_taken":[{"damage":9.0,"enemies":"2 Louse","floor":1.0,"turns":3.0},{"damage":1.0,"enemies":"Cultist","floor":3.0,"turns":3.0},{"damage":41.0,"enemies":"Lagavulin","floor":6.0,"turns":5.0},{"damage":5.0,"enemies":"Gremlin Nob","floor":8.0,"turns":2.0},{"damage":4.0,"enemies":"Jaw Worm","floor":11.0,"turns":2.0},{"damage":23.0,"enemies":"3 Sentries","floor":12.0,"turns":5.0},{"damage":1.0,"enemies":"Looter","floor":13.0,"turns":2.0},{"damage":31.0,"enemies":"Lagavulin","floor":14.0,"turns":5.0},{"damage":35.0,"enemies":"Hexaghost","floor":16.0,"turns":7.0},{"damage":37.0,"enemies":"Chosen","floor":18.0,"turns":5.0},{"damage":35.0,"enemies":"Book of Stabbing","floor":24.0,"turns":4.0},{"damage":12.0,"enemies":"3 Byrds","floor":27.0,"turns":3.0},{"damage":9.0,"enemies":"Snake Plant","floor":28.0,"turns":2.0},{"damage":11,"enemies":"Slavers","floor":29,"turns":2}],"seed_played":"-8735655174105879633","potions_obtained":[{"floor":6.0,"key":"DistilledChaos"},{"floor":8.0,"key":"SpeedPotion"},{"floor":12.0,"key":"BloodPotion"},{"floor":13.0,"key":"Block Potion"},{"floor":18.0,"key":"ColorlessPotion"},{"floor":28.0,"key":"Strength Potion"}],"is_trial":false,"path_per_floor":["M","?","M","?","?","E","R","E","T","R","M","E","M","E","R","B",null,"M","$","?","?","T","R","E","$","T","M","M","E"],"character_chosen":"IRONCLAD","items_purchased":["True Grit","Shuriken","True Grit+1","Brimstone","DuplicationPotion","Fire Potion"],"campfire_rested":1,"item_purchase_floors":[19,25,25,25,25,25],"current_hp_per_floor":[65,65,68,63,63,28,28,29,29,68,68,51,56,31,40,11,54,23,23,23,23,23,35,19,19,19,13,10,0,0],"gold":23,"neow_bonus":"REMOVE_TWO","is_daily":false,"chose_seed":false,"campfire_upgraded":3,"win_rate":0.0,"timestamp":1613692262,"path_taken":["M","?","?","?","?","E","R","E","T","R","M","E","M","E","R","BOSS","M","$","?","?","?","R","E","$","T","M","M","E"],"items_purchased_type":["Card","Relic","Card","Relic","Potion","Potion"],"build_version":"2020-12-22","purchased_purges":2,"victory":false,"max_hp_per_floor":[68,68,68,68,68,68,68,68,68,68,68,68,68,68,68,68,68,68,68,68,68,68,68,68,68,68,68,68,68,68],"card_choices":[{"not_picked":["Seeing Red","Clothesline"],"picked":"Pommel Strike","floor":1.0},{"not_picked":["Warcry","Blood for Blood"],"picked":"Hemokinesis","floor":3.0},{"not_picked":["Second Wind","Exhume"],"picked":"Inflame","floor":6.0},{"not_picked":["Juggernaut","Clothesline"],"picked":"Pommel Strike","floor":8.0},{"not_picked":["Sword Boomerang","Anger"],"picked":"Cleave","floor":11.0},{"not_picked":["Anger","Rage"],"picked":"Spot Weakness","floor":12.0},{"not_picked":["Metallicize","Thunderclap"],"picked":"Armaments","floor":13.0},{"not_picked":["Dark Embrace","Clothesline"],"picked":"Offering","floor":14.0},{"not_picked":["Offering","Demon Form"],"picked":"Limit Break","floor":16.0},{"not_picked":["Sword Boomerang","Headbutt","Blood for Blood"],"picked":"SKIP","floor":18.0},{"not_picked":["Havoc+1","Dropkick","Blood for Blood"],"picked":"SKIP","floor":24.0},{"not_picked":["Hemokinesis","Body Slam"],"picked":"Pummel","floor":27.0},{"not_picked":["Blood for Blood+1","Body Slam","Reckless Charge"],"picked":"SKIP","floor":28.0}],"player_experience":1984506,"relics_obtained":[{"floor":6.0,"key":"Ice Cream"},{"floor":8.0,"key":"Eternal Feather"},{"floor":9.0,"key":"Regal Pillow"},{"floor":12.0,"key":"Nunchaku"},{"floor":14.0,"key":"Juzu Bracelet"},{"floor":22.0,"key":"Lantern"},{"floor":24.0,"key":"Oddly Smooth Stone"},{"floor":24.0,"key":"Toxic Egg 2"},{"floor":26.0,"key":"StoneCalendar"}],"event_choices":[{"damage_healed":0.0,"max_hp_gain":0.0,"max_hp_loss":0.0,"gold_gain":0.0,"event_name":"Upgrade Shrine","player_choice":"Upgraded","floor":2.0,"gold_loss":0.0,"damage_taken":0.0,"cards_upgraded":["Bash"]},{"damage_healed":0.0,"max_hp_gain":0.0,"max_hp_loss":0.0,"gold_gain":0.0,"event_name":"Scrap Ooze","player_choice":"Success","floor":4.0,"gold_loss":0.0,"damage_taken":5.0,"relics_obtained":["Tiny Chest"]},{"damage_healed":0.0,"max_hp_gain":0.0,"max_hp_loss":0.0,"gold_gain":0.0,"event_name":"Big Fish","player_choice":"Box","floor":5.0,"gold_loss":0.0,"damage_taken":0.0,"relics_obtained":["Anchor"],"cards_obtained":["Regret"]},{"damage_healed":0.0,"max_hp_gain":0.0,"max_hp_loss":0.0,"gold_gain":275.0,"event_name":"Golden Shrine","player_choice":"Desecrate","floor":20.0,"gold_loss":0.0,"damage_taken":0.0,"cards_obtained":["Regret"]},{"damage_healed":0.0,"max_hp_gain":0.0,"max_hp_loss":0.0,"gold_gain":0.0,"cards_transformed":["Strike_R","Strike_R"],"event_name":"Drug Dealer","player_choice":"Became Test Subject","floor":21.0,"gold_loss":0.0,"damage_taken":0.0,"cards_obtained":["Reckless Charge","Burning Pact"]}],"is_beta":false,"boss_relics":[{"not_picked":["Snecko Eye","Black Blood"],"picked":"Black Star"}],"items_purged_floors":[19,25],"is_endless":false,"potions_floor_spawned":[6,8,12,13,18,28],"killed_by":"Slavers","ascension_level":15}}