{"host":"anox4050deqdcqoh","time":1613668857,"event":{"mods":["BaseMod","Colored Map","Displayed Cursed Tome","Highlight Path","Minty Spire (QoL Compilation)","Quick Restart","Rare Cards Sparkle","everything is the same but u backflip on backflip"],"gold_per_floor":[112,1,21,41,60,60,93,93,93,104,104,117,148,148,148,247,247,262,262,177,26,36,36,66,66,66,139,102,102,116,116,116,214,214,224,234,234,284,284,284,315,331,331,351,371,371,384,384,384,384,384,384,29,55,55,55],"floor_reached":55,"language":"ENG","playtime":4016,"items_purged":["Defend_G","Strike_G"],"score":832,"play_id":"242789d7-385a-4ba1-967f-7b475cccb320","local_time":"20210218122057","is_ascension_mode":true,"campfire_choices":[{"data":"Noxious Fumes","floor":6,"key":"SMITH"},{"data":"Neutralize","floor":8,"key":"SMITH"},{"floor":11,"key":"REST"},{"data":"Well Laid Plans","floor":15,"key":"SMITH"},{"data":"Night Terror","floor":23,"key":"SMITH"},{"data":"Dash","floor":25,"key":"SMITH"},{"floor":32,"key":"REST"},{"data":"Malaise","floor":40,"key":"SMITH"},{"floor":46,"key":"REST"},{"floor":49,"key":"RECALL"},{"data":"Footwork","floor":52,"key":"SMITH"}],"circlet_count":0,"master_deck":["Strike_G","Strike_G","Strike_G","Strike_G","Defend_G","Defend_G","Defend_G","Defend_G","Survivor","Neutralize+1","Dash+1","Noxious Fumes+1","Slice","Backstab","PiercingWail","Well Laid Plans+1","Quick Slash","Blur","Poisoned Stab","Night Terror+1","Leg Sweep","Footwork","Dodge and Roll","Malaise+1","Footwork","Backstab+1","Corpse Explosion","Footwork+1","Flying Knee+1","Acrobatics+1","Noxious Fumes+1","Madness","Madness","Backstab+1"],"relics":["Ring of the Snake","Boot","Omamori","Strawberry","Meat on the Bone","Tiny Chest","Velvet Choker","Nunchaku","Happy Flower","Calipers","Pear","Matryoshka","HoveringKite","Girya","Bag of Preparation","Eternal Feather","Centennial Puzzle","White Beast Statue","Molten Egg 2","Membership Card","Oddly Smooth Stone","Art of War"],"acts_visited":["Exordium","TheCity","TheBeyond","TheEnding"],"potions_floor_usage":[16,24,31,33,33,35,41,49,50,54,54,55,55],"damage_taken":[{"damage":3,"enemies":"Cultist","floor":1,"turns":4},{"damage":3,"enemies":"Jaw Worm","floor":3,"turns":5},{"damage":3,"enemies":"Small Slimes","floor":4,"turns":3},{"damage":0,"enemies":"Exordium Wildlife","floor":5,"turns":3},{"damage":20,"enemies":"3 Sentries","floor":7,"turns":7},{"damage":11,"enemies":"Looter","floor":10,"turns":3},{"damage":0,"enemies":"Blue Slaver","floor":12,"turns":2},{"damage":13,"enemies":"Gremlin Nob","floor":13,"turns":4},{"damage":8,"enemies":"The Guardian","floor":16,"turns":8},{"damage":3,"enemies":"Chosen","floor":18,"turns":3},{"damage":12,"enemies":"Spheric Guardian","floor":22,"turns":6},{"damage":29,"enemies":"Book of Stabbing","floor":24,"turns":6},{"damage":10,"enemies":"Centurion and Healer","floor":30,"turns":8},{"damage":0,"enemies":"Snake Plant","floor":31,"turns":1},{"damage":37,"enemies":"Automaton","floor":33,"turns":11},{"damage":26,"enemies":"3 Darklings","floor":35,"turns":8},{"damage":6,"enemies":"3 Shapes","floor":36,"turns":5},{"damage":0,"enemies":"Mind Bloom Boss Battle","floor":38,"turns":12},{"damage":69,"enemies":"Reptomancer","floor":41,"turns":16},{"damage":2,"enemies":"Sphere and 2 Shapes","floor":42,"turns":6},{"damage":15,"enemies":"Spire Growth","floor":44,"turns":8},{"damage":20,"enemies":"Maw","floor":45,"turns":9},{"damage":1,"enemies":"Writhing Mass","floor":47,"turns":10},{"damage":62,"enemies":"Donu and Deca","floor":50,"turns":9},{"damage":77,"enemies":"Shield and Spear","floor":54,"turns":8},{"damage":49,"enemies":"The Heart","floor":55,"turns":6}],"seed_played":"-6093645962423479790","potions_obtained":[{"floor":3,"key":"SmokeBomb"},{"floor":5,"key":"CultistPotion"},{"floor":7,"key":"Poison Potion"},{"floor":13,"key":"DistilledChaos"},{"floor":16,"key":"Block Potion"},{"floor":30,"key":"ColorlessPotion"},{"floor":33,"key":"SkillPotion"},{"floor":36,"key":"FairyPotion"},{"floor":38,"key":"Swift Potion"},{"floor":41,"key":"SpeedPotion"},{"floor":44,"key":"SteroidPotion"},{"floor":45,"key":"Poison Potion"},{"floor":47,"key":"Fruit Juice"},{"floor":54,"key":"Weak Potion"}],"is_trial":false,"path_per_floor":["M","$","M","M","M","R","E","R","T","M","R","M","E","?","R","B",null,"M","?","?","$","M","R","E","R","T","T","$","T","M","M","R","B",null,"M","M","?","?","T","R","E","M","T","M","M","R","M","?","R","B",null,"R","$","E","B"],"character_chosen":"THE_SILENT","items_purchased":["Noxious Fumes","Happy Flower","Footwork","Membership Card","FearPotion","SpeedPotion","Backstab+1","Oddly Smooth Stone"],"campfire_rested":3,"item_purchase_floors":[2,21,28,53,53,53,53,53],"current_hp_per_floor":[67,67,64,61,61,61,41,41,48,37,60,60,47,44,44,48,77,74,74,74,74,62,62,45,45,55,55,55,55,45,45,71,46,87,61,55,55,55,55,70,13,23,23,20,38,82,81,70,92,42,92,92,92,27,0,0],"gold":55,"neow_bonus":"RANDOM_COMMON_RELIC","is_daily":false,"chose_seed":false,"campfire_upgraded":7,"win_rate":0.0,"timestamp":1613668857,"path_taken":["M","$","?","M","M","R","E","R","T","M","R","M","E","?","R","BOSS","M","?","?","$","M","R","E","R","T","?","$","?","?","M","R","BOSS","M","M","?","?","?","R","E","M","T","M","M","R","?","?","R","BOSS","R","$","E","BOSS"],"items_purchased_type":["Card","Relic","Card","Relic","Potion","Potion","Card","Relic"],"build_version":"2020-12-22","purchased_purges":2,"victory":false,"max_hp_per_floor":[70,70,70,70,70,70,70,70,77,77,77,77,77,77,77,77,77,77,77,77,77,77,77,77,77,87,87,87,87,87,87,87,87,87,87,87,87,87,87,87,87,87,87,87,87,87,87,87,92,92,92,92,92,92,92,92],"card_choices":[{"not_picked":["Deadly Poison","Sucker Punch"],"picked":"Dash","floor":1},{"not_picked":["Bane","Flying Knee"],"picked":"Slice","floor":3},{"not_picked":["Predator","Grand Finale"],"picked":"Backstab","floor":4},{"not_picked":["Outmaneuver","Heel Hook"],"picked":"PiercingWail","floor":5},{"not_picked":["Deadly Poison","Quick Slash"],"picked":"Well Laid Plans","floor":7},{"not_picked":["Riddle With Holes","Sucker Punch"],"picked":"Quick Slash","floor":10},{"not_picked":["Bane","Slice"],"picked":"Blur","floor":12},{"not_picked":["Sucker Punch","Predator"],"picked":"Poisoned Stab","floor":13},{"not_picked":["Corpse Explosion","After Image"],"picked":"Night Terror","floor":16},{"not_picked":["Outmaneuver","Eviscerate","Dagger Throw"],"picked":"SKIP","floor":18},{"not_picked":["Prepared","Terror"],"picked":"Leg Sweep","floor":22},{"not_picked":["Predator","Heel Hook+1","Cloak And Dagger+1"],"picked":"SKIP","floor":24},{"not_picked":["Poisoned Stab","Wraith Form v2"],"picked":"Dodge and Roll","floor":30},{"not_picked":["Unload","Burst"],"picked":"Malaise","floor":33},{"not_picked":["Prepared","Bouncing Flask"],"picked":"Footwork","floor":35},{"not_picked":["Flechettes+1","Choke+1"],"picked":"Backstab+1","floor":36},{"not_picked":["Sucker Punch+1","Accuracy"],"picked":"Corpse Explosion","floor":41},{"not_picked":["Slice+1","Underhanded Strike+1"],"picked":"Footwork","floor":42},{"not_picked":["Choke+1","Prepared+1"],"picked":"Flying Knee+1","floor":44},{"not_picked":["Leg Sweep","Dagger Throw+1"],"picked":"Acrobatics+1","floor":45},{"not_picked":["Heel Hook+1","Prepared"],"picked":"Noxious Fumes+1","floor":47},{"not_picked":["Die Die Die+1","Infinite Blades","Outmaneuver"],"picked":"SKIP","floor":54}],"player_experience":473750,"relics_obtained":[{"floor":7,"key":"Omamori"},{"floor":9,"key":"Strawberry"},{"floor":13,"key":"Meat on the Bone"},{"floor":24,"key":"Calipers"},{"floor":26,"key":"Pear"},{"floor":29,"key":"Matryoshka"},{"floor":38,"key":"Girya"},{"floor":39,"key":"Bag of Preparation"},{"floor":39,"key":"Eternal Feather"},{"floor":41,"key":"Centennial Puzzle"},{"floor":43,"key":"White Beast Statue"},{"floor":43,"key":"Molten Egg 2"},{"floor":54,"key":"Art of War"}],"event_choices":[{"damage_healed":0,"gold_gain":0,"player_choice":"Success","damage_taken":3,"relics_obtained":["Tiny Chest"],"max_hp_gain":0,"max_hp_loss":0,"event_name":"Scrap Ooze","floor":14,"gold_loss":0},{"damage_healed":0,"gold_gain":0,"player_choice":"Ignored","damage_taken":0,"max_hp_gain":0,"max_hp_loss":0,"event_name":"Ghosts","floor":19,"gold_loss":0},{"damage_healed":0,"gold_gain":0,"player_choice":"Obtained Relic","damage_taken":0,"relics_obtained":["Nunchaku"],"max_hp_gain":0,"max_hp_loss":0,"event_name":"Addict","floor":20,"gold_loss":85},{"damage_healed":0,"gold_gain":0,"player_choice":"Ignored","damage_taken":0,"max_hp_gain":0,"max_hp_loss":0,"event_name":"Tomb of Lord Red Mask","floor":37,"gold_loss":0},{"damage_healed":0,"gold_gain":0,"player_choice":"Fight","damage_taken":0,"max_hp_gain":0,"max_hp_loss":0,"event_name":"MindBloom","floor":38,"gold_loss":0},{"damage_healed":0,"gold_gain":0,"player_choice":"Embrace Madness","damage_taken":11,"max_hp_gain":0,"max_hp_loss":0,"event_name":"Winding Halls","floor":48,"gold_loss":0,"cards_obtained":["Madness","Madness"]}],"is_beta":false,"boss_relics":[{"not_picked":["Black Star","Ring of the Serpent"],"picked":"Velvet Choker"},{"not_picked":["Cursed Key","SacredBark"],"picked":"HoveringKite"}],"items_purged_floors":[2,53],"is_endless":false,"potions_floor_spawned":[3,5,7,13,16,18,30,33,36,38,41,44,45,47,54],"killed_by":"The Heart","ascension_level":3}}