{"host":"vlqej45p0v31lhdi","time":1613661398,"event":{"mods":["AchievementEnabler","BaseMod","Bestiary","Colored Powertips","Minty Spire (QoL Compilation)","Relic Stats"],"gold_per_floor":[110,128,128,138,149,149,149],"floor_reached":6,"language":"ENG","playtime":630,"items_purged":[],"score":74,"play_id":"d6eb1836-00f9-4720-9d22-b886a7f881aa","local_time":"20210218091638","is_ascension_mode":true,"campfire_choices":[],"circlet_count":0,"master_deck":["AscendersBane","Strike_R","Strike_R","Strike_R","Strike_R","Strike_R","Defend_R","Defend_R","Defend_R","Defend_R","Bash","Reaper","Sword Boomerang","Flame Barrier","Clothesline"],"relics":["Burning Blood"],"acts_visited":["Exordium"],"potions_floor_usage":[6],"damage_taken":[{"damage":9,"enemies":"2 Louse","floor":1,"turns":4},{"damage":14,"enemies":"Jaw Worm","floor":2,"turns":3},{"damage":17,"enemies":"Cultist","floor":4,"turns":4},{"damage":46,"enemies":"Large Slime","floor":5,"turns":7},{"damage":47,"enemies":"Lagavulin","floor":6,"turns":8}],"seed_played":"-6698748220659897998","potions_obtained":[{"floor":1,"key":"BloodPotion"}],"is_trial":false,"path_per_floor":["M","M","?","M","M","E"],"character_chosen":"IRONCLAD","items_purchased":[],"campfire_rested":0,"item_purchase_floors":[],"current_hp_per_floor":[72,64,64,59,27,0,0],"gold":149,"neow_bonus":"THREE_RARE_CARDS","is_daily":false,"chose_seed":false,"campfire_upgraded":0,"win_rate":0.0,"timestamp":1613661398,"path_taken":["M","M","?","M","M","E"],"items_purchased_type":[],"build_version":"2020-12-22","purchased_purges":0,"victory":false,"max_hp_per_floor":[75,75,75,75,75,75,75],"relic_stats":{"counters":[5,26],"obtain_stats":[{"Burning Blood":0},{"Burning Blood":0},{"Burning Blood":0}],"Burning Blood":24},"card_choices":[{"not_picked":["Impervious","Barricade"],"picked":"Reaper","floor":0},{"not_picked":["True Grit","Body Slam"],"picked":"Sword Boomerang","floor":1},{"not_picked":["Havoc","Iron Wave","True Grit"],"picked":"SKIP","floor":2},{"not_picked":["Uppercut","Feel No Pain"],"picked":"Flame Barrier","floor":4},{"not_picked":["Body Slam","Entrench"],"picked":"Clothesline","floor":5}],"player_experience":3074356,"relics_obtained":[],"event_choices":[{"cards_removed":["Doubt"],"damage_healed":0,"gold_gain":0,"player_choice":"Forget","damage_taken":0,"max_hp_gain":0,"max_hp_loss":0,"event_name":"Living Wall","floor":3,"gold_loss":0}],"is_beta":false,"boss_relics":[],"items_purged_floors":[],"is_endless":false,"potions_floor_spawned":[1],"killed_by":"Lagavulin","ascension_level":19}}