{"host":"6152go0anyt7mc9e","time":1613626025,"event":{"mods":["BaseMod","Colored Map","Minty Spire (QoL Compilation)","StSLib"],"gold_per_floor":[114,114,133,83,8,46,46,46,71,90,109,109,128,147,147,272,272,291,310,329,348,348,348,386,419,494,513,532,551,99,118,118,243,243,262,281,1280,1299,1318,1318,1073,1073,1073,1092,1111,1111,1149,1168,1168,1168],"floor_reached":51,"language":"ZHT","playtime":839,"items_purged":["Defend_R","Defend_R","Defend_R"],"score":1032,"play_id":"3a19787f-bb3d-45c6-b562-c10de84902b3","local_time":"20210218132705","daily_mods":["Cursed Run","Uncertain Future","Lethality"],"is_ascension_mode":false,"campfire_choices":[{"data":"Inflame","floor":7.0,"key":"SMITH"},{"data":"Cleave","floor":12.0,"key":"SMITH"},{"floor":15.0,"key":"REST"},{"floor":23.0,"key":"REST"},{"data":"Limit Break","floor":32,"key":"SMITH"},{"data":"1","floor":40,"key":"LIFT"},{"data":"2","floor":46,"key":"LIFT"},{"data":"3","floor":49,"key":"LIFT"}],"circlet_count":0,"master_deck":["Bash+1","Cleave+1","Injury","Inflame+1","Injury","Heavy Blade+1","Sword Boomerang+1","Headbutt+1","Pain","Immolate+1","Sword Boomerang+1","Pummel+1","Bite+1","Bite+1","Bite+1","Bite+1","Bite+1","Decay","Pummel+1","Whirlwind+1","Limit Break+1","Normality","CurseOfTheBell","Heavy Blade+1","Normality","Normality","Thunderclap+1","Shame","Twin Strike+1","Offering","Pommel Strike+1","Doubt"],"relics":["Cursed Key","Darkstone Periapt","Du-Vu Doll","Golden Idol","Molten Egg 2","Smiling Mask","Runic Dome","Strawberry","Red Mask","Bottled Tornado","Matryoshka","Calling Bell","Oddly Smooth Stone","Eternal Feather","Girya","Brimstone","Boot","Art of War","Toxic Egg 2"],"acts_visited":["Exordium","TheCity","TheBeyond"],"potions_floor_usage":[24,33,50,50,50],"damage_taken":[{"damage":9.0,"enemies":"Jaw Worm","floor":1.0,"turns":2.0},{"damage":0.0,"enemies":"2 Louse","floor":3.0,"turns":1.0},{"damage":17.0,"enemies":"Gremlin Nob","floor":6.0,"turns":3.0},{"damage":0.0,"enemies":"Cultist","floor":10.0,"turns":2.0},{"damage":8.0,"enemies":"Looter","floor":11.0,"turns":2.0},{"damage":0.0,"enemies":"Blue Slaver","floor":13.0,"turns":1.0},{"damage":8.0,"enemies":"Exordium Wildlife","floor":14.0,"turns":2.0},{"damage":27.0,"enemies":"The Guardian","floor":16.0,"turns":3.0},{"damage":0.0,"enemies":"Chosen","floor":18.0,"turns":1.0},{"damage":54.0,"enemies":"3 Byrds","floor":19.0,"turns":3.0},{"damage":18.0,"enemies":"Shelled Parasite and Fungi","floor":20.0,"turns":2.0},{"damage":16.0,"enemies":"Cultist and Chosen","floor":21.0,"turns":2.0},{"damage":0,"enemies":"Book of Stabbing","floor":24,"turns":1},{"damage":0,"enemies":"Masked Bandits","floor":25,"turns":2},{"damage":0,"enemies":"Snake Plant","floor":27,"turns":1},{"damage":14,"enemies":"Chosen and Byrds","floor":28,"turns":2},{"damage":15,"enemies":"Cultist and Chosen","floor":29,"turns":2},{"damage":0,"enemies":"Snake Plant","floor":31,"turns":1},{"damage":19,"enemies":"Automaton","floor":33,"turns":3},{"damage":0,"enemies":"3 Darklings","floor":35,"turns":1},{"damage":0,"enemies":"Orb Walker","floor":36,"turns":1},{"damage":15,"enemies":"Writhing Mass","floor":38,"turns":2},{"damage":0,"enemies":"Jaw Worm Horde","floor":39,"turns":2},{"damage":32,"enemies":"4 Shapes","floor":44,"turns":2},{"damage":21,"enemies":"3 Darklings","floor":45,"turns":2},{"damage":0,"enemies":"Reptomancer","floor":47,"turns":2},{"damage":28,"enemies":"Jaw Worm Horde","floor":48,"turns":2},{"damage":0,"enemies":"Awakened One","floor":50,"turns":2}],"seed_played":"-4060160915487772418","potions_obtained":[{"floor":1.0,"key":"FearPotion"},{"floor":6.0,"key":"Fire Potion"},{"floor":10.0,"key":"Dexterity Potion"},{"floor":14.0,"key":"Fire Potion"},{"floor":20.0,"key":"PowerPotion"},{"floor":21.0,"key":"Regen Potion"},{"floor":25,"key":"DistilledChaos"},{"floor":35,"key":"HeartOfIron"},{"floor":38,"key":"Block Potion"},{"floor":39,"key":"DistilledChaos"}],"is_trial":false,"path_per_floor":["M","?","M","?","$","E","R","?","T","M","M","R","M","M","R","B",null,"M","M","M","M","?","R","E","?","T","M","M","M","$","M","R","B",null,"M","M","?","M","M","R","$","?","T","M","M","R","E","M","R","B",null],"character_chosen":"IRONCLAD","items_purchased":["Whirlwind+1","Limit Break","Matryoshka","Brimstone","Thunderclap+1"],"campfire_rested":2,"item_purchase_floors":[30,30,30,41,41],"current_hp_per_floor":[71,77,77,77,77,60,60,43,49,49,41,41,41,33,60,39,98,98,44,26,10,10,30,40,49,55,55,47,38,38,44,44,37,93,93,93,105,93,99,105,105,105,111,88,67,85,88,66,84,93],"gold":1168,"neow_bonus":"","is_daily":true,"chose_seed":false,"campfire_upgraded":3,"win_rate":0.0,"timestamp":1613626025,"path_taken":["M","?","M","?","$","E","R","?","T","M","M","R","M","M","R","BOSS","M","M","M","M","?","R","E","?","T","M","M","?","$","M","R","BOSS","M","M","?","M","M","R","$","?","T","?","M","R","E","M","R","BOSS"],"items_purchased_type":["Card","Card","Relic","Relic","Card"],"build_version":"2020-12-22","purchased_purges":3,"victory":true,"max_hp_per_floor":[80,86,86,86,86,86,86,86,92,92,92,92,92,92,92,98,98,98,98,98,98,68,68,75,75,81,81,81,81,81,81,81,87,93,93,93,105,105,105,105,105,105,111,111,111,111,111,111,111,117],"card_choices":[{"not_picked":["Spot Weakness","Evolve"],"picked":"Cleave","floor":1.0},{"not_picked":["Anger","Body Slam","Sentinel"],"picked":"SKIP","floor":3.0},{"not_picked":["Entrench","Body Slam+1"],"picked":"Inflame","floor":6.0},{"not_picked":["True Grit","Warcry"],"picked":"Heavy Blade+1","floor":10.0},{"not_picked":["Reckless Charge+1","Clash+1","Sentinel"],"picked":"SKIP","floor":11.0},{"not_picked":["Rupture","Pommel Strike+1"],"picked":"Sword Boomerang+1","floor":13.0},{"not_picked":["Hemokinesis+1","Inflame"],"picked":"Headbutt+1","floor":14.0},{"not_picked":["Demon Form","Bludgeon+1"],"picked":"Immolate+1","floor":16.0},{"not_picked":["Rage","Inflame","Feel No Pain+1"],"picked":"SKIP","floor":18.0},{"not_picked":["Wild Strike+1","Anger+1"],"picked":"Sword Boomerang+1","floor":19.0},{"not_picked":["Entrench+1","Wild Strike+1"],"picked":"Pummel+1","floor":20.0},{"not_picked":["Shockwave","Dark Embrace","Twin Strike+1"],"picked":"SKIP","floor":21.0},{"not_picked":["Iron Wave+1","Infernal Blade","Body Slam+1"],"picked":"SKIP","floor":24},{"not_picked":["Headbutt+1","Second Wind","Searing Blow+1"],"picked":"SKIP","floor":27},{"not_picked":["Power Through","True Grit","Flex"],"picked":"SKIP","floor":28},{"not_picked":["Shrug It Off","Pommel Strike+1"],"picked":"Pummel+1","floor":29},{"not_picked":["Shrug It Off","Perfected Strike+1","Searing Blow+1"],"picked":"SKIP","floor":31},{"not_picked":["Twin Strike+1","Clothesline+1"],"picked":"Heavy Blade+1","floor":35},{"not_picked":["Wild Strike+1","Bloodletting+1","Intimidate"],"picked":"SKIP","floor":36},{"not_picked":["Clash+1","Ghostly Armor","Wild Strike+1"],"picked":"SKIP","floor":38},{"not_picked":["Body Slam+1","Wild Strike+1","Flex"],"picked":"SKIP","floor":39},{"not_picked":["Entrench","Iron Wave+1"],"picked":"Twin Strike+1","floor":44},{"not_picked":["Havoc","Shockwave+1"],"picked":"Offering","floor":45},{"not_picked":["Metallicize","Bloodletting+1","Pommel Strike+1"],"picked":"SKIP","floor":47},{"not_picked":["Metallicize","Bloodletting+1"],"picked":"Pommel Strike+1","floor":47},{"not_picked":["Ghostly Armor+1","Cleave+1","Inflame"],"picked":"SKIP","floor":48}],"player_experience":1550057,"relics_obtained":[{"floor":6.0,"key":"Molten Egg 2"},{"floor":9.0,"key":"Smiling Mask"},{"floor":24,"key":"Strawberry"},{"floor":25,"key":"Red Mask"},{"floor":26,"key":"Bottled Tornado"},{"floor":34,"key":"Oddly Smooth Stone"},{"floor":34,"key":"Eternal Feather"},{"floor":34,"key":"Girya"},{"floor":43,"key":"Boot"},{"floor":43,"key":"Art of War"},{"floor":47,"key":"Toxic Egg 2"}],"event_choices":[{"damage_healed":0.0,"max_hp_gain":0.0,"max_hp_loss":0.0,"gold_gain":0.0,"event_name":"Golden Idol","player_choice":"Take Wound","floor":2.0,"gold_loss":0.0,"damage_taken":0.0,"relics_obtained":["Golden Idol"],"cards_obtained":["Injury"]},{"cards_removed":["Defend_R"],"damage_healed":0.0,"max_hp_gain":0.0,"max_hp_loss":0.0,"gold_gain":0.0,"event_name":"The Cleric","player_choice":"Card Removal","floor":4.0,"gold_loss":50.0,"damage_taken":0.0},{"damage_healed":0.0,"max_hp_gain":0.0,"max_hp_loss":0.0,"gold_gain":0.0,"event_name":"Shining Light","player_choice":"Entered Light","floor":8.0,"gold_loss":0.0,"damage_taken":17.0,"cards_upgraded":["Strike_R","Bash"]},{"damage_healed":0.0,"max_hp_gain":0.0,"max_hp_loss":30.0,"gold_gain":0.0,"event_name":"Vampires","player_choice":"Became a vampire","floor":22.0,"gold_loss":0.0,"damage_taken":0.0,"cards_obtained":["Bite","Bite","Bite","Bite","Bite"]},{"damage_healed":0,"gold_gain":0,"player_choice":"Fought Bandits","damage_taken":0,"max_hp_gain":0,"max_hp_loss":0,"event_name":"Masked Bandits","floor":25,"gold_loss":0},{"damage_healed":0,"gold_gain":999,"player_choice":"Gold","damage_taken":0,"max_hp_gain":0,"max_hp_loss":0,"event_name":"MindBloom","floor":37,"gold_loss":0,"cards_obtained":["Normality","Normality"]},{"damage_healed":0,"gold_gain":0,"player_choice":"Ignored","damage_taken":0,"max_hp_gain":0,"max_hp_loss":0,"event_name":"Purifier","floor":42,"gold_loss":0}],"is_beta":false,"boss_relics":[{"not_picked":["SlaversCollar","Pandora\u0027s Box"],"picked":"Runic Dome"},{"not_picked":["Runic Pyramid","Fusion Hammer"],"picked":"Calling Bell"}],"items_purged_floors":[5,30,41],"is_endless":false,"potions_floor_spawned":[1,6,10,14,19,20,21,25,27,35,38,39,45],"ascension_level":0}}