{"host":"x7btokbb0w2jhl7e","time":1613652075,"event":{"mods":["Act Like it!","BaseMod","Gensokyo","Marisa£®ÏF”Í°°ƒß¿Ì…≥£©","Minty Spire (QoL Compilation)","Quick Restart","StSLib","°æ“≈ŒÔø®≈∆°øREMEMod"],"gold_per_floor":[113,13,13,13,32,65,77,77,124,124,149,149,159,188,188,262,262,282,70,70,70,80,80,112,112,112,362,362,396,396,423,423,495,495,509,523,523,177,177,177,177,177],"floor_reached":41,"language":"ZHS","playtime":1217,"items_purged":["Strike_P+1"],"score":962,"play_id":"b96fd397-6e60-4bb5-9340-12756dae3f74","local_time":"20210218204115","is_ascension_mode":true,"campfire_choices":[{"data":"Eruption","floor":8.0,"key":"SMITH"},{"data":"BowlingBash","floor":12.0,"key":"SMITH"},{"data":"Gensokyo:MorningStar","floor":15.0,"key":"SMITH"},{"floor":23.0,"key":"REST"},{"floor":25.0,"key":"RECALL"},{"floor":30.0,"key":"REST"},{"floor":32.0,"key":"REST"}],"circlet_count":0,"master_deck":["AscendersBane","Strike_P+1","Strike_P+1","Strike_P+1","Defend_P+1","Defend_P","Defend_P","Eruption+1","Vigilance","Gensokyo:MorningStar+1","Indignation","ClearTheMind","FlurryOfBlows","BattleHymn","BowlingBash+1","LessonLearned","InnerPeace","Gensokyo:RPG","Gensokyo:HouraiInAPot"],"relics":["PureWater","REME_ComplimentaryCards","NeowsBlessing","Yang","Strawberry","Gensokyo:CelestialsFlawlessClothing","WingedGreaves","Incense Burner","VioletLotus","TheAbacus","Bronze Scales","Blue Candle","Happy Flower","Ornamental Fan","Unceasing Top","Coffee Dripper","Sundial"],"acts_visited":["Gensokyo:Gensokyo","Gensokyo:Gensokyoer","Gensokyo:Gensokyoest"],"potions_floor_usage":[40],"damage_taken":[{"damage":0.0,"enemies":"Gensokyo:3_Fairies","floor":1.0,"turns":1.0},{"damage":0.0,"enemies":"Gensokyo:Python","floor":5.0,"turns":1.0},{"damage":0.0,"enemies":"Gensokyo:Cirno","floor":6.0,"turns":2.0},{"damage":0.0,"enemies":"Gensokyo:2_Kodama","floor":7.0,"turns":2.0},{"damage":10.0,"enemies":"Gensokyo:Mamizou","floor":11.0,"turns":7.0},{"damage":0.0,"enemies":"Gensokyo:VengefulSpirit","floor":13.0,"turns":2.0},{"damage":4.0,"enemies":"Gensokyo:Aya","floor":14.0,"turns":3.0},{"damage":17.0,"enemies":"Gensokyo:Yukari","floor":16.0,"turns":6.0},{"damage":17.0,"enemies":"Gensokyo:AngelMirror","floor":18.0,"turns":4.0},{"damage":26.0,"enemies":"Gensokyo:3_Dogs","floor":22.0,"turns":6.0},{"damage":11.0,"enemies":"Gensokyo:Tenshi","floor":24.0,"turns":7.0},{"damage":15.0,"enemies":"Gensokyo:Reisen","floor":29.0,"turns":3.0},{"damage":29.0,"enemies":"Gensokyo:Tenshi","floor":31.0,"turns":5.0},{"damage":3.0,"enemies":"Gensokyo:Eternal_Rivals","floor":33.0,"turns":6.0},{"damage":10.0,"enemies":"Gensokyo:3_Bats","floor":35.0,"turns":6.0},{"damage":18.0,"enemies":"Gensokyo:AncientGuardian","floor":36.0,"turns":7.0},{"damage":0,"enemies":"Gensokyo:Kasen","floor":40,"turns":2},{"damage":0,"enemies":"Gensokyo:4_Bats","floor":41,"turns":1}],"seed_played":"5463832588604677900","potions_obtained":[{"floor":1.0,"key":"Ambrosia"},{"floor":5.0,"key":"Regen Potion"},{"floor":24.0,"key":"Block Potion"},{"floor":31.0,"key":"StancePotion"},{"floor":36.0,"key":"SmokeBomb"}],"is_trial":false,"path_per_floor":["M","?","?","?","M","E","M","R","T","?","E","R","M","E","R","B",null,"M","COS","?","$","M","R","E","R","T","?","?","E","R","E","R","B",null,"M","M","?","$","?","E","M"],"character_chosen":"WATCHER","items_purchased":["Sundial"],"campfire_rested":3,"item_purchase_floors":[38],"current_hp_per_floor":[61,61,61,61,61,68,68,68,68,46,36,36,36,32,32,15,60,55,55,55,55,29,51,40,40,40,40,40,25,45,16,36,33,60,50,32,32,32,32,32,32,32],"gold":177,"neow_bonus":"THREE_ENEMY_KILL","is_daily":false,"chose_seed":false,"campfire_upgraded":3,"win_rate":0.0,"timestamp":1613652075,"path_taken":["M","?","?","?","?","E","M","R","T","?","E","R","M","E","R","BOSS","M","COS","?","?","M","R","E","R","T","?","?","E","R","E","R","BOSS","M","M","?","$","?","E","?"],"items_purchased_type":["Relic"],"build_version":"2020-12-22","purchased_purges":1,"victory":false,"max_hp_per_floor":[68,68,68,68,68,75,75,75,75,75,75,75,75,75,75,75,75,75,75,75,75,75,75,75,75,75,69,69,69,69,69,69,69,69,69,69,69,69,69,69,69,69],"card_choices":[{"not_picked":["Evaluate","ClearTheMind","Sanctity"],"picked":"SKIP","floor":1.0},{"not_picked":["ThirdEye","CarveReality"],"picked":"Indignation","floor":4.0},{"not_picked":["Perseverance","WindmillStrike"],"picked":"ClearTheMind","floor":4.0},{"not_picked":["REME_Repentance","Crescendo"],"picked":"FlurryOfBlows","floor":5.0},{"not_picked":["SignatureMove","EmptyFist"],"picked":"BattleHymn","floor":6.0},{"not_picked":["Protect","Perseverance"],"picked":"BowlingBash","floor":7.0},{"not_picked":["FlurryOfBlows","Sanctity","Consecrate"],"picked":"SKIP","floor":11.0},{"not_picked":["FlurryOfBlows","WaveOfTheHand","REME_EmptyShield"],"picked":"SKIP","floor":13.0},{"not_picked":["WindmillStrike","ForeignInfluence","ClearTheMind"],"picked":"SKIP","floor":14.0},{"not_picked":["Ragnarok","Judgement"],"picked":"LessonLearned","floor":16.0},{"not_picked":["Prostrate","EmptyBody","REME_MusicOfDeath"],"picked":"SKIP","floor":18.0},{"not_picked":["Indignation","Collect+1","PathToVictory"],"picked":"SKIP","floor":22.0},{"not_picked":["REME_Repentance","CrushJoints","FlyingSleeves"],"picked":"SKIP","floor":24.0},{"not_picked":["EmptyMind","EmptyBody","BowlingBash"],"picked":"SKIP","floor":29.0},{"not_picked":["Halt","Wish","Crescendo"],"picked":"SKIP","floor":31.0},{"not_picked":["Study+1","FlyingSleeves","Protect"],"picked":"SKIP","floor":35.0},{"not_picked":["Study+1","FlyingSleeves","Protect"],"picked":"SKIP","floor":35.0},{"not_picked":["SashWhip+1","DeceiveReality+1"],"picked":"InnerPeace","floor":36.0},{"not_picked":["Gensokyo:BrilliantDragonBullet","Gensokyo:Dawn"],"picked":"Gensokyo:HouraiInAPot","floor":39}],"player_experience":283859,"relics_obtained":[{"floor":6.0,"key":"Strawberry"},{"floor":11.0,"key":"WingedGreaves"},{"floor":14.0,"key":"Incense Burner"},{"floor":24.0,"key":"Bronze Scales"},{"floor":26.0,"key":"Blue Candle"},{"floor":29.0,"key":"Happy Flower"},{"floor":31.0,"key":"Ornamental Fan"}],"event_choices":[],"is_beta":false,"boss_relics":[{"not_picked":["SacredBark","SlaversCollar"],"picked":"VioletLotus"},{"not_picked":["Velvet Choker","Philosopher\u0027s Stone"],"picked":"Coffee Dripper"}],"items_purged_floors":[38],"is_endless":false,"potions_floor_spawned":[1,5,7,11,24,31,36,40],"killed_by":"Gensokyo:4_Bats","ascension_level":20}}