{"host":"o6j8h35axmoodbwy","time":1613653150,"event":{"mods":["2.2 Compatiblity","Act Like it!","BaseMod","Colored Map","Colored Powertips","Faster Ascension Climbing","MarisaÅiñ∂âJÅ@ñÇóùçπÅj","Minty Spire (QoL Compilation)","Prisma Mod","Quick Restart","Shop Mod","StSLib","SuperFastMode","Td1madao Mod"],"gold_per_floor":[115,132,150,150,9,9,41,41,66,66,24,24,24,44,44,119,119,138,53,53,73,73,73,89,14,14,26,26,26,61,81,81,153,153,165,165,0,18,68,68,98,98,169,169,185,197,31,56,56,56],"floor_reached":51,"language":"JPN","playtime":3125,"items_purged":[],"score":1293,"play_id":"2e96f3a0-6bd6-4d40-a014-46652a10a282","local_time":"20210218215910","is_ascension_mode":true,"campfire_choices":[{"data":"Bash","floor":6,"key":"SMITH"},{"data":"Sword Boomerang","floor":10,"key":"SMITH"},{"data":"Blood for Blood","floor":13,"key":"SMITH"},{"data":"Disarm","floor":15,"key":"SMITH"},{"floor":23,"key":"REST"},{"floor":29,"key":"REST"},{"floor":32,"key":"REST"},{"floor":40,"key":"REST"},{"floor":42,"key":"REST"},{"floor":44,"key":"REST"},{"floor":49,"key":"REST"}],"circlet_count":0,"master_deck":["AscendersBane","Strike_R+1","Strike_R+1","Strike_R+1","Defend_R+1","Defend_R+1","Defend_R+1","Defend_R+1","Bash+1","Fire Breathing","Ghostly Armor","Sword Boomerang+1","Shockwave+1","Impervious","Blood for Blood+1","Disarm+1","Juggernaut","Fire Breathing","Second Wind","Disarm","Evolve","Hemokinesis+1","Exhume","Shrug It Off","Double Tap","Feed","CurseOfTheBell","Dark Shackles","Enlightenment+1","Apotheosis","Seeing Red","Intimidate","Wild Strike","Power Through","Entrench","Impervious"],"relics":["Burning Blood","Oddly Smooth Stone","Bronze Scales","Centennial Puzzle","Fusion Hammer","Potion Belt","Dream Catcher","Dead Branch","Pear","Calling Bell","Omamori","Mummified Hand","Shovel","Red Mask","War Paint","Smiling Mask","Kunai","Gambling Chip"],"acts_visited":["Exordium","TheCity","TheBeyond"],"potions_floor_usage":[7,16,33,35,35,41,50,50,50],"damage_taken":[{"damage":8,"enemies":"Small Slimes","floor":1,"turns":5},{"damage":12,"enemies":"2 Louse","floor":2,"turns":3},{"damage":0,"enemies":"Jaw Worm","floor":3,"turns":6},{"damage":52,"enemies":"Gremlin Nob","floor":7,"turns":6},{"damage":6,"enemies":"3 Louse","floor":14,"turns":3},{"damage":7,"enemies":"Hexaghost","floor":16,"turns":9},{"damage":14,"enemies":"Shell Parasite","floor":18,"turns":6},{"damage":10,"enemies":"Spheric Guardian","floor":21,"turns":6},{"damage":26,"enemies":"Centurion and Healer","floor":24,"turns":8},{"damage":9,"enemies":"Snecko","floor":27,"turns":9},{"damage":18,"enemies":"Book of Stabbing","floor":30,"turns":6},{"damage":33,"enemies":"Shelled Parasite and Fungi","floor":31,"turns":6},{"damage":41,"enemies":"Champ","floor":33,"turns":16},{"damage":19,"enemies":"3 Darklings","floor":35,"turns":6},{"damage":6,"enemies":"3 Shapes","floor":38,"turns":3},{"damage":53,"enemies":"Reptomancer","floor":41,"turns":8},{"damage":26,"enemies":"3 Darklings","floor":45,"turns":6},{"damage":11,"enemies":"4 Shapes","floor":46,"turns":4},{"damage":2,"enemies":"Mind Bloom Boss Battle","floor":48,"turns":8},{"damage":26,"enemies":"Donu and Deca","floor":50,"turns":9}],"seed_played":"-2542212985073981849","potions_obtained":[{"floor":7,"key":"SkillPotion"},{"floor":18,"key":"GamblersBrew"},{"floor":24,"key":"Energy Potion"},{"floor":33,"key":"SpeedPotion"},{"floor":38,"key":"SteroidPotion"},{"floor":46,"key":"Dexterity Potion"}],"is_trial":false,"path_per_floor":["M","M","M","?","$","R","E","?","T","R","$","?","R","M","R","B",null,"M","?","?","M","?","R","M","?","T","M","T","R","E","M","R","B",null,"M","?","?","M","T","R","E","R","T","R","M","M","$","?","R","B",null],"character_chosen":"IRONCLAD","items_purchased":["Shockwave","BloodPotion","Blood for Blood","ColorlessPotion","AttackPotion","SpeedPotion"],"campfire_rested":7,"item_purchase_floors":[5,5,11,47,47,47],"current_hp_per_floor":[66,60,66,59,59,59,28,53,53,53,53,53,53,53,53,52,69,61,61,61,57,57,75,55,55,55,52,52,74,72,45,70,35,73,63,53,53,56,56,83,36,63,63,90,70,65,65,69,91,71],"gold":56,"neow_bonus":"RANDOM_COMMON_RELIC","is_daily":false,"chose_seed":false,"campfire_upgraded":4,"win_rate":0.0,"timestamp":1613653150,"path_taken":["M","M","M","?","$","R","E","?","T","R","?","?","R","M","R","BOSS","M","?","?","M","?","R","M","?","T","M","?","R","E","M","R","BOSS","M","?","?","M","?","R","E","R","T","R","M","?","?","?","R","BOSS"],"items_purchased_type":["Card","Potion","Card","Potion","Potion","Potion"],"build_version":"2020-12-22","purchased_purges":0,"victory":true,"max_hp_per_floor":[75,75,75,75,75,75,75,75,75,75,75,75,75,75,75,75,75,75,75,75,75,75,75,75,75,75,75,75,75,85,85,85,85,85,88,88,88,91,91,91,91,91,91,91,91,91,91,91,91,91],"card_choices":[{"not_picked":["Sword Boomerang","Anger"],"picked":"Fire Breathing","floor":1},{"not_picked":["Fire Breathing","Metallicize"],"picked":"Ghostly Armor","floor":2},{"not_picked":["Ghostly Armor","Body Slam"],"picked":"Sword Boomerang","floor":3},{"not_picked":["Ghostly Armor","Body Slam"],"picked":"Impervious","floor":7},{"not_picked":["Dual Wield","Pummel"],"picked":"Disarm","floor":14},{"not_picked":["Corruption","Reaper"],"picked":"Juggernaut","floor":16},{"not_picked":["Flex","True Grit"],"picked":"Fire Breathing","floor":18},{"not_picked":["Perfected Strike","Second Wind","Clothesline"],"picked":"SKIP","floor":21},{"not_picked":["Perfected Strike","Clothesline"],"picked":"Second Wind","floor":21},{"not_picked":["Headbutt","Heavy Blade"],"picked":"Evolve","floor":24},{"not_picked":["Thunderclap","Heavy Blade"],"picked":"Hemokinesis+1","floor":27},{"not_picked":["True Grit","Havoc"],"picked":"Exhume","floor":29},{"not_picked":["Havoc","Anger","Flex+1"],"picked":"SKIP","floor":30},{"not_picked":["Anger","Warcry"],"picked":"Shrug It Off","floor":31},{"not_picked":["Perfected Strike","Body Slam"],"picked":"Double Tap","floor":32},{"not_picked":["Double Tap","Limit Break"],"picked":"Feed","floor":33},{"not_picked":["Iron Wave","Dark Embrace","Entrench"],"picked":"SKIP","floor":35},{"not_picked":["Flash of Steel","Secret Technique"],"picked":"Dark Shackles","floor":36},{"not_picked":["Transmutation","PanicButton"],"picked":"Enlightenment","floor":36},{"not_picked":["Purity","Thinking Ahead"],"picked":"Apotheosis","floor":36},{"not_picked":["Clash","Iron Wave+1","True Grit"],"picked":"SKIP","floor":38},{"not_picked":["Havoc","Iron Wave"],"picked":"Seeing Red","floor":40},{"not_picked":["Shrug It Off","Thunderclap"],"picked":"Intimidate","floor":41},{"not_picked":["Thunderclap+1","Clothesline"],"picked":"Wild Strike","floor":42},{"not_picked":["Reckless Charge","Heavy Blade"],"picked":"Power Through","floor":44},{"not_picked":["Flex","Entrench","Clash"],"picked":"SKIP","floor":45},{"not_picked":["Flex","Anger+1","Second Wind"],"picked":"SKIP","floor":46},{"not_picked":["Clash","Power Through"],"picked":"Entrench","floor":48},{"not_picked":["Dropkick","Shrug It Off"],"picked":"Impervious","floor":49}],"player_experience":444451,"relics_obtained":[{"floor":7,"key":"Bronze Scales"},{"floor":9,"key":"Centennial Puzzle"},{"floor":26,"key":"Dream Catcher"},{"floor":28,"key":"Dead Branch"},{"floor":30,"key":"Pear"},{"floor":34,"key":"Omamori"},{"floor":34,"key":"Mummified Hand"},{"floor":34,"key":"Shovel"},{"floor":39,"key":"War Paint"},{"floor":41,"key":"Smiling Mask"},{"floor":43,"key":"Kunai"},{"floor":48,"key":"Gambling Chip"}],"event_choices":[{"cards_removed":["Strike_R"],"damage_healed":0,"gold_gain":0,"player_choice":"Card Removal","damage_taken":7,"max_hp_gain":0,"max_hp_loss":0,"event_name":"Golden Wing","floor":4,"gold_loss":0},{"damage_healed":25,"gold_gain":0,"player_choice":"Banana","damage_taken":0,"max_hp_gain":0,"max_hp_loss":0,"event_name":"Big Fish","floor":8,"gold_loss":0},{"damage_healed":0,"gold_gain":0,"player_choice":"Ignored","damage_taken":0,"max_hp_gain":0,"max_hp_loss":0,"event_name":"Liars Game","floor":12,"gold_loss":0},{"damage_healed":0,"gold_gain":0,"player_choice":"Obtained Relic","damage_taken":0,"relics_obtained":["Potion Belt"],"max_hp_gain":0,"max_hp_loss":0,"event_name":"Addict","floor":19,"gold_loss":85},{"damage_healed":0,"gold_gain":0,"player_choice":"Simplicity","damage_taken":0,"max_hp_gain":0,"max_hp_loss":0,"event_name":"Back to Basics","floor":20,"gold_loss":0,"cards_upgraded":["Strike_R","Strike_R","Strike_R","Strike_R","Defend_R","Defend_R","Defend_R","Defend_R"]},{"damage_healed":0,"gold_gain":0,"player_choice":"Read","damage_taken":0,"max_hp_gain":0,"max_hp_loss":0,"event_name":"The Library","floor":22,"gold_loss":0,"cards_obtained":["Disarm"]},{"cards_removed":["Strike_R"],"damage_healed":0,"gold_gain":0,"player_choice":"Gave Gold","damage_taken":0,"max_hp_gain":0,"max_hp_loss":0,"event_name":"Beggar","floor":25,"gold_loss":75},{"damage_healed":0,"gold_gain":0,"player_choice":"Memory 3","damage_taken":10,"max_hp_gain":0,"max_hp_loss":0,"event_name":"SensoryStone","floor":36,"gold_loss":0},{"damage_healed":0,"gold_gain":0,"player_choice":"Paid","damage_taken":0,"relics_obtained":["Red Mask"],"max_hp_gain":0,"max_hp_loss":0,"event_name":"Tomb of Lord Red Mask","floor":37,"gold_loss":165},{"damage_healed":0,"gold_gain":0,"player_choice":"Fight","damage_taken":0,"max_hp_gain":0,"max_hp_loss":0,"event_name":"MindBloom","floor":48,"gold_loss":0}],"is_beta":false,"boss_relics":[{"not_picked":["Ectoplasm","Snecko Eye"],"picked":"Fusion Hammer"},{"not_picked":["Runic Dome","Pandora\u0027s Box"],"picked":"Calling Bell"}],"items_purged_floors":[],"is_endless":false,"potions_floor_spawned":[7,18,24,33,38,46,48],"ascension_level":18}}