{"host":"iodn1af76021fjto","time":1613670971,"event":{"mods":["AchievementEnabler","BaseMod","BetterRewards","Colored Map","Downfall","Hermit","Jorbs\u0027s Wanderer Trilogy","Minty Spire (QoL Compilation)","Quick Restart","StSLib","SuperFastMode","The Cursed","The Hierophant","The Jungle","The Runesmith","The Servant 0.9.4"],"gold_per_floor":[117,117,132,132,57,88,88,104,186,186,221,221,249,17,17,120,120,135,154,154,54,80,80,80,110,110,142,142,154,189,189,189,288,288,307,357,357,372,385,385,419,419,445,471,45,119,163,179,179,179,179,179,52,81,81],"floor_reached":56,"language":"ENG","playtime":2503,"items_purged":["Strike_G","Strike_G","Strike_G","Defend_G"],"score":1538,"play_id":"9665ed8c-dc93-4fb6-8592-ff6b0031c38c","local_time":"20210218125611","is_ascension_mode":true,"campfire_choices":[{"data":"Cloak And Dagger","floor":7,"key":"SMITH"},{"data":"Neutralize","floor":12,"key":"SMITH"},{"data":"Masterful Stab","floor":15,"key":"SMITH"},{"data":"Neutralize","floor":23,"key":"SMITH"},{"floor":28,"key":"REST"},{"floor":32,"key":"RECALL"},{"data":"Backflip","floor":40,"key":"SMITH"},{"data":"Survivor","floor":42,"key":"SMITH"},{"data":"Sucker Punch","floor":49,"key":"SMITH"},{"data":"Defend_G","floor":52,"key":"SMITH"}],"circlet_count":0,"master_deck":["Strike_G+1","Strike_G+1","Defend_G+1","Defend_G","Defend_G","Defend_G","Survivor+1","Neutralize+1","Backflip+1","Cloak And Dagger+1","Dodge and Roll+1","Masterful Stab+1","Sucker Punch+1","Infinite Blades+1","Infinite Blades+1","Doppelganger+1","CurseOfTheBell","Dagger Spray+1","Accuracy+1","Blur+1","Blur+1","Neutralize+1","Infinite Blades+1","Blade Dance+1","Burst+1","Blade Dance+1","Terror+1","Writhe","Backstab+1","After Image+1","Finisher+1"],"relics":["Ring of the Snake","NeowsBlessing","Akabeko","Toxic Egg 2","Eternal Feather","Whetstone","Frozen Egg 2","ClockworkSouvenir","Calling Bell","Toy Ornithopter","Mummified Hand","Prayer Wheel","Sundial","Question Card","Ninja Scroll","Tiny Chest","Black Star","Runesmith:Locket","CeramicFish","Letter Opener","Anchor","Molten Egg 2","Bottled Flame","Bag of Marbles","Happy Flower","HornCleat","StrikeDummy","Smiling Mask","Boot","Vajra"],"acts_visited":["Exordium","TheCity","TheBeyond","TheEnding"],"potions_floor_usage":[19,33,38,54,55],"damage_taken":[{"damage":0,"enemies":"Cultist","floor":1,"turns":1},{"damage":0,"enemies":"Small Slimes","floor":3,"turns":1},{"damage":0,"enemies":"Gremlin Nob","floor":6,"turns":1},{"damage":0,"enemies":"2 Louse","floor":8,"turns":2},{"damage":0,"enemies":"3 Sentries","floor":11,"turns":10},{"damage":0,"enemies":"Lagavulin","floor":13,"turns":8},{"damage":22,"enemies":"The Guardian","floor":16,"turns":15},{"damage":4,"enemies":"Shell Parasite","floor":18,"turns":5},{"damage":14,"enemies":"2 Thieves","floor":19,"turns":3},{"damage":19,"enemies":"Gremlin Leader","floor":25,"turns":7},{"damage":38,"enemies":"Slavers","floor":27,"turns":6},{"damage":6,"enemies":"Snake Plant","floor":29,"turns":5},{"damage":1,"enemies":"Book of Stabbing","floor":30,"turns":5},{"damage":22,"enemies":"Champ","floor":33,"turns":8},{"damage":24,"enemies":"3 Shapes","floor":35,"turns":4},{"damage":8,"enemies":"Mind Bloom Boss Battle","floor":36,"turns":4},{"damage":0,"enemies":"Orb Walker","floor":38,"turns":1},{"damage":1,"enemies":"3 Darklings","floor":39,"turns":7},{"damage":1,"enemies":"Reptomancer","floor":41,"turns":3},{"damage":4,"enemies":"Giant Head","floor":44,"turns":7},{"damage":0,"enemies":"Reptomancer","floor":47,"turns":5},{"damage":0,"enemies":"Sphere and 2 Shapes","floor":48,"turns":3},{"damage":9,"enemies":"Donu and Deca","floor":50,"turns":8},{"damage":48,"enemies":"Shield and Spear","floor":54,"turns":7},{"damage":31,"enemies":"The Heart","floor":55,"turns":8}],"seed_played":"3230275386498563708","potions_obtained":[{"floor":1,"key":"Dexterity Potion"},{"floor":3,"key":"AttackPotion"},{"floor":6,"key":"GamblersBrew"},{"floor":10,"key":"EntropicBrew"},{"floor":10,"key":"SmokeBomb"},{"floor":19,"key":"BlessingOfTheForge"},{"floor":27,"key":"AttackPotion"},{"floor":29,"key":"Guardian:BlockOnCardUsePotion"},{"floor":38,"key":"LiquidMemories"},{"floor":39,"key":"FearPotion"},{"floor":41,"key":"DuplicationPotion"},{"floor":54,"key":"Poison Potion"}],"is_trial":false,"path_per_floor":["M","?","M","$","$","E","R","M","T","?","E","R","E","$","R","B",null,"M","M","?","$","T","R","?","E","T","E","R","M","E","?","R","B",null,"M","?","?","M","M","R","E","R","T","E","$","T","E","M","R","B",null,"R","$","E","B",null],"character_chosen":"THE_SILENT","items_purchased":["Infinite Blades+1","ClockworkSouvenir","Bag of Marbles","Happy Flower","CunningPotion"],"campfire_rested":1,"item_purchase_floors":[14,14,45,45,53],"current_hp_per_floor":[70,70,70,70,70,70,70,70,70,70,70,70,70,70,70,48,70,66,56,56,56,56,68,68,49,49,11,44,38,37,37,52,35,70,46,38,56,61,60,70,69,70,70,66,66,66,66,66,70,61,70,70,70,27,1],"gold":81,"neow_bonus":"THREE_ENEMY_KILL","is_daily":false,"chose_seed":false,"campfire_upgraded":8,"win_rate":0.0,"timestamp":1613670971,"path_taken":["M","?","M","?","$","E","R","M","T","?","E","R","E","$","R","BOSS","M","M","?","$","?","R","?","E","T","E","R","M","E","?","R","BOSS","M","?","?","M","M","R","E","R","T","E","$","?","E","M","R","BOSS","R","$","E","BOSS"],"items_purchased_type":["Card","Relic","Relic","Relic","Potion"],"build_version":"2020-12-22","purchased_purges":4,"victory":true,"max_hp_per_floor":[70,70,70,70,70,70,70,70,70,70,70,70,70,70,70,70,70,70,70,70,70,70,70,70,70,70,70,70,70,70,70,70,70,70,70,70,70,70,70,70,70,70,70,70,70,70,70,70,70,70,70,70,70,70,70],"card_choices":[{"not_picked":["Reflex","Eviscerate"],"picked":"Backflip","floor":1},{"not_picked":["Flechettes","Dagger Spray"],"picked":"Cloak And Dagger","floor":3},{"not_picked":["Eviscerate","Underhanded Strike"],"picked":"Dodge and Roll+1","floor":6},{"not_picked":["Riddle With Holes","Dodge and Roll+1"],"picked":"Masterful Stab","floor":8},{"not_picked":["Prepared+1","Choke"],"picked":"Sucker Punch","floor":11},{"not_picked":["Acrobatics+1","Riddle With Holes"],"picked":"Infinite Blades+1","floor":13},{"not_picked":["Unload","Bullet Time+1"],"picked":"Doppelganger+1","floor":16},{"not_picked":["Bane","Well Laid Plans+1"],"picked":"Dagger Spray+1","floor":18},{"not_picked":["Distraction+1","Prepared+1","Skewer"],"picked":"SKIP","floor":18},{"not_picked":["Predator+1","Backstab"],"picked":"Accuracy+1","floor":19},{"not_picked":["Wraith Form v2+1","Prepared+1"],"picked":"Blur+1","floor":19},{"not_picked":["Acrobatics+1","Backflip+1","Dagger Spray"],"picked":"SKIP","floor":25},{"not_picked":["Heel Hook","Distraction+1","Bane+1","Bouncing Flask+1"],"picked":"SKIP","floor":27},{"not_picked":["Tactician+1","Tools of the Trade+1","Reflex+1"],"picked":"Infinite Blades+1","floor":29},{"not_picked":["Sucker Punch","Bane","Underhanded Strike+1","Setup+1"],"picked":"SKIP","floor":29},{"not_picked":["Heel Hook","Calculated Gamble+1","Die Die Die"],"picked":"Blade Dance+1","floor":30},{"not_picked":["Night Terror+1","Tools of the Trade+1","Corpse Explosion+1"],"picked":"Burst+1","floor":33},{"not_picked":["Flying Knee+1","Quick Slash","Prepared+1"],"picked":"Blade Dance+1","floor":35},{"not_picked":["Quick Slash","Footwork+1","Deadly Poison+1"],"picked":"Terror+1","floor":35},{"not_picked":["Quick Slash+1","Slice+1","PiercingWail+1"],"picked":"Backstab+1","floor":38},{"not_picked":["Reflex+1","Poisoned Stab+1","Skewer+1","Cloak And Dagger+1"],"picked":"SKIP","floor":38},{"not_picked":["Deadly Poison+1","Dodge and Roll+1","Blade Dance+1","Terror+1"],"picked":"SKIP","floor":39},{"not_picked":["Wraith Form v2+1","Flying Knee","Bane","Quick Slash+1"],"picked":"SKIP","floor":39},{"not_picked":["Slice+1","Blade Dance+1","Deflect+1"],"picked":"After Image+1","floor":41},{"not_picked":["Predator+1","Skewer+1","Tactician+1","Blur+1"],"picked":"SKIP","floor":44},{"not_picked":["Dodge and Roll+1","Cloak And Dagger+1","Expertise+1"],"picked":"Finisher+1","floor":47},{"not_picked":["Underhanded Strike+1","Skewer+1","Crippling Poison+1","Catalyst+1"],"picked":"SKIP","floor":48},{"not_picked":["Outmaneuver+1","Riddle With Holes+1","Sucker Punch+1","Slice+1"],"picked":"SKIP","floor":48},{"not_picked":["Heel Hook+1","Glass Knife+1","Reflex+1","Tactician+1"],"picked":"SKIP","floor":54}],"player_experience":269800,"relics_obtained":[{"floor":6,"key":"Toxic Egg 2"},{"floor":9,"key":"Eternal Feather"},{"floor":11,"key":"Whetstone"},{"floor":13,"key":"Frozen Egg 2"},{"floor":17,"key":"Toy Ornithopter"},{"floor":17,"key":"Mummified Hand"},{"floor":17,"key":"Prayer Wheel"},{"floor":25,"key":"Sundial"},{"floor":26,"key":"Question Card"},{"floor":27,"key":"Ninja Scroll"},{"floor":30,"key":"Tiny Chest"},{"floor":36,"key":"Runesmith:Locket"},{"floor":41,"key":"CeramicFish"},{"floor":41,"key":"Letter Opener"},{"floor":43,"key":"Anchor"},{"floor":44,"key":"Molten Egg 2"},{"floor":44,"key":"Bottled Flame"},{"floor":46,"key":"HornCleat"},{"floor":47,"key":"StrikeDummy"},{"floor":47,"key":"Smiling Mask"},{"floor":54,"key":"Boot"},{"floor":54,"key":"Vajra"}],"event_choices":[{"damage_healed":0,"gold_gain":0,"player_choice":"Gave Potion","damage_taken":0,"relics_obtained":["Akabeko"],"max_hp_gain":0,"max_hp_loss":0,"event_name":"WeMeetAgain","floor":2,"gold_loss":0},{"damage_healed":0,"gold_gain":0,"player_choice":"Got Potions","damage_taken":0,"max_hp_gain":0,"max_hp_loss":0,"event_name":"Lab","floor":10,"gold_loss":0},{"damage_healed":0,"gold_gain":0,"player_choice":"2 cards matched","damage_taken":0,"max_hp_gain":0,"max_hp_loss":0,"event_name":"Match and Keep!","floor":20,"gold_loss":0,"cards_obtained":["Blur","Neutralize"]},{"damage_healed":0,"gold_gain":0,"player_choice":"Ignored","damage_taken":0,"max_hp_gain":0,"max_hp_loss":0,"event_name":"Vampires","floor":24,"gold_loss":0},{"damage_healed":0,"gold_gain":0,"player_choice":"Ignored","damage_taken":0,"max_hp_gain":0,"max_hp_loss":0,"event_name":"Transmorgrifier","floor":31,"gold_loss":0},{"damage_healed":0,"gold_gain":0,"player_choice":"Fight","damage_taken":0,"max_hp_gain":0,"max_hp_loss":0,"event_name":"MindBloom","floor":36,"gold_loss":0},{"damage_healed":18,"gold_gain":0,"player_choice":"Writhe","damage_taken":0,"max_hp_gain":0,"max_hp_loss":0,"event_name":"Winding Halls","floor":37,"gold_loss":0,"cards_obtained":["Writhe"]}],"is_beta":false,"boss_relics":[{"not_picked":["Busted Crown","Runic Dome"],"picked":"Calling Bell"},{"not_picked":["Astrolabe","SacredBark"],"picked":"Black Star"}],"items_purged_floors":[5,21,45,53],"is_endless":false,"potions_floor_spawned":[1,3,6,19,27,29,38,39,41,54],"ascension_level":2}}