{"host":"5mo0809oo9tcrmpl","time":1613611663,"event":{"mods":["BaseMod","Highlight Path","Minty Spire (QoL Compilation)","Relic Stats","Slay the Relics Exporter"],"gold_per_floor":[114,114,133,83,8,46,46,46,71,90,109,109,128,147,147,272,272,291,310,329,348,348,348,386,419,494,513,532,551,172,191,191,316,316,335,354,417,436,455,455,155,155,155,174,193,193,231,250,250,250],"floor_reached":51,"language":"ENG","playtime":1509,"items_purged":["Strike_R","Pain","Normality"],"score":807,"play_id":"35f89c4e-e009-450c-8fd3-7d46b5a68a41","local_time":"20210217192743","daily_mods":["Cursed Run","Uncertain Future","Lethality"],"is_ascension_mode":false,"campfire_choices":[{"data":"Body Slam","floor":7,"key":"SMITH"},{"data":"Bash","floor":12,"key":"SMITH"},{"data":"Defend_R","floor":15,"key":"SMITH"},{"floor":23,"key":"REST"},{"floor":32,"key":"REST"},{"floor":40,"key":"REST"},{"floor":46,"key":"REST"},{"floor":49,"key":"REST"}],"circlet_count":0,"master_deck":["Defend_R+1","Defend_R+1","Defend_R","Defend_R+1","Bash+1","Cleave","Body Slam+1","Body Slam+1","Injury","Heavy Blade+1","Clash+1","Pommel Strike+1","Headbutt+1","Demon Form","Rage","Entrench+1","Shockwave","Bite+1","Bite+1","Bite+1","Bite+1","Bite+1","Body Slam+1","Metallicize","True Grit","Shrug It Off","Limit Break","Shrug It Off","Barricade","Twin Strike+1","Ghostly Armor","Regret","Havoc+1","Armaments","Heavy Blade+1","Regret"],"relics":["Cursed Key","Darkstone Periapt","Du-Vu Doll","Golden Idol","Molten Egg 2","Smiling Mask","Runic Dome","Strawberry","Red Mask","Bottled Tornado","Kunai","Fusion Hammer","Girya","Letter Opener","Oddly Smooth Stone","Boot"],"acts_visited":["Exordium","TheCity","TheBeyond"],"potions_floor_usage":[16,19,20,24,24,27,33,33,39,47,50,50],"damage_taken":[{"damage":4.0,"enemies":"Jaw Worm","floor":1.0,"turns":2.0},{"damage":0.0,"enemies":"2 Louse","floor":3.0,"turns":1.0},{"damage":14.0,"enemies":"Gremlin Nob","floor":6.0,"turns":3.0},{"damage":0,"enemies":"Cultist","floor":10,"turns":2},{"damage":0,"enemies":"Looter","floor":11,"turns":2},{"damage":0,"enemies":"Blue Slaver","floor":13,"turns":1},{"damage":0,"enemies":"Exordium Wildlife","floor":14,"turns":2},{"damage":36,"enemies":"The Guardian","floor":16,"turns":5},{"damage":16,"enemies":"Chosen","floor":18,"turns":2},{"damage":54,"enemies":"3 Byrds","floor":19,"turns":3},{"damage":7,"enemies":"Shelled Parasite and Fungi","floor":20,"turns":3},{"damage":10,"enemies":"Cultist and Chosen","floor":21,"turns":4},{"damage":32,"enemies":"Book of Stabbing","floor":24,"turns":4},{"damage":0,"enemies":"Masked Bandits","floor":25,"turns":2},{"damage":23,"enemies":"Snake Plant","floor":27,"turns":3},{"damage":14,"enemies":"Chosen and Byrds","floor":28,"turns":3},{"damage":12,"enemies":"Cultist and Chosen","floor":29,"turns":3},{"damage":20,"enemies":"Snake Plant","floor":31,"turns":3},{"damage":17,"enemies":"Automaton","floor":33,"turns":6},{"damage":20,"enemies":"3 Darklings","floor":35,"turns":4},{"damage":10,"enemies":"Orb Walker","floor":36,"turns":3},{"damage":39,"enemies":"Mind Bloom Boss Battle","floor":37,"turns":4},{"damage":31,"enemies":"Writhing Mass","floor":38,"turns":4},{"damage":11,"enemies":"Jaw Worm Horde","floor":39,"turns":3},{"damage":24,"enemies":"4 Shapes","floor":44,"turns":4},{"damage":8,"enemies":"3 Darklings","floor":45,"turns":3},{"damage":12,"enemies":"Reptomancer","floor":47,"turns":4},{"damage":18,"enemies":"Jaw Worm Horde","floor":48,"turns":3},{"damage":21,"enemies":"Awakened One","floor":50,"turns":8}],"seed_played":"-4060160915487772418","potions_obtained":[{"floor":1.0,"key":"FearPotion"},{"floor":6,"key":"Fire Potion"},{"floor":10,"key":"Dexterity Potion"},{"floor":19,"key":"SkillPotion"},{"floor":20,"key":"PowerPotion"},{"floor":21,"key":"Regen Potion"},{"floor":25,"key":"DistilledChaos"},{"floor":27,"key":"SkillPotion"},{"floor":35,"key":"HeartOfIron"},{"floor":37,"key":"Block Potion"},{"floor":38,"key":"DistilledChaos"},{"floor":45,"key":"SteroidPotion"},{"floor":48,"key":"Fire Potion"}],"is_trial":false,"path_per_floor":["M","?","M","?","$","E","R","?","T","M","M","R","M","M","R","B",null,"M","M","M","M","?","R","E","?","T","M","M","M","$","M","R","B",null,"M","M","?","M","M","R","$","?","T","M","M","R","E","M","R","B",null],"character_chosen":"IRONCLAD","items_purchased":["Kunai","Limit Break","Letter Opener"],"campfire_rested":5,"item_purchase_floors":[30,30,41],"current_hp_per_floor":[76,82,82,82,82,68,68,51,57,57,57,57,57,57,57,27,98,82,28,21,11,11,31,30,36,42,31,32,26,26,15,39,46,87,73,69,45,20,15,41,41,41,47,29,27,54,54,45,72,78],"gold":250,"neow_bonus":"","is_daily":true,"chose_seed":false,"campfire_upgraded":3,"win_rate":0.0,"timestamp":1613611663,"path_taken":["M","?","M","?","$","E","R","?","T","M","M","R","M","M","R","BOSS","M","M","M","M","?","R","E","?","T","M","M","?","$","M","R","BOSS","M","M","?","M","M","R","$","?","T","?","M","R","E","M","R","BOSS"],"items_purchased_type":["Relic","Card","Relic"],"build_version":"2020-12-22","purchased_purges":3,"victory":true,"max_hp_per_floor":[80,86,86,86,86,86,86,86,92,92,92,92,92,92,92,98,98,98,98,98,98,68,68,75,75,81,81,81,81,81,81,81,87,87,87,87,87,87,87,87,87,87,93,93,93,93,93,93,93,99],"relic_stats":{"Darkstone Periapt":42,"counters":[29,94],"Golden Idol":207,"Kunai":[11],"Letter Opener":[48],"Cursed Key":3,"Smiling Mask":125,"Boot":[0],"obtain_stats":[{"Darkstone Periapt":0,"Girya":37,"Golden Idol":2,"Oddly Smooth Stone":43,"Letter Opener":41,"Bottled Tornado":26,"Cursed Key":0,"Smiling Mask":9,"Boot":47,"Du-Vu Doll":0,"Runic Dome":17,"Strawberry":24,"Molten Egg 2":6,"Fusion Hammer":34,"Red Mask":25,"Kunai":30},{"Darkstone Periapt":0,"Girya":22,"Golden Idol":1,"Oddly Smooth Stone":24,"Letter Opener":24,"Bottled Tornado":14,"Cursed Key":0,"Smiling Mask":3,"Boot":27,"Du-Vu Doll":0,"Runic Dome":8,"Strawberry":13,"Molten Egg 2":3,"Fusion Hammer":19,"Red Mask":14,"Kunai":17},{"Darkstone Periapt":0,"Girya":65,"Golden Idol":2,"Oddly Smooth Stone":72,"Letter Opener":72,"Bottled Tornado":36,"Cursed Key":0,"Smiling Mask":6,"Boot":83,"Du-Vu Doll":0,"Runic Dome":18,"Strawberry":34,"Molten Egg 2":6,"Fusion Hammer":54,"Red Mask":36,"Kunai":45}]},"card_choices":[{"not_picked":["Spot Weakness","Evolve"],"picked":"Cleave","floor":1.0},{"not_picked":["Anger","Sentinel"],"picked":"Body Slam","floor":3.0},{"not_picked":["Inflame","Entrench"],"picked":"Body Slam+1","floor":6},{"not_picked":["True Grit","Warcry"],"picked":"Heavy Blade+1","floor":10},{"not_picked":["Reckless Charge+1","Sentinel"],"picked":"Clash+1","floor":11},{"not_picked":["Rupture","Sword Boomerang+1"],"picked":"Pommel Strike+1","floor":13},{"not_picked":["Hemokinesis+1","Inflame"],"picked":"Headbutt+1","floor":14},{"not_picked":["Immolate+1","Bludgeon+1"],"picked":"Demon Form","floor":16},{"not_picked":["Inflame","Feel No Pain+1"],"picked":"Rage","floor":18},{"not_picked":["Wild Strike+1","Sword Boomerang+1","Anger+1"],"picked":"SKIP","floor":19},{"not_picked":["Pummel+1","Wild Strike+1"],"picked":"Entrench+1","floor":20},{"not_picked":["Dark Embrace","Twin Strike+1"],"picked":"Shockwave","floor":21},{"not_picked":["Iron Wave+1","Infernal Blade"],"picked":"Body Slam+1","floor":24},{"not_picked":["Flex","Blood for Blood+1"],"picked":"Metallicize","floor":25},{"not_picked":["Headbutt+1","Second Wind","Searing Blow+1"],"picked":"SKIP","floor":27},{"not_picked":["Headbutt+1","Second Wind","Searing Blow+1"],"picked":"SKIP","floor":27},{"not_picked":["Power Through","Flex"],"picked":"True Grit","floor":28},{"not_picked":["Pommel Strike+1","Pummel+1"],"picked":"Shrug It Off","floor":29},{"not_picked":["Perfected Strike+1","Searing Blow+1"],"picked":"Shrug It Off","floor":31},{"not_picked":["Bludgeon+1","Exhume"],"picked":"Barricade","floor":33},{"not_picked":["Heavy Blade+1","Clothesline+1"],"picked":"Twin Strike+1","floor":35},{"not_picked":["Wild Strike+1","Bloodletting+1","Intimidate"],"picked":"SKIP","floor":36},{"not_picked":["Clash+1","Wild Strike+1"],"picked":"Ghostly Armor","floor":37},{"not_picked":["Body Slam+1","Wild Strike+1","Flex"],"picked":"SKIP","floor":38},{"not_picked":["Warcry+1","Body Slam+1","Fire Breathing+1"],"picked":"SKIP","floor":39},{"not_picked":["Combust","Shockwave"],"picked":"Havoc+1","floor":44},{"not_picked":["Dropkick+1","Ghostly Armor"],"picked":"Armaments","floor":45},{"not_picked":["Armaments","Shrug It Off","Twin Strike+1"],"picked":"SKIP","floor":47},{"not_picked":["Headbutt+1","Entrench+1"],"picked":"Heavy Blade+1","floor":48}],"player_experience":1291905,"relics_obtained":[{"floor":6,"key":"Molten Egg 2"},{"floor":9,"key":"Smiling Mask"},{"floor":24,"key":"Strawberry"},{"floor":25,"key":"Red Mask"},{"floor":26,"key":"Bottled Tornado"},{"floor":37,"key":"Girya"},{"floor":43,"key":"Oddly Smooth Stone"},{"floor":47,"key":"Boot"}],"event_choices":[{"damage_healed":0.0,"max_hp_gain":0.0,"max_hp_loss":0.0,"gold_gain":0.0,"event_name":"Golden Idol","player_choice":"Take Wound","floor":2.0,"gold_loss":0.0,"damage_taken":0.0,"relics_obtained":["Golden Idol"],"cards_obtained":["Injury"]},{"cards_removed":["Injury"],"damage_healed":0.0,"max_hp_gain":0.0,"max_hp_loss":0.0,"gold_gain":0.0,"event_name":"The Cleric","player_choice":"Card Removal","floor":4.0,"gold_loss":50.0,"damage_taken":0.0},{"damage_healed":0,"gold_gain":0,"player_choice":"Entered Light","damage_taken":17,"max_hp_gain":0,"max_hp_loss":0,"event_name":"Shining Light","floor":8,"gold_loss":0,"cards_upgraded":["Defend_R","Defend_R"]},{"damage_healed":0,"gold_gain":0,"player_choice":"Became a vampire","damage_taken":0,"max_hp_gain":0,"max_hp_loss":30,"event_name":"Vampires","floor":22,"gold_loss":0,"cards_obtained":["Bite","Bite","Bite","Bite","Bite"]},{"damage_healed":0,"gold_gain":0,"player_choice":"Fought Bandits","damage_taken":0,"max_hp_gain":0,"max_hp_loss":0,"event_name":"Masked Bandits","floor":25,"gold_loss":0},{"damage_healed":0,"gold_gain":0,"player_choice":"Fight","damage_taken":0,"max_hp_gain":0,"max_hp_loss":0,"event_name":"MindBloom","floor":37,"gold_loss":0},{"cards_removed":["Decay"],"damage_healed":0,"gold_gain":0,"player_choice":"Purged","damage_taken":0,"max_hp_gain":0,"max_hp_loss":0,"event_name":"Purifier","floor":42,"gold_loss":0}],"is_beta":false,"boss_relics":[{"not_picked":["SlaversCollar","Pandora\u0027s Box"],"picked":"Runic Dome"},{"not_picked":["Calling Bell","Runic Pyramid"],"picked":"Fusion Hammer"}],"items_purged_floors":[5,30,41],"is_endless":false,"potions_floor_spawned":[1,6,10,14,19,20,21,25,27,35,37,38,45,48],"ascension_level":0}}