{"host":"o1scrl1hgy598kuq","time":1613629306,"event":{"mods":["BaseMod","Colored Map","Colored Powertips","Minty Spire (QoL Compilation)","Remilia??????","Replay The Spire","Shop Mod","StSLib","The Jungle","The Marked","The Servant 0.9.4"],"gold_per_floor":[113,288,288,70,70,97,97,109,135,152,152,152],"floor_reached":11,"language":"ENG","playtime":393,"items_purged":["Doubt"],"score":82,"play_id":"f9e5408e-d4d9-4552-8fb1-2a909e1cf96f","local_time":"20210218002146","is_ascension_mode":true,"campfire_choices":[{"data":"ReplayTheSpireMod:LeadingStrike","floor":7,"key":"SMITH"}],"circlet_count":0,"master_deck":["Strike_R","Strike_R","Strike_R","Strike_R","Defend_R","Defend_R","Defend_R","Defend_R","Bash","ReplayTheSpireMod:LeadingStrike+1","Hemogenesis","Fire Breathing","Fire Breathing"],"relics":["Burning Blood","Du-Vu Doll","MerchantsRug","Blue Doll","Oddly Smooth Stone"],"acts_visited":["Exordium"],"potions_floor_usage":[8],"damage_taken":[{"damage":5,"enemies":"2 Louse","floor":1,"turns":4},{"damage":57,"enemies":"Lagavulin","floor":6,"turns":8},{"damage":0,"enemies":"Jaw Worm","floor":8,"turns":1},{"damage":6,"enemies":"Small Slimes","floor":10,"turns":3},{"damage":40,"enemies":"Replay:BlueRogue","floor":11,"turns":10}],"seed_played":"-1169795622657139075","potions_obtained":[{"floor":6,"key":"AttackPotion"}],"is_trial":false,"path_per_floor":["M","?","?","$","?","E","R","M","T","M","E"],"character_chosen":"IRONCLAD","items_purchased":["MerchantsRug"],"campfire_rested":0,"item_purchase_floors":[4],"current_hp_per_floor":[88,88,81,81,74,23,23,29,29,34,0,0],"gold":152,"neow_bonus":"TEN_PERCENT_HP_BONUS","is_daily":false,"chose_seed":false,"campfire_upgraded":1,"win_rate":0.0,"timestamp":1613629306,"path_taken":["M","?","?","$","?","E","R","M","T","M","E"],"items_purchased_type":["Relic"],"build_version":"2020-12-22","purchased_purges":1,"victory":false,"max_hp_per_floor":[88,88,88,88,88,88,88,88,88,88,88,88],"card_choices":[{"not_picked":["Heavy Blade","Wild Strike"],"picked":"ReplayTheSpireMod:LeadingStrike","floor":1},{"not_picked":["Ghostly Armor","Body Slam"],"picked":"Hemogenesis","floor":6},{"not_picked":["Dual Wield","Sword Boomerang"],"picked":"Fire Breathing","floor":8},{"not_picked":["Uppercut","Body Slam"],"picked":"Fire Breathing","floor":10}],"player_experience":264042,"relics_obtained":[{"floor":6,"key":"Blue Doll"},{"floor":9,"key":"Oddly Smooth Stone"}],"event_choices":[{"damage_healed":0,"gold_gain":175,"player_choice":"AGREE","damage_taken":0,"max_hp_gain":0,"max_hp_loss":0,"event_name":"Liars Game","floor":2,"gold_loss":0,"cards_obtained":["Doubt"]},{"damage_healed":0,"gold_gain":0,"player_choice":"Success","damage_taken":7,"relics_obtained":["Du-Vu Doll"],"max_hp_gain":0,"max_hp_loss":0,"event_name":"Scrap Ooze","floor":3,"gold_loss":0},{"cards_removed":["Strike_R"],"damage_healed":0,"gold_gain":0,"player_choice":"Card Removal","damage_taken":7,"max_hp_gain":0,"max_hp_loss":0,"event_name":"Golden Wing","floor":5,"gold_loss":0}],"is_beta":false,"boss_relics":[],"items_purged_floors":[4],"is_endless":false,"potions_floor_spawned":[6],"killed_by":"Replay:BlueRogue","ascension_level":3}}