{"host":"bgyhjzqafgkxdxsh","time":1613639017,"event":{"mods":["BaseMod","Colored Map","Minty Spire (QoL Compilation)","Relic Stats","StSLib","everything is the same but u backflip on backflip"],"gold_per_floor":[114,114,133,133,133,171,171,171,196,215,234,234,253,272,272,397,397,416,435,454,473,473,473,511,544,619,638,657,676,547,566,566,691,691,710,729,792,811,830,830,576,576,576,595,614,614,652,671,671,671,671],"floor_reached":50,"language":"ENG","playtime":1810,"items_purged":["Pain","Normality"],"score":702,"play_id":"ae0b827e-c6fe-4c85-a902-d4514006ae8e","local_time":"20210218190337","daily_mods":["Cursed Run","Uncertain Future","Lethality"],"is_ascension_mode":false,"campfire_choices":[{"data":"Cleave","floor":7,"key":"SMITH"},{"data":"Bash","floor":12,"key":"SMITH"},{"data":"Inflame","floor":15,"key":"SMITH"},{"data":"Shockwave","floor":23,"key":"SMITH"},{"data":"Infernal Blade","floor":32,"key":"SMITH"},{"data":"1","floor":40,"key":"LIFT"},{"floor":46,"key":"REST"},{"data":"2","floor":49,"key":"LIFT"}],"circlet_count":0,"master_deck":["Defend_R","Defend_R","Defend_R","Bash+1","Cleave+1","Injury","Inflame+1","Injury","Heavy Blade+1","Sword Boomerang+1","Bludgeon+1","Sword Boomerang+1","Pummel+1","Shockwave+1","Bite+1","Bite+1","Bite+1","Bite+1","Bite+1","Infernal Blade+1","Decay","Pummel+1","Limit Break","CurseOfTheBell","Heavy Blade+1","Fire Breathing+1","True Grit","Regret"],"relics":["Cursed Key","Darkstone Periapt","Du-Vu Doll","Golden Idol","Molten Egg 2","Smiling Mask","SlaversCollar","Strawberry","Red Mask","Bottled Tornado","Calling Bell","Oddly Smooth Stone","Eternal Feather","Girya","Ice Cream","Brimstone","Boot","Art of War"],"acts_visited":["Exordium","TheCity","TheBeyond"],"potions_floor_usage":[13,14,18,20,27,28,29,29,38,39,44,50],"damage_taken":[{"damage":4,"enemies":"Jaw Worm","floor":1,"turns":2},{"damage":0,"enemies":"2 Louse","floor":3,"turns":1},{"damage":11,"enemies":"Gremlin Nob","floor":6,"turns":3},{"damage":0,"enemies":"Cultist","floor":10,"turns":2},{"damage":0,"enemies":"Looter","floor":11,"turns":1},{"damage":5,"enemies":"Blue Slaver","floor":13,"turns":2},{"damage":3,"enemies":"Exordium Wildlife","floor":14,"turns":2},{"damage":33,"enemies":"The Guardian","floor":16,"turns":4},{"damage":0,"enemies":"Chosen","floor":18,"turns":1},{"damage":20,"enemies":"3 Byrds","floor":19,"turns":2},{"damage":25,"enemies":"Shelled Parasite and Fungi","floor":20,"turns":3},{"damage":16,"enemies":"Cultist and Chosen","floor":21,"turns":2},{"damage":35,"enemies":"Book of Stabbing","floor":24,"turns":3},{"damage":3,"enemies":"Masked Bandits","floor":25,"turns":2},{"damage":12,"enemies":"Snake Plant","floor":27,"turns":2},{"damage":3,"enemies":"Chosen and Byrds","floor":28,"turns":3},{"damage":12,"enemies":"Cultist and Chosen","floor":29,"turns":2},{"damage":0,"enemies":"Snake Plant","floor":31,"turns":1},{"damage":28,"enemies":"Automaton","floor":33,"turns":4},{"damage":16,"enemies":"3 Darklings","floor":35,"turns":2},{"damage":13,"enemies":"Orb Walker","floor":36,"turns":2},{"damage":60,"enemies":"Mind Bloom Boss Battle","floor":37,"turns":3},{"damage":9,"enemies":"Writhing Mass","floor":38,"turns":2},{"damage":0,"enemies":"Jaw Worm Horde","floor":39,"turns":2},{"damage":29,"enemies":"4 Shapes","floor":44,"turns":4},{"damage":18,"enemies":"3 Darklings","floor":45,"turns":2},{"damage":0,"enemies":"Reptomancer","floor":47,"turns":2},{"damage":13,"enemies":"Jaw Worm Horde","floor":48,"turns":3},{"damage":57,"enemies":"Awakened One","floor":50,"turns":3}],"seed_played":"-4060160915487772418","potions_obtained":[{"floor":1,"key":"FearPotion"},{"floor":6,"key":"Fire Potion"},{"floor":10,"key":"Dexterity Potion"},{"floor":14,"key":"Fire Potion"},{"floor":19,"key":"SkillPotion"},{"floor":20,"key":"PowerPotion"},{"floor":21,"key":"Regen Potion"},{"floor":25,"key":"DistilledChaos"},{"floor":27,"key":"SkillPotion"},{"floor":35,"key":"HeartOfIron"},{"floor":37,"key":"Block Potion"},{"floor":38,"key":"DistilledChaos"},{"floor":45,"key":"SteroidPotion"},{"floor":48,"key":"Fire Potion"}],"is_trial":false,"path_per_floor":["M","?","M","?","$","E","R","?","T","M","M","R","M","M","R","B",null,"M","M","M","M","?","R","E","?","T","M","M","M","$","M","R","B",null,"M","M","?","M","M","R","$","?","T","M","M","R","E","M","R","B"],"character_chosen":"IRONCLAD","items_purchased":["Limit Break","Brimstone","True Grit"],"campfire_rested":1,"item_purchase_floors":[30,41,41],"current_hp_per_floor":[76,82,82,82,82,71,71,54,60,60,60,60,55,52,52,25,98,98,78,53,37,37,37,21,30,36,33,39,38,38,41,41,31,93,80,73,19,10,19,34,34,34,40,23,8,52,52,39,54,0,0],"gold":671,"neow_bonus":"","is_daily":true,"chose_seed":false,"campfire_upgraded":5,"win_rate":0.0,"timestamp":1613639017,"path_taken":["M","?","M","?","$","E","R","?","T","M","M","R","M","M","R","BOSS","M","M","M","M","?","R","E","?","T","M","M","?","$","M","R","BOSS","M","M","?","M","M","R","$","?","T","?","M","R","E","M","R","BOSS"],"items_purchased_type":["Card","Relic","Card"],"build_version":"2020-12-22","purchased_purges":2,"victory":false,"max_hp_per_floor":[80,86,86,86,86,86,86,86,92,92,92,92,92,92,92,98,98,98,98,98,98,68,68,75,75,81,81,81,81,81,81,81,87,93,93,93,93,93,93,93,93,93,99,99,99,99,99,99,99,99,99],"relic_stats":{"Darkstone Periapt":42,"counters":[29,67],"Golden Idol":174,"Eternal Feather":45,"Art of War":[1],"Cursed Key":3,"Smiling Mask":75,"Boot":[0],"obtain_stats":[{"Darkstone Periapt":0,"Ice Cream":37,"Girya":34,"Golden Idol":2,"Oddly Smooth Stone":34,"Eternal Feather":34,"Bottled Tornado":26,"Cursed Key":0,"Smiling Mask":9,"Boot":43,"Du-Vu Doll":0,"Calling Bell":34,"SlaversCollar":17,"Brimstone":41,"Strawberry":24,"Molten Egg 2":6,"Red Mask":25,"Art of War":47},{"Darkstone Periapt":0,"Ice Cream":22,"Girya":19,"Golden Idol":1,"Oddly Smooth Stone":19,"Eternal Feather":19,"Bottled Tornado":14,"Cursed Key":0,"Smiling Mask":3,"Boot":24,"Du-Vu Doll":0,"Calling Bell":19,"SlaversCollar":8,"Brimstone":24,"Strawberry":13,"Molten Egg 2":3,"Red Mask":14,"Art of War":27},{"Darkstone Periapt":0,"Ice Cream":49,"Girya":42,"Golden Idol":2,"Oddly Smooth Stone":42,"Eternal Feather":42,"Bottled Tornado":30,"Cursed Key":0,"Smiling Mask":6,"Boot":53,"Du-Vu Doll":0,"Calling Bell":42,"SlaversCollar":17,"Brimstone":53,"Strawberry":28,"Molten Egg 2":6,"Red Mask":30,"Art of War":61}]},"card_choices":[{"not_picked":["Spot Weakness","Evolve"],"picked":"Cleave","floor":1},{"not_picked":["Anger","Body Slam","Sentinel"],"picked":"SKIP","floor":3},{"not_picked":["Entrench","Body Slam+1"],"picked":"Inflame","floor":6},{"not_picked":["True Grit","Warcry"],"picked":"Heavy Blade+1","floor":10},{"not_picked":["Reckless Charge+1","Clash+1","Sentinel"],"picked":"SKIP","floor":11},{"not_picked":["Rupture","Pommel Strike+1"],"picked":"Sword Boomerang+1","floor":13},{"not_picked":["Headbutt+1","Hemokinesis+1","Inflame"],"picked":"SKIP","floor":14},{"not_picked":["Demon Form","Immolate+1"],"picked":"Bludgeon+1","floor":16},{"not_picked":["Rage","Inflame","Feel No Pain+1"],"picked":"SKIP","floor":18},{"not_picked":["Wild Strike+1","Anger+1"],"picked":"Sword Boomerang+1","floor":19},{"not_picked":["Entrench+1","Wild Strike+1"],"picked":"Pummel+1","floor":20},{"not_picked":["Dark Embrace","Twin Strike+1"],"picked":"Shockwave","floor":21},{"not_picked":["Iron Wave+1","Body Slam+1"],"picked":"Infernal Blade","floor":24},{"not_picked":["Headbutt+1","Second Wind","Searing Blow+1"],"picked":"SKIP","floor":27},{"not_picked":["Power Through","True Grit","Flex"],"picked":"SKIP","floor":28},{"not_picked":["Shrug It Off","Pommel Strike+1"],"picked":"Pummel+1","floor":29},{"not_picked":["Shrug It Off","Perfected Strike+1","Searing Blow+1"],"picked":"SKIP","floor":31},{"not_picked":["Twin Strike+1","Clothesline+1"],"picked":"Heavy Blade+1","floor":35},{"not_picked":["Wild Strike+1","Bloodletting+1","Intimidate"],"picked":"SKIP","floor":36},{"not_picked":["Body Slam+1","Wild Strike+1","Flex"],"picked":"SKIP","floor":38},{"not_picked":["Warcry+1","Body Slam+1"],"picked":"Fire Breathing+1","floor":39},{"not_picked":["Offering","Havoc","Shockwave+1"],"picked":"SKIP","floor":44},{"not_picked":["Wild Strike+1","Bloodletting","Pommel Strike+1"],"picked":"SKIP","floor":45},{"not_picked":["Ghostly Armor+1","Cleave+1","Inflame"],"picked":"SKIP","floor":47},{"not_picked":["Cleave+1","Hemokinesis+1","Shrug It Off+1"],"picked":"SKIP","floor":48}],"player_experience":534478,"relics_obtained":[{"floor":6,"key":"Molten Egg 2"},{"floor":9,"key":"Smiling Mask"},{"floor":24,"key":"Strawberry"},{"floor":25,"key":"Red Mask"},{"floor":26,"key":"Bottled Tornado"},{"floor":34,"key":"Oddly Smooth Stone"},{"floor":34,"key":"Eternal Feather"},{"floor":34,"key":"Girya"},{"floor":37,"key":"Ice Cream"},{"floor":43,"key":"Boot"},{"floor":47,"key":"Art of War"}],"event_choices":[{"damage_healed":0,"gold_gain":0,"player_choice":"Take Wound","damage_taken":0,"relics_obtained":["Golden Idol"],"max_hp_gain":0,"max_hp_loss":0,"event_name":"Golden Idol","floor":2,"gold_loss":0,"cards_obtained":["Injury"]},{"damage_healed":0,"gold_gain":0,"player_choice":"Leave","damage_taken":0,"max_hp_gain":0,"max_hp_loss":0,"event_name":"The Cleric","floor":4,"gold_loss":0},{"damage_healed":0,"gold_gain":0,"player_choice":"Entered Light","damage_taken":17,"max_hp_gain":0,"max_hp_loss":0,"event_name":"Shining Light","floor":8,"gold_loss":0,"cards_upgraded":["Strike_R","Strike_R"]},{"damage_healed":0,"gold_gain":0,"player_choice":"Became a vampire","damage_taken":0,"max_hp_gain":0,"max_hp_loss":30,"event_name":"Vampires","floor":22,"gold_loss":0,"cards_obtained":["Bite","Bite","Bite","Bite","Bite"]},{"damage_healed":0,"gold_gain":0,"player_choice":"Fought Bandits","damage_taken":0,"max_hp_gain":0,"max_hp_loss":0,"event_name":"Masked Bandits","floor":25,"gold_loss":0},{"damage_healed":0,"gold_gain":0,"player_choice":"Fight","damage_taken":0,"max_hp_gain":0,"max_hp_loss":0,"event_name":"MindBloom","floor":37,"gold_loss":0},{"cards_removed":["Defend_R"],"damage_healed":0,"gold_gain":0,"player_choice":"Purged","damage_taken":0,"max_hp_gain":0,"max_hp_loss":0,"event_name":"Purifier","floor":42,"gold_loss":0}],"is_beta":false,"boss_relics":[{"not_picked":["Runic Dome","Pandora\u0027s Box"],"picked":"SlaversCollar"},{"not_picked":["Runic Pyramid","Fusion Hammer"],"picked":"Calling Bell"}],"items_purged_floors":[30,41],"is_endless":false,"potions_floor_spawned":[1,6,10,14,19,20,21,25,27,35,37,38,45,48],"killed_by":"Awakened One","ascension_level":0}}