{"host":"s2jwg59yskzk2eda","time":1613671606,"event":{"mods":["BaseMod","Better Note","Block Reminder","Colored Map","Colored Powertips","Dark Map","Downfall","Fox Events","Minty Spire (QoL Compilation)","Relic Sorter","Reliquary","Spire Arcade","StSLib"],"gold_per_floor":[99,99,99,99,99,130,130,34,65,65,83,108,108,127,141,141,141,141],"floor_reached":16,"language":"ENG","playtime":663,"items_purged":[],"score":138,"play_id":"8c5976fe-c775-4c06-ae09-20c595883c7f","local_time":"20210218190646","is_ascension_mode":true,"campfire_choices":[{"data":"sneckomod:Unknown","floor":1,"key":"SMITH"},{"data":"sneckomod:UnlimitedRolls","floor":13,"key":"SMITH"}],"circlet_count":0,"master_deck":["sneckomod:Strike","sneckomod:Strike","sneckomod:Strike","sneckomod:Defend","sneckomod:Defend","sneckomod:Defend","sneckomod:TailWhip","sneckomod:SnekBite","sneckomod:Unknown+1","sneckomod:Unknown","sneckomod:UnendingSupply","sneckomod:UnknownCommonSkill","sneckomod:Mudshield","sneckomod:UnendingSupply","sneckomod:UnknownBlock","sneckomod:UnlimitedRolls+1","sneckomod:UnknownUncommonSkill"],"relics":["sneckomod:SneckoSoul","reliquary:GummyVitamins","downfall:HeartsMalice","Tiny Chest","Lantern","Shuriken","Dream Catcher"],"acts_visited":["Exordium"],"potions_floor_usage":[16],"damage_taken":[{"damage":0,"enemies":"2 Louse","floor":2,"turns":1},{"damage":0,"enemies":"Jaw Worm","floor":4,"turns":1},{"damage":0,"enemies":"3 Sentries","floor":6,"turns":1},{"damage":5,"enemies":"downfall:FleeingMerchant","floor":8,"turns":4},{"damage":3,"enemies":"Lagavulin","floor":9,"turns":7},{"damage":8,"enemies":"Small Slimes","floor":11,"turns":4},{"damage":27,"enemies":"Exordium Thugs","floor":14,"turns":4},{"damage":6,"enemies":"Blue Slaver","floor":15,"turns":3},{"damage":17,"enemies":"DF_ARCHETYPE_STREAMLINE","floor":16,"turns":4}],"seed_played":"-1782862504953442022","potions_obtained":[{"floor":11,"key":"Strength Potion"},{"floor":14,"key":"champ:CounterPotion"},{"floor":15,"key":"Block Potion"}],"is_trial":false,"path_per_floor":["R","M","?","M","?","E","T","$","E","?","M","T","R","M","M","B"],"character_chosen":"THE_SNECKO","items_purchased":["sneckomod:UnendingSupply"],"campfire_rested":0,"item_purchase_floors":[8],"current_hp_per_floor":[90,90,65,65,65,65,65,60,57,57,49,49,49,22,16,0,0,0],"gold":141,"neow_bonus":"THREE_ENEMY_KILL","is_daily":false,"chose_seed":false,"campfire_upgraded":2,"win_rate":0.0,"timestamp":1613671606,"path_taken":["R","M","?","M","?","E","T","?","E","?","M","?","R","?","M","BOSS"],"items_purchased_type":["Card"],"build_version":"2020-12-22","purchased_purges":0,"victory":false,"max_hp_per_floor":[90,90,90,90,90,90,90,90,90,90,90,90,90,90,90,90,90,90],"card_choices":[{"not_picked":["sneckomod:SoulRoll","sneckomod:Unknown2Cost"],"picked":"sneckomod:UnendingSupply","floor":2},{"not_picked":["sneckomod:SoulRoll","sneckomod:SnekBeam"],"picked":"sneckomod:UnknownCommonSkill","floor":4},{"not_picked":["sneckomod:ImprovisedAttack","sneckomod:IronFang"],"picked":"sneckomod:Mudshield","floor":6},{"not_picked":["sneckomod:DiceBoulder","sneckomod:SlitherStrike","sneckomod:UnknownCommonAttack"],"picked":"SKIP","floor":8},{"not_picked":["sneckomod:UnknownExhaust","sneckomod:Nope"],"picked":"sneckomod:UnknownBlock","floor":9},{"not_picked":["sneckomod:Rotation","sneckomod:SnekBeam","sneckomod:Nope"],"picked":"SKIP","floor":11},{"not_picked":["sneckomod:UnendingSupply","sneckomod:SoulRoll"],"picked":"sneckomod:UnknownUncommonSkill","floor":14},{"not_picked":["sneckomod:PureSnecko","sneckomod:UnknownExhaust","sneckomod:Nope"],"picked":"SKIP","floor":15}],"player_experience":819295,"relics_obtained":[{"floor":6,"key":"Lantern"},{"floor":7,"key":"reliquary:GummyVitamins"},{"floor":9,"key":"Shuriken"},{"floor":12,"key":"Dream Catcher"}],"event_choices":[{"damage_healed":0,"gold_gain":0,"player_choice":"Success","damage_taken":25,"relics_obtained":["Tiny Chest"],"max_hp_gain":0,"max_hp_loss":0,"event_name":"Scrap Ooze","floor":3,"gold_loss":0}],"is_beta":false,"boss_relics":[],"items_purged_floors":[],"is_endless":false,"potions_floor_spawned":[11,14,15],"killed_by":"DF_ARCHETYPE_STREAMLINE","ascension_level":1}}