{"host":"6jrd8fn9k88n08be","time":1613635381,"event":{"mods":["BaseMod","Minty Spire (QoL Compilation)","StSLib"],"gold_per_floor":[14,14,39,39,39,68,86,115,115,115,133,133,163,163,163,265,265,280,292,292,292,292,292],"floor_reached":22,"language":"ENG","playtime":889,"items_purged":[],"score":219,"play_id":"be251770-2bfd-4acd-8362-8b9f6735eb3d","local_time":"20210218030301","is_ascension_mode":true,"campfire_choices":[{"floor":10,"key":"REST"},{"floor":12,"key":"REST"},{"data":"Armaments","floor":15,"key":"SMITH"}],"circlet_count":0,"master_deck":["Strike_R","Strike_R","Strike_R","Defend_R","Defend_R","Defend_R","Bash","Heavy Blade","Wild Strike","Entrench","Armaments+1","Cleave","Carnage","Entrench","Reaper","Pommel Strike","Bash"],"relics":["Burning Blood","Bag of Marbles","PreservedInsect","Calipers","Question Card","Odd Mushroom","Pocketwatch","Busted Crown"],"acts_visited":["Exordium","TheCity"],"potions_floor_usage":[6],"damage_taken":[{"damage":10,"enemies":"2 Louse","floor":1,"turns":3},{"damage":41,"enemies":"Lagavulin","floor":6,"turns":6},{"damage":2,"enemies":"Jaw Worm","floor":7,"turns":3},{"damage":35,"enemies":"3 Sentries","floor":8,"turns":6},{"damage":0,"enemies":"Small Slimes","floor":11,"turns":2},{"damage":27,"enemies":"The Mushroom Lair","floor":13,"turns":3},{"damage":20,"enemies":"Hexaghost","floor":16,"turns":11},{"damage":7,"enemies":"Chosen","floor":18,"turns":3},{"damage":25,"enemies":"3 Byrds","floor":19,"turns":4},{"damage":19,"enemies":"Snake Plant","floor":22,"turns":2}],"seed_played":"5599657817120403712","potions_obtained":[{"floor":1,"key":"Fire Potion"},{"floor":11,"key":"PowerPotion"},{"floor":13,"key":"Dexterity Potion"},{"floor":18,"key":"DistilledChaos"}],"is_trial":false,"path_per_floor":["M","?","T","$","$","E","M","E","T","R","M","R","?","?","R","B",null,"M","M","?","?","M"],"character_chosen":"IRONCLAD","items_purchased":[],"campfire_rested":2,"item_purchase_floors":[],"current_hp_per_floor":[76,76,76,76,76,41,45,16,16,40,46,70,49,37,37,23,80,79,66,66,66,51,51],"gold":292,"neow_bonus":"REMOVE_TWO","is_daily":false,"chose_seed":false,"campfire_upgraded":1,"win_rate":0.0,"timestamp":1613635381,"path_taken":["M","?","?","?","$","E","M","E","T","R","M","R","?","?","R","BOSS","M","M","?","?","?"],"items_purchased_type":[],"build_version":"2020-12-22","purchased_purges":0,"victory":false,"max_hp_per_floor":[80,80,80,80,80,80,80,80,80,80,80,80,80,80,80,80,80,80,80,80,80,80,80],"card_choices":[{"not_picked":["Rage","Intimidate"],"picked":"Heavy Blade","floor":1},{"not_picked":["Thunderclap","Havoc"],"picked":"Entrench","floor":6},{"not_picked":["Shockwave","Thunderclap"],"picked":"Armaments","floor":7},{"not_picked":["Second Wind","Flex"],"picked":"Cleave","floor":8},{"not_picked":["Body Slam","Warcry","Rupture"],"picked":"Carnage","floor":11},{"not_picked":["Anger","Whirlwind","Metallicize"],"picked":"Entrench","floor":13},{"not_picked":["Juggernaut","Bludgeon","Barricade"],"picked":"Reaper","floor":16},{"not_picked":["Dual Wield+1"],"picked":"Pommel Strike","floor":18},{"not_picked":["Sever Soul+1","Heavy Blade"],"picked":"SKIP","floor":19}],"player_experience":191781,"relics_obtained":[{"floor":3,"key":"Bag of Marbles"},{"floor":6,"key":"PreservedInsect"},{"floor":8,"key":"Calipers"},{"floor":9,"key":"Question Card"},{"floor":13,"key":"Odd Mushroom"}],"event_choices":[{"damage_healed":0,"gold_gain":0,"cards_transformed":["Strike_R"],"player_choice":"Change","damage_taken":0,"max_hp_gain":0,"max_hp_loss":0,"event_name":"Living Wall","floor":2,"gold_loss":0,"cards_obtained":["Wild Strike"]},{"damage_healed":0,"gold_gain":0,"player_choice":"Fought Mushrooms","damage_taken":0,"max_hp_gain":0,"max_hp_loss":0,"event_name":"Mushrooms","floor":13,"gold_loss":0},{"damage_healed":0,"gold_gain":0,"player_choice":"Success","damage_taken":12,"relics_obtained":["Pocketwatch"],"max_hp_gain":0,"max_hp_loss":0,"event_name":"Scrap Ooze","floor":14,"gold_loss":0},{"damage_healed":0,"gold_gain":0,"player_choice":"Ignored","damage_taken":0,"max_hp_gain":0,"max_hp_loss":0,"event_name":"Beggar","floor":20,"gold_loss":0},{"damage_healed":0,"gold_gain":0,"player_choice":"1 cards matched","damage_taken":0,"max_hp_gain":0,"max_hp_loss":0,"event_name":"Match and Keep!","floor":21,"gold_loss":0,"cards_obtained":["Bash"]}],"is_beta":false,"boss_relics":[{"not_picked":["Fusion Hammer","Astrolabe"],"picked":"Busted Crown"}],"items_purged_floors":[],"is_endless":false,"potions_floor_spawned":[1,11,13,18],"killed_by":"Snake Plant","ascension_level":3}}