{"host":"6bsan6hkua32tfq7","time":1613689911,"event":{"mods":["BaseMod","Better Third Choice","Colored Map","Highlight Path","Minty Spire (QoL Compilation)","StSLib"],"gold_per_floor":[212,137,149,163,174,174,504,521,548,594,618,646,658,65,65,136,136,147,22,22,22,41,41,41,41,112,126,141,141,157,190,190,267,267,281,306,351,367,377,377,394,394,394],"floor_reached":42,"language":"ENG","playtime":1606,"items_purged":["Defend_P","Strike_P","Strike_P"],"score":939,"play_id":"d17e9e9a-01f3-4d0c-ac04-3fc6259d581b","local_time":"20210219001151","is_ascension_mode":true,"campfire_choices":[{"data":"PathToVictory","floor":6,"key":"SMITH"},{"data":"PathToVictory","floor":13,"key":"SMITH"},{"data":"PathToVictory","floor":15,"key":"SMITH"},{"data":"Vault","floor":23,"key":"SMITH"},{"floor":25,"key":"REST"},{"floor":29,"key":"REST"},{"floor":32,"key":"REST"},{"floor":40,"key":"REST"}],"circlet_count":0,"master_deck":["AscendersBane","Strike_P","Strike_P","Defend_P","Defend_P","Defend_P","Eruption","Vigilance","PathToVictory+1","PathToVictory+1","Wallop","PathToVictory+1","SignatureMove","LikeWater","Vault+1","Perseverance","Protect+1","Perseverance","Parasite"],"relics":["HolyWater","Old Coin","MawBank","Bag of Preparation","Mercury Hourglass","Nloth\u0027s Gift","Mummified Hand","Art of War","SlaversCollar","Gambling Chip","Mango"],"acts_visited":["Exordium","TheCity","TheBeyond"],"potions_floor_usage":[10,10,11,37,37,39],"damage_taken":[{"damage":8,"enemies":"Jaw Worm","floor":1,"turns":4},{"damage":2,"enemies":"Cultist","floor":3,"turns":3},{"damage":1,"enemies":"2 Louse","floor":4,"turns":3},{"damage":0,"enemies":"2 Fungi Beasts","floor":5,"turns":3},{"damage":16,"enemies":"Lagavulin","floor":7,"turns":5},{"damage":3,"enemies":"Looter","floor":8,"turns":3},{"damage":11,"enemies":"Gremlin Nob","floor":10,"turns":3},{"damage":0,"enemies":"Gremlin Gang","floor":11,"turns":3},{"damage":0,"enemies":"2 Fungi Beasts","floor":12,"turns":2},{"damage":7,"enemies":"The Guardian","floor":16,"turns":7},{"damage":0,"enemies":"2 Thieves","floor":18,"turns":1},{"damage":11,"enemies":"Shell Parasite","floor":22,"turns":4},{"damage":25,"enemies":"Cultist and Chosen","floor":27,"turns":5},{"damage":11,"enemies":"Shelled Parasite and Fungi","floor":28,"turns":3},{"damage":0,"enemies":"3 Cultists","floor":30,"turns":4},{"damage":3,"enemies":"Book of Stabbing","floor":31,"turns":4},{"damage":12,"enemies":"Champ","floor":33,"turns":7},{"damage":3,"enemies":"Orb Walker","floor":35,"turns":3},{"damage":0,"enemies":"Mind Bloom Boss Battle","floor":36,"turns":4},{"damage":51,"enemies":"2 Orb Walkers","floor":37,"turns":7},{"damage":7,"enemies":"3 Darklings","floor":38,"turns":6},{"damage":8,"enemies":"Spire Growth","floor":39,"turns":4},{"damage":13,"enemies":"Writhing Mass","floor":41,"turns":9},{"damage":24,"enemies":"Nemesis","floor":42,"turns":5}],"seed_played":"-7237929190740712727","potions_obtained":[{"floor":5,"key":"ColorlessPotion"},{"floor":8,"key":"Explosive Potion"},{"floor":10,"key":"GamblersBrew"},{"floor":11,"key":"FearPotion"},{"floor":12,"key":"BlessingOfTheForge"},{"floor":37,"key":"Strength Potion"},{"floor":38,"key":"SteroidPotion"},{"floor":39,"key":"BottledMiracle"}],"is_trial":false,"path_per_floor":["M","$","M","M","M","R","E","M","T","E","M","M","R","$","R","B",null,"M","$","?","$","M","R","$","R","T","M","M","R","M","E","R","B",null,"M","?","?","M","M","R","M","E"],"character_chosen":"WATCHER","items_purchased":["Bag of Preparation","Mercury Hourglass","LikeWater"],"campfire_rested":4,"item_purchase_floors":[14,14,14],"current_hp_per_floor":[53,53,51,50,50,50,34,31,31,20,20,20,20,20,20,13,54,54,54,54,54,43,43,43,63,63,38,27,47,47,44,64,52,64,61,61,24,17,9,33,20,0,0],"gold":394,"neow_bonus":"HUNDRED_GOLD","is_daily":false,"chose_seed":false,"campfire_upgraded":4,"win_rate":0.0,"timestamp":1613689911,"path_taken":["M","$","M","M","M","R","E","M","T","E","M","M","R","$","R","BOSS","M","$","?","?","M","R","?","R","T","M","M","R","?","E","R","BOSS","M","?","?","M","M","R","M","E"],"items_purchased_type":["Relic","Relic","Card"],"build_version":"2020-12-22","purchased_purges":3,"victory":false,"max_hp_per_floor":[68,68,68,68,68,68,68,68,68,68,68,68,68,68,68,68,68,68,68,68,68,68,68,68,68,68,68,68,68,68,68,68,68,68,68,68,82,82,82,82,82,82,82],"card_choices":[{"not_picked":["Protect","BowlingBash"],"picked":"PathToVictory","floor":1},{"not_picked":["EmptyBody","ClearTheMind"],"picked":"PathToVictory","floor":3},{"not_picked":["SashWhip","ThirdEye"],"picked":"Wallop","floor":4},{"not_picked":["SandsOfTime","Indignation"],"picked":"PathToVictory","floor":5},{"not_picked":["SpiritShield","FollowUp"],"picked":"SignatureMove","floor":7},{"not_picked":["Halt","CarveReality","EmptyMind"],"picked":"SKIP","floor":8},{"not_picked":["SashWhip","Evaluate","EmptyFist"],"picked":"SKIP","floor":10},{"not_picked":["Halt","EmptyFist","Nirvana"],"picked":"SKIP","floor":11},{"not_picked":["Halt","EmptyFist","Nirvana"],"picked":"SKIP","floor":11},{"not_picked":["Adaptation","SashWhip","Study"],"picked":"SKIP","floor":12},{"not_picked":["DeusExMachina","Devotion"],"picked":"Vault","floor":16},{"not_picked":["Conclude","Study","JustLucky"],"picked":"SKIP","floor":18},{"not_picked":["BowlingBash","Sanctity","FlyingSleeves"],"picked":"SKIP","floor":22},{"not_picked":["BattleHymn","Evaluate","Prostrate"],"picked":"SKIP","floor":27},{"not_picked":["CrushJoints","Weave","FlurryOfBlows+1"],"picked":"SKIP","floor":28},{"not_picked":["Alpha","WheelKick"],"picked":"Perseverance","floor":30},{"not_picked":["ThirdEye","ClearTheMind","SandsOfTime"],"picked":"SKIP","floor":31},{"not_picked":["Prostrate","Ragnarok"],"picked":"Protect+1","floor":35},{"not_picked":["EmptyMind","Swivel"],"picked":"Perseverance","floor":36},{"not_picked":["Crescendo","EmptyMind+1","Protect"],"picked":"SKIP","floor":38},{"not_picked":["SandsOfTime","Fasting2","Consecrate"],"picked":"SKIP","floor":39},{"not_picked":["WreathOfFlame","BowlingBash+1","Halt+1"],"picked":"SKIP","floor":41}],"player_experience":5440059,"relics_obtained":[{"floor":7,"key":"Old Coin"},{"floor":9,"key":"MawBank"},{"floor":10,"key":"Lantern"},{"floor":26,"key":"Mummified Hand"},{"floor":31,"key":"Art of War"},{"floor":36,"key":"Gambling Chip"},{"floor":37,"key":"Mango"}],"event_choices":[{"damage_healed":0,"gold_gain":0,"player_choice":"Traded Relic","damage_taken":0,"relics_obtained":["Nloth\u0027s Gift"],"max_hp_gain":0,"max_hp_loss":0,"event_name":"N\u0027loth","floor":20,"relics_lost":["Lantern"],"gold_loss":0},{"damage_healed":0,"gold_gain":0,"player_choice":"Fight","damage_taken":0,"max_hp_gain":0,"max_hp_loss":0,"event_name":"MindBloom","floor":36,"gold_loss":0},{"damage_healed":0,"gold_gain":0,"player_choice":"Fight","damage_taken":0,"max_hp_gain":0,"max_hp_loss":0,"event_name":"Mysterious Sphere","floor":37,"gold_loss":0}],"is_beta":false,"boss_relics":[{"not_picked":["Snecko Eye","Coffee Dripper"],"picked":"HolyWater"},{"not_picked":["SacredBark","Astrolabe"],"picked":"SlaversCollar"}],"items_purged_floors":[2,14,19],"is_endless":false,"potions_floor_spawned":[5,8,10,11,12,22,30,35,37,38,39],"killed_by":"Nemesis","ascension_level":20}}