{"host":"iudiqz5bwex5meyb","time":1613658070,"event":{"mods":["AchievementEnabler","BaseMod","Block Reminder","Colored Map","Minty Spire (QoL Compilation)","StSLib","ojb\u0027s Better Paths Mod","ojb\u0027s Info Mod"],"gold_per_floor":[117,133,146,157,171,201,221,251,319,319,330,330,330,33,33,33,33],"floor_reached":16,"language":"ENG","playtime":1655,"items_purged":[],"score":148,"play_id":"0ecbef8e-e4a9-4644-8901-89172c5e26d0","local_time":"20210218082110","is_ascension_mode":true,"campfire_choices":[{"data":"Adrenaline","floor":10,"key":"SMITH"},{"data":"Deadly Poison","floor":12,"key":"SMITH"},{"data":"Strike_G","floor":15,"key":"PURGE"}],"circlet_count":0,"master_deck":["Strike_G","Strike_G","Strike_G","Defend_G","Defend_G","Defend_G","Defend_G","Defend_G","Survivor","Neutralize","Sucker Punch","Backstab","Backflip","Crippling Poison","PiercingWail","Deadly Poison+1","Adrenaline+1","Outmaneuver","Heel Hook"],"relics":["SacredBark","Pantograph","Mango","Peace Pipe"],"acts_visited":["Exordium"],"potions_floor_usage":[6,8,8],"damage_taken":[{"damage":6,"enemies":"Cultist","floor":1,"turns":5},{"damage":4,"enemies":"Small Slimes","floor":2,"turns":4},{"damage":0,"enemies":"Jaw Worm","floor":3,"turns":4},{"damage":1,"enemies":"Looter","floor":4,"turns":4},{"damage":5,"enemies":"Red Slaver","floor":5,"turns":3},{"damage":33,"enemies":"3 Sentries","floor":6,"turns":17},{"damage":1,"enemies":"Blue Slaver","floor":7,"turns":4},{"damage":7,"enemies":"Gremlin Nob","floor":8,"turns":6},{"damage":13,"enemies":"Large Slime","floor":11,"turns":9},{"damage":41,"enemies":"Slime Boss","floor":16,"turns":8}],"seed_played":"8428980387954637364","potions_obtained":[{"floor":1,"key":"LiquidMemories"},{"floor":4,"key":"GhostInAJar"},{"floor":6,"key":"Energy Potion"}],"is_trial":false,"path_per_floor":["M","M","M","M","M","E","M","E","T","R","M","R","?","$","R","B"],"character_chosen":"THE_SILENT","items_purchased":["Peace Pipe"],"campfire_rested":0,"item_purchase_floors":[14],"current_hp_per_floor":[57,53,53,52,47,14,13,20,20,20,7,7,7,7,7,0,0],"gold":33,"neow_bonus":"BOSS_RELIC","is_daily":false,"chose_seed":false,"campfire_upgraded":2,"win_rate":0.0,"timestamp":1613658070,"path_taken":["M","M","M","M","M","E","M","E","T","R","M","R","?","$","R","BOSS"],"items_purchased_type":["Relic"],"build_version":"2020-12-22","purchased_purges":0,"victory":false,"max_hp_per_floor":[70,70,70,70,70,70,70,84,84,84,84,84,84,84,84,84,84],"card_choices":[{"not_picked":["Heel Hook","Deflect"],"picked":"Sucker Punch","floor":1},{"not_picked":["Dodge and Roll","Flechettes"],"picked":"Backstab","floor":2},{"not_picked":["Acrobatics","Underhanded Strike"],"picked":"Backflip","floor":3},{"not_picked":["Bane","Poisoned Stab"],"picked":"Crippling Poison","floor":4},{"not_picked":["Accuracy","Flying Knee"],"picked":"PiercingWail","floor":5},{"not_picked":["Acrobatics","Quick Slash"],"picked":"Deadly Poison","floor":6},{"not_picked":["Slice","Underhanded Strike"],"picked":"Adrenaline","floor":7},{"not_picked":["Sucker Punch","Doppelganger"],"picked":"Outmaneuver","floor":8},{"not_picked":["Underhanded Strike","PiercingWail"],"picked":"Heel Hook","floor":11}],"player_experience":309599,"relics_obtained":[{"floor":6,"key":"Pantograph"},{"floor":8,"key":"Mango"}],"event_choices":[{"cards_removed":["Strike_G"],"damage_healed":0,"gold_gain":0,"player_choice":"Purged","damage_taken":0,"max_hp_gain":0,"max_hp_loss":0,"event_name":"Purifier","floor":13,"gold_loss":0}],"is_beta":false,"boss_relics":[],"items_purged_floors":[],"is_endless":false,"potions_floor_spawned":[1,4,6],"killed_by":"Slime Boss","ascension_level":6}}