{"host":"boira1xv6we3zvcv","time":1613674964,"event":{"mods":["BaseMod","Colored Powertips","Hermit","Minty Spire (QoL Compilation)","Shop Mod","StSLib","The Cursed","The Necromancer","UnlockEverythingMod"],"gold_per_floor":[219,219,219,25,41,41,41,67,67,101,118,118,131,143,143,246,246,265,265,276,22,22,22,50,50,77,77,39,74,85,85,85],"floor_reached":31,"language":"ENG","playtime":1848,"items_purged":[],"score":281,"play_id":"42ebec83-d86f-4950-8c59-6b55c0aa753f","local_time":"20210218200244","is_ascension_mode":false,"campfire_choices":[{"floor":6,"key":"REST"},{"floor":12,"key":"REST"},{"floor":15,"key":"REST"},{"data":"Summon_Undead","floor":23,"key":"SMITH"},{"floor":25,"key":"REST"},{"floor":27,"key":"RECALL"}],"circlet_count":0,"master_deck":["Strike_W","Strike_W","Strike_W","Strike_W","Defend_W","Defend_W","Defend_W","Defend_W","Negative_Energy_Arrows","Bone_Wall","Bone_Armory+1","Bone_Armor","Bone_Bullets","Whirlwind_of_Bones+1","Bone_Bullets+1","Thousand_Bone_Knives+1","Summon_Undead+1","Summon_Vampire_Lady","Death_Coil+1","Doubt","Summon_Undead_Army","Deep Breath","Bone_Armor","Summon_Undead_Army","Bone_Spikes+1","Skeleton_Dragon"],"relics":["Vampire_Amulet","The Courier","HornCleat","Pen Nib","Molten Egg 2","SlaversCollar","Bottled Lightning","MutagenicStrength","Regal Pillow","Orichalcum","Akabeko"],"acts_visited":["Exordium","TheCity"],"potions_floor_usage":[8,10,24],"damage_taken":[{"damage":9,"enemies":"2 Louse","floor":1,"turns":3},{"damage":2,"enemies":"Jaw Worm","floor":5,"turns":4},{"damage":50,"enemies":"Lagavulin","floor":8,"turns":11},{"damage":26,"enemies":"3 Sentries","floor":10,"turns":14},{"damage":0,"enemies":"Cultist","floor":11,"turns":3},{"damage":2,"enemies":"Large Slime","floor":13,"turns":5},{"damage":7,"enemies":"Blue Slaver","floor":14,"turns":3},{"damage":22,"enemies":"Hexaghost","floor":16,"turns":10},{"damage":36,"enemies":"2 Thieves","floor":18,"turns":5},{"damage":4,"enemies":"3 Byrds","floor":20,"turns":5},{"damage":46,"enemies":"Gremlin Leader","floor":24,"turns":7},{"damage":18,"enemies":"Book of Stabbing","floor":29,"turns":4},{"damage":78,"enemies":"3 Cultists","floor":30,"turns":7},{"damage":12,"enemies":"Centurion and Healer","floor":31,"turns":4}],"seed_played":"-7335147943035439147","potions_obtained":[{"floor":1,"key":"Dexterity Potion"},{"floor":5,"key":"PowerPotion"},{"floor":8,"key":"BlessingOfTheForge"},{"floor":16,"key":"SteroidPotion"},{"floor":29,"key":"CultistPotion"}],"is_trial":false,"path_per_floor":["M","?","?","$","M","R","$","E","T","E","M","R","M","M","R","B",null,"M","?","M","$","?","R","E","R","T","R","$","E","M","M"],"character_chosen":"NECROMANCER","items_purchased":["HornCleat","Bottled Lightning","Summon_Undead_Army","Bone_Spikes+1"],"campfire_rested":4,"item_purchase_floors":[4,21,21,28],"current_hp_per_floor":[70,52,52,52,52,74,74,51,51,31,33,55,57,52,74,54,75,52,52,60,60,60,60,42,75,75,75,75,59,5,0,0],"gold":85,"neow_bonus":"HUNDRED_GOLD","is_daily":false,"chose_seed":false,"campfire_upgraded":1,"win_rate":0.0,"timestamp":1613674964,"path_taken":["M","?","?","?","M","R","$","E","T","E","M","R","M","M","R","BOSS","M","?","?","$","?","R","E","R","T","R","$","E","M","M"],"items_purchased_type":["Relic","Relic","Card","Card"],"build_version":"2020-12-22","purchased_purges":0,"victory":false,"max_hp_per_floor":[75,75,75,75,75,75,75,75,75,75,75,75,75,75,75,75,75,75,75,75,75,75,75,75,75,75,75,75,75,75,75,75],"card_choices":[{"not_picked":["Blood_Shield","Negative_Energy_Javelin"],"picked":"Bone_Armory","floor":1},{"not_picked":["Bone_Bullets","Scare"],"picked":"Bone_Armor","floor":5},{"not_picked":["Deaths_Shadow","Siphon_Strength"],"picked":"Bone_Bullets","floor":8},{"not_picked":["Toxic_Smoke_Screen","Negative_Energy_Javelin+1"],"picked":"Whirlwind_of_Bones+1","floor":10},{"not_picked":["Summon_Undead","Death_March_Dance+1"],"picked":"Bone_Bullets+1","floor":11},{"not_picked":["Summon_Undead","Uncharnel"],"picked":"Thousand_Bone_Knives+1","floor":13},{"not_picked":["Negative_Energy_Shield","Plague_Bolt+1"],"picked":"Summon_Undead","floor":14},{"not_picked":["Hellfire+1","Cloudkill"],"picked":"Summon_Vampire_Lady","floor":16},{"not_picked":["Bone_Armor","Chill_Blood"],"picked":"Death_Coil+1","floor":18},{"not_picked":["Blood_Curse+1","Toxic_Smoke_Screen"],"picked":"Bone_Armor","floor":20},{"not_picked":["Consume_Illness","Negative_Energy_Shield","Negative_Energy_Javelin+1"],"picked":"SKIP","floor":24},{"not_picked":["Finger_Of_Death+1","Bone_Armor"],"picked":"Skeleton_Dragon","floor":29},{"not_picked":["Negative_Energy_Mist+1","Shackles_Of_Pain+1","Blood_Whip+1"],"picked":"SKIP","floor":30}],"player_experience":54903,"relics_obtained":[{"floor":8,"key":"Pen Nib"},{"floor":10,"key":"Molten Egg 2"},{"floor":24,"key":"Regal Pillow"},{"floor":26,"key":"Orichalcum"},{"floor":29,"key":"Akabeko"}],"event_choices":[{"damage_healed":0,"gold_gain":0,"player_choice":"Success","damage_taken":18,"relics_obtained":["The Courier"],"max_hp_gain":0,"max_hp_loss":0,"event_name":"Scrap Ooze","floor":2,"gold_loss":0},{"damage_healed":0,"gold_gain":0,"player_choice":"Grow","damage_taken":0,"max_hp_gain":0,"max_hp_loss":0,"event_name":"Living Wall","floor":3,"gold_loss":0,"cards_upgraded":["Bone_Armory"]},{"damage_healed":0,"gold_gain":0,"player_choice":"3 cards matched","damage_taken":0,"max_hp_gain":0,"max_hp_loss":0,"event_name":"Match and Keep!","floor":19,"gold_loss":0,"cards_obtained":["Doubt","Summon_Undead_Army","Deep Breath"]},{"damage_healed":0,"gold_gain":0,"player_choice":"Inject Mutagens","damage_taken":0,"relics_obtained":["MutagenicStrength"],"max_hp_gain":0,"max_hp_loss":0,"event_name":"Drug Dealer","floor":22,"gold_loss":0}],"is_beta":false,"boss_relics":[{"not_picked":["Pandora\u0027s Box","Coffee Dripper"],"picked":"SlaversCollar"}],"items_purged_floors":[],"is_endless":false,"potions_floor_spawned":[1,5,8,16,29],"killed_by":"Centurion and Healer","ascension_level":0}}