{"host":"od06gsur5w60l0yz","time":1613677999,"event":{"mods":["BaseMod","Better Match","Better Third Choice","Colored Map","Dio Mod","Downfall","GifTheSpireLib","Googly Eyes","Hermit","Hubris","Minty Spire (QoL Compilation)","Reliquary","Replay The Spire","StSLib","The Cursed","The Forsaken","The Necromancer","The Senshi"],"gold_per_floor":[109,109,109,125,138,138,172,186,209,209,134,154,165,194,194,291,291,310,310,322,342,352,384,410,442,466,491,491,510,510,521,521,620,670,681,681,681,699,218,251,251,284,284,314,324,324,336,394,394,394,394,394,7,37,37,37],"floor_reached":55,"language":"ENG","playtime":4240,"items_purged":["CommonCold","Writhe"],"score":841,"play_id":"85ef355c-0cdf-4d9e-8e08-3a095d2542b7","local_time":"20210218175319","is_ascension_mode":true,"campfire_choices":[{"floor":6.0,"key":"RECALL"},{"data":"dioMod:Refresh","floor":28.0,"key":"SMITH"},{"data":"dioMod:ComboFever","floor":30.0,"key":"SMITH"},{"data":"dioMod:Hiss","floor":32.0,"key":"SMITH"},{"data":"dioMod:SevenPageMuda","floor":41.0,"key":"SMITH"},{"floor":49.0,"key":"REST"},{"data":"dioMod:PathToHeaven","floor":52.0,"key":"SMITH"}],"circlet_count":0,"master_deck":["dioMod:Strike","dioMod:Strike","dioMod:Strike","Bite","dioMod:Defend","dioMod:Defend","dioMod:Defend+1","dioMod:Defend","dioMod:StreetSign","dioMod:Hiss+1","dioMod:CautiousMuda","dioMod:Muda+1","dioMod:BloodTransfusion","dioMod:SevenPageMuda+1","dioMod:ZaWarudo+1","dioMod:Regeneration+1","dioMod:SadisticLaugh","dioMod:Refresh+1","dioMod:MudaMudaMuda","dioMod:GoodbyeJojo","dioMod:Minions+1","dioMod:MudaMudaMuda","dioMod:ComboFever+1","Voices","dioMod:UltimateSacrifice","dioMod:DisarmingVoice","dioMod:PathToHeaven+1","dioMod:DoubleTime","dioMod:CautiousMuda+1","dioMod:Muda","dioMod:SevenPageMuda+1","Master of Strategy","dioMod:TripleThreat+1","dioMod:BloodSplash","dioMod:CutDeep+1","dioMod:Freeze+1","ReplayTheSpireMod:Trickstab+1","dioMod:CutDeep+1","dioMod:FlyAway+1","Purity","dioMod:DaggerToss+1","dioMod:ComboFever+1"],"relics":["dioMod:VampireBlood","WarpedTongs","theSenshi:SailorFukuRelic","hubris:SphereOfDissonance","Replay:Grab Bag","reliquary:RedCape","Cursed Key","reliquary:ThirdArm","Bottled Flame","hubris:TenFootPole","Potion Belt","reliquary:Aerogel","Orichalcum","Tiny House","hubris:Towel","hubris:Metronome","Kunai","Molten Egg 2","reliquary:RoseTintedGlasses","Letter Opener","InkBottle"],"acts_visited":["Exordium","TheCity","TheBeyond","TheEnding"],"potions_floor_usage":[55,55,55,55],"damage_taken":[{"damage":0.0,"enemies":"Small Slimes","floor":1.0,"turns":5.0},{"damage":4.0,"enemies":"2 Louse","floor":4.0,"turns":3.0},{"damage":2.0,"enemies":"Cultist","floor":5.0,"turns":3.0},{"damage":45.0,"enemies":"Lagavulin","floor":7.0,"turns":7.0},{"damage":11.0,"enemies":"Looter","floor":8.0,"turns":3.0},{"damage":11.0,"enemies":"2 Fungi Beasts","floor":12.0,"turns":3.0},{"damage":6.0,"enemies":"Exordium Thugs","floor":13.0,"turns":6.0},{"damage":16.0,"enemies":"3 Sentries","floor":14.0,"turns":9.0},{"damage":37.0,"enemies":"Hexaghost","floor":16.0,"turns":8.0},{"damage":2.0,"enemies":"Shell Parasite","floor":18.0,"turns":3.0},{"damage":10.0,"enemies":"2 Thieves","floor":20.0,"turns":3.0},{"damage":5.0,"enemies":"Snecko","floor":21.0,"turns":4.0},{"damage":12.0,"enemies":"Centurion and Healer","floor":22.0,"turns":4.0},{"damage":43.0,"enemies":"Gremlin Leader","floor":23.0,"turns":5.0},{"damage":28.0,"enemies":"Book of Stabbing","floor":25.0,"turns":5.0},{"damage":24.0,"enemies":"Slavers","floor":27.0,"turns":7.0},{"damage":17.0,"enemies":"Snake Plant","floor":29.0,"turns":4.0},{"damage":13.0,"enemies":"3 Cultists","floor":31.0,"turns":5.0},{"damage":62.0,"enemies":"Automaton","floor":33.0,"turns":11.0},{"damage":53.0,"enemies":"3 Darklings","floor":35.0,"turns":9.0},{"damage":28.0,"enemies":"Orb Walker","floor":38.0,"turns":5.0},{"damage":12.0,"enemies":"R_Hoarder","floor":40.0,"turns":5.0},{"damage":26.0,"enemies":"Nemesis","floor":42.0,"turns":4.0},{"damage":19.0,"enemies":"R_Hoarder","floor":44.0,"turns":4.0},{"damage":17.0,"enemies":"4 Shapes","floor":45.0,"turns":5.0},{"damage":4.0,"enemies":"Transient","floor":47.0,"turns":5.0},{"damage":71.0,"enemies":"hubris:GrandSnecko","floor":50.0,"turns":9.0},{"damage":71.0,"enemies":"Shield and Spear","floor":54.0,"turns":7.0},{"damage":39,"enemies":"The Heart","floor":55,"turns":7}],"seed_played":"9216544395893817598","potions_obtained":[{"floor":1.0,"key":"FearPotion"},{"floor":7.0,"key":"ColorlessPotion"},{"floor":13.0,"key":"SkillPotion"},{"floor":14.0,"key":"Adrenaline Potion"},{"floor":21.0,"key":"Reflective Coating"},{"floor":29.0,"key":"Dexterity Potion"},{"floor":31.0,"key":"Adrenaline Potion"},{"floor":34.0,"key":"Milkshake"},{"floor":40.0,"key":"SpeedPotion"},{"floor":42.0,"key":"ColorlessPotion"},{"floor":47.0,"key":"SteroidPotion"},{"floor":48.0,"key":"SkillPotion"},{"floor":54.0,"key":"Slimebound:ThreeZeroPotion"}],"is_trial":false,"path_per_floor":["M","?","?","M","M","R","E","M","T","?","?","M","M","E","R_BF","B",null,"M","?","M","M","M","E","T","E","T","E","R","M","R","M","R","B",null,"M","?","?","M","$","E","R","E","T","E","M","?","M","?","R_BF","B",null,"R","$","E","B"],"character_chosen":"THE_DEFAULT","items_purchased":["dioMod:Muda","dioMod:SevenPageMuda","Master of Strategy","Purity","dioMod:DaggerToss+1","DuplicationPotion","LifebloodPotion"],"campfire_rested":1,"item_purchase_floors":[39,39,39,53,53,53,53],"current_hp_per_floor":[82,82,82,82,82,82,46,40,40,40,40,46,61,75,82,58,82,82,82,75,82,82,57,57,45,45,47,47,46,46,58,58,16,87,69,69,69,58,58,64,64,62,62,47,46,46,58,48,74,15,87,87,87,26,0,0],"gold":37,"neow_bonus":"TEN_PERCENT_HP_BONUS","is_daily":false,"chose_seed":false,"campfire_upgraded":5,"win_rate":0.0,"timestamp":1613677999,"path_taken":["M","?","?","M","?","R","E","M","T","?","?","M","M","E","R_BF","BOSS","M","?","?","?","M","E","?","E","T","E","R","M","R","M","R","BOSS","M","?","?","M","$","E","R","E","T","E","M","?","M","?","R_BF","BOSS","R","$","E","BOSS"],"items_purchased_type":["Card","Card","Card","Card","Card","Potion","Potion"],"build_version":"2020-12-22","purchased_purges":2,"victory":false,"max_hp_per_floor":[82,82,82,82,82,82,82,82,82,82,82,82,82,82,82,82,82,82,82,82,82,82,82,82,82,82,82,82,82,82,82,82,82,87,87,87,87,87,87,87,87,87,87,87,87,87,87,87,87,87,87,87,87,87,87,87],"card_choices":[{"not_picked":["dioMod:Minions","dioMod:DaggerSpree"],"picked":"dioMod:StreetSign","floor":1.0},{"not_picked":["dioMod:LaserVision","dioMod:DaggerSpree"],"picked":"dioMod:Hiss","floor":4.0},{"not_picked":["dioMod:CoffinBath","dioMod:CutDeep"],"picked":"dioMod:CautiousMuda","floor":5.0},{"not_picked":["dioMod:Freeze","dioMod:SecretPlan"],"picked":"dioMod:Muda","floor":7.0},{"not_picked":["dioMod:SlashThroughTime","dioMod:BlendIn"],"picked":"dioMod:BloodTransfusion","floor":8.0},{"not_picked":["dioMod:PhantomBlood+1","dioMod:KonoDioDa+1"],"picked":"dioMod:SevenPageMuda+1","floor":11.0},{"not_picked":["dioMod:Regeneration+1","dioMod:GoldVial+1"],"picked":"dioMod:ZaWarudo+1","floor":11.0},{"not_picked":["dioMod:SevenPageMuda+1","dioMod:PhantomBlood+1"],"picked":"dioMod:Regeneration+1","floor":11.0},{"not_picked":["dioMod:Diversion","dioMod:DisarmingVoice"],"picked":"dioMod:SadisticLaugh","floor":12.0},{"not_picked":["dioMod:BloodSplash","dioMod:Freeze"],"picked":"dioMod:Refresh","floor":13.0},{"not_picked":["dioMod:DaggerToss","dioMod:TripleThreat","dioMod:VengefulMuda"],"picked":"SKIP","floor":14.0},{"not_picked":["dioMod:RoadRoller","dioMod:KonoDioDa"],"picked":"dioMod:MudaMudaMuda","floor":16.0},{"not_picked":["dioMod:VengefulMuda","dioMod:BloodSuck"],"picked":"dioMod:GoodbyeJojo","floor":18.0},{"not_picked":["dioMod:FlyAway","dioMod:StreetSign"],"picked":"dioMod:Minions+1","floor":20.0},{"not_picked":["dioMod:Pluck","dioMod:WRYYY","dioMod:DaggerSpree+1"],"picked":"SKIP","floor":21.0},{"not_picked":["dioMod:BloodShield","dioMod:Donut+1"],"picked":"dioMod:MudaMudaMuda","floor":22.0},{"not_picked":["dioMod:Diversion","dioMod:DominatingPresence"],"picked":"dioMod:ComboFever","floor":23.0},{"not_picked":["dioMod:SecretPlan","dioMod:BloodTransfusion","dioMod:PathToHeaven"],"picked":"SKIP","floor":25.0},{"not_picked":["dioMod:SecretPlan","dioMod:BloodSuck"],"picked":"dioMod:UltimateSacrifice","floor":27.0},{"not_picked":["dioMod:Donut","dioMod:DaggerToss","dioMod:WRYYY"],"picked":"SKIP","floor":29.0},{"not_picked":["dioMod:DaggerSpree","dioMod:CautiousMuda"],"picked":"dioMod:DisarmingVoice","floor":31.0},{"not_picked":["dioMod:RoadRoller","dioMod:UltimateSacrifice"],"picked":"dioMod:PathToHeaven","floor":33.0},{"not_picked":["dioMod:DarkRebirth","dioMod:BloodSuck"],"picked":"dioMod:DoubleTime","floor":34.0},{"not_picked":["dioMod:DominatingPresence","dioMod:DaggerToss","dioMod:Diversion+1"],"picked":"SKIP","floor":35.0},{"not_picked":["dioMod:VengefulMuda","dioMod:WRYYY"],"picked":"dioMod:CautiousMuda+1","floor":38.0},{"not_picked":["dioMod:DaggerToss+1","dioMod:BloodTransfusion"],"picked":"dioMod:TripleThreat+1","floor":40.0},{"not_picked":["dioMod:BlendIn","dioMod:PhantomBlood"],"picked":"dioMod:BloodSplash","floor":42.0},{"not_picked":["dioMod:LaserVision+1","dioMod:GoodbyeJojo"],"picked":"dioMod:CutDeep+1","floor":44.0},{"not_picked":["dioMod:Hiss","dioMod:HeavyLifting"],"picked":"dioMod:Freeze+1","floor":45.0},{"not_picked":["Magnetism","Purity"],"picked":"ReplayTheSpireMod:Trickstab+1","floor":46.0},{"not_picked":["dioMod:LaserVision+1","dioMod:Roundabout+1"],"picked":"dioMod:CutDeep+1","floor":47.0},{"not_picked":["dioMod:WRYYY","dioMod:BloodSuck+1"],"picked":"dioMod:FlyAway+1","floor":48.0},{"not_picked":["dioMod:Donut+1","dioMod:StreetSign+1"],"picked":"dioMod:ComboFever+1","floor":54.0}],"player_experience":241354,"relics_obtained":[{"floor":7.0,"key":"theSenshi:SailorFukuRelic"},{"floor":14.0,"key":"hubris:SphereOfDissonance"},{"floor":23.0,"key":"Bottled Flame"},{"floor":24.0,"key":"hubris:TenFootPole"},{"floor":25.0,"key":"Potion Belt"},{"floor":26.0,"key":"reliquary:Aerogel"},{"floor":27.0,"key":"Orichalcum"},{"floor":40.0,"key":"hubris:Metronome"},{"floor":42.0,"key":"Kunai"},{"floor":43.0,"key":"Molten Egg 2"},{"floor":44.0,"key":"reliquary:RoseTintedGlasses"},{"floor":48.0,"key":"Letter Opener"},{"floor":54.0,"key":"InkBottle"}],"event_choices":[{"damage_healed":0.0,"max_hp_gain":0.0,"max_hp_loss":0.0,"gold_gain":0.0,"event_name":"Accursed Blacksmith","player_choice":"Rummage","floor":3.0,"gold_loss":0.0,"damage_taken":0.0,"relics_obtained":["WarpedTongs"],"cards_obtained":["Pain"]},{"cards_removed":["Pain"],"damage_healed":0.0,"max_hp_gain":0.0,"max_hp_loss":0.0,"gold_gain":0.0,"event_name":"Living Wall","player_choice":"Forget","floor":10.0,"gold_loss":0.0,"damage_taken":0.0},{"damage_healed":0.0,"max_hp_gain":0.0,"max_hp_loss":0.0,"gold_gain":0.0,"event_name":"betterMatch:BetterMatch","player_choice":"3","floor":11.0,"gold_loss":0.0,"damage_taken":0.0,"cards_obtained":["betterMatch:RareCard"]},{"cards_removed":["dioMod:Strike"],"damage_healed":0.0,"max_hp_gain":0.0,"max_hp_loss":0.0,"gold_gain":0.0,"event_name":"Purifier","player_choice":"Purged","floor":19.0,"gold_loss":0.0,"damage_taken":0.0},{"damage_healed":0.0,"max_hp_gain":0.0,"max_hp_loss":0.0,"gold_gain":0.0,"event_name":"SensoryStone","player_choice":"Memory 1","floor":46.0,"gold_loss":0.0,"damage_taken":0.0}],"is_beta":false,"boss_relics":[{"not_picked":["Ring of Chaos","reliquary:Craggleroot"],"picked":"Replay:Grab Bag"},{"not_picked":["hubris:GrandSneckoEye","ChewingGum"],"picked":"reliquary:RedCape"},{"not_picked":["reliquary:RedPaperclip","Philosopher\u0027s Stone"],"picked":"Cursed Key"},{"not_picked":["hubris:HollowSoul","hubris:Stopwatch"],"picked":"reliquary:ThirdArm"},{"not_picked":["Astrolabe","reliquary:WritOfMandamus"],"picked":"Tiny House"}],"items_purged_floors":[39,53],"is_endless":false,"potions_floor_spawned":[1,7,13,14,21,29,31,40,42,47,54],"killed_by":"The Heart","ascension_level":1}}