{"host":"4rvakrj1idbgia3f","time":1613618189,"event":{"mods":["BaseMod","Colored Map","Colored Powertips","DeckTracker","Highlight Path","Minty Spire (QoL Compilation)","Random Character Button","StSLib"],"gold_per_floor":[114,127,142,142,142,142,159,188,211,211,211,211],"floor_reached":11,"language":"JPN","playtime":309,"items_purged":[],"score":146,"play_id":"46f33a43-802d-446f-8a63-6a923bd7102a","local_time":"20210218121629","is_ascension_mode":true,"campfire_choices":[{"data":"Predator","floor":6,"key":"SMITH"},{"data":"Flying Knee","floor":10,"key":"SMITH"}],"circlet_count":0,"master_deck":["AscendersBane","Strike_G","Strike_G","Strike_G","Strike_G","Strike_G","Defend_G","Defend_G+1","Defend_G","Defend_G","Survivor","Neutralize","Flying Knee+1","Sucker Punch","Predator+1","Well Laid Plans","Prepared+1"],"relics":["Ring of the Snake","Bird Faced Urn","Vajra","War Paint"],"acts_visited":["Exordium"],"potions_floor_usage":[3,8],"damage_taken":[{"damage":0,"enemies":"2 Louse","floor":1,"turns":3},{"damage":1,"enemies":"Cultist","floor":2,"turns":5},{"damage":9,"enemies":"Small Slimes","floor":3,"turns":5},{"damage":2,"enemies":"Exordium Wildlife","floor":7,"turns":3},{"damage":25,"enemies":"Lagavulin","floor":8,"turns":5},{"damage":20,"enemies":"3 Sentries","floor":11,"turns":2}],"seed_played":"3099999417292879323","potions_obtained":[{"floor":3,"key":"Fruit Juice"},{"floor":7,"key":"CunningPotion"}],"is_trial":false,"path_per_floor":["M","M","M","?","$","R","M","E","T","R","E"],"character_chosen":"THE_SILENT","items_purchased":[],"campfire_rested":0,"item_purchase_floors":[],"current_hp_per_floor":[44,43,39,39,39,39,37,14,14,14,0,0],"gold":211,"neow_bonus":"ONE_RARE_RELIC","is_daily":false,"chose_seed":false,"campfire_upgraded":2,"win_rate":0.0,"timestamp":1613618189,"path_taken":["M","M","M","?","$","R","?","E","T","R","E"],"items_purchased_type":[],"build_version":"2020-12-22","purchased_purges":0,"victory":false,"max_hp_per_floor":[66,66,71,71,71,71,71,71,71,71,71,71],"card_choices":[{"not_picked":["Backflip","Blur"],"picked":"Flying Knee","floor":1},{"not_picked":["Catalyst","Dagger Throw"],"picked":"Sucker Punch","floor":2},{"not_picked":["Slice","Expertise"],"picked":"Predator","floor":3},{"not_picked":["Caltrops","Slice"],"picked":"Well Laid Plans","floor":7},{"not_picked":["Underhanded Strike","Sucker Punch"],"picked":"Prepared","floor":8}],"player_experience":2405626,"relics_obtained":[{"floor":8,"key":"Vajra"},{"floor":9,"key":"War Paint"}],"event_choices":[{"cards_removed":["Defend_G"],"damage_healed":0,"gold_gain":0,"player_choice":"Offered Basic","damage_taken":0,"max_hp_gain":0,"max_hp_loss":0,"event_name":"Bonfire Elementals","floor":4,"gold_loss":0}],"is_beta":false,"boss_relics":[],"items_purged_floors":[],"is_endless":false,"potions_floor_spawned":[3,7],"killed_by":"3 Sentries","ascension_level":20}}