{"host":"boira1xv6we3zvcv","time":1613687667,"event":{"mods":["BaseMod","Colored Powertips","Hermit","Minty Spire (QoL Compilation)","Shop Mod","StSLib","The Cursed","The Necromancer","UnlockEverythingMod"],"gold_per_floor":[118,137,137,157,157,157,184,184,207,236,255,287,64,81,81,185,185,171,171,183,202,49,49,103,128,128,128,141,156,156,156,156,261,261,272,272,272],"floor_reached":36,"language":"ENG","playtime":2749,"items_purged":[],"score":443,"play_id":"8d6e00ac-4113-4b44-9ae6-17310ab9a33a","local_time":"20210218233427","is_ascension_mode":true,"campfire_choices":[{"data":"TheCursedMod:CleanUpWorkshop","floor":6,"key":"SMITH"},{"data":"TheCursedMod:HellsGateOpen","floor":8,"key":"SMITH"},{"floor":15,"key":"REST"},{"data":"TheCursedMod:ManaBullet","floor":23,"key":"SMITH"},{"floor":32,"key":"REST"}],"circlet_count":0,"master_deck":["TheCursedMod:Strike_TheCursed+1","TheCursedMod:Strike_TheCursed","TheCursedMod:Strike_TheCursed","TheCursedMod:Strike_TheCursed","TheCursedMod:Defend_TheCursed","TheCursedMod:Defend_TheCursed","TheCursedMod:Defend_TheCursed","TheCursedMod:Defend_TheCursed","TheCursedMod:CursedWand","TheCursedMod:CleanUpWorkshop+1","TheCursedMod:Dregs","TheCursedMod:DemonicPact+1","TheCursedMod:ReleasedStrength","TheCursedMod:LuckyCharm","TheCursedMod:HellsGateOpen+1","TheCursedMod:AbyssShockwave","TheCursedMod:BloodBarrier","TheCursedMod:SoulCrush","TheCursedMod:Hemoplague","TheCursedMod:SmokeScreen","TheCursedMod:ForbiddenAlchemy","TheCursedMod:SpitefulPray+1","TheCursedMod:SpitefulStrike","TheCursedMod:ManaBullet+1","TheCursedMod:CircleOfFocus+1","TheCursedMod:CursedShiv+1","TheCursedMod:VoidForm","TheCursedMod:SmokeScreen+1"],"relics":["TheCursedMod:BlackMagic101","Anchor","Tiny Chest","Dead Branch","Gremlin Horn","Regal Pillow","TheCursedMod:FourLeafCloverCharm","Toy Ornithopter","Happy Flower","Toxic Egg 2","Kunai","MutagenicStrength","Runic Pyramid"],"acts_visited":["Exordium","TheCity","TheBeyond"],"potions_floor_usage":[16,16,20,20,21,25,25,25,27,28,33,36,36],"damage_taken":[{"damage":3,"enemies":"Small Slimes","floor":1,"turns":4},{"damage":6,"enemies":"2 Louse","floor":2,"turns":3},{"damage":8,"enemies":"Jaw Worm","floor":4,"turns":5},{"damage":16,"enemies":"3 Sentries","floor":7,"turns":6},{"damage":20,"enemies":"Gremlin Nob","floor":10,"turns":4},{"damage":3,"enemies":"Red Slaver","floor":11,"turns":3},{"damage":18,"enemies":"3 Sentries","floor":12,"turns":7},{"damage":0,"enemies":"Lots of Slimes","floor":14,"turns":1},{"damage":31,"enemies":"Hexaghost","floor":16,"turns":8},{"damage":10,"enemies":"2 Thieves","floor":18,"turns":4},{"damage":0,"enemies":"Chosen","floor":20,"turns":6},{"damage":14,"enemies":"Snecko","floor":21,"turns":5},{"damage":29,"enemies":"Slavers","floor":25,"turns":6},{"damage":15,"enemies":"Book of Stabbing","floor":27,"turns":3},{"damage":11,"enemies":"Sentry and Sphere","floor":28,"turns":5},{"damage":0,"enemies":"Centurion and Healer","floor":29,"turns":4},{"damage":28,"enemies":"Automaton","floor":33,"turns":7},{"damage":71,"enemies":"3 Darklings","floor":35,"turns":6},{"damage":14,"enemies":"3 Shapes","floor":36,"turns":4}],"seed_played":"1071235510582969903","potions_obtained":[{"floor":7,"key":"SteroidPotion"},{"floor":11,"key":"Swift Potion"},{"floor":12,"key":"SmokeBomb"},{"floor":14,"key":"Strength Potion"},{"floor":16,"key":"GamblersBrew"},{"floor":18,"key":"SpeedPotion"},{"floor":21,"key":"SteroidPotion"},{"floor":29,"key":"LiquidBronze"},{"floor":35,"key":"Energy Potion"}],"is_trial":false,"path_per_floor":["M","M","?","M","?","R","E","R","T","E","M","E","$","M","R","B",null,"M","?","M","M","$","R","T","E","T","E","M","M","?","?","R","B",null,"M","M"],"character_chosen":"THE_CURSED","items_purchased":["Regal Pillow","Regen Potion","Toy Ornithopter"],"campfire_rested":2,"item_purchase_floors":[13,13,22],"current_hp_per_floor":[72,66,51,43,68,68,52,52,52,32,29,11,11,11,48,32,75,65,65,65,51,51,51,51,37,37,27,21,21,21,21,58,35,75,4,0,0],"gold":272,"neow_bonus":"ONE_RANDOM_RARE_CARD","is_daily":false,"chose_seed":false,"campfire_upgraded":3,"win_rate":0.0,"timestamp":1613687667,"path_taken":["M","M","?","M","?","R","E","R","T","E","M","E","$","M","R","BOSS","M","?","?","M","?","R","?","E","T","E","?","M","?","?","R","BOSS","M","M"],"items_purchased_type":["Relic","Potion","Relic"],"build_version":"2020-12-22","purchased_purges":0,"victory":false,"max_hp_per_floor":[75,75,75,75,75,75,75,75,75,75,75,75,75,75,75,75,75,75,75,75,75,75,75,75,75,75,75,75,75,75,75,75,75,75,75,75,75],"card_choices":[{"not_picked":["TheCursedMod:CursedAmulet","TheCursedMod:WearCloak"],"picked":"TheCursedMod:ReleasedStrength","floor":1},{"not_picked":["TheCursedMod:SpitefulPray","TheCursedMod:RavingStaff"],"picked":"TheCursedMod:LuckyCharm","floor":2},{"not_picked":["TheCursedMod:SaltUponWound","TheCursedMod:RapidMovement"],"picked":"TheCursedMod:HellsGateOpen","floor":4},{"not_picked":["TheCursedMod:WearCloak","TheCursedMod:StunningStrike"],"picked":"TheCursedMod:AbyssShockwave","floor":7},{"not_picked":["TheCursedMod:Stigma","TheCursedMod:RapidMovement"],"picked":"TheCursedMod:BloodBarrier","floor":10},{"not_picked":["TheCursedMod:AbyssShockwave","TheCursedMod:RapidMovement"],"picked":"TheCursedMod:SoulCrush","floor":11},{"not_picked":["TheCursedMod:RapidMovement","TheCursedMod:Torture"],"picked":"TheCursedMod:Hemoplague","floor":12},{"not_picked":["TheCursedMod:Obscuration","TheCursedMod:Stigma"],"picked":"TheCursedMod:SmokeScreen","floor":14},{"not_picked":["TheCursedMod:UltimatePain","TheCursedMod:ShockAndAwe"],"picked":"TheCursedMod:ForbiddenAlchemy","floor":16},{"not_picked":["TheCursedMod:Stigma+1","TheCursedMod:Stretching"],"picked":"TheCursedMod:SpitefulPray+1","floor":18},{"not_picked":["TheCursedMod:FleshFromBone","TheCursedMod:AbyssShockwave"],"picked":"TheCursedMod:SpitefulStrike","floor":20},{"not_picked":["TheCursedMod:Stigma","TheCursedMod:Wield"],"picked":"TheCursedMod:ManaBullet","floor":21},{"not_picked":["TheCursedMod:DoubleShield+1","TheCursedMod:ReleasedKnowledge+1"],"picked":"TheCursedMod:CircleOfFocus+1","floor":25},{"not_picked":["TheCursedMod:StingEye+1","TheCursedMod:VitalStrike"],"picked":"TheCursedMod:CursedShiv+1","floor":28},{"not_picked":["TheCursedMod:FleshFromBone+1","TheCursedMod:Wield+1"],"picked":"TheCursedMod:VoidForm","floor":29},{"not_picked":["TheCursedMod:CursedSpellbook+1","TheCursedMod:TacticalStrike+1"],"picked":"TheCursedMod:SmokeScreen+1","floor":35}],"player_experience":58651,"relics_obtained":[{"floor":7,"key":"Anchor"},{"floor":9,"key":"Tiny Chest"},{"floor":10,"key":"Dead Branch"},{"floor":12,"key":"Gremlin Horn"},{"floor":24,"key":"Happy Flower"},{"floor":25,"key":"Toxic Egg 2"},{"floor":26,"key":"Kunai"}],"event_choices":[{"damage_healed":0,"gold_gain":0,"player_choice":"Entered Light","damage_taken":15,"max_hp_gain":0,"max_hp_loss":0,"event_name":"Shining Light","floor":3,"gold_loss":0,"cards_upgraded":["TheCursedMod:DemonicPact","TheCursedMod:Strike_TheCursed"]},{"damage_healed":25,"gold_gain":0,"player_choice":"Banana","damage_taken":0,"max_hp_gain":0,"max_hp_loss":0,"event_name":"Big Fish","floor":5,"gold_loss":0},{"damage_healed":0,"gold_gain":0,"player_choice":"Ignored","damage_taken":0,"max_hp_gain":0,"max_hp_loss":0,"event_name":"N\u0027loth","floor":19,"gold_loss":0},{"damage_healed":0,"gold_gain":0,"player_choice":"Ignored","damage_taken":0,"max_hp_gain":0,"max_hp_loss":0,"event_name":"Cursed Tome","floor":30,"gold_loss":0},{"damage_healed":0,"gold_gain":0,"player_choice":"Inject Mutagens","damage_taken":0,"relics_obtained":["MutagenicStrength"],"max_hp_gain":0,"max_hp_loss":0,"event_name":"Drug Dealer","floor":31,"gold_loss":0}],"is_beta":false,"boss_relics":[{"not_picked":["Ectoplasm","TheCursedMod:BlackMagicAdvanced"],"picked":"TheCursedMod:FourLeafCloverCharm"},{"not_picked":["Runic Dome","Fusion Hammer"],"picked":"Runic Pyramid"}],"items_purged_floors":[],"is_endless":false,"potions_floor_spawned":[7,11,12,14,16,18,21,29,35],"killed_by":"3 Shapes","ascension_level":1}}