{"host":"6aycdg1azw3gf4o9","time":1613650295,"event":{"mods":["Act Like it!","Arknights","BaseMod","CapriCore","Friendly Minions","Koishi","Marisa£®ÏF”Í°°ƒß¿Ì…≥£©","Minty Spire (QoL Compilation)","READ ME - Guardian Mod","Remilia£®¿Ÿ√◊¿Ú—«£©","StSLib"],"gold_per_floor":[219,494,98,112,127,127,141,172,198,184,17,85,100,128,128,228,228,244,119,79,119,94,94,119,134,159,171,86,86,105,0,0,101,101,120,0,12,65,65,65,65],"floor_reached":40,"language":"ZHS","playtime":2281,"items_purged":["Regret","Strike_RM","Defend_RM"],"score":607,"play_id":"77b389d1-156a-433f-a5a7-f917d0983882","local_time":"20210218201135","is_ascension_mode":true,"campfire_choices":[{"data":"MastersStateliness","floor":6.0,"key":"SMITH"},{"data":"RedMoon","floor":15.0,"key":"SMITH"},{"data":"BlasphemousPunishment","floor":23,"key":"SMITH"},{"data":"BombardNight","floor":29,"key":"SMITH"},{"floor":32,"key":"REST"}],"circlet_count":0,"master_deck":["Strike_RM","Strike_RM","Defend_RM","Defend_RM","Defend_RM","RedMoon+1","ScarletShoot","VampireClaw","MiserableFate","EndlessAdversity","Stigmanizer","Septette","MastersStateliness+1","BloodRain","VampireKiss","FavorOfDestiny","SuperhumanBloodyKnife","StarOfDavid","UnstableMagic","ScarletCoffin+1","MastersStateliness","BlasphemousPunishment+1","KillingBlow","BombardNight+1","ScarletDream+1","ForecastOfChange","UnstableMagic+1"],"relics":["ScarletHat","Oddly Smooth Stone","Omamori","Anchor","Odd Mushroom","Snecko Eye","Smiling Mask","Happy Flower","Toxic Egg 2","Busted Crown","Red Mask","Pocketwatch"],"acts_visited":["Exordium","TheCity","TheBeyond"],"potions_floor_usage":[21,25,27,27,30,33,38,38,38],"damage_taken":[{"damage":1.0,"enemies":"Cultist","floor":1.0,"turns":4.0},{"damage":2.0,"enemies":"2 Louse","floor":4.0,"turns":3.0},{"damage":0.0,"enemies":"Jaw Worm","floor":5.0,"turns":3.0},{"damage":4.0,"enemies":"Exordium Wildlife","floor":7.0,"turns":3.0},{"damage":0.0,"enemies":"3 Sentries","floor":8.0,"turns":3.0},{"damage":5.0,"enemies":"Exordium Thugs","floor":10.0,"turns":4.0},{"damage":0.0,"enemies":"Large Slime","floor":13.0,"turns":3.0},{"damage":0.0,"enemies":"The Mushroom Lair","floor":14.0,"turns":3.0},{"damage":7.0,"enemies":"Hexaghost","floor":16.0,"turns":11.0},{"damage":0,"enemies":"Chosen","floor":18,"turns":4},{"damage":5,"enemies":"Spheric Guardian","floor":21,"turns":3},{"damage":43,"enemies":"Book of Stabbing","floor":24,"turns":4},{"damage":10,"enemies":"Cultist and Chosen","floor":25,"turns":3},{"damage":0,"enemies":"Snecko","floor":27,"turns":3},{"damage":10,"enemies":"Snake Plant","floor":30,"turns":2},{"damage":34,"enemies":"Collector","floor":33,"turns":7},{"damage":2,"enemies":"Orb Walker","floor":35,"turns":3},{"damage":24,"enemies":"3 Shapes","floor":37,"turns":3},{"damage":8,"enemies":"2 Orb Walkers","floor":38,"turns":4},{"damage":56,"enemies":"Reptomancer","floor":40,"turns":3}],"seed_played":"3800121649413023335","potions_obtained":[{"floor":1.0,"key":"SteroidPotion"},{"floor":5.0,"key":"PowerPotion"},{"floor":13.0,"key":"Weak Potion"},{"floor":14.0,"key":"SpeedPotion"},{"floor":16.0,"key":"FearPotion"},{"floor":16.0,"key":"GamblersBrew"},{"floor":18,"key":"DistilledChaos"},{"floor":24,"key":"AttackPotion"},{"floor":24,"key":"Ancient Potion"},{"floor":25,"key":"GamblersBrew"},{"floor":27,"key":"Energy Potion"},{"floor":30,"key":"Regen Potion"},{"floor":33,"key":"PowerPotion"},{"floor":37,"key":"BlessingOfTheForge"},{"floor":37,"key":"Block Potion"}],"is_trial":false,"path_per_floor":["M","?","$","M","M","R","M","E","T","M","$","?","M","?","R","B",null,"M","$","?","M","$","R","E","M","T","M","?","R","M","?","R","B",null,"M","?","M","?","?","E"],"character_chosen":"REMILIA","items_purchased":["MiserableFate","EndlessAdversity","Stigmanizer","Oddly Smooth Stone","SuperhumanBloodyKnife","BlasphemousPunishment"],"campfire_rested":1,"item_purchase_floors":[3,3,3,3,11,22],"current_hp_per_floor":[67,67,67,65,65,65,63,63,63,60,60,60,60,60,60,66,73,74,74,74,70,70,70,31,23,23,34,34,34,24,24,46,32,64,68,68,44,42,42,0,0],"gold":65,"neow_bonus":"HUNDRED_GOLD","is_daily":false,"chose_seed":false,"campfire_upgraded":4,"win_rate":0.0,"timestamp":1613650295,"path_taken":["M","?","$","M","M","R","M","E","T","M","?","?","?","?","R","BOSS","M","$","?","M","$","R","E","M","T","?","?","R","M","?","R","BOSS","M","?","M","?","?","E"],"items_purchased_type":["Card","Card","Card","Relic","Card","Card"],"build_version":"2020-12-22","purchased_purges":3,"victory":false,"max_hp_per_floor":[75,75,75,75,75,75,75,75,75,75,75,75,75,75,75,75,75,75,75,75,75,75,75,75,75,75,75,75,75,75,75,75,75,75,75,75,75,75,75,75,75],"card_choices":[{"not_picked":["ScarletSymphony","CharismaGuard"],"picked":"VampireClaw","floor":1.0},{"not_picked":["UnderTheZenith","BloodHunter"],"picked":"Septette","floor":4.0},{"not_picked":["NightDance","VampireClaw"],"picked":"MastersStateliness","floor":5.0},{"not_picked":["BloodHunter","NightDance"],"picked":"BloodRain","floor":7.0},{"not_picked":["RedNightlessCastle","StarOfDavid"],"picked":"VampireKiss","floor":8.0},{"not_picked":["UnstableMagic","RedRainbow"],"picked":"FavorOfDestiny","floor":10.0},{"not_picked":["LeisurelyOfLord","NightDance"],"picked":"StarOfDavid","floor":13.0},{"not_picked":["BadLadyScramble","ForbiddenFruit"],"picked":"UnstableMagic","floor":14.0},{"not_picked":["ForecastOfChange","TricksterDevil"],"picked":"ScarletCoffin","floor":16.0},{"not_picked":["ScarletDevil+1","BloodyTrap","UnstableMagic"],"picked":"SKIP","floor":18},{"not_picked":["Maim","UnstableMagic"],"picked":"MastersStateliness","floor":21},{"not_picked":["EndlessAdversity","VampireKiss","RedRainbow"],"picked":"SKIP","floor":24},{"not_picked":["VampireKiss","NightDance"],"picked":"KillingBlow","floor":25},{"not_picked":["NightDance","DiffusionOfMisfortune"],"picked":"BombardNight","floor":27},{"not_picked":["VampireKiss+1","BlasphemousPunishment+1"],"picked":"ScarletDream+1","floor":30},{"not_picked":["EquivalentExchange","BloodyCatastrophe+1"],"picked":"ForecastOfChange","floor":33},{"not_picked":[],"picked":"UnstableMagic+1","floor":35},{"not_picked":["VampireKiss+1"],"picked":"SKIP","floor":37}],"player_experience":527736,"relics_obtained":[{"floor":8.0,"key":"Omamori"},{"floor":9.0,"key":"Anchor"},{"floor":14.0,"key":"Odd Mushroom"},{"floor":24,"key":"Smiling Mask"},{"floor":26,"key":"Happy Flower"},{"floor":38,"key":"Pocketwatch"}],"event_choices":[{"damage_healed":0.0,"max_hp_gain":0.0,"max_hp_loss":0.0,"gold_gain":275.0,"event_name":"Golden Shrine","player_choice":"Desecrate","floor":2.0,"gold_loss":0.0,"damage_taken":0.0,"cards_obtained":["Regret"]},{"damage_healed":0.0,"max_hp_gain":0.0,"max_hp_loss":0.0,"gold_gain":68.0,"event_name":"Golden Wing","player_choice":"Gained Gold","floor":12.0,"gold_loss":0.0,"damage_taken":0.0},{"damage_healed":0.0,"max_hp_gain":0.0,"max_hp_loss":0.0,"gold_gain":0.0,"event_name":"Mushrooms","player_choice":"Fought Mushrooms","floor":14.0,"gold_loss":0.0,"damage_taken":0.0},{"damage_healed":0,"gold_gain":0,"player_choice":"Upgrade","damage_taken":0,"max_hp_gain":0,"max_hp_loss":0,"event_name":"Designer","floor":20,"gold_loss":40,"cards_upgraded":["ScarletCoffin"]},{"damage_healed":0,"gold_gain":0,"player_choice":"Obtained Relic","damage_taken":0,"relics_obtained":["Toxic Egg 2"],"max_hp_gain":0,"max_hp_loss":0,"event_name":"Addict","floor":28,"gold_loss":85},{"damage_healed":0,"gold_gain":0,"player_choice":"Paid Fearfully","damage_taken":0,"max_hp_gain":0,"max_hp_loss":0,"event_name":"Masked Bandits","floor":31,"gold_loss":105},{"damage_healed":0,"gold_gain":0,"player_choice":"Paid","damage_taken":0,"relics_obtained":["Red Mask"],"max_hp_gain":0,"max_hp_loss":0,"event_name":"Tomb of Lord Red Mask","floor":36,"gold_loss":120},{"damage_healed":0,"gold_gain":0,"player_choice":"Fight","damage_taken":0,"max_hp_gain":0,"max_hp_loss":0,"event_name":"Mysterious Sphere","floor":38,"gold_loss":0},{"cards_removed":["Strike_RM"],"damage_healed":0,"gold_gain":0,"player_choice":"Removed Attack","damage_taken":0,"max_hp_gain":0,"max_hp_loss":0,"event_name":"Falling","floor":39,"gold_loss":0}],"is_beta":false,"boss_relics":[{"not_picked":["SlaversCollar","Runic Dome"],"picked":"Snecko Eye"},{"not_picked":["Runic Pyramid","Black Star"],"picked":"Busted Crown"}],"items_purged_floors":[3,11,19],"is_endless":false,"potions_floor_spawned":[1,5,13,14,16,24,33,37],"killed_by":"Reptomancer","ascension_level":7}}