{"host":"y4fuci1jk2rsxnep","time":1613642819,"event":{"mods":["AchievementEnabler","BaseMod","Colored Powertips","Custom Start","Defuse TimeMaze Blight","Dio Mod","Downfall","Hermit","Hero for Fun","Hubris","Hunter ??","Infinite Spire","Minty Spire (QoL Compilation)","Quick Restart","Reliquary","Remove Card Discount Mod","Replay The Spire","StSLib","The Blackbeard","The Bug Knight","The Mystic","The Runesmith"],"gold_per_floor":[119,139,139,214,214,214,230,230,254,107,121,135,135,153,153,258,258,246,246,84,84,57,57,57],"floor_reached":23,"language":"ENG","playtime":2073,"items_purged":[],"score":206,"play_id":"4708dbd6-abab-4dbd-bb4f-f93310e839a3","local_time":"20210218110659","is_ascension_mode":true,"campfire_choices":[{"data":"ReplayTheSpireMod:Brewmster","floor":6,"key":"SMITH"},{"floor":15,"key":"REST"}],"circlet_count":0,"master_deck":["hermit:Strike_Hermit","hermit:Strike_Hermit","hermit:Strike_Hermit","hermit:Strike_Hermit","hermit:Defend_Hermit","hermit:Defend_Hermit","hermit:Defend_Hermit","hermit:Defend_Hermit","hermit:Snapshot","hermit:Covet","ReplayTheSpireMod:Faulty Equipment","ReplayTheSpireMod:Brewmster+1","hermit:Quickdraw","hermit:CursedWeapon","Spreading Infection","hermit:Determination","Parasite","Pot Of Greed","Pot Of Greed","hermit:Headshot","hermit:Enervate","hermit:ShadowCloak","hermit:Reprieve","hermit:Deadeye","Poisoned Strike","infinitespire:Collect","Pot Of Greed","hermit:FlashPowder"],"relics":["hermit:Momento","hubris:Towel","Ring of Fangs","Blue Doll","Grinning Jar"],"acts_visited":["Exordium","TheCity"],"potions_floor_usage":[2,2,7,7,11,11,12,12,12,14,14,16,16,16,16,16,16,16,16,16,16,16,16,16,18,23,23,23],"damage_taken":[{"damage":3,"enemies":"Jaw Worm","floor":1,"turns":4},{"damage":0,"enemies":"Small Slimes","floor":2,"turns":3},{"damage":8,"enemies":"2 Louse","floor":7,"turns":4},{"damage":8,"enemies":"Exordium Wildlife","floor":11,"turns":5},{"damage":21,"enemies":"Lots of Slimes","floor":12,"turns":5},{"damage":31,"enemies":"3 Louse","floor":14,"turns":5},{"damage":15,"enemies":"The Guardian","floor":16,"turns":12},{"damage":23,"enemies":"2 Thieves","floor":18,"turns":4},{"damage":66,"enemies":"Gremlin Leader","floor":23,"turns":5}],"seed_played":"-801491070892745470","potions_obtained":[{"floor":1,"key":"LiquidMemories"},{"floor":12,"key":"hermit:Tonic"},{"floor":16,"key":"FearPotion"},{"floor":18,"key":"hexamod:SoulburnPotion"}],"is_trial":false,"path_per_floor":["M","M","?","?","?","R","M","?","T","$","M","M","$","M","R","B",null,"M","?","$","AVR","$","E"],"character_chosen":"HERMIT","items_purchased":["Grinning Jar","hermit:Deadeye","Poisoned Strike","hermit:FlashPowder"],"campfire_rested":1,"item_purchase_floors":[10,20,20,22],"current_hp_per_floor":[72,72,72,61,61,61,53,71,71,71,63,42,42,11,33,33,75,56,56,56,56,56,0,0],"gold":57,"neow_bonus":"RANDOM_COLORLESS_2","is_daily":false,"chose_seed":false,"campfire_upgraded":1,"win_rate":0.0,"timestamp":1613642819,"path_taken":["M","M","?","?","?","R","M","?","T","?","?","M","$","M","R","BOSS","M","?","?","AVR","?","E"],"items_purchased_type":["Relic","Card","Card","Card"],"build_version":"2020-12-22","purchased_purges":0,"victory":false,"max_hp_per_floor":[75,75,75,75,75,75,75,75,75,75,75,75,75,75,75,75,75,75,75,75,75,75,75,75],"card_choices":[{"not_picked":["Secret Technique","Mayhem"],"picked":"ReplayTheSpireMod:Brewmster","floor":0},{"not_picked":["hermit:TakeAim","hermit:Glare"],"picked":"hermit:Quickdraw","floor":1},{"not_picked":["hermit:Vantage","hermit:GoldenBullet"],"picked":"hermit:CursedWeapon","floor":2},{"not_picked":["hermit:EternalForm","hermit:Dive"],"picked":"hermit:Determination","floor":7},{"not_picked":["hermit:Dive","hermit:Quickdraw"],"picked":"hermit:Headshot","floor":11},{"not_picked":["hermit:TakeAim","hermit:TrackingShot"],"picked":"hermit:Enervate","floor":12},{"not_picked":["hermit:WideOpen","hermit:TakeAim"],"picked":"hermit:ShadowCloak","floor":14},{"not_picked":["hermit:FinalCanter","hermit:HighNoon"],"picked":"hermit:Reprieve","floor":16},{"not_picked":["hermit:Dive","hermit:TakeAim","hermit:Misfire+1"],"picked":"SKIP","floor":18}],"player_experience":641326,"relics_obtained":[{"floor":5,"key":"Ring of Fangs"},{"floor":9,"key":"Blue Doll"}],"event_choices":[{"damage_healed":0,"gold_gain":75,"player_choice":"Gather Gold","damage_taken":11,"max_hp_gain":0,"max_hp_loss":0,"event_name":"World of Goop","floor":4,"gold_loss":0},{"damage_healed":18,"gold_gain":0,"player_choice":"Healed and dodged fight","damage_taken":0,"max_hp_gain":0,"max_hp_loss":0,"event_name":"Mushrooms","floor":8,"gold_loss":0,"cards_obtained":["Parasite"]},{"damage_healed":0,"gold_gain":0,"player_choice":"Leave","damage_taken":0,"max_hp_gain":0,"max_hp_loss":0,"event_name":"FaceTrader","floor":19,"gold_loss":0}],"is_beta":false,"boss_relics":[{"not_picked":["Replay:Drink Me","ReplayTheSpireMod:DimensionalGlitch","hubris:CrackedHourglass"]}],"items_purged_floors":[],"is_endless":false,"potions_floor_spawned":[1,12,16,18],"killed_by":"Gremlin Leader","ascension_level":3}}