{"host":"61ejhfsushs0xmcl","time":1613639061,"event":{"mods":["ATMod(阿瑾Mod)","Act Like it!","BaseMod","Colored Map","Gold Saver","Minty Spire (QoL Compilation)","MostiFishMod","Ruina","Spicy Shops","StSLib","TestMod","【遗物卡牌】REMEMod","篝火指南"],"gold_per_floor":[113,113,132,112,127,127,158,158,158,169,188,223,223,223,223,298,298,308,308,8,8,8,41,90,140,185,211,233,265,282,302,302,381,381,416,53,53,53,85,113,135,135,161,200,227,227,227,269,269,315,328,328,328,253,316,355],"floor_reached":57,"language":"ZHS","playtime":1875,"items_purged":["MostiFishMod:Clarity","Defend_P","Strike_P","AT_OneInchPunch+1"],"score":3685,"play_id":"794154b1-57a5-476b-88e1-b6bb7486d8ca","local_time":"20210218170421","is_ascension_mode":true,"campfire_choices":[{"data":"Eruption","floor":6.0,"key":"SMITH"},{"data":"AT_OneInchPunch","floor":8.0,"key":"SMITH"},{"data":"TalkToTheHand","floor":13.0,"key":"SMITH"},{"data":"AT_ChampionStep","floor":15.0,"key":"SMITH"},{"floor":32,"key":"RECALL"},{"data":"Adaptation","floor":42,"key":"SMITH"},{"data":"Tantrum","floor":47,"key":"SMITH"},{"data":"Indignation","floor":49,"key":"SMITH"},{"data":"Scrawl","floor":53,"key":"SMITH"}],"circlet_count":0,"master_deck":["AscendersBane","Strike_P+1","Strike_P+1","Strike_P","Eruption+1","Vigilance","SandsOfTime","InnerPeace","TalkToTheHand+1","AT_ChampionStep+1","Indignation+1","MostiFishMod:DisColor","CutThroughFate","Crescendo","Evaluate+1","Crescendo","Tantrum+1","AT_IrregularMenstruation","Die Die Die","Scrawl+1","Adaptation+1","REME_CRH+1","Scrawl+1"],"relics":["PureWater","AT_ATBox","REME_ComplimentaryCards","testmod-TestBox","testmod-ArcanaOfDestiny","ChiXiaoBlade","SynthV:TestCard","REME_LimitBreaker","AT_ImmortalShieldbow","testmod-RandomTest","Black Star","ruina:PrescriptsGrace","Civilization","AT_BladeRuinedKing","REME_ArchaeologicalTools","Mummified Hand","REME_IWantAll","testmod-DeterminationOfClimber","Toxic Egg 2","AT_ArchangelStaff","Art of War","Oddly Smooth Stone","AT_DeathDance","Frozen Egg 2","DaveBox","Membership Card","Potion Belt","Nunchaku","testmod-IndustrialRevolution","Bottled Flame"],"acts_visited":["Exordium","Exordium","TheBeyond","TheEnding"],"potions_floor_usage":[23,50,56,56],"damage_taken":[{"damage":3.0,"enemies":"Jaw Worm","floor":1.0,"turns":3.0},{"damage":0.0,"enemies":"Cultist","floor":3.0,"turns":2.0},{"damage":1.0,"enemies":"2 Louse","floor":5.0,"turns":2.0},{"damage":0.0,"enemies":"Lagavulin","floor":7.0,"turns":4.0},{"damage":3.0,"enemies":"Blue Slaver","floor":10.0,"turns":2.0},{"damage":5.0,"enemies":"Exordium Thugs","floor":11.0,"turns":4.0},{"damage":3.0,"enemies":"3 Sentries","floor":12.0,"turns":3.0},{"damage":0.0,"enemies":"Slime Boss","floor":16.0,"turns":4.0},{"damage":0.0,"enemies":"ruina:Nosferatu","floor":18.0,"turns":2.0},{"damage":0,"enemies":"ruina:Mountain","floor":23,"turns":4},{"damage":0,"enemies":"ruina:BadWolf","floor":24,"turns":1},{"damage":0,"enemies":"ruina:RoadHome","floor":25,"turns":1},{"damage":0,"enemies":"ruina:QueenOfHate","floor":27,"turns":2},{"damage":0,"enemies":"ruina:Woodsman","floor":28,"turns":1},{"damage":0,"enemies":"ruina:Mountain","floor":29,"turns":3},{"damage":0,"enemies":"ruina:KnightOfDespair","floor":30,"turns":1},{"damage":0,"enemies":"ruina:Nos_and_Bat","floor":31,"turns":2},{"damage":44,"enemies":"ruina:Red_and_Wolf","floor":33,"turns":4},{"damage":7,"enemies":"3 Shapes","floor":35,"turns":1},{"damage":0,"enemies":"3 Darklings","floor":39,"turns":2},{"damage":0,"enemies":"Reptomancer","floor":40,"turns":2},{"damage":0,"enemies":"Sphere and 2 Shapes","floor":41,"turns":1},{"damage":0,"enemies":"Giant Head","floor":44,"turns":1},{"damage":0,"enemies":"Jaw Worm Horde","floor":45,"turns":1},{"damage":0,"enemies":"Nemesis","floor":48,"turns":1},{"damage":0,"enemies":"Awakened One","floor":50,"turns":2},{"damage":0,"enemies":"Donu and Deca","floor":51,"turns":1},{"damage":6,"enemies":"Shield and Spear","floor":55,"turns":2},{"damage":74,"enemies":"The Heart","floor":56,"turns":5}],"seed_played":"-7695424299577883951","potions_obtained":[{"floor":4.0,"key":"Ambrosia"},{"floor":5.0,"key":"Swift Potion"},{"floor":23,"key":"StancePotion"},{"floor":48,"key":"REME_GoldPotion"},{"floor":55,"key":"SkillPotion"}],"is_trial":false,"path_per_floor":["M","?","M","?","M","R","E","R","T","M","M","E","R","?","R","B",null,"M","?","$","?","$","E","M","E","T","M","M","E","M","M","R","B",null,"M","$","?","?","M","E","M","R","T","E","M","?","R","E","R","B","B",null,"R","$","E","B",null],"character_chosen":"WATCHER","items_purchased":["CutThroughFate","Civilization","Toxic Egg 2"],"campfire_rested":0,"item_purchase_floors":[20,20,36],"current_hp_per_floor":[58,58,58,58,57,57,57,57,57,54,49,46,46,27,27,27,53,53,53,53,53,53,54,56,59,59,68,73,78,83,88,88,49,85,86,86,86,86,93,98,105,105,105,116,122,122,122,127,127,132,137,137,137,137,141,78],"gold":355,"neow_bonus":"TRANSFORM_TWO_CARDS","is_daily":false,"chose_seed":false,"campfire_upgraded":8,"win_rate":0.0,"timestamp":1613639061,"path_taken":["M","?","M","?","M","R","E","R","T","?","M","E","R","?","R","BOSS","M","?","$","?","$","E","M","E","T","?","M","E","M","M","R","BOSS","M","$","?","?","M","E","M","R","T","E","?","?","R","E","R","BOSS","BOSS","R","$","E","BOSS"],"items_purchased_type":["Card","Relic","Relic"],"build_version":"2020-12-22","purchased_purges":4,"victory":true,"max_hp_per_floor":[62,62,62,62,62,62,62,62,62,62,62,62,62,62,62,62,62,62,62,62,62,62,63,65,68,68,72,77,82,87,92,92,97,97,102,102,97,97,102,107,112,112,112,117,122,122,122,127,127,132,137,137,137,137,142,147],"card_choices":[{"not_picked":["Prostrate","AT_RealFormLess","PathToVictory"],"picked":"SKIP","floor":1.0},{"not_picked":["DeceiveReality","Protect","PathToVictory","MostiFishMod:Clarity","CarveReality"],"picked":"SKIP","floor":3.0},{"not_picked":["SashWhip","PathToVictory","EmptyFist","MostiFishMod:Nomercy"],"picked":"InnerPeace","floor":5.0},{"not_picked":["AT_RealFormLess","Consecrate","CutThroughFate","Perseverance"],"picked":"TalkToTheHand","floor":7.0},{"not_picked":["AT_OneInchPunch","CutThroughFate","PathToVictory","FlurryOfBlows"],"picked":"AT_ChampionStep","floor":10.0},{"not_picked":["Consecrate","CutThroughFate","WreathOfFlame","WindmillStrike","Study"],"picked":"SKIP","floor":11.0},{"not_picked":["Wireheading","Halt","MostiFishMod:StarWish","Weave"],"picked":"Indignation","floor":12.0},{"not_picked":["MostiFishMod:DustFall","MostiFishMod:StarLaLaLa","Judgement","MostiFishMod:Minus"],"picked":"MostiFishMod:DisColor","floor":16.0},{"not_picked":["BowlingBash","ClearTheMind","PathToVictory","Wireheading","MostiFishMod:LegendTransform"],"picked":"SKIP","floor":18.0},{"not_picked":["MostiFishMod:Nomercy","Swivel","Sanctity","SpiritShield"],"picked":"Crescendo","floor":23},{"not_picked":["FlyingSleeves","CutThroughFate","Protect","REME_Repentance+1"],"picked":"Evaluate+1","floor":24},{"not_picked":["EmptyMind","PathToVictory+1","Collect","REME_Repentance"],"picked":"Crescendo","floor":25},{"not_picked":["JustLucky","REME_EmptyShield","CarveReality","PathToVictory","FollowUp"],"picked":"SKIP","floor":27},{"not_picked":["Halt","TalkToTheHand","Evaluate","ThirdEye"],"picked":"Tantrum","floor":28},{"not_picked":["EmptyBody","MostiFishMod:DustFall","EmptyFist","AT_SoftenMuscles"],"picked":"AT_IrregularMenstruation","floor":29},{"not_picked":["Halt","Crescendo","Wireheading","ThirdEye","CutThroughFate"],"picked":"SKIP","floor":30},{"not_picked":["SashWhip","ThirdEye","PathToVictory","Prostrate","CutThroughFate"],"picked":"SKIP","floor":31},{"not_picked":["Alpha","Judgement","MostiFishMod:Minus","MostiFishMod:Unraveling"],"picked":"Scrawl","floor":33},{"not_picked":["REME_MusicOfDeath","FlurryOfBlows","Crescendo+1","EmptyBody+1"],"picked":"Adaptation","floor":35},{"not_picked":["MostiFishMod:ScryFuture","Worship+1","JustLucky","Evaluate+1","EmptyBody+1"],"picked":"SKIP","floor":39},{"not_picked":["Wallop","EmptyFist","Collect+1","MostiFishMod:ScryFuture","Halt+1"],"picked":"SKIP","floor":40},{"not_picked":["Halt+1","BowlingBash+1","Indignation+1","FlyingSleeves"],"picked":"REME_CRH+1","floor":41},{"not_picked":["Protect+1","EmptyBody+1","MostiFishMod:Clarity+1","MostiFishMod:OutWit+1","Vengeance+1"],"picked":"SKIP","floor":44},{"not_picked":["EmptyBody+1","AT_DivineConfetti+1","SashWhip","FlurryOfBlows","MostiFishMod:PathToVictory+1"],"picked":"SKIP","floor":45},{"not_picked":["CutThroughFate","Meditate+1","FlurryOfBlows+1","FollowUp","EmptyFist+1"],"picked":"SKIP","floor":48},{"not_picked":["DeceiveReality+1","EmptyBody+1","REME_Repentance+1","Conclude"],"picked":"Scrawl+1","floor":55}],"player_experience":865159,"relics_obtained":[{"floor":1.0,"key":"SynthV:TestCard"},{"floor":7.0,"key":"REME_LimitBreaker"},{"floor":9.0,"key":"AT_ImmortalShieldbow"},{"floor":12.0,"key":"testmod-RandomTest"},{"floor":23,"key":"AT_BladeRuinedKing"},{"floor":23,"key":"REME_ArchaeologicalTools"},{"floor":25,"key":"Mummified Hand"},{"floor":25,"key":"REME_IWantAll"},{"floor":40,"key":"AT_ArchangelStaff"},{"floor":40,"key":"Art of War"},{"floor":43,"key":"Oddly Smooth Stone"},{"floor":44,"key":"AT_DeathDance"},{"floor":44,"key":"Frozen Egg 2"},{"floor":48,"key":"Potion Belt"},{"floor":48,"key":"Nunchaku"},{"floor":55,"key":"testmod-IndustrialRevolution"},{"floor":55,"key":"Bottled Flame"}],"event_choices":[{"damage_healed":0.0,"max_hp_gain":0.0,"max_hp_loss":0.0,"gold_gain":0.0,"event_name":"Liars Game","player_choice":"Ignored","floor":2.0,"gold_loss":0.0,"damage_taken":0.0},{"damage_healed":0.0,"max_hp_gain":0.0,"max_hp_loss":0.0,"gold_gain":0.0,"event_name":"The Woman in Blue","player_choice":"Bought 1 Potion","floor":4.0,"gold_loss":0.0,"damage_taken":0.0},{"damage_healed":0.0,"max_hp_gain":0.0,"max_hp_loss":0.0,"gold_gain":0.0,"event_name":"Shining Light","player_choice":"Entered Light","floor":14.0,"gold_loss":0.0,"damage_taken":19.0,"cards_upgraded":["Strike_P","Strike_P"]},{"damage_healed":0,"gold_gain":0,"player_choice":"Max HP","damage_taken":0,"max_hp_gain":0,"max_hp_loss":5,"event_name":"Winding Halls","floor":37,"gold_loss":0},{"damage_healed":0,"gold_gain":0,"player_choice":"0 cards matched","damage_taken":0,"max_hp_gain":0,"max_hp_loss":0,"event_name":"Match and Keep!","floor":38,"gold_loss":0,"cards_obtained":[]},{"damage_healed":0,"gold_gain":0,"player_choice":"Swap Relic","damage_taken":0,"relics_obtained":["DaveBox"],"max_hp_gain":0,"max_hp_loss":0,"event_name":"给自己的盒子","floor":46,"relics_lost":["DaveBox"],"gold_loss":0}],"is_beta":false,"boss_relics":[{"not_picked":["Empty Cage","OneHitWonderSystem"],"picked":"Black Star"},{"not_picked":["testmod-BatchProcessingSystem","testmod-NegativeEmotionEnhancer"],"picked":"testmod-DeterminationOfClimber"}],"items_purged_floors":[20,36,36,54],"is_endless":false,"potions_floor_spawned":[5,10,11,12,23,24,27,28,39,45,48,55],"ascension_level":20}}