{"host":"fuszjwm6fqgjjp4d","time":1613610639,"event":{"mods":["BaseMod","Colored Map","Minty Spire (QoL Compilation)","Permanent Neow","Relic Sorter","Relic Stats","StSLib"],"gold_per_floor":[111,111,128,143,68,68,95,95,142,169,185,185,199,227,227,300,300,319,339,26,36,50,83,96,96,151,151,185,199,199,199],"floor_reached":30,"language":"ENG","playtime":931,"items_purged":["Defend_B","Strike_B"],"score":684,"play_id":"68c16a4d-3da6-4145-97c2-5f5291bc27f2","local_time":"20210217191039","is_ascension_mode":true,"campfire_choices":[{"data":"Melter","floor":6.0,"key":"SMITH"},{"data":"Reinforced Body","floor":8.0,"key":"SMITH"},{"data":"Buffer","floor":15.0,"key":"SMITH"},{"data":"Fission","floor":25,"key":"SMITH"},{"floor":27,"key":"REST"}],"circlet_count":0,"master_deck":["AscendersBane","Strike_B","Strike_B","Defend_B","Defend_B","Defend_B","Zap","Dualcast","Conserve Battery","Reinforced Body+1","Melter+1","Cold Snap","Tempest","Buffer+1","Double Energy","Echo Form","Fission+1","Cold Snap+1","Self Repair","Coolheaded","White Noise"],"relics":["Cracked Core","Emotion Chip","PreservedInsect","Lantern","Ornamental Fan","FaceOfCleric","Letter Opener","Black Star","ClockworkSouvenir","Unceasing Top","Regal Pillow","MealTicket","Dream Catcher"],"acts_visited":["Exordium","TheCity"],"potions_floor_usage":[23,28,29,30],"damage_taken":[{"damage":7.0,"enemies":"Jaw Worm","floor":1.0,"turns":4.0},{"damage":0.0,"enemies":"Cultist","floor":3.0,"turns":4.0},{"damage":0.0,"enemies":"2 Louse","floor":4.0,"turns":2.0},{"damage":0.0,"enemies":"Gremlin Nob","floor":7.0,"turns":3.0},{"damage":1.0,"enemies":"Lagavulin","floor":10.0,"turns":5.0},{"damage":0.0,"enemies":"Red Slaver","floor":11.0,"turns":3.0},{"damage":1.0,"enemies":"Blue Slaver","floor":13.0,"turns":4.0},{"damage":0.0,"enemies":"3 Sentries","floor":14.0,"turns":1.0},{"damage":22.0,"enemies":"Hexaghost","floor":16.0,"turns":9.0},{"damage":0.0,"enemies":"Spheric Guardian","floor":18.0,"turns":1.0},{"damage":27.0,"enemies":"2 Thieves","floor":19.0,"turns":5.0},{"damage":3.0,"enemies":"Centurion and Healer","floor":21.0,"turns":7.0},{"damage":9,"enemies":"Snecko","floor":22,"turns":5},{"damage":9,"enemies":"Book of Stabbing","floor":23,"turns":3},{"damage":10,"enemies":"Snake Plant","floor":24,"turns":7},{"damage":32,"enemies":"Gremlin Leader","floor":28,"turns":6},{"damage":52,"enemies":"3 Cultists","floor":29,"turns":7},{"damage":13,"enemies":"Slavers","floor":30,"turns":1}],"seed_played":"-5294270906569320402","potions_obtained":[{"floor":4.0,"key":"Fire Potion"},{"floor":7.0,"key":"Swift Potion"},{"floor":10.0,"key":"PowerPotion"},{"floor":21.0,"key":"Energy Potion"},{"floor":22,"key":"Fruit Juice"},{"floor":28,"key":"ColorlessPotion"},{"floor":29,"key":"SteroidPotion"}],"is_trial":false,"path_per_floor":["M","?","M","M","$","R","E","R","T","E","M","?","M","E","R","B",null,"M","M","$","M","M","E","M","R","T","R","E","M","E"],"character_chosen":"DEFECT","items_purchased":["ClockworkSouvenir","Swift Potion"],"campfire_rested":1,"item_purchase_floors":[20,20],"current_hp_per_floor":[39,39,39,39,39,39,39,39,39,38,38,38,38,39,39,18,60,61,35,35,33,39,31,29,29,29,68,56,12,0,0],"gold":199,"neow_bonus":"ONE_RARE_RELIC","is_daily":false,"chose_seed":false,"campfire_upgraded":4,"win_rate":0.0,"timestamp":1613610639,"path_taken":["M","?","?","M","?","R","E","R","T","E","M","?","M","E","R","BOSS","M","M","$","M","?","E","M","R","T","R","E","M","E"],"items_purchased_type":["Relic","Potion"],"build_version":"2020-12-22","purchased_purges":2,"victory":false,"max_hp_per_floor":[71,71,71,71,71,71,71,71,71,71,71,71,72,73,73,74,74,75,76,76,77,78,79,80,80,80,80,86,87,87,87],"relic_stats":{"Emotion Chip":[36,28,8,0,0],"Regal Pillow":15,"Dream Catcher":0,"FaceOfCleric":11,"counters":[18,77],"Ornamental Fan":[24],"MealTicket":0,"PreservedInsect":191,"Black Star":2,"Letter Opener":[93],"obtain_stats":[{"Lantern":9,"Regal Pillow":23,"PreservedInsect":7,"Letter Opener":14,"ClockworkSouvenir":20,"Emotion Chip":0,"Dream Catcher":28,"FaceOfCleric":12,"Ornamental Fan":10,"MealTicket":28,"Black Star":17,"Cracked Core":0,"Unceasing Top":23},{"Lantern":4,"Regal Pillow":14,"PreservedInsect":4,"Letter Opener":8,"ClockworkSouvenir":11,"Emotion Chip":0,"Dream Catcher":16,"FaceOfCleric":6,"Ornamental Fan":5,"MealTicket":16,"Black Star":9,"Cracked Core":0,"Unceasing Top":14},{"Lantern":13,"Regal Pillow":56,"PreservedInsect":13,"Letter Opener":26,"ClockworkSouvenir":41,"Emotion Chip":0,"Dream Catcher":69,"FaceOfCleric":21,"Ornamental Fan":18,"MealTicket":69,"Black Star":35,"Cracked Core":0,"Unceasing Top":56}],"Unceasing Top":[2]},"card_choices":[{"not_picked":["Leap","Sweeping Beam"],"picked":"Conserve Battery","floor":1.0},{"not_picked":["Beam Cell","Leap"],"picked":"Reinforced Body","floor":3.0},{"not_picked":["Auto Shields","Force Field"],"picked":"Melter","floor":4.0},{"not_picked":["Sweeping Beam","Darkness"],"picked":"Cold Snap","floor":7.0},{"not_picked":["Auto Shields","Heatsinks"],"picked":"Tempest","floor":10.0},{"not_picked":["Stack","Doom and Gloom"],"picked":"Buffer","floor":11.0},{"not_picked":["Streamline","Rebound"],"picked":"Double Energy","floor":13.0},{"not_picked":["Gash","Leap"],"picked":"Echo Form","floor":14.0},{"not_picked":["Machine Learning","Reboot"],"picked":"Fission","floor":16.0},{"not_picked":["Compile Driver","Leap"],"picked":"Cold Snap+1","floor":18.0},{"not_picked":["Conserve Battery","Stack","Steam"],"picked":"SKIP","floor":19.0},{"not_picked":["Sweeping Beam","Rip and Tear"],"picked":"Self Repair","floor":21.0},{"not_picked":["Steam","Barrage+1","Go for the Eyes"],"picked":"SKIP","floor":22},{"not_picked":["Barrage","Beam Cell","Force Field"],"picked":"SKIP","floor":23},{"not_picked":["Gash","Go for the Eyes"],"picked":"Coolheaded","floor":24},{"not_picked":["Echo Form","Chill","Glacier"],"picked":"SKIP","floor":28},{"not_picked":["Barrage","Stack"],"picked":"White Noise","floor":29}],"player_experience":1492589,"relics_obtained":[{"floor":7.0,"key":"PreservedInsect"},{"floor":9.0,"key":"Lantern"},{"floor":10.0,"key":"Ornamental Fan"},{"floor":14.0,"key":"Letter Opener"},{"floor":23,"key":"Unceasing Top"},{"floor":23,"key":"Regal Pillow"},{"floor":28,"key":"MealTicket"},{"floor":28,"key":"Dream Catcher"}],"event_choices":[{"cards_removed":["Strike_B"],"damage_healed":0.0,"max_hp_gain":0.0,"max_hp_loss":0.0,"gold_gain":0.0,"event_name":"Purifier","player_choice":"Purged","floor":2.0,"gold_loss":0.0,"damage_taken":0.0},{"damage_healed":0.0,"max_hp_gain":0.0,"max_hp_loss":0.0,"gold_gain":0.0,"event_name":"FaceTrader","player_choice":"Trade","floor":12.0,"gold_loss":0.0,"damage_taken":0.0,"relics_obtained":["FaceOfCleric"]}],"is_beta":false,"boss_relics":[{"not_picked":["Empty Cage","Ectoplasm"],"picked":"Black Star"}],"items_purged_floors":[5,20],"is_endless":false,"potions_floor_spawned":[4,7,10,11,21,22,28,29],"killed_by":"Slavers","ascension_level":20}}