{"host":"aapp7ew3jk5k1bvd","time":1613638723,"event":{"mods":["AchievementEnabler","BaseMod","Colored Map","Custom Start","Keyboard Shortcuts","Minty Spire (QoL Compilation)","Permanent Neow","Quick Restart","StSLib","SuperFastMode"],"gold_per_floor":[10,27,42,57,57,57,91,102,129,129,129,54,71,88,88,159,159,173,45,45,20,70,70,70,70],"floor_reached":24,"language":"KOR","playtime":626,"items_purged":["Strike_B","Redo"],"score":353,"play_id":"db43e11f-ec2e-4503-ab9c-3735b61d4a7e","local_time":"20210218175843","is_ascension_mode":true,"campfire_choices":[{"data":"Zap","floor":6.0,"key":"SMITH"},{"floor":10.0,"key":"REST"},{"floor":15.0,"key":"REST"},{"data":"Double Energy","floor":23.0,"key":"SMITH"}],"circlet_count":0,"master_deck":["AscendersBane","Zap+1","Dualcast","Auto Shields","Glacier","Gash","Steam","Barrage","Conserve Battery","Capacitor","Redo","Streamline","Echo Form","Double Energy+1","BootSequence","Conserve Battery","Steam"],"relics":["Cracked Core","FossilizedHelix","Mummified Hand","Bronze Scales","Pandora\u0027s Box"],"acts_visited":["Exordium","TheCity"],"potions_floor_usage":[],"damage_taken":[{"damage":0.0,"enemies":"2 Louse","floor":1.0,"turns":2.0},{"damage":0.0,"enemies":"Small Slimes","floor":2.0,"turns":4.0},{"damage":0.0,"enemies":"Cultist","floor":3.0,"turns":5.0},{"damage":0.0,"enemies":"Blue Slaver","floor":4.0,"turns":6.0},{"damage":46.0,"enemies":"Gremlin Nob","floor":7.0,"turns":5.0},{"damage":1.0,"enemies":"2 Fungi Beasts","floor":8.0,"turns":4.0},{"damage":0.0,"enemies":"Lots of Slimes","floor":13.0,"turns":4.0},{"damage":0.0,"enemies":"3 Louse","floor":14.0,"turns":4.0},{"damage":11.0,"enemies":"The Guardian","floor":16.0,"turns":18.0},{"damage":7.0,"enemies":"Chosen","floor":18.0,"turns":5.0},{"damage":61,"enemies":"Slavers","floor":24,"turns":4}],"seed_played":"-1811588399379384786","potions_obtained":[{"floor":1.0,"key":"Energy Potion"},{"floor":7.0,"key":"Dexterity Potion"},{"floor":16.0,"key":"SneckoOil"},{"floor":18.0,"key":"Dexterity Potion"}],"is_trial":false,"path_per_floor":["M","M","M","M","?","R","E","M","T","R","?","$","M","M","R","B",null,"M","$","?","$","?","R","E"],"character_chosen":"DEFECT","items_purchased":["Conserve Battery","Steam"],"campfire_rested":2,"item_purchase_floors":[19,21],"current_hp_per_floor":[64,64,64,64,64,64,18,17,17,38,38,38,38,38,59,48,65,58,58,58,58,58,58,0,0],"gold":70,"neow_bonus":"ONE_RARE_RELIC","is_daily":false,"chose_seed":false,"campfire_upgraded":2,"win_rate":0.0,"timestamp":1613638723,"path_taken":["M","M","M","M","?","R","E","M","T","R","?","$","M","M","R","BOSS","M","$","?","$","?","R","E"],"items_purchased_type":["Card","Card"],"build_version":"2020-12-22","purchased_purges":2,"victory":false,"max_hp_per_floor":[71,71,71,71,71,71,71,71,71,71,71,71,71,71,71,71,71,71,71,71,71,71,71,71,71],"card_choices":[{"not_picked":["Tempest","Rebound"],"picked":"Auto Shields","floor":1.0},{"not_picked":["Barrage","Streamline"],"picked":"Glacier","floor":2.0},{"not_picked":["Self Repair","Sweeping Beam"],"picked":"Gash","floor":3.0},{"not_picked":["Aggregate","Sunder","Leap"],"picked":"SKIP","floor":4.0},{"not_picked":["Leap","Sweeping Beam"],"picked":"Steam","floor":7.0},{"not_picked":["Double Energy","Defragment","Barrage"],"picked":"SKIP","floor":8.0},{"not_picked":["Compile Driver","Barrage"],"picked":"Conserve Battery","floor":13.0},{"not_picked":["Redo","Double Energy","Steam Power"],"picked":"SKIP","floor":14.0},{"not_picked":["Hologram","Beam Cell"],"picked":"BootSequence","floor":18.0}],"player_experience":1017643,"relics_obtained":[{"floor":7.0,"key":"Mummified Hand"},{"floor":9.0,"key":"Bronze Scales"}],"event_choices":[{"damage_healed":0.0,"max_hp_gain":0.0,"max_hp_loss":0.0,"gold_gain":0.0,"event_name":"Liars Game","player_choice":"Ignored","floor":5.0,"gold_loss":0.0,"damage_taken":0.0},{"damage_healed":0.0,"max_hp_gain":0.0,"max_hp_loss":0.0,"gold_gain":0.0,"cards_transformed":["Strike_B"],"event_name":"Living Wall","player_choice":"Change","floor":11.0,"gold_loss":0.0,"damage_taken":0.0,"cards_obtained":["Barrage"]},{"damage_healed":0.0,"max_hp_gain":0.0,"max_hp_loss":0.0,"gold_gain":0.0,"event_name":"The Mausoleum","player_choice":"Ignored","floor":20.0,"gold_loss":0.0,"damage_taken":0.0},{"damage_healed":0.0,"max_hp_gain":0.0,"max_hp_loss":0.0,"gold_gain":50.0,"event_name":"Nest","player_choice":"Stole From Cult","floor":22.0,"gold_loss":0.0,"damage_taken":0.0}],"is_beta":false,"boss_relics":[{"not_picked":["Snecko Eye","SlaversCollar"],"picked":"Pandora\u0027s Box"}],"items_purged_floors":[12,19],"is_endless":false,"potions_floor_spawned":[1,7,16,18],"killed_by":"Slavers","ascension_level":16}}