{"host":"0cm5wy4nhuju7tij","time":1613628351,"event":{"mods":["100% Spire Juice","2.2 Compatiblity","AchievementEnabler","Aspiration","BaseMod","Better Third Choice","BetterRewards","CCEM2","CapriCore","Colored Powertips","Curses Come First","Displayed Cursed Tome","Downfall","Energized Spire","Evolution","Filter the Spire","Fireblade Mod","Highlight Path","Jess\u0027s Bottle","Minty Spire (QoL Compilation)","Permanent Neow","Poor People Problems","Relic Filter Mod","Relic Stats","Shapeshifter Mod","Shop Mod","Spicy Shops","StSLib","The Cursed","The Servant 0.9.4","TheSurvivalist","TheVacant","Weighted Paths"],"gold_per_floor":[109,122,122,141,154,187,187,219,242,258,258,274,274,287,287,389,389,426,438,456,473,6,31,50,83,132,132,132],"floor_reached":27,"language":"ENG","playtime":1913,"items_purged":[],"score":307,"play_id":"e968306c-73ae-45f4-9708-21faf18e8282","local_time":"20210218010551","is_ascension_mode":true,"campfire_choices":[{"floor":7,"key":"REST"},{"data":"Eruption","floor":11,"key":"SMITH"},{"floor":13,"key":"REST"},{"data":"Eruption","floor":15,"key":"SMITH"}],"circlet_count":0,"master_deck":["EmptyFist","EmptyFist","EmptyFist","Eruption+1","Vigilance+1","FlurryOfBlows","Tantrum","Devotion","Eruption+1","FlurryOfBlows","Brilliance","Evaluate","InnerPeace","ForeignInfluence","FlurryOfBlows","InnerPeace","Judgement","TalkToTheHand","EmptyFist","Wish","Perseverance","Perseverance","Halt+1","DeceiveReality","ReachHeaven","Prostrate+1","ClearTheMind+1","Blasphemy+1","FlyingSleeves","ReachHeaven","EmptyBody+1","SandsOfTime"],"relics":["PureWater","EVO:Axolotl","aspiration:Nostalgia","sneckomod:SneckoSoul","CCEMRelics:PorcelainBowl","Bag of Preparation","Tiny Chest","Pandora\u0027s Box","Membership Card","Bronze Scales","Toxic Egg 2","War Paint","CCEMRelics:Pendulum","Pen Nib","Regal Pillow"],"acts_visited":["Exordium","TheCity"],"potions_floor_usage":[8,16,23,23],"damage_taken":[{"damage":1,"enemies":"Jaw Worm","floor":1,"turns":2},{"damage":0,"enemies":"Cultist","floor":2,"turns":3},{"damage":0,"enemies":"Small Slimes","floor":4,"turns":2},{"damage":12,"enemies":"Blue Slaver","floor":5,"turns":3},{"damage":26,"enemies":"Lagavulin","floor":6,"turns":5},{"damage":17,"enemies":"3 Sentries","floor":8,"turns":6},{"damage":15,"enemies":"Exordium Thugs","floor":10,"turns":4},{"damage":0,"enemies":"Lots of Slimes","floor":12,"turns":2},{"damage":7,"enemies":"2 Fungi Beasts","floor":14,"turns":3},{"damage":38,"enemies":"Hexaghost","floor":16,"turns":6},{"damage":10,"enemies":"3 Byrds","floor":18,"turns":4},{"damage":0,"enemies":"Spheric Guardian","floor":19,"turns":2},{"damage":37,"enemies":"Shelled Parasite and Fungi","floor":20,"turns":3},{"damage":0,"enemies":"3 Cultists","floor":21,"turns":3},{"damage":17,"enemies":"Gremlin Leader","floor":23,"turns":4},{"damage":0,"enemies":"Snake Plant","floor":24,"turns":3},{"damage":6,"enemies":"Book of Stabbing","floor":25,"turns":3},{"damage":13,"enemies":"Colosseum Slavers","floor":27,"turns":1}],"seed_played":"5023346182592257905","potions_obtained":[{"floor":6,"key":"Regen Potion"},{"floor":8,"key":"FearPotion"},{"floor":10,"key":"SkillPotion"},{"floor":12,"key":"Regen Potion"},{"floor":16,"key":"BottledMiracle"},{"floor":21,"key":"LiquidMemories"}],"is_trial":false,"path_per_floor":["M","M","?","M","M","E","R","E","T","M","R","M","R","M","R","B",null,"M","M","M","M","$","E","M","E","T","?"],"character_chosen":"WATCHER","items_purchased":["Membership Card","Bronze Scales","Toxic Egg 2","War Paint","ClearTheMind+1","Blasphemy+1","FlyingSleeves"],"campfire_rested":2,"item_purchase_floors":[22,22,22,22,22,22,22],"current_hp_per_floor":[71,71,71,71,59,33,54,49,49,34,34,34,55,48,48,22,72,62,62,25,25,25,8,8,2,2,0,0],"gold":132,"neow_bonus":"NOSTALGIA","is_daily":false,"chose_seed":false,"campfire_upgraded":2,"win_rate":0.0,"timestamp":1613628351,"path_taken":["M","M","?","M","M","E","R","E","T","M","R","M","R","M","R","BOSS","M","?","M","M","$","E","M","E","T","?"],"items_purchased_type":["Relic","Relic","Relic","Relic","Card","Card","Card"],"build_version":"2020-12-22","purchased_purges":0,"victory":false,"max_hp_per_floor":[72,72,72,72,72,72,72,72,72,72,72,72,72,72,72,72,72,72,72,72,72,72,72,72,72,72,72,72],"relic_stats":{"Regal Pillow":0,"counters":[18,59],"Bronze Scales":[39],"Tiny Chest":0,"Pandora\u0027s Box":["TalkToTheHand","EmptyFist","Wish","Perseverance","Perseverance"],"Pen Nib":[0],"Bag of Preparation":[24],"War Paint":["Vigilance","Halt"],"obtain_stats":[{"CCEMRelics:PorcelainBowl":6,"Regal Pillow":26,"aspiration:Nostalgia":0,"CCEMRelics:Pendulum":23,"Pen Nib":25,"Bag of Preparation":8,"EVO:Axolotl":0,"War Paint":22,"sneckomod:SneckoSoul":0,"Bronze Scales":22,"Tiny Chest":9,"Pandora\u0027s Box":17,"Membership Card":22,"PureWater":0,"Toxic Egg 2":22},{"CCEMRelics:PorcelainBowl":5,"Regal Pillow":17,"aspiration:Nostalgia":0,"CCEMRelics:Pendulum":15,"Pen Nib":17,"Bag of Preparation":6,"EVO:Axolotl":0,"War Paint":14,"sneckomod:SneckoSoul":0,"Bronze Scales":14,"Tiny Chest":6,"Pandora\u0027s Box":10,"Membership Card":14,"PureWater":0,"Toxic Egg 2":14},{"CCEMRelics:PorcelainBowl":15,"Regal Pillow":58,"aspiration:Nostalgia":0,"CCEMRelics:Pendulum":52,"Pen Nib":58,"Bag of Preparation":21,"EVO:Axolotl":0,"War Paint":48,"sneckomod:SneckoSoul":0,"Bronze Scales":48,"Tiny Chest":21,"Pandora\u0027s Box":36,"Membership Card":48,"PureWater":0,"Toxic Egg 2":48}]},"card_choices":[{"not_picked":["EmptyBody","CrushJoints"],"picked":"FlurryOfBlows","floor":1},{"not_picked":["Adaptation","MentalFortress"],"picked":"Tantrum","floor":2},{"not_picked":["Halt","CrushJoints"],"picked":"FlurryOfBlows","floor":4},{"not_picked":["TalkToTheHand","BowlingBash"],"picked":"Brilliance","floor":5},{"not_picked":["Wish","Crescendo"],"picked":"Evaluate","floor":6},{"not_picked":["Halt","Evaluate"],"picked":"InnerPeace","floor":8},{"not_picked":["Swivel","InnerPeace"],"picked":"ForeignInfluence","floor":10},{"not_picked":["FlyingSleeves","EmptyBody"],"picked":"FlurryOfBlows","floor":12},{"not_picked":["FearNoEvil","Protect"],"picked":"InnerPeace","floor":14},{"not_picked":["Establishment","Wish"],"picked":"Judgement","floor":16},{"not_picked":["InnerPeace","SignatureMove"],"picked":"Halt","floor":18},{"not_picked":["FearNoEvil","CutThroughFate"],"picked":"DeceiveReality","floor":19},{"not_picked":["Consecrate","FollowUp"],"picked":"ReachHeaven","floor":20},{"not_picked":["EmptyFist","FlyingSleeves"],"picked":"Prostrate+1","floor":21},{"not_picked":["JustLucky","FollowUp"],"picked":"ReachHeaven","floor":23},{"not_picked":["ClearTheMind+1","Crescendo+1"],"picked":"EmptyBody+1","floor":24},{"not_picked":["Omniscience+1","ConjureBlade+1"],"picked":"SandsOfTime","floor":25}],"player_experience":449774,"relics_obtained":[{"floor":6,"key":"CCEMRelics:PorcelainBowl"},{"floor":8,"key":"Bag of Preparation"},{"floor":9,"key":"Tiny Chest"},{"floor":23,"key":"CCEMRelics:Pendulum"},{"floor":25,"key":"Pen Nib"},{"floor":26,"key":"Regal Pillow"}],"event_choices":[{"damage_healed":0,"gold_gain":0,"player_choice":"2 cards matched","damage_taken":0,"max_hp_gain":0,"max_hp_loss":0,"event_name":"Match and Keep!","floor":3,"gold_loss":0,"cards_obtained":["Devotion","Eruption"]},{"damage_healed":0,"gold_gain":0,"player_choice":"Fight","damage_taken":0,"max_hp_gain":0,"max_hp_loss":0,"event_name":"Colosseum","floor":27,"gold_loss":0}],"is_beta":false,"boss_relics":[{"not_picked":["bronze:MakeshiftBattery","Coffee Dripper"],"picked":"Pandora\u0027s Box"}],"items_purged_floors":[],"is_endless":false,"potions_floor_spawned":[6,8,10,12,14,16,18,21],"killed_by":"Colosseum Slavers","ascension_level":1}}