{"host":"np9ouipdmi0bkas5","time":1613633678,"event":{"mods":["AchievementEnabler","Aspiration","BaseMod","Better Altar","Better Match","Better Skull","Better Third Choice","Colored Map","Downfall","Highlight Path","Hubris","Infinite Spire","Minty Spire (QoL Compilation)","Replay The Spire","StSLib"],"gold_per_floor":[113,113,38,38,55,65,65,91,91,91,103,103,103,134,146,258,270,299,325,348,360,372,384,384],"floor_reached":23,"language":"ENG","playtime":1435,"items_purged":["Bash","Strike_R"],"score":244,"play_id":"9d1a229f-a52f-4788-a87c-a327ad1b647d","local_time":"20210217233438","is_ascension_mode":true,"campfire_choices":[{"floor":10,"key":"REST"},{"data":"Whirlwind","floor":10,"key":"SMITH"},{"floor":15,"key":"REST"},{"data":"Demonic Infusion","floor":15,"key":"SMITH"}],"circlet_count":0,"master_deck":["Strike_R","Strike_R","Strike_R","Defend_R","Defend_R","Defend_R","Whirlwind+1","Spot Weakness","Feed+1","Demonic Infusion+1","Flex","Whirlwind+1","Metallicize"],"relics":["Burning Blood","Molten Egg 2","Counterbalance","infinitespire:Magic Flask","MawBank","Philosopher\u0027s Stone","Empty Cage","MutagenicStrength"],"acts_visited":["Exordium","TheCity"],"potions_floor_usage":[16,19],"damage_taken":[{"damage":0,"enemies":"2 Louse","floor":1,"turns":1},{"damage":4,"enemies":"Cultist","floor":5,"turns":5},{"damage":29,"enemies":"Jaw Worm","floor":6,"turns":6},{"damage":52,"enemies":"Gremlin Nob","floor":8,"turns":6},{"damage":0,"enemies":"Gremlin Gang","floor":11,"turns":2},{"damage":27,"enemies":"Replay:BlueRogue","floor":14,"turns":5},{"damage":15,"enemies":"Slime Boss","floor":16,"turns":6},{"damage":41,"enemies":"2 Thieves","floor":18,"turns":4},{"damage":27,"enemies":"3 Byrds","floor":19,"turns":3},{"damage":40,"enemies":"Snake Plant","floor":20,"turns":3},{"damage":9,"enemies":"Slavers","floor":23,"turns":1}],"seed_played":"576083790953704992","potions_obtained":[{"floor":14,"key":"SpeedPotion"},{"floor":18,"key":"infinitespire:BlackPotion"}],"is_trial":false,"path_per_floor":["M","?","$","?","M","M","?","E","T","R","M","?","?","E","R","B",null,"M","M","M","AVR","?","E"],"character_chosen":"IRONCLAD","items_purchased":[],"campfire_rested":2,"item_purchase_floors":[],"current_hp_per_floor":[80,80,80,80,84,61,61,23,23,48,58,58,98,77,98,89,98,63,42,8,8,8,0,0],"gold":384,"neow_bonus":"RANDOM_EVENT","is_daily":false,"chose_seed":false,"campfire_upgraded":2,"win_rate":0.0,"timestamp":1613633678,"path_taken":["M","?","$","?","?","M","?","E","T","R","?","?","?","E","R","BOSS","M","M","M","AVR","?","E"],"items_purchased_type":[],"build_version":"2020-12-22","purchased_purges":2,"victory":false,"max_hp_per_floor":[80,80,80,80,84,84,84,84,84,84,88,88,98,98,98,98,98,98,98,98,98,98,98,98],"card_choices":[{"not_picked":["Cleave","ReplayTheSpireMod:Corrosion Curse"],"picked":"Spot Weakness","floor":1},{"not_picked":["Havoc","Combust","Sword Boomerang+1"],"picked":"SKIP","floor":5},{"not_picked":["Battle Trance","Anger+1","hubris:ReadiedAction"],"picked":"SKIP","floor":6},{"not_picked":["Fiend Fire+1","Disarm"],"picked":"Demonic Infusion","floor":8},{"not_picked":["Twin Strike+1","Reckless Charge+1"],"picked":"Flex","floor":11},{"not_picked":["ReplayTheSpireMod:Limb From Limb+1","Feel No Pain","ReplayReversal"],"picked":"SKIP","floor":14},{"not_picked":["Juggernaut","Reaper+1"],"picked":"Brutality","floor":16},{"not_picked":["ReplayTheSpireMod:LeadingStrike+1","True Grit+1","Warcry"],"picked":"SKIP","floor":18},{"not_picked":["Uppercut+1","Warcry"],"picked":"Whirlwind+1","floor":19},{"not_picked":["Wild Strike+1","Dual Wield"],"picked":"Metallicize","floor":20}],"player_experience":134069,"relics_obtained":[{"floor":8,"key":"Counterbalance"},{"floor":9,"key":"infinitespire:Magic Flask"},{"floor":14,"key":"MawBank"}],"event_choices":[{"damage_healed":0,"gold_gain":0,"cards_transformed":["Defend_R"],"player_choice":"Transformed","damage_taken":0,"max_hp_gain":0,"max_hp_loss":0,"event_name":"Transmorgrifier","floor":7,"gold_loss":0,"cards_obtained":["Hemogenesis"]},{"damage_healed":0,"gold_gain":0,"player_choice":"LEAVE","damage_taken":0,"max_hp_gain":0,"max_hp_loss":0,"event_name":"betterThird:BetterScrap","floor":12,"gold_loss":0,"cards_obtained":["Reboot"]},{"cards_removed":["Hemogenesis"],"damage_healed":30,"gold_gain":0,"player_choice":"Offered Rare","damage_taken":0,"max_hp_gain":10,"max_hp_loss":0,"event_name":"Bonfire Elementals","floor":13,"gold_loss":0},{"damage_healed":0,"gold_gain":0,"player_choice":"Inject Mutagens","damage_taken":0,"relics_obtained":["MutagenicStrength"],"max_hp_gain":0,"max_hp_loss":0,"event_name":"Drug Dealer","floor":22,"gold_loss":0}],"is_beta":false,"boss_relics":[{"not_picked":["Replay:Ancient Bell","aspiration:FutureDiary"],"picked":"Philosopher\u0027s Stone"}],"items_purged_floors":[3,21],"is_endless":false,"potions_floor_spawned":[14,18],"killed_by":"Slavers","ascension_level":2}}