{"host":"7gd7wzntdunlhduv","time":1613692246,"event":{"mods":["Aspiration","BaseMod","BetterRewards","Colored Powertips","Conspire","DeckTracker","Halation","Hubris","Minty Spire (QoL Compilation)","Quick Restart","StSLib","SuperFastMode","Trackpad"],"gold_per_floor":[111,122,122,141,63,89,106,131,212,242,242,317,317,334,334,434,434,452,469,469,469,469],"floor_reached":21,"language":"ENG","playtime":2681,"items_purged":[],"score":219,"play_id":"12bf11bf-1b78-4343-b619-a50ba0b1e121","local_time":"20210218235046","is_ascension_mode":true,"campfire_choices":[{"floor":11,"key":"REST"},{"floor":15,"key":"REST"}],"circlet_count":0,"master_deck":["Strike_B","Strike_B","Strike_B+1","Defend_B","Defend_B","Defend_B","Defend_B","Zap","Dualcast","Leap","Ball Lightning","Ball Lightning","Self Repair+1","Darkness","Defragment","Auto Shields","Capacitor","Cold Snap","Ball Lightning","Multi-Cast","Skim+1","Leap+1","Hologram+1","Streamline","Darkness+1"],"relics":["Cracked Core","aspiration:ChemicalBlood","CaptainsWheel","conspire:Flyswatter","hubris:CrystalStatue","Astrolabe","hubris:BottledHeart"],"acts_visited":["TheCity"],"potions_floor_usage":[8,8,10,16,16,16,16,18,18,19,19,19,19,21,21,21],"damage_taken":[{"damage":9,"enemies":"Jaw Worm","floor":1,"turns":5},{"damage":0,"enemies":"Cultist","floor":2,"turns":3},{"damage":10,"enemies":"Small Slimes","floor":4,"turns":2},{"damage":16,"enemies":"Gremlin Nob","floor":6,"turns":3},{"damage":17,"enemies":"Looter","floor":7,"turns":3},{"damage":18,"enemies":"3 Sentries","floor":8,"turns":5},{"damage":32,"enemies":"Gremlin Nob","floor":10,"turns":5},{"damage":0,"enemies":"Large Slime","floor":14,"turns":4},{"damage":17,"enemies":"Slime Boss","floor":16,"turns":4},{"damage":19,"enemies":"Shell Parasite","floor":18,"turns":7},{"damage":12,"enemies":"Chosen","floor":19,"turns":4},{"damage":3,"enemies":"Shelled Parasite and Fungi","floor":21,"turns":6}],"seed_played":"2841861435478585042","potions_obtained":[{"floor":6,"key":"Block Potion"},{"floor":10,"key":"EssenceOfSteel"},{"floor":14,"key":"Energy Potion"},{"floor":16,"key":"Fire Potion"},{"floor":16,"key":"Energy Potion"}],"is_trial":false,"path_per_floor":["M","M","?","M","$","E","M","E","T","E","R","?","?","M","R","B",null,"M","M","?","M"],"character_chosen":"DEFECT","items_purchased":["Leap","Darkness"],"campfire_rested":2,"item_purchase_floors":[0,5],"current_hp_per_floor":[66,66,66,56,56,40,30,19,19,29,51,40,25,35,57,40,75,66,54,1,0,0],"gold":469,"neow_bonus":"","is_daily":false,"chose_seed":false,"campfire_upgraded":0,"win_rate":0.0,"timestamp":1613692246,"path_taken":["M","M","?","?","$","E","M","E","T","E","R","?","?","M","R","BOSS","M","M","?","M"],"items_purchased_type":["Card","Card"],"build_version":"2020-12-22","purchased_purges":0,"victory":false,"max_hp_per_floor":[75,75,75,75,75,75,75,75,75,75,75,75,75,75,75,75,75,75,75,1,1,1],"card_choices":[{"not_picked":["Coolheaded","conspire:Rain"],"picked":"Ball Lightning","floor":1},{"not_picked":["Tempest","Streamline"],"picked":"Ball Lightning","floor":2},{"not_picked":["Go for the Eyes","Cold Snap"],"picked":"Self Repair","floor":4},{"not_picked":["Machine Learning","Compile Driver"],"picked":"Defragment","floor":6},{"not_picked":["Turbo","Scrape"],"picked":"Auto Shields","floor":7},{"not_picked":["Reinforced Body","Rip and Tear"],"picked":"Capacitor","floor":8},{"not_picked":["Reprogram","Beam Cell"],"picked":"Cold Snap","floor":10},{"not_picked":["Rip and Tear","Gash"],"picked":"Ball Lightning","floor":14},{"not_picked":["hubris:DoWhile","Thunder Strike"],"picked":"Multi-Cast","floor":16},{"not_picked":["Steam Power","conspire:Rain"],"picked":"Streamline","floor":18},{"not_picked":["Lockon","Barrage"],"picked":"Darkness+1","floor":19}],"player_experience":366994,"relics_obtained":[{"floor":6,"key":"aspiration:ChemicalBlood"},{"floor":8,"key":"CaptainsWheel"},{"floor":9,"key":"conspire:Flyswatter"},{"floor":10,"key":"hubris:CrystalStatue"}],"event_choices":[{"damage_healed":0,"gold_gain":0,"player_choice":"2 cards matched","damage_taken":0,"max_hp_gain":0,"max_hp_loss":0,"event_name":"Match and Keep!","floor":3,"gold_loss":0,"cards_obtained":["Compile Driver","Reboot"]},{"damage_healed":0,"gold_gain":75,"player_choice":"Gather Gold","damage_taken":11,"max_hp_gain":0,"max_hp_loss":0,"event_name":"World of Goop","floor":12,"gold_loss":0},{"damage_healed":0,"gold_gain":0,"player_choice":"Entered Light","damage_taken":15,"max_hp_gain":0,"max_hp_loss":0,"event_name":"Shining Light","floor":13,"gold_loss":0,"cards_upgraded":["Strike_B","Self Repair"]}],"is_beta":false,"boss_relics":[{"not_picked":["halation:ForbiddenBikini","Tiny House"],"picked":"Astrolabe"}],"items_purged_floors":[],"is_endless":false,"potions_floor_spawned":[6,10,14,16],"killed_by":"Shelled Parasite and Fungi","ascension_level":2}}