{"host":"n1v11un6j7y72mz7","time":1613645664,"event":{"mods":["Act Like it!","BaseMod","Downfall","Minty Spire (QoL Compilation)","Reliquary","StSLib","The Animator","Waifu the Spire"],"gold_per_floor":[99,99,9,24,34,19,96,96,96,129,129,129,141,155,55,69,80,182,232,232,332,349,365,381,391,391,444,444,462,462,482,495,505,505,522,626,626,626,644,12,62,77,119,119,146,159,169,169,169,12,25,25,42,52,52,52,52],"floor_reached":55,"language":"ZHS","playtime":2497,"items_purged":["Pain","champ:Strike"],"score":554,"play_id":"d4627130-55a7-468f-a0f8-d99723d7e2ef","local_time":"20210218185424","is_ascension_mode":false,"campfire_choices":[{"data":"champ:SwordThrow","floor":1.0,"key":"SMITH"},{"data":"champ:Taunt","floor":9.0,"key":"SMITH"},{"floor":11.0,"key":"RECALL"},{"data":"champ:ShieldWall","floor":15.0,"key":"SMITH"},{"data":"champ:BerserkerStyle","floor":20.0,"key":"SMITH"},{"data":"champ:StanceDance","floor":28.0,"key":"SMITH"},{"data":"champ:Backstep","floor":30.0,"key":"SMITH"},{"data":"champ:Execute","floor":38.0,"key":"SMITH"},{"data":"expansioncontent:QuickStudy","floor":44.0,"key":"SMITH"},{"data":"champ:DancingMaster","floor":52,"key":"SMITH"}],"circlet_count":0,"master_deck":["champ:Defend","champ:Defend","champ:Defend","champ:Defend","champ:Execute+1","champ:Taunt+1","champ:SwordThrow+1","champ:FocusedDefense","champ:Lariat+1","champ:EnGarde","champ:Duel+1","champ:ShieldWall+1","champ:EnragedBash+1","champ:FanOfKnives+1","champ:Backstep+1","champ:CheapShot+1","champ:BerserkerStyle+1","champ:PreciseThrust+1","champ:SetATrap+1","champ:StanceDance+1","champ:Haymaker+1","champ:TornadoPunch+1","champ:RisingSlash+1","J.A.X.","champ:CrownThrow+1","champ:ShieldThrow+1","champ:Parry","expansioncontent:QuickStudy+1","Panacea","champ:ShieldSlam+1","champ:FocusedBerserking+1","champ:SwordSigil+1","champ:DancingMaster+1","expansioncontent:Chronoboost","champ:EndlessRage+1","champ:Devastate+1"],"relics":["champ:ChampionCrown","WarpedTongs","Molten Egg 2","Slimebound:PreparedRelic","Eternal Feather","downfall:HeartBlessingRed","Tiny House","downfall:GremlinWheel","champ:DuelingGlove","Centennial Puzzle","Runic Pyramid","Mercury Hourglass","FossilizedHelix","Guardian:PocketSentry","champ:BerserkersGuideToSlaughter","Lantern","Lee\u0027s Waffle"],"acts_visited":["Exordium","TheCity","TheBeyond"],"potions_floor_usage":[55],"damage_taken":[{"damage":13.0,"enemies":"downfall:FleeingMerchant","floor":3.0,"turns":4.0},{"damage":2.0,"enemies":"Small Slimes","floor":4.0,"turns":2.0},{"damage":4.0,"enemies":"Cultist","floor":5.0,"turns":3.0},{"damage":17.0,"enemies":"downfall:FleeingMerchant","floor":6.0,"turns":4.0},{"damage":35.0,"enemies":"3 Sentries","floor":10.0,"turns":8.0},{"damage":15.0,"enemies":"2 Louse","floor":13.0,"turns":3.0},{"damage":11.0,"enemies":"Exordium Thugs","floor":14.0,"turns":4.0},{"damage":15.0,"enemies":"Large Slime","floor":16.0,"turns":2.0},{"damage":10.0,"enemies":"Lots of Slimes","floor":17.0,"turns":3.0},{"damage":39.0,"enemies":"DF_ARCHETYPE_STREAMLINE","floor":18.0,"turns":7.0},{"damage":15.0,"enemies":"DF_ARCHETYPE_STREAMLINE","floor":21.0,"turns":3.0},{"damage":21.0,"enemies":"Shell Parasite","floor":22.0,"turns":3.0},{"damage":12.0,"enemies":"3 Byrds","floor":23.0,"turns":5.0},{"damage":19.0,"enemies":"Centurion and Healer","floor":24.0,"turns":4.0},{"damage":40.0,"enemies":"Snecko","floor":25.0,"turns":4.0},{"damage":44.0,"enemies":"3 Cultists","floor":29.0,"turns":4.0},{"damage":93.0,"enemies":"Sentry and Sphere","floor":31.0,"turns":5.0},{"damage":5.0,"enemies":"Cultist and Chosen","floor":32.0,"turns":5.0},{"damage":22.0,"enemies":"Snake Plant","floor":33.0,"turns":3.0},{"damage":18.0,"enemies":"Shelled Parasite and Fungi","floor":35.0,"turns":2.0},{"damage":48.0,"enemies":"WA_ARCHETYPE_CALM","floor":36.0,"turns":7.0},{"damage":15.0,"enemies":"3 Darklings","floor":39.0,"turns":3.0},{"damage":36.0,"enemies":"downfall:FleeingMerchant","floor":40.0,"turns":5.0},{"damage":61.0,"enemies":"downfall:FleeingMerchant","floor":41.0,"turns":5.0},{"damage":14.0,"enemies":"Orb Walker","floor":42.0,"turns":4.0},{"damage":0.0,"enemies":"downfall:FleeingMerchant","floor":43.0,"turns":3.0},{"damage":26.0,"enemies":"4 Shapes","floor":46.0,"turns":2.0},{"damage":30,"enemies":"Writhing Mass","floor":47,"turns":4},{"damage":27,"enemies":"3 Darklings","floor":51,"turns":6},{"damage":43,"enemies":"Transient","floor":53,"turns":5},{"damage":36,"enemies":"Spire Growth","floor":54,"turns":3},{"damage":151,"enemies":"SI_POISON_ARCHETYPE","floor":55,"turns":5}],"seed_played":"2502537538104578879","potions_obtained":[{"floor":5.0,"key":"Fire Potion"},{"floor":14.0,"key":"Fire Potion"},{"floor":17.0,"key":"Weak Potion"},{"floor":19.0,"key":"AttackPotion"},{"floor":21.0,"key":"FearPotion"},{"floor":23.0,"key":"Strength Potion"},{"floor":29.0,"key":"DistilledChaos"},{"floor":41.0,"key":"champ:TechniquePotion"},{"floor":46.0,"key":"Fire Potion"},{"floor":53,"key":"Fire Potion"}],"is_trial":false,"path_per_floor":["R","?","$","M","M","$","T","T","R","E","R","?","M","M","R","M","M","B",null,"R","?","M","M","M","M","T","T","R","M","R","M","M","M","?","M","B",null,"R","M","$","?","M","$","R","T","M","M","?","?","$","M","R","M","M","B"],"character_chosen":"THE_CHAMP","items_purchased":["expansioncontent:QuickStudy","Panacea","Mercury Hourglass","Guardian:PocketSentry","champ:BerserkersGuideToSlaughter","Lee\u0027s Waffle"],"campfire_rested":0,"item_purchase_floors":[40,40,40,43,43,50],"current_hp_per_floor":[90,90,87,85,81,79,79,79,79,79,85,85,85,79,88,88,88,64,95,95,95,95,95,95,93,93,93,95,84,95,68,68,60,60,57,35,95,95,92,82,40,40,40,58,58,39,56,56,56,102,80,101,102,102,0,0,0],"gold":52,"neow_bonus":"TRANSFORM_CARD","is_daily":false,"chose_seed":false,"campfire_upgraded":9,"win_rate":0.0,"timestamp":1613645664,"path_taken":["R","?","$","?","M","$","T","T","R","E","R","?","M","M","R","?","M","BOSS","R","?","?","M","M","M","T","T","R","M","R","M","M","M","?","M","BOSS","R","M","$","?","M","$","R","T","M","M","?","?","$","M","R","M","M","BOSS"],"items_purchased_type":["Card","Card","Relic","Relic","Relic","Relic"],"build_version":"2020-12-22","purchased_purges":2,"victory":false,"max_hp_per_floor":[90,90,90,90,90,90,90,90,90,90,90,90,90,90,90,90,90,90,95,95,95,95,95,95,95,95,95,95,95,95,95,95,95,95,95,95,95,95,95,95,95,95,95,95,95,95,95,95,95,102,102,102,102,102,102,102,102],"card_choices":[{"not_picked":["champ:Circumvent","champ:TornadoPunch","champ:PerfectedStrike"],"picked":"SKIP","floor":3.0},{"not_picked":["champ:SkillfulDodge","champ:ShieldSigil"],"picked":"champ:FocusedDefense","floor":4.0},{"not_picked":["champ:SetATrap","champ:Circumvent"],"picked":"champ:Lariat","floor":5.0},{"not_picked":["champ:RecklessLeap","champ:Circumvent"],"picked":"champ:EnGarde","floor":6.0},{"not_picked":["champ:EnGarde","champ:StanceDance"],"picked":"champ:Duel+1","floor":10.0},{"not_picked":["champ:AdrenalArmor","champ:FanOfKnives+1"],"picked":"champ:ShieldWall","floor":13.0},{"not_picked":["champ:TornadoPunch+1","champ:Lariat"],"picked":"champ:EnragedBash+1","floor":14.0},{"not_picked":["champ:Improvising","champ:TornadoPunch+1"],"picked":"champ:FanOfKnives+1","floor":16.0},{"not_picked":["champ:DefensiveShout","champ:PerfectedStrike+1"],"picked":"champ:Backstep","floor":17.0},{"not_picked":["champ:EnchantSword","champ:SwordThrow+1"],"picked":"champ:CheapShot+1","floor":18.0},{"not_picked":["champ:GutPunch+1","champ:PreemptiveStrike+1"],"picked":"champ:BerserkerStyle","floor":19.0},{"not_picked":["champ:FlashCut+1","champ:Endure"],"picked":"champ:PreciseThrust+1","floor":22.0},{"not_picked":["champ:FocusedDefense","champ:PreemptiveStrike+1"],"picked":"champ:SetATrap+1","floor":23.0},{"not_picked":["champ:Haymaker+1","champ:ShieldThrow+1"],"picked":"champ:StanceDance","floor":24.0},{"not_picked":["champ:Circumvent","champ:EnragedBash+1"],"picked":"champ:Haymaker+1","floor":25.0},{"not_picked":["champ:Encircle+1","champ:AdrenalArmor+1"],"picked":"champ:Endure+1","floor":29.0},{"not_picked":["champ:EnragedBash+1","champ:PreciseThrust+1","champ:FanOfKnives+1"],"picked":"SKIP","floor":31.0},{"not_picked":["champ:ShieldSigil","champ:ViciousMockery"],"picked":"champ:TornadoPunch+1","floor":32.0},{"not_picked":["champ:FanOfKnives+1","champ:Parry"],"picked":"champ:RisingSlash+1","floor":33.0},{"not_picked":["champ:GladiatorForm","champ:PerfectedStrike+1"],"picked":"champ:CrownThrow+1","floor":35.0},{"not_picked":["champ:CheapShot+1","champ:HoldFirm"],"picked":"champ:ShieldThrow+1","floor":36.0},{"not_picked":["champ:ShieldWall","champ:EnGarde","champ:StanceDance"],"picked":"SKIP","floor":39.0},{"not_picked":["champ:EnGarde+1","champ:AdrenalArmor"],"picked":"champ:Parry","floor":40.0},{"not_picked":["champ:Backstep","champ:PreemptiveStrike+1"],"picked":"champ:ShieldSlam+1","floor":41.0},{"not_picked":["champ:Encircle+1","champ:StanceDance+1","champ:Parry+1"],"picked":"SKIP","floor":42.0},{"not_picked":["champ:EnragedBash+1","champ:BerserkersShout"],"picked":"champ:FocusedBerserking+1","floor":43.0},{"not_picked":["champ:Backstep","champ:RecklessLeap+1"],"picked":"champ:SwordSigil+1","floor":46.0},{"not_picked":["champ:ShieldSigil+1","champ:PreciseThrust+1"],"picked":"champ:DancingMaster","floor":47},{"not_picked":["expansioncontent:HyperBeam","expansioncontent:YouAreMine"],"picked":"expansioncontent:Chronoboost","floor":49},{"not_picked":["champ:Duel+1","champ:ShieldSigil"],"picked":"champ:EndlessRage+1","floor":51},{"not_picked":["champ:TornadoPunch+1","champ:Endure"],"picked":"champ:Devastate+1","floor":53},{"not_picked":["champ:EnGarde+1","champ:CrookedStrike+1","champ:AdrenalArmor+1"],"picked":"SKIP","floor":54}],"player_experience":210333,"relics_obtained":[{"floor":7.0,"key":"Molten Egg 2"},{"floor":8.0,"key":"Slimebound:PreparedRelic"},{"floor":10.0,"key":"Eternal Feather"},{"floor":21.0,"key":"downfall:GremlinWheel"},{"floor":26.0,"key":"champ:DuelingGlove"},{"floor":27.0,"key":"Centennial Puzzle"},{"floor":41.0,"key":"FossilizedHelix"},{"floor":45.0,"key":"Lantern"}],"event_choices":[{"damage_healed":0.0,"max_hp_gain":0.0,"max_hp_loss":0.0,"gold_gain":0.0,"event_name":"Accursed Blacksmith","player_choice":"Rummage","floor":2.0,"gold_loss":0.0,"damage_taken":0.0,"relics_obtained":["WarpedTongs"],"cards_obtained":["Pain"]},{"damage_healed":0.0,"max_hp_gain":0.0,"max_hp_loss":0.0,"gold_gain":0.0,"event_name":"Drug Dealer","player_choice":"Obtain J.A.X.","floor":34.0,"gold_loss":0.0,"damage_taken":0.0,"cards_obtained":["J.A.X."]},{"cards_removed":["champ:Strike"],"damage_healed":0.0,"max_hp_gain":0.0,"max_hp_loss":0.0,"gold_gain":0.0,"event_name":"Wheel of Change","player_choice":"Card Removal","floor":44.0,"gold_loss":0.0,"damage_taken":0.0},{"cards_removed":["champ:Endure"],"damage_healed":0,"gold_gain":0,"player_choice":"Removed Skill","damage_taken":0,"max_hp_gain":0,"max_hp_loss":0,"event_name":"Falling","floor":48,"gold_loss":0}],"is_beta":false,"boss_relics":[{"not_picked":["Fusion Hammer","Cursed Key"],"picked":"Tiny House"},{"not_picked":["expansioncontent:StudyCardRelic","Calling Bell"],"picked":"Runic Pyramid"}],"items_purged_floors":[3,40],"is_endless":false,"potions_floor_spawned":[5,14,17,21,23,29,32,41,46,53],"killed_by":"SI_POISON_ARCHETYPE","ascension_level":0}}