{"host":"yxwl91n21ge0donf","time":1613665731,"event":{"mods":["100% Spire Juice","AlwaysNeverKeys","BaseMod","Card Forge","Custom Start","Grow up Mod","HololiveMod","Minty Spire (QoL Compilation)","MostiFishMod","Permanent Neow","Poor People Problems","Relic Filter","Remove Card Discount Mod","Shop Mod","StSLib","The Alterego","The Animator","Waifu the Spire","残留之物","篝火指南"],"gold_per_floor":[110,110,110,126,22,22,42,42,42,60,83,109,71,96,96,215,215,238,252,275,296,296,140,178,192,192,205,228,248,248,264,113,242,242,263,263,287,1286,1286,1321,1339,878,878,307,322,322,322,338,338,338,338,338,338,372,372],"floor_reached":56,"language":"ZHS","playtime":2658,"items_purged":[],"score":1420,"play_id":"9ee27d77-33c9-4b23-862f-3d484079147a","local_time":"20210219002851","is_ascension_mode":false,"campfire_choices":[{"floor":6,"key":"REST"},{"data":"1","floor":49,"key":"LIFT"},{"data":"2","floor":52,"key":"LIFT"}],"circlet_count":0,"master_deck":["PlaceholderMod:Crystal+1","PlaceholderMod:PoisonWhip+1","MostiFishMod:SephirahHod+1","PlaceholderMod:Internalization+1","PlaceholderMod:DissolvingSpikes+1","PlaceholderMod:PoisonExcitation+1","PlaceholderMod:RadicalHit+1","PlaceholderMod:ThreeBenzyolStart+1","PlaceholderMod:EvolutionSpray+1","PlaceholderMod:StressReaction+1","PlaceholderMod:Crystallization+1","PlaceholderMod:EnergyAbsorb+1","PlaceholderMod:PericyclicReaction+1","PlaceholderMod:Crystallization+1","PlaceholderMod:DiffusionPoison+1","PlaceholderMod:Corrosion+1","PlaceholderMod:SeverePoisonStrike+1","PlaceholderMod:ComplexForm+1","PlaceholderMod:GrowthForm+1","PlaceholderMod:SevereHeat+1","PlaceholderMod:HardStrike+1","PlaceholderMod:SelfCoupling+1","PlaceholderMod:Hard+1","PlaceholderMod:Activation+1","PlaceholderMod:HornyCollision+1","PlaceholderMod:SevereHeat+1","MostiFishMod:MusicBox+1","PlaceholderMod:ChainPoly+1","PlaceholderMod:GrowthForm+1","PlaceholderMod:Stable+1","PlaceholderMod:InnerStable+1"],"relics":["PlaceholderMod:Tancle","Hammer of Thor","Seething Fire","Anvil of the Gods","DaveBox","MostiFishMod:Hod","SynthV:TestCard","Golden Idol","Akabeko","Blood Vial","Runic Pyramid","CultistMask","Potion Belt","MealTicket","Singing Bowl","DiscerningMonocle","xbg","BirthdayGift-Tetrahedron","Unceasing Top","PlaceholderMod:DeVermisMysteriis","Gremlin Horn","PlaceholderMod:NyogSothep","Chemical X","Eternal Feather","Ice Cream","ChiLing","Chi","Ling","Girya","Boot","BirthdayGift-Icosahedron","Oddly Smooth Stone","Orichalcum","PlaceholderMod:Abhoth","PlaceholderMod:EltdownShards"],"acts_visited":["Exordium","TheCity","TheBeyond","TheEnding"],"potions_floor_usage":[24],"damage_taken":[{"damage":3,"enemies":"Small Slimes","floor":1,"turns":3},{"damage":1,"enemies":"Jaw Worm","floor":4,"turns":2},{"damage":0,"enemies":"Cultist","floor":7,"turns":2},{"damage":0,"enemies":"Gremlin Gang","floor":10,"turns":3},{"damage":0,"enemies":"Large Slime","floor":11,"turns":4},{"damage":6,"enemies":"3 Louse","floor":14,"turns":2},{"damage":0,"enemies":"Slime Boss","floor":16,"turns":5},{"damage":15,"enemies":"3 Byrds","floor":18,"turns":3},{"damage":10,"enemies":"Chosen","floor":19,"turns":3},{"damage":16,"enemies":"Shelled Parasite and Fungi","floor":20,"turns":3},{"damage":10,"enemies":"Cultist and Chosen","floor":21,"turns":2},{"damage":20,"enemies":"Gremlin Leader","floor":24,"turns":3},{"damage":0,"enemies":"Snecko","floor":25,"turns":2},{"damage":2,"enemies":"Snake Plant","floor":27,"turns":3},{"damage":18,"enemies":"Shelled Parasite and Fungi","floor":28,"turns":3},{"damage":0,"enemies":"Snecko","floor":29,"turns":2},{"damage":9,"enemies":"3 Cultists","floor":31,"turns":3},{"damage":22,"enemies":"Automaton","floor":33,"turns":5},{"damage":14,"enemies":"Orb Walker","floor":35,"turns":3},{"damage":3,"enemies":"3 Darklings","floor":37,"turns":2},{"damage":3,"enemies":"Giant Head","floor":40,"turns":3},{"damage":31,"enemies":"4 Shapes","floor":41,"turns":3},{"damage":18,"enemies":"Spire Growth","floor":45,"turns":2},{"damage":0,"enemies":"Sphere and 2 Shapes","floor":48,"turns":1},{"damage":50,"enemies":"Time Eater","floor":50,"turns":4},{"damage":10,"enemies":"Shield and Spear","floor":54,"turns":2},{"damage":4,"enemies":"The Heart","floor":55,"turns":4}],"seed_played":"-4305094012785914691","potions_obtained":[{"floor":7,"key":"Explosive Potion"},{"floor":14,"key":"LiquidMemories"},{"floor":16,"key":"Fire Potion"},{"floor":18,"key":"SkillPotion"},{"floor":25,"key":"FearPotion"},{"floor":29,"key":"Fire Potion"},{"floor":31,"key":"Ancient Potion"}],"is_trial":false,"path_per_floor":["M","?","?","M","$","R","M","R","T","M","M","T","$","M","R","B",null,"M","M","M","M","?","R","E","M","T","M","M","M","R","M","R","B",null,"M","$","M","?","?","E","M","R","T","R","M","?","$","M","R","B",null,"R","$","E","B",null],"character_chosen":"THE_PLACEHOLDER","items_purchased":["PlaceholderMod:EvolutionSpray","PlaceholderMod:StressReaction","PlaceholderMod:Crystallization","Potion Belt","DiscerningMonocle","BirthdayGift-Tetrahedron","Unceasing Top","PlaceholderMod:DeVermisMysteriis","PlaceholderMod:Activation","PlaceholderMod:HornyCollision","PlaceholderMod:SevereHeat","MostiFishMod:MusicBox","PlaceholderMod:NyogSothep","Chemical X","Ice Cream","ChiLing","PlaceholderMod:Stable","PlaceholderMod:InnerStable","Girya","Boot","BirthdayGift-Icosahedron","Oddly Smooth Stone","Orichalcum","PlaceholderMod:Abhoth","FairyPotion","PowerPotion"],"campfire_rested":1,"item_purchase_floors":[5,5,13,23,32,36,36,36,36,36,36,36,42,42,44,44,44,44,47,47,47,53,53,53,53,53],"current_hp_per_floor":[95,105,88,97,107,148,158,168,178,188,198,208,218,222,232,244,258,253,255,251,253,263,273,265,277,287,297,293,307,317,320,330,320,432,428,452,461,471,478,487,468,478,488,513,512,522,547,562,588,552,608,618,628,631,646],"gold":372,"neow_bonus":"REMOVE_CARD","is_daily":false,"chose_seed":false,"campfire_upgraded":0,"win_rate":0.0,"timestamp":1613665731,"path_taken":["M","?","?","M","?","R","M","R","T","M","M","?","$","M","R","BOSS","M","M","M","M","?","R","E","M","T","M","M","M","R","M","R","BOSS","M","$","?","?","?","E","?","R","T","R","M","?","?","M","R","BOSS","R","$","E","BOSS"],"items_purchased_type":["Card","Card","Card","Relic","Relic","Relic","Relic","Relic","Card","Card","Card","Card","Relic","Relic","Relic","Relic","Card","Card","Relic","Relic","Relic","Relic","Relic","Relic","Potion","Potion"],"build_version":"2020-12-22","purchased_purges":0,"victory":true,"max_hp_per_floor":[98,108,118,128,138,148,158,168,178,188,198,208,218,228,238,248,258,268,278,288,298,308,318,328,338,348,358,370,382,392,402,412,422,432,442,452,464,474,484,494,504,514,524,534,546,556,566,578,588,598,608,618,628,640,650],"card_choices":[{"not_picked":["PlaceholderMod:StressReaction","PlaceholderMod:ParasiteChange","PlaceholderMod:StrongAcid"],"picked":"SKIP","floor":1},{"not_picked":["PlaceholderMod:StressReaction","PlaceholderMod:ParasiteChange","PlaceholderMod:StrongAcid"],"picked":"SKIP","floor":1},{"not_picked":["PlaceholderMod:SprayAttack","PlaceholderMod:Turn","PlaceholderMod:StrongAcid","PlaceholderMod:Sweep"],"picked":"PlaceholderMod:ThreeBenzyolStart","floor":4},{"not_picked":["PlaceholderMod:AttackAsDefend","PlaceholderMod:DissolvingSpikes","PlaceholderMod:FastReaction","PlaceholderMod:CrystallizationStrike"],"picked":"PlaceholderMod:Crystallization","floor":7},{"not_picked":["PlaceholderMod:DissolvingSpikes","PlaceholderMod:SubstitutionNucleophilic1","PlaceholderMod:Stratification","PlaceholderMod:DirectingGroup"],"picked":"PlaceholderMod:EnergyAbsorb","floor":10},{"not_picked":["PlaceholderMod:Polyp","PlaceholderMod:Stable","PlaceholderMod:SpinBlade","PlaceholderMod:HornyBlast"],"picked":"PlaceholderMod:PericyclicReaction","floor":11},{"not_picked":["PlaceholderMod:CrystallizationStrike","PlaceholderMod:SevereHeat","PlaceholderMod:AngryAttack","PlaceholderMod:HighConcentration","PlaceholderMod:ConsolidateHit"],"picked":"SKIP","floor":14},{"not_picked":["PlaceholderMod:HornyCollision","PlaceholderMod:QualitativeChange","PlaceholderMod:FinalSpray","PlaceholderMod:InnerSoften"],"picked":"PlaceholderMod:DiffusionPoison","floor":16},{"not_picked":["PlaceholderMod:DiffusionChemical","PlaceholderMod:NearChange","PlaceholderMod:Package","PlaceholderMod:CrystallizationStrike+1"],"picked":"PlaceholderMod:Corrosion","floor":18},{"not_picked":["PlaceholderMod:EnergyAbsorb","PlaceholderMod:Stable","PlaceholderMod:SprayAttack","PlaceholderMod:Sweep+1"],"picked":"PlaceholderMod:SeverePoisonStrike","floor":19},{"not_picked":["PlaceholderMod:PoisonAbsorb","PlaceholderMod:DiffusionChemical","PlaceholderMod:Hyperplasia","PlaceholderMod:HornyBlast"],"picked":"PlaceholderMod:ComplexForm","floor":20},{"not_picked":["PlaceholderMod:SeverePoisonStrike+1","PlaceholderMod:Internalization+1","PlaceholderMod:AngryAttack","PlaceholderMod:EnergyAbsorb","PlaceholderMod:StressReaction+1"],"picked":"SKIP","floor":21},{"not_picked":["PlaceholderMod:TriggerStrike","PlaceholderMod:HealingAttack","PlaceholderMod:AttackAsDefend","PlaceholderMod:MultiReaction"],"picked":"PlaceholderMod:GrowthForm","floor":24},{"not_picked":["PlaceholderMod:Internalization","PlaceholderMod:SeverePoisonStrike+1","PlaceholderMod:AttackAsDefend","PlaceholderMod:NearChange","PlaceholderMod:StressReaction+1"],"picked":"SKIP","floor":25},{"not_picked":["PlaceholderMod:SelectReaction","PlaceholderMod:ProliferateStrike","PlaceholderMod:TriggerStrike+1","PlaceholderMod:FastReaction"],"picked":"PlaceholderMod:SevereHeat","floor":27},{"not_picked":["PlaceholderMod:DirectingGroup+1","PlaceholderMod:AngryAttack+1","PlaceholderMod:ContinueSpray","PlaceholderMod:PoisonExcitation","PlaceholderMod:Corrosion"],"picked":"Singing Bowl","floor":28},{"not_picked":["PlaceholderMod:Crystallization","PlaceholderMod:AttackAsDefend","PlaceholderMod:PoisonAbsorb","PlaceholderMod:Turn","PlaceholderMod:Corrosion+1"],"picked":"Singing Bowl","floor":29},{"not_picked":["PlaceholderMod:Eat","PlaceholderMod:SprayAttack+1","PlaceholderMod:StressReaction+1","PlaceholderMod:HighConcentration"],"picked":"PlaceholderMod:HardStrike+1","floor":31},{"not_picked":["PlaceholderMod:Assimilation","PlaceholderMod:InnerSoften","PlaceholderMod:AbsorbTouch","PlaceholderMod:Activation"],"picked":"PlaceholderMod:SelfCoupling","floor":33},{"not_picked":["PlaceholderMod:EnergyAbsorb+1","PlaceholderMod:PoisonExcitation","PlaceholderMod:SelectReaction","PlaceholderMod:OHStrongAttack"],"picked":"PlaceholderMod:Hard+1","floor":35},{"not_picked":["PlaceholderMod:DissolvingSpikes+1","PlaceholderMod:StressReaction+1","PlaceholderMod:ThreeBenzyolStart","PlaceholderMod:NearChange+1","PlaceholderMod:HornyBlast+1"],"picked":"Singing Bowl","floor":37},{"not_picked":["PlaceholderMod:DissolvingSpikes","PlaceholderMod:AttackAsDefend+1","PlaceholderMod:RadicalHit","PlaceholderMod:ProliferateStrike"],"picked":"PlaceholderMod:ChainPoly+1","floor":40},{"not_picked":["PlaceholderMod:ParasiteChange","PlaceholderMod:Package","PlaceholderMod:TriggerStrike+1","PlaceholderMod:FastReaction"],"picked":"PlaceholderMod:GrowthForm","floor":41},{"not_picked":["PlaceholderMod:DissolvingSpikes","PlaceholderMod:ProliferateStrike","PlaceholderMod:StrongAcid","PlaceholderMod:DiffusionChemical","PlaceholderMod:SpinBlade"],"picked":"Singing Bowl","floor":45},{"not_picked":["PlaceholderMod:ProliferateStrike","PlaceholderMod:Turn","PlaceholderMod:RadicalHit","PlaceholderMod:Polyp","PlaceholderMod:Sweep"],"picked":"Singing Bowl","floor":48},{"not_picked":["PlaceholderMod:StressReaction","PlaceholderMod:TriggerStrike","PlaceholderMod:DirectingGroup","PlaceholderMod:NutritionAbsorb","PlaceholderMod:OHStrongAttack+1"],"picked":"Singing Bowl","floor":54}],"player_experience":108544,"relics_obtained":[{"floor":1,"key":"SynthV:TestCard"},{"floor":9,"key":"Akabeko"},{"floor":12,"key":"Blood Vial"},{"floor":24,"key":"MealTicket"},{"floor":26,"key":"Singing Bowl"},{"floor":40,"key":"Gremlin Horn"},{"floor":43,"key":"Eternal Feather"},{"floor":54,"key":"PlaceholderMod:EltdownShards"}],"event_choices":[{"damage_healed":0,"gold_gain":0,"player_choice":"Take Damage","damage_taken":27,"relics_obtained":["Golden Idol"],"max_hp_gain":0,"max_hp_loss":0,"event_name":"Golden Idol","floor":3,"gold_loss":0},{"damage_healed":0,"gold_gain":0,"player_choice":"Trade","damage_taken":0,"relics_obtained":["CultistMask"],"max_hp_gain":0,"max_hp_loss":0,"event_name":"FaceTrader","floor":22,"gold_loss":0},{"damage_healed":0,"gold_gain":999,"player_choice":"Gold","damage_taken":0,"max_hp_gain":0,"max_hp_loss":0,"event_name":"MindBloom","floor":38,"gold_loss":0,"cards_obtained":["Normality","Normality"]},{"damage_healed":0,"gold_gain":0,"player_choice":"Punched","damage_taken":3,"max_hp_gain":0,"max_hp_loss":0,"event_name":"Designer","floor":39,"gold_loss":0},{"damage_healed":0,"gold_gain":0,"player_choice":"Ignored","damage_taken":0,"max_hp_gain":0,"max_hp_loss":0,"event_name":"NoteForYourself","floor":46,"gold_loss":0}],"is_beta":false,"boss_relics":[{"not_picked":["Snecko Eye","NightmareShop"],"picked":"Runic Pyramid"},{"not_picked":["TimeKeys","RhineCircuit"],"picked":"xbg"}],"items_purged_floors":[],"is_endless":false,"potions_floor_spawned":[7,14,16,18,21,25,29,31,35,45,48,54],"ascension_level":0}}