{"host":"1z4hbl9vfqrhg136","time":1613655423,"event":{"mods":["BaseMod","Minty Spire (QoL Compilation)"],"gold_per_floor":[118,43,14,14,31,70,70,70,119,119,160,185,73,73,73,156,156,179,202,117,144,164,164,198,198,198,226,244,256,256,284,284,367,367,393,402,421,431,284,506,506,506],"floor_reached":41,"language":"ENG","playtime":3373,"items_purged":["Strike_B"],"score":874,"play_id":"8632caea-1e5c-4297-b550-ae38a08b891d","local_time":"20210218133703","is_ascension_mode":true,"campfire_choices":[{"data":"Beam Cell","floor":7.0,"key":"SMITH"},{"data":"Self Repair","floor":10.0,"key":"SMITH"},{"data":"Compile Driver","floor":15.0,"key":"SMITH"},{"floor":23.0,"key":"REST"},{"floor":25.0,"key":"RECALL"},{"floor":32.0,"key":"REST"}],"circlet_count":0,"master_deck":["AscendersBane","Defend_B","Defend_B","Zap","Dualcast","Self Repair+1","Turbo","Chill","Glacier","Beam Cell+1","Compile Driver+1","Cold Snap","Biased Cognition","Sweeping Beam","Biased Cognition","Self Repair","Storm","Recycle+1","Rebound","Streamline","Electrodynamics","Melter","Beam Cell","Hologram+1","Capacitor"],"relics":["Cracked Core","Bronze Scales","CeramicFish","Vajra","MealTicket","Fusion Hammer","Happy Flower","Red Mask","Blue Candle","Bottled Tornado","Anchor","Black Star"],"acts_visited":["Exordium","TheCity","TheBeyond"],"potions_floor_usage":[38,41],"damage_taken":[{"damage":0.0,"enemies":"Small Slimes","floor":1.0,"turns":3.0},{"damage":0.0,"enemies":"2 Louse","floor":5.0,"turns":1.0},{"damage":28.0,"enemies":"3 Sentries","floor":6.0,"turns":11.0},{"damage":24.0,"enemies":"Gremlin Nob","floor":11.0,"turns":4.0},{"damage":10.0,"enemies":"Jaw Worm","floor":12.0,"turns":2.0},{"damage":34.0,"enemies":"Slime Boss","floor":16.0,"turns":13.0},{"damage":10.0,"enemies":"Spheric Guardian","floor":18.0,"turns":5.0},{"damage":23.0,"enemies":"3 Byrds","floor":19.0,"turns":3.0},{"damage":36.0,"enemies":"Masked Bandits","floor":21.0,"turns":3.0},{"damage":13.0,"enemies":"Snecko","floor":22.0,"turns":6.0},{"damage":3.0,"enemies":"Book of Stabbing","floor":24.0,"turns":6.0},{"damage":0.0,"enemies":"Chosen and Byrds","floor":27.0,"turns":3.0},{"damage":24.0,"enemies":"Shelled Parasite and Fungi","floor":29.0,"turns":4.0},{"damage":21.0,"enemies":"Slavers","floor":31.0,"turns":5.0},{"damage":104.0,"enemies":"Champ","floor":33.0,"turns":16.0},{"damage":0.0,"enemies":"3 Shapes","floor":35.0,"turns":4.0},{"damage":16.0,"enemies":"Orb Walker","floor":37.0,"turns":3.0},{"damage":16,"enemies":"Spire Growth","floor":38,"turns":5},{"damage":90,"enemies":"Giant Head","floor":41,"turns":8}],"seed_played":"653027018832232696","potions_obtained":[{"floor":1.0,"key":"SteroidPotion"},{"floor":22.0,"key":"FairyPotion"},{"floor":24.0,"key":"Explosive Potion"},{"floor":35.0,"key":"Ancient Potion"},{"floor":37.0,"key":"EssenceOfSteel"}],"is_trial":false,"path_per_floor":["M","?","$","?","M","E","R","?","T","R","E","M","$","?","R","B",null,"M","M","?","?","M","R","E","R","T","M","?","M","$","E","R","B",null,"M","?","M","M","$","?","E"],"character_chosen":"DEFECT","items_purchased":["Turbo","EntropicBrew","Capacitor"],"campfire_rested":2,"item_purchase_floors":[3,13,39],"current_hp_per_floor":[64,64,64,64,64,43,43,43,43,43,29,19,34,57,57,33,62,62,49,49,23,20,41,55,55,55,71,71,64,71,67,71,20,58,71,71,55,56,71,71,0,0],"gold":506,"neow_bonus":"RANDOM_COMMON_RELIC","is_daily":false,"chose_seed":false,"campfire_upgraded":3,"win_rate":0.0,"timestamp":1613655423,"path_taken":["M","?","$","?","M","E","R","?","T","R","E","M","$","?","R","BOSS","M","M","?","?","M","R","E","R","T","M","?","M","?","E","R","BOSS","M","?","?","M","$","?","E"],"items_purchased_type":["Card","Potion","Card"],"build_version":"2020-12-22","purchased_purges":1,"victory":false,"max_hp_per_floor":[71,71,71,71,71,71,71,71,71,71,71,71,71,71,71,71,71,71,71,71,71,71,71,71,71,71,71,71,71,71,71,71,71,71,71,71,71,71,71,71,71,71],"card_choices":[{"not_picked":["Scrape","Aggregate"],"picked":"Self Repair","floor":1.0},{"not_picked":["Steam","Ball Lightning"],"picked":"Glacier","floor":5.0},{"not_picked":["Chill","Leap"],"picked":"Beam Cell","floor":6.0},{"not_picked":["Static Discharge","Undo"],"picked":"Compile Driver","floor":11.0},{"not_picked":["Hologram","Rebound"],"picked":"Cold Snap","floor":12.0},{"not_picked":["Buffer","All For One"],"picked":"Biased Cognition","floor":16.0},{"not_picked":["Compile Driver","Hologram"],"picked":"Sweeping Beam","floor":18.0},{"not_picked":["Gash","FTL"],"picked":"Biased Cognition","floor":19.0},{"not_picked":["Compile Driver","Stack"],"picked":"Self Repair","floor":22.0},{"not_picked":["Redo","Blizzard"],"picked":"Storm","floor":24.0},{"not_picked":["Compile Driver","Darkness"],"picked":"Recycle+1","floor":27.0},{"not_picked":["Coolheaded","Recycle","Turbo"],"picked":"SKIP","floor":29.0},{"not_picked":["Meteor Strike","Hologram","Beam Cell"],"picked":"SKIP","floor":31.0},{"not_picked":["Fission","Hyperbeam"],"picked":"Electrodynamics","floor":33.0},{"not_picked":["Recycle","Steam+1"],"picked":"Melter","floor":35.0},{"not_picked":["Compile Driver","Gash"],"picked":"Hologram+1","floor":37.0},{"not_picked":["Storm","Conserve Battery","Gash+1"],"picked":"SKIP","floor":38}],"player_experience":1953725,"relics_obtained":[{"floor":6.0,"key":"CeramicFish"},{"floor":9.0,"key":"Vajra"},{"floor":11.0,"key":"MealTicket"},{"floor":21.0,"key":"Red Mask"},{"floor":24.0,"key":"Blue Candle"},{"floor":26.0,"key":"Bottled Tornado"},{"floor":31.0,"key":"Anchor"}],"event_choices":[{"cards_removed":["Defend_B"],"damage_healed":0.0,"max_hp_gain":0.0,"max_hp_loss":0.0,"gold_gain":0.0,"event_name":"The Cleric","player_choice":"Card Removal","floor":2.0,"gold_loss":75.0,"damage_taken":0.0},{"damage_healed":0.0,"max_hp_gain":0.0,"max_hp_loss":0.0,"gold_gain":0.0,"cards_transformed":["Strike_B"],"event_name":"Living Wall","player_choice":"Change","floor":4.0,"gold_loss":0.0,"damage_taken":0.0,"cards_obtained":["Chill"]},{"damage_healed":0.0,"max_hp_gain":0.0,"max_hp_loss":0.0,"gold_gain":0.0,"event_name":"Liars Game","player_choice":"Ignored","floor":8.0,"gold_loss":0.0,"damage_taken":0.0},{"damage_healed":23.0,"max_hp_gain":0.0,"max_hp_loss":0.0,"gold_gain":0.0,"event_name":"Big Fish","player_choice":"Banana","floor":14.0,"gold_loss":0.0,"damage_taken":0.0},{"damage_healed":0.0,"max_hp_gain":0.0,"max_hp_loss":0.0,"gold_gain":0.0,"event_name":"Addict","player_choice":"Obtained Relic","floor":20.0,"gold_loss":85.0,"damage_taken":0.0,"relics_obtained":["Happy Flower"]},{"damage_healed":0.0,"max_hp_gain":0.0,"max_hp_loss":0.0,"gold_gain":0.0,"event_name":"Masked Bandits","player_choice":"Fought Bandits","floor":21.0,"gold_loss":0.0,"damage_taken":0.0},{"damage_healed":0.0,"max_hp_gain":0.0,"max_hp_loss":0.0,"gold_gain":0.0,"cards_transformed":["Strike_B","Defend_B"],"event_name":"Drug Dealer","player_choice":"Became Test Subject","floor":28.0,"gold_loss":0.0,"damage_taken":0.0,"cards_obtained":["Rebound","Streamline"]},{"damage_healed":0.0,"max_hp_gain":0.0,"max_hp_loss":0.0,"gold_gain":0.0,"cards_transformed":["Strike_B"],"event_name":"Transmorgrifier","player_choice":"Transformed","floor":36.0,"gold_loss":0.0,"damage_taken":0.0,"cards_obtained":["Beam Cell"]},{"damage_healed":0,"gold_gain":222,"player_choice":"Wore Mask","damage_taken":0,"max_hp_gain":0,"max_hp_loss":0,"event_name":"Tomb of Lord Red Mask","floor":40,"gold_loss":0}],"is_beta":false,"boss_relics":[{"not_picked":["Nuclear Battery","Busted Crown"],"picked":"Fusion Hammer"},{"not_picked":["Sozu","Snecko Eye"],"picked":"Black Star"}],"items_purged_floors":[39],"is_endless":false,"potions_floor_spawned":[1,22,24,31,35,37],"killed_by":"Giant Head","ascension_level":20}}