{"host":"4qkvkh7pd9qr2mca","time":1613684231,"event":{"mods":["AchievementEnabler","Act Like it!","BaseMod","Colored Map","Colored Powertips","Highlight Path","Minty Spire (QoL Compilation)","Pale of the Ancients","Permanent Neow","Quick Restart","Relic Stats","StSLib","SuperFastMode"],"gold_per_floor":[114,114,126,137,137,137,153,168,168,202,35,47,47,72,72,146,146,160,171,187,34,34,64,76,76,76],"floor_reached":25,"language":"ENG","playtime":1290,"items_purged":[],"score":470,"play_id":"1db3adeb-80cc-4774-b91a-9b15d3e0fe43","local_time":"20210218223711","is_ascension_mode":true,"campfire_choices":[{"data":"Bouncing Flask","floor":6,"key":"SMITH"},{"data":"Well Laid Plans","floor":13,"key":"SMITH"},{"data":"Predator","floor":15,"key":"SMITH"}],"circlet_count":0,"master_deck":["AscendersBane","Strike_G","Strike_G","Strike_G","Strike_G","Defend_G","Defend_G","Defend_G","Defend_G","Defend_G","Survivor","Neutralize+1","Bouncing Flask+1","Well Laid Plans+1","PiercingWail","Dagger Throw","Predator+1","Blade Dance","Backflip","Terror+1","After Image","Leg Sweep+1","Slice+1","Discovery+1","Cloak And Dagger+1","Acrobatics+1","Crippling Poison+1","Reflex+1"],"relics":["Ring of the Snake","Bottled Tornado","HornCleat","Lee\u0027s Waffle","Toxic Egg 2","Cursed Key","Darkstone Periapt"],"acts_visited":["Exordium","TheCity"],"potions_floor_usage":[7,10,23],"damage_taken":[{"damage":6,"enemies":"2 Louse","floor":1,"turns":5},{"damage":9,"enemies":"Small Slimes","floor":3,"turns":4},{"damage":0,"enemies":"Cultist","floor":4,"turns":4},{"damage":10,"enemies":"Exordium Thugs","floor":7,"turns":6},{"damage":10,"enemies":"3 Louse","floor":8,"turns":4},{"damage":7,"enemies":"Lagavulin","floor":10,"turns":7},{"damage":2,"enemies":"Exordium Wildlife","floor":12,"turns":5},{"damage":15,"enemies":"3 Sentries","floor":14,"turns":9},{"damage":15,"enemies":"Slime Boss","floor":16,"turns":10},{"damage":0,"enemies":"Spheric Guardian","floor":18,"turns":4},{"damage":0,"enemies":"2 Thieves","floor":19,"turns":4},{"damage":5,"enemies":"Snecko","floor":20,"turns":7},{"damage":19,"enemies":"Slavers","floor":23,"turns":8},{"damage":4,"enemies":"Centurion and Healer","floor":24,"turns":5},{"damage":48,"enemies":"Gremlin Leader","floor":25,"turns":6}],"seed_played":"-6687625093940084372","potions_obtained":[{"floor":1,"key":"EssenceOfSteel"},{"floor":8,"key":"SteroidPotion"},{"floor":10,"key":"ColorlessPotion"},{"floor":20,"key":"FearPotion"},{"floor":24,"key":"Block Potion"}],"is_trial":false,"path_per_floor":["M","?","M","M","?","R","M","M","T","E","$","M","R","E","R","B",null,"M","M","M","$","?","E","M","E"],"character_chosen":"THE_SILENT","items_purchased":["Lee\u0027s Waffle","Discovery+1","Cloak And Dagger+1"],"campfire_rested":0,"item_purchase_floors":[11,21,21],"current_hp_per_floor":[53,58,49,49,49,49,39,29,29,22,78,76,76,61,61,46,70,70,70,65,65,65,46,42,0,0],"gold":76,"neow_bonus":"UPGRADE_CARD","is_daily":false,"chose_seed":false,"campfire_upgraded":3,"win_rate":0.0,"timestamp":1613684231,"path_taken":["M","?","M","M","?","R","M","?","T","E","$","M","R","E","R","BOSS","M","M","M","$","?","E","M","E"],"items_purchased_type":["Relic","Card","Card"],"build_version":"2020-12-22","purchased_purges":0,"victory":false,"max_hp_per_floor":[66,71,71,71,71,71,71,71,71,71,78,78,78,78,78,78,78,78,78,78,78,78,78,78,78,78],"relic_stats":{"Darkstone Periapt":0,"Lee\u0027s Waffle":56,"counters":[15,88],"Cursed Key":0,"obtain_stats":[{"Darkstone Periapt":23,"Lee\u0027s Waffle":11,"HornCleat":10,"Bottled Tornado":9,"Toxic Egg 2":14,"Cursed Key":17,"Ring of the Snake":0},{"Darkstone Periapt":13,"Lee\u0027s Waffle":6,"HornCleat":6,"Bottled Tornado":5,"Toxic Egg 2":8,"Cursed Key":9,"Ring of the Snake":0},{"Darkstone Periapt":77,"Lee\u0027s Waffle":30,"HornCleat":30,"Bottled Tornado":23,"Toxic Egg 2":44,"Cursed Key":54,"Ring of the Snake":0}],"Ring of the Snake":[30]},"card_choices":[{"not_picked":["Heel Hook","Poisoned Stab"],"picked":"Bouncing Flask","floor":1},{"not_picked":["Deflect","Cloak And Dagger"],"picked":"Well Laid Plans","floor":3},{"not_picked":["Masterful Stab","Cloak And Dagger"],"picked":"PiercingWail","floor":4},{"not_picked":["Backstab","Flying Knee"],"picked":"Predator","floor":7},{"not_picked":["Backflip","Slice"],"picked":"Blade Dance","floor":8},{"not_picked":["Skewer","Well Laid Plans","Sucker Punch"],"picked":"SKIP","floor":10},{"not_picked":["Endless Agony","Dagger Spray"],"picked":"Backflip","floor":12},{"not_picked":["Prepared+1","Endless Agony"],"picked":"Terror+1","floor":14},{"not_picked":["Grand Finale","Night Terror+1"],"picked":"After Image","floor":16},{"not_picked":["Slice","Prepared+1"],"picked":"Leg Sweep+1","floor":18},{"not_picked":["Poisoned Stab","Outmaneuver+1"],"picked":"Slice+1","floor":19},{"not_picked":["Sucker Punch","Well Laid Plans+1","Dagger Throw"],"picked":"SKIP","floor":20},{"not_picked":["Deadly Poison+1","Prepared+1"],"picked":"Crippling Poison+1","floor":23},{"not_picked":["Outmaneuver+1","Well Laid Plans+1"],"picked":"Reflex+1","floor":24}],"player_experience":634531,"relics_obtained":[{"floor":9,"key":"Bottled Tornado"},{"floor":10,"key":"HornCleat"},{"floor":14,"key":"Toxic Egg 2"},{"floor":23,"key":"Darkstone Periapt"}],"event_choices":[{"damage_healed":0,"gold_gain":0,"player_choice":"Donut","damage_taken":0,"max_hp_gain":5,"max_hp_loss":0,"event_name":"Big Fish","floor":2,"gold_loss":0},{"damage_healed":0,"gold_gain":0,"cards_transformed":["Strike_G"],"player_choice":"Transformed","damage_taken":0,"max_hp_gain":0,"max_hp_loss":0,"event_name":"Transmorgrifier","floor":5,"gold_loss":0,"cards_obtained":["Dagger Throw"]},{"damage_healed":0,"gold_gain":0,"player_choice":"Read","damage_taken":0,"max_hp_gain":0,"max_hp_loss":0,"event_name":"The Library","floor":22,"gold_loss":0,"cards_obtained":["Acrobatics"]}],"is_beta":false,"boss_relics":[{"not_picked":["WristBlade","Fusion Hammer"],"picked":"Cursed Key"}],"items_purged_floors":[],"is_endless":false,"potions_floor_spawned":[1,8,10,20,24],"killed_by":"Gremlin Leader","ascension_level":20}}