{"host":"00f1p9ihhzi7hxfk","time":1613664540,"event":{"mods":["AchievementEnabler","BaseMod","Colored Map","Colored Powertips","Minty Spire (QoL Compilation)","Rare Cards Sparkle","Relic Stats"],"gold_per_floor":[115,17,17,32,32,32,66,66,92,111,111,111,127,127,127,227,227,247,247,261,278,297,297,297,297,297,53,53,69,69,69,69],"floor_reached":31,"language":"DEU","playtime":1753,"items_purged":[],"score":233,"play_id":"9fe355c9-4b07-42e8-a898-0f6a71dc0ac2","local_time":"20210218170900","is_ascension_mode":false,"campfire_choices":[{"floor":6.0,"key":"REST"},{"data":"Strike_G","floor":8.0,"key":"PURGE"},{"data":"Noxious Fumes","floor":15.0,"key":"SMITH"},{"floor":23.0,"key":"REST"},{"floor":25.0,"key":"REST"}],"circlet_count":0,"master_deck":["Strike_G","Strike_G","Strike_G","Strike_G","Defend_G","Defend_G","Defend_G+1","Defend_G","Defend_G","Survivor+1","Neutralize","Dagger Throw","Noxious Fumes+1","Poisoned Stab","Dodge and Roll","Parasite","Prepared","After Image+1","Noxious Fumes","Skewer","Noxious Fumes","Slice"],"relics":["Ring of the Snake","Orichalcum","Peace Pipe","War Paint","Gambling Chip","Runic Pyramid","Bronze Scales","ClockworkSouvenir"],"acts_visited":["Exordium","TheCity"],"potions_floor_usage":[],"damage_taken":[{"damage":0.0,"enemies":"Cultist","floor":1.0,"turns":4.0},{"damage":5.0,"enemies":"Small Slimes","floor":4.0,"turns":4.0},{"damage":13.0,"enemies":"3 Sentries","floor":7.0,"turns":9.0},{"damage":0.0,"enemies":"2 Louse","floor":10.0,"turns":3.0},{"damage":12.0,"enemies":"Lots of Slimes","floor":13.0,"turns":5.0},{"damage":60.0,"enemies":"The Guardian","floor":16.0,"turns":14.0},{"damage":8.0,"enemies":"Shell Parasite","floor":18.0,"turns":7.0},{"damage":20.0,"enemies":"Spheric Guardian","floor":20.0,"turns":6.0},{"damage":31.0,"enemies":"Cultist and Chosen","floor":21.0,"turns":7.0},{"damage":15.0,"enemies":"Snake Plant","floor":22.0,"turns":6.0},{"damage":13.0,"enemies":"Chosen and Byrds","floor":29.0,"turns":5.0},{"damage":29,"enemies":"3 Cultists","floor":31,"turns":4}],"seed_played":"1591611153647590333","potions_obtained":[{"floor":4.0,"key":"Block Potion"},{"floor":10.0,"key":"FairyPotion"}],"is_trial":false,"path_per_floor":["M","$","?","M","$","R","E","R","T","M","?","?","M","?","R","B",null,"M","?","M","M","M","R","?","R","T","$","?","M","?","M"],"character_chosen":"THE_SILENT","items_purchased":["Swift Potion","Swift Potion","GhostInAJar","ClockworkSouvenir"],"campfire_rested":3,"item_purchase_floors":[2,2,27,27],"current_hp_per_floor":[70,70,70,65,65,70,57,57,57,57,70,70,58,70,70,10,70,62,62,42,11,18,39,23,44,44,44,44,31,18,0,0],"gold":69,"neow_bonus":"RANDOM_COMMON_RELIC","is_daily":false,"chose_seed":false,"campfire_upgraded":1,"win_rate":0.0,"timestamp":1613664540,"path_taken":["M","$","?","M","$","R","E","R","T","M","?","?","?","?","R","BOSS","M","?","?","M","M","R","?","R","T","?","?","M","?","M"],"items_purchased_type":["Potion","Potion","Potion","Relic"],"build_version":"2020-12-22","purchased_purges":0,"victory":false,"max_hp_per_floor":[70,70,70,70,70,70,70,70,70,70,70,70,70,70,70,70,70,70,70,70,70,70,70,70,70,70,70,70,70,75,75,75],"relic_stats":{"Peace Pipe":1,"counters":[12,74],"Gambling Chip":[7],"Bronze Scales":[48],"Orichalcum":[42],"War Paint":["Survivor","Defend_G"],"obtain_stats":[{"Peace Pipe":7,"Gambling Chip":12,"Bronze Scales":26,"Orichalcum":0,"War Paint":9,"Ring of the Snake":0,"Runic Pyramid":17,"ClockworkSouvenir":27},{"Peace Pipe":3,"Gambling Chip":4,"Bronze Scales":10,"Orichalcum":0,"War Paint":3,"Ring of the Snake":0,"Runic Pyramid":6,"ClockworkSouvenir":10},{"Peace Pipe":17,"Gambling Chip":20,"Bronze Scales":65,"Orichalcum":0,"War Paint":17,"Ring of the Snake":0,"Runic Pyramid":39,"ClockworkSouvenir":65}],"Ring of the Snake":[24]},"card_choices":[{"not_picked":["Acrobatics","Escape Plan"],"picked":"Dagger Throw","floor":1.0},{"not_picked":["Dagger Spray","Blade Dance"],"picked":"Noxious Fumes","floor":4.0},{"not_picked":["Backflip","Prepared"],"picked":"Poisoned Stab","floor":7.0},{"not_picked":["Outmaneuver","A Thousand Cuts"],"picked":"Dodge and Roll","floor":10.0},{"not_picked":["Acrobatics","Flying Knee"],"picked":"Prepared","floor":13.0},{"not_picked":["Phantasmal Killer","Burst"],"picked":"After Image","floor":16.0},{"not_picked":["Prepared","Cloak And Dagger","All Out Attack+1"],"picked":"SKIP","floor":18.0},{"not_picked":["Acrobatics","Prepared"],"picked":"Noxious Fumes","floor":20.0},{"not_picked":["Outmaneuver","Choke"],"picked":"Skewer","floor":21.0},{"not_picked":["Deflect+1","Underhanded Strike+1"],"picked":"Noxious Fumes","floor":22.0},{"not_picked":["Eviscerate","Infinite Blades"],"picked":"Slice","floor":29.0}],"player_experience":117706,"relics_obtained":[{"floor":7.0,"key":"Peace Pipe"},{"floor":9.0,"key":"War Paint"},{"floor":12.0,"key":"Gambling Chip"},{"floor":26.0,"key":"Bronze Scales"}],"event_choices":[{"damage_healed":0.0,"max_hp_gain":0.0,"max_hp_loss":0.0,"gold_gain":0.0,"event_name":"Golden Wing","player_choice":"Ignored","floor":3.0,"gold_loss":0.0,"damage_taken":0.0},{"damage_healed":17.0,"max_hp_gain":0.0,"max_hp_loss":0.0,"gold_gain":0.0,"event_name":"Mushrooms","player_choice":"Healed and dodged fight","floor":11.0,"gold_loss":0.0,"damage_taken":0.0,"cards_obtained":["Parasite"]},{"damage_healed":0.0,"max_hp_gain":0.0,"max_hp_loss":0.0,"gold_gain":0.0,"event_name":"Wheel of Change","player_choice":"Relic","floor":12.0,"gold_loss":0.0,"damage_taken":0.0},{"damage_healed":23.0,"max_hp_gain":0.0,"max_hp_loss":0.0,"gold_gain":0.0,"event_name":"Big Fish","player_choice":"Banana","floor":14.0,"gold_loss":0.0,"damage_taken":0.0},{"damage_healed":0.0,"max_hp_gain":0.0,"max_hp_loss":0.0,"gold_gain":0.0,"event_name":"Accursed Blacksmith","player_choice":"Forge","floor":19.0,"gold_loss":0.0,"damage_taken":0.0,"cards_upgraded":["After Image"]},{"damage_healed":0.0,"max_hp_gain":0.0,"max_hp_loss":0.0,"gold_gain":0.0,"event_name":"Cursed Tome","player_choice":"Obtained Book","floor":24.0,"gold_loss":0.0,"damage_taken":16.0},{"damage_healed":0.0,"max_hp_gain":0.0,"max_hp_loss":0.0,"gold_gain":0.0,"event_name":"The Mausoleum","player_choice":"Ignored","floor":28.0,"gold_loss":0.0,"damage_taken":0.0},{"damage_healed":0.0,"max_hp_gain":5.0,"max_hp_loss":0.0,"gold_gain":0.0,"event_name":"Forgotten Altar","player_choice":"Shed Blood","floor":30.0,"gold_loss":0.0,"damage_taken":18.0}],"is_beta":false,"boss_relics":[{"not_picked":["Busted Crown","Philosopher\u0027s Stone"],"picked":"Runic Pyramid"}],"items_purged_floors":[],"is_endless":false,"potions_floor_spawned":[4,10,16,20,29],"killed_by":"3 Cultists","ascension_level":0}}