{"host":"9rqk712yu6s3287p","time":1613656252,"event":{"mods":["ATMod(°¢èªMod)","Act Like it!","BaseMod","CapriCore","Chen","Gensokyo","Googly Eyes","Marisa£¨ìFÓê¡¡Ä§ÀíÉ³£©","Minty Spire (QoL Compilation)","MostiFishMod","Onozuka Komachi Mod","Reimu£¨²©ÀöÁéÃÎ£©","Remilia_Scarlet Moed£¨ÀÙÃ×ÀòÑÇ¡¤Ë¹¿¨À×ÌØ£©3.3.5","Remilia£¨ÀÙÃ×ÀòÑÇ£©","RumiaBox-Â¶Ã×æ«µÄÉñÃØºÐ×Ó","StSLib","The Administrix","The Immortal","The Servant 0.9.4","Yakumo Yukari mod","Youmu£¨»êÆÇÑýÃÎ£©","Yuyuko","[IsaacMod]ÒÔÈö¼âËþ","¡¾ÒÅÎï¿¨ÅÆ¡¿REMEMod"],"gold_per_floor":[153,184,229,379,433,526,631,715,763,853,952,1045,1112,1286,1446,1690,1690,1782,1742,1862,41,241,471,701,910,990,1230,1472,87,346,620,632,644,644],"floor_reached":33,"language":"ZHS","playtime":1558,"items_purged":["BloodRain"],"score":1882,"play_id":"8f93bb02-17ec-4056-8a4b-be9b9d64ed2a","local_time":"20210218215052","daily_mods":["Shiny","Vintage","Heirloom","Time Dilation","Flight","Elite Swarm","Lethality","Midas","Binary"],"is_ascension_mode":true,"campfire_choices":[{"floor":15.0,"key":"REST"},{"floor":32,"key":"REST"}],"circlet_count":0,"master_deck":["AscendersBane","TricksterDevil+1","BatForm+1","ForecastOfChange+1","CurseOfVladTepes+1","ScarletMeister+1","QueenOfMidnight+1","BloodyHallows+1","HeartBreak+1","EquivalentExchange+1","KillingBlow+1","BloodyCatastrophe+1","ChaoticDestiny+1","BloodySeventeenLaser+1","HellCatastrophe+1","ScarletCoffin+1","DemonKingCradle+1","TransientEternity+1","CeilingFear+1"],"relics":["Snecko Eye","Busted Crown","AT_ATBox","DaveBox","REME_ComplimentaryCards","HushsDoor","HowToJump","BionicSphere","OriginationStaff","MoneyPower","SynthV:TestCard","TheBean","AT_ImmortalShieldbow","BloodDonationBag","REME_HandOfSuture","The Courier","AT_BellowingDragoncrestRing","BookOfRevelations","Anchor","MagicDraw3","AT_Kusabimaru","Diplopia","PokeGo","BFFS","GodSword3","AT_RedTearstoneRing","SecretRecord","Void","Potion Belt","Mummified Hand","AT_BellDemon","Mastiff:ReiMu","PunchingBag","CombinedTypeHook","Eternal Feather","ZombieArmy","AT_MibuBalloonWealth","AT_GoldPhoenixTree","HollowDreamFlower","AT_BladeRuinedKing","DianPoetry","AnarchistCookbook","PureWhite:ReiMu","AT_TheCollector","Black Star","GnawedLeaf","GodSword5","BookofShadows","Matryoshka","BrkXgEgg","AT_SpeedBoots","SSSystem","Pen Nib","DeadEye","CeramicFish","Bag of Preparation","Gambling Chip","Ice Cream","AT_ChloranthyRing","Toy Ornithopter","REME_HourglassOfDeath","Blue Candle","GuppysTail","Pear","MoreBug","Kunai","Prayer Wheel","Singing Bowl","Oddly Smooth Stone","Pantograph","Akabeko","MagicDraw4","ScarletDevilRocket","Dream Catcher","HornCleat","EdensBlessing","Nunchaku","REME_PuzzleBoxRelic","Frozen Egg 2","Ginger","Happy Flower","YumHeart","Ccalipers","Omamori","Vajra","FossilizedHelix","DaCapo","Letter Opener","PrismaticShard","Orichalcum","AT_DeathDance","Lizard Tail","Tea:ReiMu","RuthlessExorcism:ReiMu","Boot","MealTicket","MawBank","Du-Vu Doll"],"acts_visited":["Exordium","TheCity"],"potions_floor_usage":[25,27,30,31],"damage_taken":[{"damage":0.0,"enemies":"Jaw Worm","floor":1.0,"turns":3.0},{"damage":0.0,"enemies":"Cultist","floor":2.0,"turns":1.0},{"damage":1.0,"enemies":"2 Louse","floor":3.0,"turns":4.0},{"damage":12.0,"enemies":"Hiden Room Battle","floor":4.0,"turns":5.0},{"damage":0.0,"enemies":"Exordium Thugs","floor":5.0,"turns":3.0},{"damage":0.0,"enemies":"Gremlin Nob","floor":6.0,"turns":3.0},{"damage":0.0,"enemies":"Lagavulin","floor":7.0,"turns":2.0},{"damage":0.0,"enemies":"3 Sentries","floor":8.0,"turns":7.0},{"damage":0.0,"enemies":"Gremlin Nob","floor":10.0,"turns":3.0},{"damage":4.0,"enemies":"3 Sentries","floor":11.0,"turns":4.0},{"damage":0.0,"enemies":"Gremlin Nob","floor":12.0,"turns":2.0},{"damage":0.0,"enemies":"Large Slime","floor":13.0,"turns":1.0},{"damage":6.0,"enemies":"3 Sentries","floor":14.0,"turns":2.0},{"damage":0.0,"enemies":"Hexaghost","floor":16.0,"turns":2.0},{"damage":0.0,"enemies":"2 Thieves","floor":18.0,"turns":2.0},{"damage":0.0,"enemies":"3 Byrds","floor":20.0,"turns":2.0},{"damage":6.0,"enemies":"Centurion and Healer","floor":22.0,"turns":1.0},{"damage":0.0,"enemies":"Book of Stabbing","floor":23.0,"turns":1.0},{"damage":0.0,"enemies":"Gremlin Leader","floor":24.0,"turns":1.0},{"damage":0,"enemies":"REME_1_Revenger","floor":25,"turns":1},{"damage":0,"enemies":"Gremlin Leader","floor":27,"turns":1},{"damage":0,"enemies":"REME_1_Revenger","floor":28,"turns":1},{"damage":0,"enemies":"Gremlin Leader","floor":30,"turns":2},{"damage":0,"enemies":"Slavers","floor":31,"turns":2},{"damage":0,"enemies":"Collector","floor":33,"turns":1}],"seed_played":"8928928004058499869","potions_obtained":[{"floor":1.0,"key":"Fire Potion"},{"floor":3.0,"key":"EntropicBrew"},{"floor":3.0,"key":"Fruit Juice"},{"floor":3.0,"key":"ZuzhouPotion:ReiMu"},{"floor":4.0,"key":"Swift Potion"},{"floor":5.0,"key":"REME_GoldPotion"},{"floor":5.0,"key":"Strength Potion"},{"floor":7.0,"key":"FearPotion"},{"floor":7.0,"key":"DuplicationPotion"},{"floor":8.0,"key":"Block Potion"},{"floor":10.0,"key":"PanachePotion"},{"floor":10.0,"key":"PowerPotion"},{"floor":11.0,"key":"GrandPatriotsElixir:ReiMu"},{"floor":11.0,"key":"SmokeBomb"},{"floor":13.0,"key":"PowerPotion"},{"floor":22.0,"key":"Explosive Potion"},{"floor":24.0,"key":"Ancient Potion"},{"floor":25,"key":"Weak Potion"},{"floor":28,"key":"Regen Potion"},{"floor":30,"key":"Regen Potion"}],"is_trial":true,"path_per_floor":["M","M","M","?","M","E","E","E","T","E","E","E","M","E","R","B",null,"M","?","M","$","M","E","E","E","T","E","E","$","E","E","R","B"],"character_chosen":"REMILIA","items_purchased":["Matryoshka","BrkXgEgg","AT_SpeedBoots","SSSystem","Pen Nib","DeadEye","CeramicFish","Bag of Preparation","Gambling Chip","Ice Cream","AT_ChloranthyRing","Ccalipers","Omamori","Vajra","FossilizedHelix","DaCapo","Letter Opener","PrismaticShard","Orichalcum","AT_DeathDance"],"campfire_rested":2,"item_purchase_floors":[21,21,21,21,21,21,21,21,21,21,21,29,29,29,29,29,29,29,29,29],"current_hp_per_floor":[60,60,64,41,42,42,42,42,42,44,44,44,44,48,42,49,69,73,73,75,75,45,67,74,59,59,74,81,41,63,85,99,99,99],"gold":644,"neow_bonus":"","is_daily":false,"chose_seed":false,"campfire_upgraded":0,"win_rate":0.0,"timestamp":1613656252,"path_taken":["M","M","M","?","M","E","E","E","T","E","E","E","M","E","R","BOSS","M","?","M","$","M","E","E","E","T","E","E","$","E","E","R","BOSS"],"items_purchased_type":["Relic","Relic","Relic","Relic","Relic","Relic","Relic","Relic","Relic","Relic","Relic","Relic","Relic","Relic","Relic","Relic","Relic","Relic","Relic","Relic"],"build_version":"2020-12-22","purchased_purges":1,"victory":false,"max_hp_per_floor":[70,70,75,75,75,75,75,75,75,75,75,75,75,75,75,75,75,75,75,75,75,75,85,87,89,89,91,93,93,95,97,99,99,99],"card_choices":[{"not_picked":["ScarletMeister","CurseOfVladTepes"],"picked":"SKIP","floor":6.0},{"not_picked":["BatForm","ScarletCoffin"],"picked":"SKIP","floor":7.0},{"not_picked":["BloodyCatastrophe","ChaoticDestiny"],"picked":"SKIP","floor":8.0},{"not_picked":["ScarletMeister","EquivalentExchange"],"picked":"SKIP","floor":10.0},{"not_picked":["DemonKingCradle","HeartBreak"],"picked":"SKIP","floor":11.0},{"not_picked":["CeilingFear","ForecastOfChange"],"picked":"SKIP","floor":12.0},{"not_picked":["TricksterDevil","ChaoticDestiny"],"picked":"SKIP","floor":14.0},{"not_picked":["BatForm+1","HellCatastrophe+1"],"picked":"SKIP","floor":23.0},{"not_picked":["BloodyCatastrophe+1","BatForm+1"],"picked":"Singing Bowl","floor":24.0},{"not_picked":["ScarletMeister+1","HeartBreak+1"],"picked":"Singing Bowl","floor":25},{"not_picked":["HeartBreak+1","CurseOfVladTepes+1"],"picked":"Singing Bowl","floor":27},{"not_picked":["BloodyCatastrophe+1","TricksterDevil+1"],"picked":"Singing Bowl","floor":28},{"not_picked":["After Image+1","Chen:Stability+1"],"picked":"Singing Bowl","floor":30},{"not_picked":["FastingOfTheYoungPreta+1","Thinking Ahead+1"],"picked":"Singing Bowl","floor":31},{"not_picked":["All Out Attack","AdministrixMod:QuietConspiracy"],"picked":"Singing Bowl","floor":32}],"player_experience":552603,"relics_obtained":[{"floor":1.0,"key":"MoneyPower"},{"floor":1.0,"key":"BloodDonationMachine"},{"floor":1.0,"key":"SynthV:TestCard"},{"floor":2.0,"key":"TheBean"},{"floor":2.0,"key":"AT_ImmortalShieldbow"},{"floor":3.0,"key":"REME_HandOfSuture"},{"floor":3.0,"key":"The Courier"},{"floor":4.0,"key":"AT_BellowingDragoncrestRing"},{"floor":4.0,"key":"BookOfRevelations"},{"floor":4.0,"key":"Anchor"},{"floor":4.0,"key":"MagicDraw3"},{"floor":5.0,"key":"AT_Kusabimaru"},{"floor":5.0,"key":"Diplopia"},{"floor":5.0,"key":"PokeGo"},{"floor":6.0,"key":"BFFS"},{"floor":7.0,"key":"GodSword3"},{"floor":8.0,"key":"AT_RedTearstoneRing"},{"floor":8.0,"key":"SecretRecord"},{"floor":8.0,"key":"Void"},{"floor":9.0,"key":"Potion Belt"},{"floor":10.0,"key":"Mummified Hand"},{"floor":10.0,"key":"AT_BellDemon"},{"floor":11.0,"key":"Mastiff:ReiMu"},{"floor":11.0,"key":"PunchingBag"},{"floor":11.0,"key":"CombinedTypeHook"},{"floor":11.0,"key":"Eternal Feather"},{"floor":11.0,"key":"ZombieArmy"},{"floor":12.0,"key":"AT_MibuBalloonWealth"},{"floor":12.0,"key":"AT_GoldPhoenixTree"},{"floor":13.0,"key":"HollowDreamFlower"},{"floor":13.0,"key":"AT_BladeRuinedKing"},{"floor":14.0,"key":"DianPoetry"},{"floor":14.0,"key":"AnarchistCookbook"},{"floor":14.0,"key":"PureWhite:ReiMu"},{"floor":16.0,"key":"AT_TheCollector"},{"floor":18.0,"key":"GnawedLeaf"},{"floor":20.0,"key":"GodSword5"},{"floor":20.0,"key":"BookofShadows"},{"floor":22.0,"key":"Toy Ornithopter"},{"floor":22.0,"key":"REME_HourglassOfDeath"},{"floor":22.0,"key":"Blue Candle"},{"floor":23.0,"key":"GuppysTail"},{"floor":23.0,"key":"Pear"},{"floor":23.0,"key":"MoreBug"},{"floor":24.0,"key":"Kunai"},{"floor":24.0,"key":"Prayer Wheel"},{"floor":24.0,"key":"Singing Bowl"},{"floor":24.0,"key":"Oddly Smooth Stone"},{"floor":25,"key":"Pantograph"},{"floor":25,"key":"Akabeko"},{"floor":25,"key":"MagicDraw4"},{"floor":25,"key":"ScarletDevilRocket"},{"floor":26,"key":"Dream Catcher"},{"floor":26,"key":"HornCleat"},{"floor":27,"key":"EdensBlessing"},{"floor":27,"key":"Nunchaku"},{"floor":27,"key":"REME_PuzzleBoxRelic"},{"floor":28,"key":"Frozen Egg 2"},{"floor":28,"key":"Ginger"},{"floor":28,"key":"Happy Flower"},{"floor":28,"key":"YumHeart"},{"floor":30,"key":"Lizard Tail"},{"floor":30,"key":"Tea:ReiMu"},{"floor":30,"key":"RuthlessExorcism:ReiMu"},{"floor":31,"key":"Boot"},{"floor":31,"key":"MealTicket"},{"floor":31,"key":"MawBank"},{"floor":31,"key":"Du-Vu Doll"}],"event_choices":[{"damage_healed":0.0,"max_hp_gain":0.0,"max_hp_loss":0.0,"gold_gain":0.0,"event_name":"HidenRoomEvent","player_choice":"Fight","floor":4.0,"gold_loss":0.0,"damage_taken":0.0},{"damage_healed":0.0,"max_hp_gain":0.0,"max_hp_loss":0.0,"gold_gain":0.0,"event_name":"The Woman in Blue","player_choice":"Bought 3 Potions","floor":19.0,"gold_loss":0.0,"damage_taken":0.0}],"is_beta":false,"boss_relics":[{"not_picked":["TimeKeys","NightmareShop"],"picked":"Black Star"},{"not_picked":[]}],"items_purged_floors":[21],"is_endless":false,"potions_floor_spawned":[3,7,10,12,13,16,18,25,28,31],"killed_by":"Collector","ascension_level":20}}