{"host":"gk5m6v7zec9neb0j","time":1613686068,"event":{"mods":["AchievementEnabler","AlwaysNeverKeys","BaseMod","BetterRewards","Block Reminder","Minty Spire (QoL Compilation)","RNG Fix","Rare Cards Sparkle","Relic Stats","StSLib"],"gold_per_floor":[109,37,57,72,88,117,21,21,48,74,20,39,114,114,114,211,211,230,85,101,101,26,60,60,391,391,90,117,129,141,168,180,295,307,339,368,399,422,444,456,498,510,548,560,139,167,167,178,178,178,178,178,42,67,67],"floor_reached":56,"language":"ENG","playtime":1686,"items_purged":["Strike_G","Strike_G","Strike_G","Strike_G+1"],"score":1648,"play_id":"96d428bc-033f-47c8-b6a0-7b35a89f62c6","local_time":"20210218170748","is_ascension_mode":false,"campfire_choices":[{"data":"Neutralize","floor":8.0,"key":"SMITH"},{"floor":15.0,"key":"REST"},{"data":"Accuracy","floor":24.0,"key":"SMITH"},{"data":"Footwork","floor":29.0,"key":"SMITH"},{"data":"Cloak And Dagger","floor":32.0,"key":"SMITH"},{"data":"Accuracy","floor":40.0,"key":"SMITH"},{"data":"Burst","floor":42.0,"key":"SMITH"},{"data":"Blade Dance","floor":49.0,"key":"SMITH"},{"data":"Blade Dance","floor":52,"key":"SMITH"}],"circlet_count":0,"master_deck":["Defend_G","Defend_G","Defend_G","Defend_G+1","Defend_G+1","Survivor","Neutralize+1","Accuracy+1","Infinite Blades","Accuracy+1","All Out Attack+1","Blade Dance+1","Backflip+1","Blade Dance+1","Blur","Cloak And Dagger+1","Blade Dance+1","Footwork+1","Calculated Gamble","Burst+1","Infinite Blades+1","Accuracy+1","Night Terror"],"relics":["Ring of the Snake","Singing Bowl","Vajra","PreservedInsect","Art of War","Bag of Marbles","Black Star","Bronze Scales","Lantern","Bottled Lightning","Nunchaku","Old Coin","Eternal Feather","Sundial","Ice Cream","Whetstone","MawBank","Coffee Dripper","Mercury Hourglass","Juzu Bracelet","War Paint","Paper Crane","Ancient Tea Set","Snake Skull","Happy Flower","Centennial Puzzle"],"acts_visited":["Exordium","TheCity","TheBeyond","TheEnding"],"potions_floor_usage":[],"damage_taken":[{"damage":1.0,"enemies":"Jaw Worm","floor":1.0,"turns":5.0},{"damage":0.0,"enemies":"Cultist","floor":3.0,"turns":3.0},{"damage":0.0,"enemies":"Small Slimes","floor":4.0,"turns":3.0},{"damage":2.0,"enemies":"Gremlin Gang","floor":5.0,"turns":5.0},{"damage":9.0,"enemies":"3 Sentries","floor":6.0,"turns":6.0},{"damage":2.0,"enemies":"Gremlin Nob","floor":10.0,"turns":3.0},{"damage":0.0,"enemies":"Large Slime","floor":12.0,"turns":2.0},{"damage":1.0,"enemies":"Hexaghost","floor":16.0,"turns":7.0},{"damage":2.0,"enemies":"Chosen","floor":18.0,"turns":3.0},{"damage":12.0,"enemies":"2 Thieves","floor":20.0,"turns":2.0},{"damage":1.0,"enemies":"Slavers","floor":23.0,"turns":2.0},{"damage":4.0,"enemies":"Book of Stabbing","floor":25.0,"turns":5.0},{"damage":9.0,"enemies":"Slavers","floor":28.0,"turns":3.0},{"damage":4.0,"enemies":"3 Cultists","floor":31.0,"turns":4.0},{"damage":17.0,"enemies":"Collector","floor":33.0,"turns":6.0},{"damage":0.0,"enemies":"Orb Walker","floor":35.0,"turns":3.0},{"damage":0.0,"enemies":"3 Darklings","floor":36.0,"turns":4.0},{"damage":2.0,"enemies":"Sphere and 2 Shapes","floor":37.0,"turns":4.0},{"damage":0.0,"enemies":"Transient","floor":38.0,"turns":5.0},{"damage":1.0,"enemies":"3 Darklings","floor":39.0,"turns":3.0},{"damage":5.0,"enemies":"Giant Head","floor":41.0,"turns":4.0},{"damage":0.0,"enemies":"Nemesis","floor":46.0,"turns":1.0},{"damage":0.0,"enemies":"Maw","floor":48.0,"turns":4.0},{"damage":9,"enemies":"Donu and Deca","floor":50,"turns":5},{"damage":7,"enemies":"Shield and Spear","floor":54,"turns":3},{"damage":50,"enemies":"The Heart","floor":55,"turns":6}],"seed_played":"3301228809395536893","potions_obtained":[{"floor":4.0,"key":"EntropicBrew"},{"floor":6.0,"key":"Ancient Potion"}],"is_trial":false,"path_per_floor":["M","$","M","M","M","E","$","R","T","E","$","M","?","?","R","B",null,"M","$","M","?","?","E","R","E","T","$","E","R","?","M","R","B",null,"M","M","M","M","M","R","E","R","T","?","$","E","?","M","R","B",null,"R","$","E","B",null],"character_chosen":"THE_SILENT","items_purchased":["Accuracy","Singing Bowl","Infinite Blades","Cloak And Dagger","Vajra","SmokeBomb","Energy Potion","Accuracy","FairyPotion","Blade Dance","Bronze Scales","Ice Cream","Accuracy","Paper Crane","Night Terror"],"campfire_rested":1,"item_purchase_floors":[0,0,0,0,0,0,0,2,7,11,19,27,45,45,53],"current_hp_per_floor":[32,32,34,36,34,25,25,25,25,23,23,23,16,1,23,24,78,76,76,64,64,64,63,63,61,61,61,54,63,63,61,73,56,84,86,88,86,88,89,92,89,94,94,90,90,92,92,94,104,95,104,104,104,99,49],"gold":67,"neow_bonus":"","is_daily":false,"chose_seed":false,"campfire_upgraded":8,"win_rate":0.0,"timestamp":1613686068,"path_taken":["M","?","M","M","M","E","$","R","T","E","$","?","?","?","R","BOSS","M","$","M","?","?","E","R","E","T","$","E","R","?","?","R","BOSS","M","M","M","M","M","R","E","R","T","?","$","E","?","M","R","BOSS","R","$","E","BOSS"],"items_purchased_type":["Card","Relic","Card","Card","Relic","Potion","Potion","Card","Potion","Card","Relic","Relic","Card","Relic","Card"],"build_version":"2020-12-22","purchased_purges":4,"victory":true,"max_hp_per_floor":[72,72,74,76,76,76,76,76,76,76,76,76,76,76,76,78,78,78,78,78,78,78,78,78,80,80,80,82,82,82,84,84,84,84,86,88,88,90,92,92,94,94,94,100,100,102,102,104,104,104,104,104,104,106,106],"relic_stats":{"Singing Bowl":36,"Happy Flower":[2],"counters":[859,4572],"Eternal Feather":39,"PreservedInsect":380,"Snake Skull":[0],"Juzu Bracelet":0,"Whetstone":["Strike_G","All Out Attack"],"War Paint":["Blade Dance","Defend_G","Defend_G","Blade Dance"],"MawBank":204,"Mercury Hourglass":[60],"Nunchaku":[50],"Centennial Puzzle":[3],"Sundial":[6],"Bronze Scales":[174],"Art of War":[4],"Black Star":6,"obtain_stats":[{"TwistedFunnel":0,"Spirit Poop":30,"Ginger":0,"Whetstone":11,"Bottled Tornado":43,"Boot":25,"Sling":0,"Old Coin":34,"Blood Vial":17,"Sundial":24,"MealTicket":31,"HandDrill":48,"Kunai":0,"Pear":28,"Blue Candle":54,"Velvet Choker":17,"Eternal Feather":54,"Tingsha":0,"Pen Nib":11,"Paper Crane":43,"Akabeko":3,"SlaversCollar":17,"MutagenicStrength":19,"Bird Faced Urn":38,"StrikeDummy":27,"Unceasing Top":46,"Ring of the Serpent":17,"Regal Pillow":9,"Lantern":45,"Torii":0,"Singing Bowl":43,"StoneCalendar":42,"Bag of Preparation":26,"Ancient Tea Set":4,"Cursed Key":17,"Smiling Mask":41,"Matryoshka":37,"Shovel":38,"WristBlade":34,"Ninja Scroll":0,"Toolbox":45,"WingedGreaves":17,"Chemical X":37,"InkBottle":54,"Ring of the Snake":0,"Potion Belt":9,"Lee\u0027s Waffle":48,"The Specimen":0,"Golden Idol":3,"Thread and Needle":45,"The Courier":26,"PreservedInsect":38,"Omamori":39,"Frozen Egg 2":43,"MawBank":45,"Ornamental Fan":0,"Bloody Idol":31,"Orrery":0,"Turnip":38,"Art of War":17,"Bottled Lightning":43,"Toy Ornithopter":27,"Ice Cream":7,"Calipers":13,"Gremlin Horn":26,"CeramicFish":0,"HoveringKite":34,"Vajra":43,"Sozu":34,"Centennial Puzzle":6,"Lizard Tail":10,"HornCleat":43,"DollysMirror":4,"Strawberry":26,"Prayer Wheel":38,"Toxic Egg 2":28,"Girya":0,"Happy Flower":13,"Astrolabe":34,"Oddly Smooth Stone":0,"Letter Opener":53,"War Paint":43,"Question Card":48,"Du-Vu Doll":47,"OrangePellets":22,"Bottled Flame":25,"Shuriken":0,"Bronze Scales":10,"Molten Egg 2":9,"Black Star":17,"Meat on the Bone":17,"Pocketwatch":17,"Darkstone Periapt":23,"SacredBark":17,"Enchiridion":22,"Mango":43,"Snake Skull":54,"Juzu Bracelet":43,"Incense Burner":29,"Empty Cage":17,"PrismaticShard":53,"ClockworkSouvenir":20,"Tough Bandages":25,"Nunchaku":31,"Dream Catcher":9,"Mummified Hand":30,"Pantograph":12,"Gambling Chip":0,"Tiny Chest":26,"Red Mask":47,"Orichalcum":26,"Odd Mushroom":12,"Medical Kit":37,"White Beast Statue":9,"Mercury Hourglass":54,"Peace Pipe":9,"Calling Bell":17,"Cauldron":53,"Strange Spoon":53,"Anchor":34,"CaptainsWheel":54,"Bag of Marbles":43,"Coffee Dripper":34,"Membership Card":36,"FossilizedHelix":0,"TungstenRod":26},{"TwistedFunnel":381,"Spirit Poop":819,"Ginger":97,"Whetstone":100,"Bottled Tornado":52,"Boot":640,"Sling":741,"Old Coin":338,"Blood Vial":129,"Sundial":44,"MealTicket":616,"HandDrill":491,"Kunai":31,"Pear":315,"Blue Candle":249,"Velvet Choker":784,"Eternal Feather":146,"Tingsha":274,"Pen Nib":356,"Paper Crane":322,"Akabeko":575,"SlaversCollar":231,"MutagenicStrength":156,"Bird Faced Urn":189,"StrikeDummy":17,"Unceasing Top":193,"Ring of the Serpent":388,"Regal Pillow":36,"Lantern":269,"Torii":31,"Singing Bowl":116,"StoneCalendar":217,"Bag of Preparation":366,"Ancient Tea Set":2,"Cursed Key":281,"Smiling Mask":452,"Matryoshka":137,"Shovel":594,"WristBlade":112,"Ninja Scroll":172,"Toolbox":675,"WingedGreaves":80,"Chemical X":22,"InkBottle":57,"Ring of the Snake":0,"Potion Belt":3,"Lee\u0027s Waffle":676,"The Specimen":274,"Golden Idol":2,"Thread and Needle":245,"The Courier":183,"PreservedInsect":240,"Omamori":189,"Frozen Egg 2":398,"MawBank":245,"Ornamental Fan":72,"Bloody Idol":161,"Orrery":58,"Turnip":116,"Art of War":80,"Bottled Lightning":24,"Toy Ornithopter":17,"Ice Cream":11,"Calipers":154,"Gremlin Horn":480,"CeramicFish":172,"HoveringKite":21,"Vajra":91,"Sozu":136,"Centennial Puzzle":278,"Lizard Tail":329,"HornCleat":621,"DollysMirror":123,"Strawberry":107,"Prayer Wheel":138,"Toxic Egg 2":108,"Girya":250,"Happy Flower":12,"Astrolabe":86,"Oddly Smooth Stone":122,"Letter Opener":272,"War Paint":191,"Question Card":94,"Du-Vu Doll":540,"OrangePellets":754,"Bottled Flame":16,"Shuriken":97,"Bronze Scales":36,"Molten Egg 2":151,"Black Star":13,"Meat on the Bone":80,"Pocketwatch":129,"Darkstone Periapt":182,"SacredBark":360,"Enchiridion":68,"Mango":538,"Snake Skull":273,"Juzu Bracelet":141,"Incense Burner":560,"Empty Cage":103,"PrismaticShard":272,"ClockworkSouvenir":41,"Tough Bandages":16,"Nunchaku":85,"Dream Catcher":355,"Mummified Hand":110,"Pantograph":11,"Gambling Chip":197,"Tiny Chest":16,"Red Mask":54,"Orichalcum":235,"Odd Mushroom":499,"Medical Kit":188,"White Beast Statue":11,"Mercury Hourglass":349,"Peace Pipe":62,"Calling Bell":80,"Cauldron":625,"Strange Spoon":739,"Anchor":338,"CaptainsWheel":349,"Bag of Marbles":267,"Coffee Dripper":848,"Membership Card":163,"FossilizedHelix":250,"TungstenRod":416},{"TwistedFunnel":2158,"Spirit Poop":4420,"Ginger":599,"Whetstone":611,"Bottled Tornado":309,"Boot":3447,"Sling":3991,"Old Coin":1918,"Blood Vial":722,"Sundial":249,"MealTicket":3304,"HandDrill":2775,"Kunai":183,"Pear":1796,"Blue Candle":1454,"Velvet Choker":4248,"Eternal Feather":781,"Tingsha":1567,"Pen Nib":2009,"Paper Crane":1834,"Akabeko":3135,"SlaversCollar":1359,"MutagenicStrength":843,"Bird Faced Urn":1121,"StrikeDummy":100,"Unceasing Top":1141,"Ring of the Serpent":2183,"Regal Pillow":206,"Lantern":1539,"Torii":183,"Singing Bowl":676,"StoneCalendar":1281,"Bag of Preparation":2061,"Ancient Tea Set":5,"Cursed Key":1617,"Smiling Mask":2575,"Matryoshka":750,"Shovel":3206,"WristBlade":661,"Ninja Scroll":996,"Toolbox":3633,"WingedGreaves":500,"Chemical X":129,"InkBottle":364,"Ring of the Snake":0,"Potion Belt":9,"Lee\u0027s Waffle":3638,"The Specimen":1567,"Golden Idol":5,"Thread and Needle":1436,"The Courier":1085,"PreservedInsect":1411,"Omamori":1121,"Frozen Egg 2":2226,"MawBank":1436,"Ornamental Fan":459,"Bloody Idol":873,"Orrery":367,"Turnip":676,"Art of War":500,"Bottled Lightning":139,"Toy Ornithopter":100,"Ice Cream":57,"Calipers":823,"Gremlin Horn":2719,"CeramicFish":996,"HoveringKite":124,"Vajra":558,"Sozu":746,"Centennial Puzzle":1590,"Lizard Tail":1866,"HornCleat":3329,"DollysMirror":699,"Strawberry":637,"Prayer Wheel":755,"Toxic Egg 2":643,"Girya":1462,"Happy Flower":68,"Astrolabe":533,"Oddly Smooth Stone":696,"Letter Opener":1557,"War Paint":1131,"Question Card":574,"Du-Vu Doll":2986,"OrangePellets":4053,"Bottled Flame":94,"Shuriken":599,"Bronze Scales":206,"Molten Egg 2":801,"Black Star":79,"Meat on the Bone":500,"Pocketwatch":722,"Darkstone Periapt":1075,"SacredBark":2027,"Enchiridion":435,"Mango":2979,"Snake Skull":1562,"Juzu Bracelet":766,"Incense Burner":3065,"Empty Cage":621,"PrismaticShard":1557,"ClockworkSouvenir":234,"Tough Bandages":94,"Nunchaku":521,"Dream Catcher":2005,"Mummified Hand":652,"Pantograph":57,"Gambling Chip":1176,"Tiny Chest":94,"Red Mask":329,"Orichalcum":1384,"Odd Mushroom":2819,"Medical Kit":1117,"White Beast Statue":57,"Mercury Hourglass":1972,"Peace Pipe":387,"Calling Bell":500,"Cauldron":3355,"Strange Spoon":3981,"Anchor":1918,"CaptainsWheel":1972,"Bag of Marbles":1530,"Coffee Dripper":4530,"Membership Card":899,"FossilizedHelix":1462,"TungstenRod":2337}],"Ring of the Snake":[462]},"card_choices":[{"not_picked":["Quick Slash","Deflect","Deadly Poison"],"picked":"Singing Bowl","floor":1.0},{"not_picked":["PiercingWail","Deflect","Acrobatics"],"picked":"Singing Bowl","floor":3.0},{"not_picked":["Deflect","Corpse Explosion","Quick Slash"],"picked":"Singing Bowl","floor":4.0},{"not_picked":["Well Laid Plans","Sucker Punch"],"picked":"All Out Attack","floor":5.0},{"not_picked":["Bouncing Flask","Noxious Fumes"],"picked":"Blade Dance","floor":6.0},{"not_picked":["Slice","Reflex"],"picked":"Backflip","floor":10.0},{"not_picked":["Underhanded Strike","Bane"],"picked":"Blur","floor":12.0},{"not_picked":["Envenom","Wraith Form v2","Night Terror"],"picked":"Singing Bowl","floor":16.0},{"not_picked":["Dagger Spray","Prepared+1"],"picked":"Cloak And Dagger","floor":18.0},{"not_picked":["Bane","Flying Knee"],"picked":"Blade Dance","floor":20.0},{"not_picked":["Backstab","Slice"],"picked":"Footwork","floor":23.0},{"not_picked":["Catalyst+1","Unload","Crippling Poison"],"picked":"Singing Bowl","floor":25.0},{"not_picked":["Finisher","Deflect","Flechettes"],"picked":"Singing Bowl","floor":28.0},{"not_picked":["Dodge and Roll","PiercingWail","Setup"],"picked":"Singing Bowl","floor":31.0},{"not_picked":["Venomology","Malaise"],"picked":"Burst","floor":33.0},{"not_picked":["Dodge and Roll+1","Tactician","Prepared"],"picked":"Singing Bowl","floor":35.0},{"not_picked":["Dagger Spray","Bane+1","Quick Slash"],"picked":"Singing Bowl","floor":36.0},{"not_picked":["Finisher","Sucker Punch"],"picked":"Infinite Blades+1","floor":37.0},{"not_picked":["Sucker Punch+1","Finisher+1","Choke+1"],"picked":"Singing Bowl","floor":38.0},{"not_picked":["Sucker Punch","Distraction","Masterful Stab"],"picked":"Singing Bowl","floor":39.0},{"not_picked":["Envenom","Crippling Poison+1","Doppelganger"],"picked":"Singing Bowl","floor":41.0},{"not_picked":["Forethought","Chrysalis","Transmutation"],"picked":"Singing Bowl","floor":44.0},{"not_picked":["PanicButton","Forethought","Impatience"],"picked":"Singing Bowl","floor":44.0},{"not_picked":["Swift Strike","Dramatic Entrance","Thinking Ahead"],"picked":"Singing Bowl","floor":44.0},{"not_picked":["Poisoned Stab+1","Flying Knee+1","Expertise+1"],"picked":"Singing Bowl","floor":46.0},{"not_picked":["Finisher+1","Acrobatics+1","Poisoned Stab"],"picked":"Singing Bowl","floor":48.0},{"not_picked":["Storm of Steel","Poisoned Stab+1","Backflip+1"],"picked":"Singing Bowl","floor":54}],"player_experience":848364,"relics_obtained":[{"floor":6.0,"key":"PreservedInsect"},{"floor":9.0,"key":"Art of War"},{"floor":10.0,"key":"Bag of Marbles"},{"floor":23.0,"key":"Bottled Lightning"},{"floor":23.0,"key":"Nunchaku"},{"floor":25.0,"key":"Old Coin"},{"floor":25.0,"key":"Eternal Feather"},{"floor":26.0,"key":"Sundial"},{"floor":28.0,"key":"Whetstone"},{"floor":28.0,"key":"MawBank"},{"floor":41.0,"key":"Mercury Hourglass"},{"floor":41.0,"key":"Juzu Bracelet"},{"floor":43.0,"key":"War Paint"},{"floor":46.0,"key":"Ancient Tea Set"},{"floor":46.0,"key":"Snake Skull"},{"floor":54,"key":"Happy Flower"},{"floor":54,"key":"Centennial Puzzle"}],"event_choices":[{"damage_healed":0.0,"max_hp_gain":0.0,"max_hp_loss":0.0,"gold_gain":75.0,"event_name":"FaceTrader","player_choice":"Touch","floor":13.0,"gold_loss":0.0,"damage_taken":7.0},{"damage_healed":0.0,"max_hp_gain":0.0,"max_hp_loss":0.0,"gold_gain":0.0,"event_name":"Shining Light","player_choice":"Entered Light","floor":14.0,"gold_loss":0.0,"damage_taken":15.0,"cards_upgraded":["Defend_G","Backflip"]},{"cards_removed":["Cloak And Dagger"],"damage_healed":0.0,"max_hp_gain":0.0,"max_hp_loss":0.0,"gold_gain":0.0,"event_name":"WeMeetAgain","player_choice":"Gave Card","floor":21.0,"gold_loss":0.0,"damage_taken":0.0,"relics_obtained":["Lantern"]},{"cards_removed":["Strike_G"],"damage_healed":0.0,"max_hp_gain":0.0,"max_hp_loss":0.0,"gold_gain":0.0,"event_name":"Beggar","player_choice":"Gave Gold","floor":22.0,"gold_loss":75.0,"damage_taken":0.0},{"damage_healed":0.0,"max_hp_gain":0.0,"max_hp_loss":0.0,"gold_gain":0.0,"event_name":"The Library","player_choice":"Read","floor":30.0,"gold_loss":0.0,"damage_taken":0.0,"cards_obtained":["Calculated Gamble"]},{"damage_healed":0.0,"max_hp_gain":0.0,"max_hp_loss":0.0,"gold_gain":0.0,"event_name":"SensoryStone","player_choice":"Memory 3","floor":44.0,"gold_loss":0.0,"damage_taken":10.0},{"damage_healed":0.0,"max_hp_gain":0.0,"max_hp_loss":0.0,"gold_gain":0.0,"event_name":"Accursed Blacksmith","player_choice":"Forge","floor":47.0,"gold_loss":0.0,"damage_taken":0.0,"cards_upgraded":["Accuracy"]}],"is_beta":false,"boss_relics":[{"not_picked":["Fusion Hammer","Runic Dome"],"picked":"Black Star"},{"not_picked":["Philosopher\u0027s Stone","Snecko Eye"],"picked":"Coffee Dripper"}],"items_purged_floors":[0,0,0,45],"is_endless":false,"potions_floor_spawned":[4,6,10,12,20,23,25,33,36,38,39,41,48],"ascension_level":0}}