{"host":"mj8akmyfd5lo602f","time":1613613682,"event":{"mods":["2.2 Compatiblity","Act Like it!","BaseMod","Bestiary","BshForSts","Colored Map","Colored Powertips","Downfall","Highlight Path","Minty Spire (QoL Compilation)","Permanent Neow","Relic Stats","StSLib"],"gold_per_floor":[99,99,99,99,99,127,127,140,151,21,53,53,38,53,68,168,168,68,88,101,116,127,27,27,27,57,57,42,42,53,73,89,188,188,88,106,123,298,298,326,326,326,337,139,173,223,223,241,259,259,259,290,53,53,53,53],"floor_reached":57,"language":"ENG","playtime":4549,"items_purged":["Slimebound:Split+1","downfall:Aged"],"score":1317,"play_id":"5f6498e8-33be-4dfc-9cbd-ee7026eb4ae5","local_time":"20210218020122","is_ascension_mode":false,"campfire_choices":[{"data":"Slimebound:Split","floor":1.0,"key":"SMITH"},{"data":"Slimebound:SplitSpecialist","floor":12.0,"key":"SMITH"},{"floor":18.0,"key":"RECALL"},{"data":"Slimebound:TagTeam","floor":23.0,"key":"SMITH"},{"data":"Slimebound:SlimeBarrage","floor":25.0,"key":"SMITH"},{"data":"Slimebound:DouseInSlime","floor":35.0,"key":"SMITH"},{"data":"Slimebound:MassRepurpose","floor":42.0,"key":"SMITH"},{"data":"Slimebound:PrepareCrush","floor":47.0,"key":"SMITH"},{"data":"Slimebound:LivingWall","floor":54,"key":"SMITH"}],"circlet_count":0,"master_deck":["Slimebound:Strike_Slimebound","Slimebound:Strike_Slimebound","Slimebound:Strike_Slimebound+1","Slimebound:Defend_Slimebound","Slimebound:Defend_Slimebound+1","Slimebound:Defend_Slimebound","Slimebound:Defend_Slimebound","Slimebound:CorrosiveSpit+1","Slimebound:SlimeSpikes+1","Slimebound:MegaLick+1","Slimebound:SlimeBarrage+1","Slimebound:SplitSpecialist+1","Slimebound:MassFeed","Slimebound:Prepare+1","Slimebound:LivingWall+1","Slimebound:Schlurp","Slimebound:TagTeam+1","Slimebound:Schlurp","Slimebound:RainOfGoop+1","Slimebound:PressTheAttack","Slimebound:DouseInSlime+1","Slimebound:SlimeBarrage+1","Slimebound:GrowthPunch","Slimebound:AcidTongue+1","Slimebound:HauntingLick+1","Slimebound:PrepareCrush+1","Slimebound:MassRepurpose+1","Slimebound:LivingWall+1","Slimebound:Recycling+1","Slimebound:Darklings"],"relics":["Slimebound:AbsorbEndCombat","downfall:HeartsMalice","downfall:BrokenWingStatue","Frozen Egg 2","The Courier","champ:Barbells","WingedGreaves","Cursed Key","downfall:HeartBlessingGreen","downfall:HeartBlessingRed","Slimebound:MaxSlimesRelic","Sozu","downfall:HeartBlessingBlue","Bottled Lightning","Meat on the Bone","Art of War","Ice Cream","Blue Candle","Lee\u0027s Waffle","Vajra"],"acts_visited":["Exordium","TheCity","TheBeyond","TheEnding"],"potions_floor_usage":[56],"damage_taken":[{"damage":0.0,"enemies":"2 Louse","floor":2.0,"turns":1.0},{"damage":0.0,"enemies":"Small Slimes","floor":4.0,"turns":1.0},{"damage":0.0,"enemies":"Lagavulin","floor":6.0,"turns":1.0},{"damage":0.0,"enemies":"Jaw Worm","floor":8.0,"turns":4.0},{"damage":0.0,"enemies":"downfall:LooterAlt","floor":9.0,"turns":4.0},{"damage":0.0,"enemies":"downfall:FleeingMerchant","floor":10.0,"turns":4.0},{"damage":25.0,"enemies":"Gremlin Nob","floor":11.0,"turns":5.0},{"damage":5.0,"enemies":"downfall:FleeingMerchant","floor":13.0,"turns":4.0},{"damage":2.0,"enemies":"Exordium Wildlife","floor":14.0,"turns":4.0},{"damage":6.0,"enemies":"Red Slaver","floor":15.0,"turns":5.0},{"damage":17.0,"enemies":"DF_ARCHETYPE_STREAMLINE","floor":16.0,"turns":8.0},{"damage":2.0,"enemies":"Spheric Guardian","floor":19.0,"turns":6.0},{"damage":6.0,"enemies":"Shell Parasite","floor":20.0,"turns":4.0},{"damage":23.0,"enemies":"Sentry and Sphere","floor":21.0,"turns":5.0},{"damage":2.0,"enemies":"Centurion and Healer","floor":22.0,"turns":5.0},{"damage":21.0,"enemies":"Gremlin Leader","floor":26.0,"turns":5.0},{"damage":0.0,"enemies":"downfall:FleeingMerchant","floor":28.0,"turns":4.0},{"damage":0.0,"enemies":"Snake Plant","floor":30.0,"turns":3.0},{"damage":0.0,"enemies":"Snecko","floor":31.0,"turns":4.0},{"damage":1.0,"enemies":"Centurion and Healer","floor":32.0,"turns":5.0},{"damage":41.0,"enemies":"IC_MUSHROOM_ARCHETYPE","floor":33.0,"turns":10.0},{"damage":0.0,"enemies":"3 Darklings","floor":36.0,"turns":4.0},{"damage":0.0,"enemies":"3 Shapes","floor":37.0,"turns":5.0},{"damage":0.0,"enemies":"downfall:FleeingMerchant","floor":38.0,"turns":4.0},{"damage":3.0,"enemies":"downfall:FleeingMerchant","floor":39.0,"turns":5.0},{"damage":0.0,"enemies":"Nemesis","floor":40.0,"turns":7.0},{"damage":4.0,"enemies":"Writhing Mass","floor":43.0,"turns":7.0},{"damage":14.0,"enemies":"Reptomancer","floor":45.0,"turns":6.0},{"damage":0.0,"enemies":"Reptomancer","floor":46.0,"turns":4.0},{"damage":2.0,"enemies":"Sphere and 2 Shapes","floor":48.0,"turns":4.0},{"damage":11.0,"enemies":"Spire Growth","floor":49.0,"turns":5.0},{"damage":9.0,"enemies":"WA_ARCHETYPE_DIVINITY","floor":50.0,"turns":14.0},{"damage":24.0,"enemies":"downfall:CharBossMerchant","floor":52.0,"turns":8.0},{"damage":6,"enemies":"downfall:NeowBoss","floor":55,"turns":12},{"damage":16,"enemies":"downfall:NeowBossFinal","floor":56,"turns":8}],"seed_played":"-3818236747050310417","potions_obtained":[{"floor":8.0,"key":"Ancient Potion"},{"floor":11.0,"key":"SpeedPotion"},{"floor":14.0,"key":"FairyPotion"},{"floor":22.0,"key":"DuplicationPotion"},{"floor":26.0,"key":"bronze:BurnAndBuffPotion"}],"is_trial":false,"path_per_floor":["R","M","?","M","?","E","T","M","M","$","E","R","$","M","M","B",null,"R","M","M","M","M","R","T","R","E","?","$","?","M","M","M","B",null,"R","M","M","$","?","E","T","R","M","$","E","?","R","M","M","B",null,"E","$","R","B","B",null],"character_chosen":"SLIMEBOUND","items_purchased":["champ:Barbells","Slimebound:MassRepurpose","Slimebound:Recycling+1","Lee\u0027s Waffle","Vajra"],"campfire_rested":0,"item_purchase_floors":[10,38,44,53,53],"current_hp_per_floor":[65,65,65,65,65,65,65,65,65,65,48,48,51,59,55,46,71,71,74,70,59,66,66,66,66,53,53,59,59,63,69,75,42,86,96,96,96,96,96,96,96,96,96,96,85,89,89,99,96,95,105,87,112,112,112,103],"gold":53,"neow_bonus":"THREE_ENEMY_KILL","is_daily":false,"chose_seed":false,"campfire_upgraded":8,"win_rate":0.0,"timestamp":1613613682,"path_taken":["R","M","?","M","?","E","T","M","M","$","E","R","?","M","M","BOSS","R","M","M","M","M","R","T","R","E","?","$","?","?","M","M","BOSS","R","M","M","$","?","E","T","R","M","$","E","?","R","M","M","BOSS","E","$","R","BOSS","BOSS"],"items_purchased_type":["Relic","Card","Card","Relic","Relic"],"build_version":"2020-12-22","purchased_purges":2,"victory":true,"max_hp_per_floor":[65,65,65,65,65,65,65,65,65,65,65,65,65,71,71,71,71,71,74,74,80,83,83,83,83,83,83,83,83,83,83,86,86,86,96,96,96,96,96,96,96,96,96,96,99,99,99,105,105,105,105,105,112,112,112,112],"relic_stats":{"Sozu":3,"Lee\u0027s Waffle":25,"counters":[35,181],"Blue Candle":[9],"Art of War":[11],"Cursed Key":2,"obtain_stats":[{"Ice Cream":46,"champ:Barbells":10,"Lee\u0027s Waffle":53,"downfall:HeartBlessingRed":23,"Blue Candle":52,"Vajra":53,"downfall:HeartsMalice":0,"downfall:HeartBlessingGreen":18,"The Courier":7,"Frozen Egg 2":6,"Cursed Key":17,"Sozu":34,"downfall:BrokenWingStatue":3,"Slimebound:MaxSlimesRelic":26,"downfall:HeartBlessingBlue":35,"WingedGreaves":11,"Slimebound:AbsorbEndCombat":0,"Art of War":45,"Bottled Lightning":40,"Meat on the Bone":41},{"Ice Cream":29,"champ:Barbells":6,"Lee\u0027s Waffle":33,"downfall:HeartBlessingRed":15,"Blue Candle":33,"Vajra":33,"downfall:HeartsMalice":0,"downfall:HeartBlessingGreen":11,"The Courier":3,"Frozen Egg 2":3,"Cursed Key":11,"Sozu":21,"downfall:BrokenWingStatue":1,"Slimebound:MaxSlimesRelic":16,"downfall:HeartBlessingBlue":21,"WingedGreaves":7,"Slimebound:AbsorbEndCombat":0,"Art of War":28,"Bottled Lightning":26,"Meat on the Bone":26},{"Ice Cream":130,"champ:Barbells":12,"Lee\u0027s Waffle":161,"downfall:HeartBlessingRed":58,"Blue Candle":161,"Vajra":161,"downfall:HeartsMalice":0,"downfall:HeartBlessingGreen":38,"The Courier":0,"Frozen Egg 2":0,"Cursed Key":38,"Sozu":89,"downfall:BrokenWingStatue":0,"Slimebound:MaxSlimesRelic":63,"downfall:HeartBlessingBlue":89,"WingedGreaves":17,"Slimebound:AbsorbEndCombat":0,"Art of War":126,"Bottled Lightning":113,"Meat on the Bone":113}],"Meat on the Bone":0},"card_choices":[{"not_picked":["Slimebound:FlameTackle","Slimebound:LeechEnergy"],"picked":"Slimebound:SlimeSpikes","floor":2.0},{"not_picked":["Slimebound:Replication","Slimebound:PressTheAttack"],"picked":"Slimebound:MegaLick","floor":4.0},{"not_picked":["Slimebound:SplitAcid","Slimebound:PressTheAttack"],"picked":"Slimebound:SlimeBarrage","floor":6.0},{"not_picked":["Slimebound:ForwardTackle","Slimebound:GoopTackle"],"picked":"Slimebound:SplitSpecialist","floor":8.0},{"not_picked":["Slimebound:PressTheAttack","Slimebound:ComboTackle"],"picked":"Slimebound:MassFeed","floor":9.0},{"not_picked":["Slimebound:SplitMire","Slimebound:SamplingLick","Slimebound:Grow+1"],"picked":"SKIP","floor":10.0},{"not_picked":["Slimebound:WasteNot","Slimebound:BestDefense+1"],"picked":"Slimebound:Prepare","floor":11.0},{"not_picked":["Slimebound:Grow+1","Slimebound:LeechingTouch"],"picked":"Slimebound:LivingWall","floor":13.0},{"not_picked":["Slimebound:SlimeTap","Slimebound:Nibble"],"picked":"Slimebound:Schlurp","floor":14.0},{"not_picked":["Slimebound:SlimeTap","Slimebound:SelfFormingGoo+1","Slimebound:FinishingTackle"],"picked":"SKIP","floor":15.0},{"not_picked":["Slimebound:SelfFormingGoo+1","Slimebound:SlimeSlap"],"picked":"Slimebound:TagTeam","floor":16.0},{"not_picked":["Slimebound:Equalize","Slimebound:DivideAndConquer+1"],"picked":"Slimebound:Schlurp","floor":19.0},{"not_picked":["Slimebound:LivingWall","Slimebound:AcidTongue+1"],"picked":"Slimebound:RainOfGoop","floor":20.0},{"not_picked":["Slimebound:FormOfPuddle","Slimebound:LivingWall","Slimebound:SplitBruiser"],"picked":"SKIP","floor":21.0},{"not_picked":["Slimebound:FormOfPuddle","Slimebound:LivingWall","Slimebound:SplitBruiser"],"picked":"SKIP","floor":21.0},{"not_picked":["Slimebound:LeechingTouch","Slimebound:Dissolve"],"picked":"Slimebound:PressTheAttack","floor":22.0},{"not_picked":["Slimebound:LeechEnergy+1","Slimebound:GoopTackle+1"],"picked":"Slimebound:DouseInSlime","floor":26.0},{"not_picked":["Slimebound:Prepare","Slimebound:ComboTackle"],"picked":"Slimebound:GrowthPunch","floor":28.0},{"not_picked":["Slimebound:Equalize+1","Slimebound:ServeAndProtect","Slimebound:AcidTongue+1"],"picked":"SKIP","floor":30.0},{"not_picked":["Slimebound:Equalize+1","Slimebound:ServeAndProtect"],"picked":"Slimebound:AcidTongue+1","floor":30.0},{"not_picked":["Slimebound:SlimeBarrage","Slimebound:Recollect"],"picked":"Slimebound:HauntingLick+1","floor":31.0},{"not_picked":["Slimebound:SlimeSpikes","Slimebound:HungryTackle+1","Slimebound:LeechEnergy+1"],"picked":"SKIP","floor":32.0},{"not_picked":["Slimebound:CheckThePlaybook","Slimebound:DouseInSlime"],"picked":"Slimebound:PrepareCrush","floor":33.0},{"not_picked":["Slimebound:SplitAcid","Slimebound:SlimeSpikes+1","Slimebound:PressTheAttack+1"],"picked":"SKIP","floor":36.0},{"not_picked":["Slimebound:AcidTongue+1","Slimebound:HauntingLick","Slimebound:SlimeBarrage"],"picked":"SKIP","floor":37.0},{"not_picked":["Slimebound:LeechingTouch","Slimebound:LeechEnergy","Slimebound:SamplingLick"],"picked":"SKIP","floor":38.0},{"not_picked":["Slimebound:LeechEnergy+1","Slimebound:SplitAcid+1"],"picked":"Slimebound:LivingWall+1","floor":39.0},{"not_picked":["Slimebound:MassRepurpose","Slimebound:SplitLeeching","Slimebound:HungryTackle+1"],"picked":"SKIP","floor":40.0},{"not_picked":["Slimebound:TongueLash+1","Slimebound:LeechingTouch","Slimebound:LeechEnergy"],"picked":"SKIP","floor":43.0},{"not_picked":["Slimebound:SplitBruiser+1","Slimebound:GoopSpray+1","Slimebound:SamplingLick"],"picked":"SKIP","floor":45.0},{"not_picked":["Slimebound:SlimeBarrage","Slimebound:Schlurp+1","Slimebound:SplitMire"],"picked":"SKIP","floor":48.0},{"not_picked":["Slimebound:SlimeBarrage","Slimebound:Schlurp+1","Slimebound:SplitMire"],"picked":"SKIP","floor":48.0},{"not_picked":["Slimebound:GoopSpray+1","Slimebound:TongueLash+1","Slimebound:SlimeTap+1"],"picked":"SKIP","floor":49.0},{"not_picked":["Slimebound:LeechEnergy","Slimebound:SlimeBrawl+1"],"picked":"Slimebound:Darklings","floor":52.0}],"player_experience":501781,"relics_obtained":[{"floor":6.0,"key":"Frozen Egg 2"},{"floor":7.0,"key":"The Courier"},{"floor":11.0,"key":"WingedGreaves"},{"floor":26.0,"key":"Slimebound:MaxSlimesRelic"},{"floor":40.0,"key":"Bottled Lightning"},{"floor":41.0,"key":"Meat on the Bone"},{"floor":45.0,"key":"Art of War"},{"floor":46.0,"key":"Ice Cream"},{"floor":52.0,"key":"Blue Candle"}],"event_choices":[{"cards_removed":["Slimebound:Tackle"],"damage_healed":0.0,"max_hp_gain":0.0,"max_hp_loss":0.0,"gold_gain":0.0,"event_name":"The Cleric","player_choice":"Card Removal","floor":5.0,"gold_loss":0.0,"damage_taken":0.0},{"damage_healed":0.0,"max_hp_gain":0.0,"max_hp_loss":0.0,"gold_gain":0.0,"event_name":"The Library","player_choice":"Read","floor":27.0,"gold_loss":0.0,"damage_taken":0.0,"cards_obtained":["Slimebound:SlimeBarrage"]}],"is_beta":false,"boss_relics":[{"not_picked":["SacredBark","bronze:MakeshiftBattery"],"picked":"Cursed Key"},{"not_picked":["Empty Cage","Slimebound:AbsorbEndCombatUpgraded"],"picked":"Sozu"}],"items_purged_floors":[38,44],"is_endless":false,"potions_floor_spawned":[8,11,14,15,22,26,30,31,32,37,43,48,49,52],"ascension_level":0}}