{"host":"rm0ctv8qd8mnbkg1","time":1613657973,"event":{"mods":["BaseMod","Beaked The Cultist","BetterRewards","Colored Map","DNKmod","Dark Map","Defuse TimeMaze Blight","Downfall","Friendly Minions","Hubris","Marisa????????","Minty Spire (QoL Compilation)","MostiFishMod","Permanent Neow","Rare Cards Sparkle","Relic Sorter","Reliquary","Replay The Spire","RumiaBox-????????","Shade Mod","Shop Mod","Spicy Shops","Spire Arcade","StSLib","The Construct","The Servant 0.9.4","TheVacant","Wandering Minibosses","??????REMEMod"],"gold_per_floor":[10100,10113,10213,10226,10286,10316,10316,10416,10441,10091,9991,10477,10477,10493,10508,10604,10654,10654,10664,10683,10697,10191,10206,10229,10229,10240,10250,10277,10277,10277,10288,10300,10400,10400,10400,10417,8760,8815,8815,8815,8841,8859,8859,8887,8907,8927,8946,8479,8491,8491],"floor_reached":51,"language":"ENG","playtime":1678,"items_purged":["ReplayTheSpireMod:Splinters"],"score":1088,"play_id":"15b65196-751b-441b-ba0a-862fdb21f491","local_time":"20210218141933","is_ascension_mode":false,"campfire_choices":[{"data":"champ:Taunt","floor":1,"key":"SMITH"},{"data":"champ:StanceDance","floor":11,"key":"SMITH"},{"data":"Replay:Sssssssssshield","floor":13,"key":"SMITH"},{"data":"champ:ShieldSigil","floor":18,"key":"SMITH"},{"data":"champ:BerserkerStyle","floor":30,"key":"SMITH"},{"data":"champ:EnchantSword","floor":35,"key":"SMITH"},{"data":"champ:DefensiveStyle","floor":40,"key":"SMITH"},{"data":"champ:RapidStrikes","floor":43,"key":"SMITH"}],"circlet_count":0,"master_deck":["SandsOfTime+1","champ:Strike","champ:Strike","champ:Strike","champ:Strike","champ:Defend","champ:Defend","champ:Defend","champ:Defend","champ:Execute","champ:Taunt+1","MostiFishMod:FrostNova","MostiFishMod:WinterMarkForm+1","SoulSculpture+1","champ:Lariat","champ:DefensiveShout","champ:Encircle","champ:Encircle","champ:StanceDance+1","champ:TripleStrike+1","champ:FanOfKnives+1","champ:IronFortress","champ:RisingSlash","Replay:Sssssssssshield+1","champ:AdrenalArmor","champ:BerserkersShout","champ:ShieldSigil+1","champ:EnchantSword+1","champ:RapidStrikes+1","champ:DefensiveStyle","champ:FanOfKnives+1","champ:BerserkerStyle","champ:BerserkerStyle+1","champ:ShieldSigil","champ:ViciousMockery","champ:HoldFirm","champ:ShieldSigil+1","champ:ArenaPreparation","champ:SteelEdge","champ:ViciousMockery+1","champ:DefensiveStyle+1","champ:GutPunch","champ:BerserkerStyle","champ:DeathBlow+1"],"relics":["champ:ChampionCrown","REME_ComplimentaryCards","DaveBox","FrostBlade","reliquary:RoseTintedGlasses","Quantum Egg","Toy Ornithopter","hexamod:BolsterEngine","champ:BerserkersGuideToSlaughter","Tiny Chest","Guide Book","downfall:HeartBlessingGreen","wanderingMiniBosses:LockLocket","Tiny House","bronze:BronzeIdol","Strange Spoon","reliquary:Stiletto","reliquary:ExpiredCoupon","Blue Candle","REME_ChargedStone","BirthdayGift-Tetrahedron","Strawberry","reliquary:JackalopeAntler","Replay:Towering Pillar of Hats","Blue Doll","ImprovedEquipment"],"acts_visited":["Exordium","TheCity","TheBeyond"],"potions_floor_usage":[6,6,21,50],"damage_taken":[{"damage":0,"enemies":"Jaw Worm","floor":2,"turns":2},{"damage":0,"enemies":"2 Louse","floor":4,"turns":1},{"damage":6,"enemies":"Lagavulin","floor":6,"turns":4},{"damage":47,"enemies":"downfall:LadyInBlue","floor":8,"turns":4},{"damage":2,"enemies":"Gremlin Nob","floor":9,"turns":3},{"damage":73,"enemies":"downfall:FleeingMerchant","floor":10,"turns":5},{"damage":32,"enemies":"Small Slimes","floor":12,"turns":6},{"damage":5,"enemies":"Red Slaver","floor":14,"turns":1},{"damage":2,"enemies":"Exordium Wildlife","floor":15,"turns":2},{"damage":40,"enemies":"DF_ARCHETYPE_STREAMLINE","floor":16,"turns":3},{"damage":0,"enemies":"Chosen","floor":19,"turns":3},{"damage":2,"enemies":"3 Byrds","floor":20,"turns":2},{"damage":0,"enemies":"Sentry and Sphere","floor":21,"turns":2},{"damage":7,"enemies":"3 Cultists","floor":23,"turns":2},{"damage":72,"enemies":"Chosen and Byrds","floor":26,"turns":2},{"damage":32,"enemies":"Snecko","floor":27,"turns":5},{"damage":45,"enemies":"Book of Stabbing","floor":28,"turns":4},{"damage":19,"enemies":"Centurion and Healer","floor":31,"turns":2},{"damage":0,"enemies":"3 Cultists","floor":32,"turns":2},{"damage":73,"enemies":"WA_ARCHETYPE_CALM","floor":33,"turns":3},{"damage":32,"enemies":"Orb Walker","floor":36,"turns":1},{"damage":7,"enemies":"2 Orb Walkers","floor":38,"turns":2},{"damage":67,"enemies":"3 Shapes","floor":42,"turns":2},{"damage":32,"enemies":"R_Hoarder","floor":44,"turns":2},{"damage":38,"enemies":"Writhing Mass","floor":45,"turns":1},{"damage":28,"enemies":"4 Shapes","floor":46,"turns":2},{"damage":20,"enemies":"3 Darklings","floor":47,"turns":2},{"damage":15,"enemies":"Spire Growth","floor":49,"turns":3},{"damage":56,"enemies":"IC_BLOCK_ARCHETYPE","floor":50,"turns":3}],"seed_played":"2132766895082281597","potions_obtained":[{"floor":2,"key":"champ:TechniquePotion"},{"floor":5,"key":"champ:TechniquePotion"},{"floor":8,"key":"hexamod:SoulburnPotion"},{"floor":9,"key":"Swift Potion"},{"floor":12,"key":"champ:OpenerPotion"},{"floor":17,"key":"EntropicBrew"},{"floor":21,"key":"BlessingOfTheForge"},{"floor":46,"key":"FairyPotion"}],"is_trial":false,"path_per_floor":["R","M","?","M","?","E","T","?","E","$","R","M","R","M","M","B",null,"R","M","M","M","$","M","T","?","M","M","E","T","R","M","M","B",null,"R","M","$","?","?","R","T","M","R","E","M","M","M","$","M","B",null],"character_chosen":"THE_CHAMP","items_purchased":["champ:BerserkersGuideToSlaughter","champ:IronFortress","Tiny Chest","champ:RisingSlash","Replay:Sssssssssshield","Guide Book","bronze:BronzeIdol","champ:BerserkerStyle","champ:ShieldSigil","champ:ViciousMockery","Strange Spoon","BirthdayGift-Tetrahedron","champ:DefensiveStyle","Strawberry","champ:GutPunch","reliquary:JackalopeAntler","Blue Doll","ImprovedEquipment"],"campfire_rested":0,"item_purchase_floors":[10,10,10,10,10,10,22,22,22,22,22,37,37,37,37,37,48,48],"current_hp_per_floor":[1000,1000,1000,1000,1000,994,994,992,990,982,982,990,990,1000,1000,1000,1005,1005,1005,1005,1005,1005,1005,1005,1005,1005,1005,1003,1003,1003,1005,1005,1005,1005,1005,1005,1012,1012,1012,1012,1012,1012,1012,1012,1012,1011,1012,1012,1012,1012],"gold":8491,"neow_bonus":"HUNDRED_GOLD","is_daily":false,"chose_seed":false,"campfire_upgraded":8,"win_rate":0.0,"timestamp":1613657973,"path_taken":["R","M","?","M","?","E","T","?","E","$","R","M","R","M","M","BOSS","R","M","M","?","$","M","T","?","M","?","E","?","R","M","M","BOSS","R","M","$","?","?","R","T","M","R","E","M","M","M","$","M","BOSS"],"items_purchased_type":["Relic","Card","Relic","Card","Card","Relic","Relic","Card","Card","Card","Relic","Relic","Card","Relic","Card","Relic","Relic","Relic"],"build_version":"2020-12-22","purchased_purges":1,"victory":true,"max_hp_per_floor":[1000,1000,1000,1000,1000,1000,1000,1000,1000,1000,1000,1000,1000,1000,1000,1000,1005,1005,1005,1005,1005,1005,1005,1005,1005,1005,1005,1005,1005,1005,1005,1005,1005,1005,1005,1005,1012,1012,1012,1012,1012,1012,1012,1012,1012,1012,1012,1012,1012,1012],"card_choices":[{"not_picked":["champ:PerfectedStrike","champ:DefensiveStyle"],"picked":"champ:Lariat","floor":2},{"not_picked":["champ:BringItOn","champ:Duel"],"picked":"champ:DefensiveShout","floor":4},{"not_picked":["champ:Duel","champ:PerfectedStrike"],"picked":"champ:Encircle","floor":5},{"not_picked":["champ:ShieldSlam","champ:Haymaker"],"picked":"champ:Encircle","floor":6},{"not_picked":["champ:FalseCounter","champ:EnGarde"],"picked":"champ:StanceDance","floor":8},{"not_picked":["champ:FaceSlap","champ:ShieldSigil"],"picked":"champ:TripleStrike","floor":9},{"not_picked":["champ:CheapShot","champ:SetATrap"],"picked":"champ:FanOfKnives","floor":10},{"not_picked":["champ:DefensiveStyle","champ:HeartStrike"],"picked":"champ:AdrenalArmor","floor":12},{"not_picked":["champ:GladiatorStyle","champ:Shatter"],"picked":"champ:BerserkersShout","floor":14},{"not_picked":["champ:PreciseThrust","champ:Shatter"],"picked":"champ:ShieldSigil","floor":15},{"not_picked":["champ:Improvising","champ:ShieldThrow"],"picked":"champ:EnchantSword","floor":16},{"not_picked":["champ:SkillfulDodge","champ:TornadoPunch"],"picked":"champ:RapidStrikes","floor":17},{"not_picked":["champ:PerfectedStrike","champ:DefensiveShout","champ:StanceDance"],"picked":"SKIP","floor":19},{"not_picked":["champ:BerserkersShout","champ:CrookedStrike"],"picked":"champ:DefensiveStyle","floor":20},{"not_picked":["champ:Haymaker+1","champ:AdrenalArmor"],"picked":"champ:FanOfKnives+1","floor":21},{"not_picked":["champ:PerfectedStrike","champ:Circumvent+1","champ:Shatter"],"picked":"SKIP","floor":23},{"not_picked":["champ:FanOfKnives","champ:StanceDance"],"picked":"champ:HoldFirm","floor":26},{"not_picked":["champ:BerserkersShout","champ:Haymaker+1","champ:BladeFlurry+1"],"picked":"SKIP","floor":27},{"not_picked":["champ:FanOfKnives","champ:CheapShot"],"picked":"champ:ShieldSigil+1","floor":28},{"not_picked":["champ:IronFortress+1","champ:FaceSlap"],"picked":"champ:ArenaPreparation","floor":31},{"not_picked":["champ:FancyFootwork","champ:HeartStrike","champ:Circumvent"],"picked":"SKIP","floor":32},{"not_picked":["champ:HeavySlash","champ:Devastate"],"picked":"champ:SteelEdge","floor":33},{"not_picked":["champ:PerfectedStrike+1","champ:CalledShot+1"],"picked":"champ:ViciousMockery+1","floor":36},{"not_picked":["champ:Backstep","champ:GutPunch","champ:PreciseThrust"],"picked":"SKIP","floor":42},{"not_picked":["champ:Improvising","champ:DefensiveShout+1","champ:GutPunch"],"picked":"SKIP","floor":44},{"not_picked":["champ:BringItOn","champ:Backstep+1","champ:AdrenalArmor+1"],"picked":"SKIP","floor":45},{"not_picked":["champ:BringItOn+1","champ:TornadoPunch+1"],"picked":"champ:BerserkerStyle","floor":46},{"not_picked":["champ:FancyFootwork","champ:RecklessLeap+1","champ:BringItOn+1"],"picked":"SKIP","floor":47},{"not_picked":["champ:DancingMaster","champ:ShieldSlam"],"picked":"champ:DeathBlow+1","floor":49}],"player_experience":373691,"relics_obtained":[{"floor":6,"key":"reliquary:RoseTintedGlasses"},{"floor":7,"key":"Quantum Egg"},{"floor":8,"key":"Toy Ornithopter"},{"floor":9,"key":"hexamod:BolsterEngine"},{"floor":12,"key":"wanderingMiniBosses:LockLocket"},{"floor":24,"key":"reliquary:Stiletto"},{"floor":28,"key":"reliquary:ExpiredCoupon"},{"floor":29,"key":"Blue Candle"},{"floor":38,"key":"Replay:Towering Pillar of Hats"}],"event_choices":[{"damage_healed":0,"gold_gain":0,"player_choice":"Fight","damage_taken":0,"max_hp_gain":0,"max_hp_loss":0,"event_name":"Mysterious Sphere","floor":38,"gold_loss":0},{"damage_healed":0,"gold_gain":0,"player_choice":"Forge","damage_taken":0,"max_hp_gain":0,"max_hp_loss":0,"event_name":"Accursed Blacksmith","floor":39,"gold_loss":0,"cards_upgraded":["MostiFishMod:WinterMarkForm"]}],"is_beta":false,"boss_relics":[{"not_picked":["sneckomod:SneckoTalon","hubris:CrackedHourglass"],"picked":"Tiny House"},{"not_picked":["SacredBark","Pandora\u0027s Box"],"picked":"REME_ChargedStone"}],"items_purged_floors":[48],"is_endless":false,"potions_floor_spawned":[2,9,12,16,21,26,28,32,38,46,47,49],"ascension_level":0}}