{"host":"9b7hrp48q3pna783","time":1613636441,"event":{"mods":["BaseMod","Colored Map","Colored Powertips","Highlight Path","Minty Spire (QoL Compilation)","Relic Stats"],"gold_per_floor":[116,116,128,78,92,92,117,117,140,171,171,27,43,43,43,145,145,145,145,145,145,22,22,22,22,22,22,22,22,22,22,22,22,22,22,0,0,0,0,0,0,0,0,0,0,0,0,0,0,0,0],"floor_reached":50,"language":"ENG","playtime":4737,"items_purged":["Defend_G"],"score":619,"play_id":"5a8c4600-fd9a-41a7-b222-7e861e08150a","local_time":"20210218032041","is_ascension_mode":true,"campfire_choices":[{"data":"Survivor","floor":6,"key":"SMITH"},{"data":"Poisoned Stab","floor":8,"key":"SMITH"},{"data":"Neutralize","floor":11,"key":"SMITH"},{"data":"Venomology","floor":15,"key":"SMITH"},{"data":"Prepared","floor":24,"key":"SMITH"},{"data":"Acrobatics","floor":30,"key":"SMITH"},{"floor":32,"key":"REST"},{"data":"Noxious Fumes","floor":40,"key":"SMITH"},{"data":"Bullet Time","floor":42,"key":"SMITH"},{"floor":49,"key":"RECALL"}],"circlet_count":0,"master_deck":["Strike_G","Strike_G","Strike_G","Strike_G","Defend_G","Defend_G","Defend_G","Defend_G","Survivor+1","Neutralize+1","Poisoned Stab+1","Blade Dance","Venomology+1","Cloak And Dagger","Bullet Time+1","Noxious Fumes+1","Prepared+1","Acrobatics+1","Blur+1","Envenom","CurseOfTheBell","Wraith Form v2","Parasite","Expertise+1","Expertise+1","Setup"],"relics":["Ring of the Snake","NeowsBlessing","MealTicket","Eternal Feather","Nunchaku","Paper Crane","NlothsMask","Ectoplasm","Pen Nib","Bottled Flame","StoneCalendar","Shuriken","Calling Bell","MawBank","Mercury Hourglass","Incense Burner","Red Mask","Lantern"],"acts_visited":["Exordium","TheCity","TheBeyond"],"potions_floor_usage":[13,13,16,18,23,23,25,25,28,28,29,29,31,31,33,35,35,39,39,41,45,46,46,46,46,46,46,46,46,50,50],"damage_taken":[{"damage":0,"enemies":"2 Louse","floor":1,"turns":1},{"damage":0,"enemies":"Jaw Worm","floor":3,"turns":1},{"damage":0,"enemies":"Small Slimes","floor":5,"turns":1},{"damage":20,"enemies":"3 Sentries","floor":7,"turns":11},{"damage":31,"enemies":"Lagavulin","floor":10,"turns":7},{"damage":0,"enemies":"Red Slaver","floor":13,"turns":2},{"damage":19,"enemies":"The Guardian","floor":16,"turns":13},{"damage":0,"enemies":"3 Byrds","floor":18,"turns":4},{"damage":8,"enemies":"Chosen","floor":21,"turns":5},{"damage":23,"enemies":"Book of Stabbing","floor":23,"turns":7},{"damage":14,"enemies":"Slavers","floor":25,"turns":6},{"damage":5,"enemies":"3 Cultists","floor":28,"turns":6},{"damage":34,"enemies":"Gremlin Leader","floor":29,"turns":8},{"damage":0,"enemies":"Snake Plant","floor":31,"turns":5},{"damage":20,"enemies":"Automaton","floor":33,"turns":11},{"damage":5,"enemies":"3 Shapes","floor":35,"turns":5},{"damage":41,"enemies":"3 Darklings","floor":37,"turns":6},{"damage":22,"enemies":"Writhing Mass","floor":39,"turns":7},{"damage":25,"enemies":"Reptomancer","floor":41,"turns":8},{"damage":16,"enemies":"Jaw Worm Horde","floor":45,"turns":6},{"damage":0,"enemies":"Sphere and 2 Shapes","floor":46,"turns":4},{"damage":19,"enemies":"Transient","floor":48,"turns":5},{"damage":91,"enemies":"Awakened One","floor":50,"turns":10}],"seed_played":"-2473955866872351789","potions_obtained":[{"floor":3,"key":"FairyPotion"},{"floor":10,"key":"Poison Potion"},{"floor":16,"key":"LiquidBronze"},{"floor":18,"key":"DuplicationPotion"},{"floor":25,"key":"Weak Potion"},{"floor":28,"key":"Weak Potion"},{"floor":29,"key":"SpeedPotion"},{"floor":33,"key":"Fruit Juice"},{"floor":37,"key":"SpeedPotion"},{"floor":38,"key":"Swift Potion"},{"floor":45,"key":"EntropicBrew"}],"is_trial":false,"path_per_floor":["M","?","M","?","M","R","E","R","T","E","R","$","M","?","R","B",null,"M","T","?","M","$","E","R","E","T","?","M","E","R","M","R","B",null,"M","?","M","?","M","R","E","R","T","?","M","M","?","M","R","B"],"character_chosen":"THE_SILENT","items_purchased":["Venomology","Prepared"],"campfire_rested":1,"item_purchase_floors":[12,22],"current_hp_per_floor":[70,63,63,63,63,63,43,49,49,18,24,39,39,39,48,29,70,70,70,64,56,70,47,56,42,42,42,37,3,12,12,42,22,70,70,70,29,29,7,19,22,34,34,34,18,18,66,47,62,0,0],"gold":0,"neow_bonus":"THREE_ENEMY_KILL","is_daily":false,"chose_seed":false,"campfire_upgraded":8,"win_rate":0.0,"timestamp":1613636441,"path_taken":["M","?","M","?","M","R","E","R","T","E","R","?","M","?","R","BOSS","M","?","?","?","$","E","R","E","T","?","M","E","R","M","R","BOSS","M","?","M","?","?","R","E","R","T","?","?","M","?","M","R","BOSS"],"items_purchased_type":["Card","Card"],"build_version":"2020-12-22","purchased_purges":1,"victory":false,"max_hp_per_floor":[70,70,70,70,70,70,70,70,70,70,70,70,70,70,70,70,70,70,70,70,70,70,70,70,70,70,70,70,70,70,70,70,70,70,75,75,75,75,75,75,75,75,75,75,75,75,66,66,66,66,66],"relic_stats":{"Nunchaku":[38],"counters":[23,139],"Shuriken":[40],"MealTicket":29,"Eternal Feather":87,"StoneCalendar":[208],"Ectoplasm":616,"Pen Nib":[26],"MawBank":0,"obtain_stats":[{"Lantern":41,"NeowsBlessing":0,"Eternal Feather":7,"StoneCalendar":26,"Pen Nib":23,"Incense Burner":34,"Paper Crane":10,"MawBank":34,"Mercury Hourglass":34,"Calling Bell":34,"Nunchaku":9,"Bottled Flame":25,"Shuriken":29,"MealTicket":2,"Ectoplasm":17,"Red Mask":36,"Ring of the Snake":0,"NlothsMask":14},{"Lantern":19,"NeowsBlessing":0,"Eternal Feather":4,"StoneCalendar":11,"Pen Nib":10,"Incense Burner":15,"Paper Crane":5,"MawBank":15,"Mercury Hourglass":15,"Calling Bell":15,"Nunchaku":4,"Bottled Flame":11,"Shuriken":13,"MealTicket":1,"Ectoplasm":7,"Red Mask":16,"Ring of the Snake":0,"NlothsMask":6},{"Lantern":114,"NeowsBlessing":0,"Eternal Feather":14,"StoneCalendar":58,"Pen Nib":52,"Incense Burner":88,"Paper Crane":21,"MawBank":88,"Mercury Hourglass":88,"Calling Bell":88,"Nunchaku":14,"Bottled Flame":58,"Shuriken":72,"MealTicket":1,"Ectoplasm":36,"Red Mask":93,"Ring of the Snake":0,"NlothsMask":23}],"Ring of the Snake":[46],"Mercury Hourglass":[240]},"card_choices":[{"not_picked":["Bane","Distraction"],"picked":"Poisoned Stab","floor":1},{"not_picked":["Dagger Throw","Finisher"],"picked":"Blade Dance","floor":3},{"not_picked":["Outmaneuver","Deadly Poison","Deflect"],"picked":"SKIP","floor":5},{"not_picked":["Outmaneuver","Poisoned Stab","Blade Dance"],"picked":"SKIP","floor":7},{"not_picked":["Riddle With Holes","Slice","Eviscerate"],"picked":"SKIP","floor":10},{"not_picked":["Deflect","Reflex"],"picked":"Cloak And Dagger","floor":13},{"not_picked":["Phantasmal Killer","Glass Knife"],"picked":"Bullet Time","floor":16},{"not_picked":["Calculated Gamble","Flying Knee","Cloak And Dagger"],"picked":"SKIP","floor":18},{"not_picked":["Deflect","Bouncing Flask"],"picked":"Noxious Fumes","floor":21},{"not_picked":["Poisoned Stab","PiercingWail","Flying Knee"],"picked":"SKIP","floor":23},{"not_picked":["Dagger Throw+1","Reflex","Poisoned Stab+1"],"picked":"SKIP","floor":25},{"not_picked":["Tactician","Poisoned Stab+1"],"picked":"Acrobatics","floor":28},{"not_picked":["Deadly Poison","Dodge and Roll","Blade Dance"],"picked":"SKIP","floor":29},{"not_picked":["Unload","Blade Dance"],"picked":"Blur+1","floor":31},{"not_picked":["Storm of Steel","Grand Finale"],"picked":"Envenom","floor":33},{"not_picked":["Outmaneuver","PiercingWail"],"picked":"Wraith Form v2","floor":35},{"not_picked":["Slice+1","Deflect","Bane"],"picked":"SKIP","floor":37},{"not_picked":["Escape Plan","Dagger Throw","Bouncing Flask+1"],"picked":"SKIP","floor":39},{"not_picked":["Envenom","Dagger Spray"],"picked":"Expertise+1","floor":41},{"not_picked":["Masterful Stab+1","Flechettes+1","All Out Attack"],"picked":"SKIP","floor":45},{"not_picked":["Concentrate","Dagger Throw+1","Infinite Blades"],"picked":"SKIP","floor":46},{"not_picked":["Sucker Punch","Blade Dance"],"picked":"Setup","floor":48}],"player_experience":157908,"relics_obtained":[{"floor":7,"key":"Eternal Feather"},{"floor":9,"key":"Nunchaku"},{"floor":10,"key":"Paper Crane"},{"floor":23,"key":"Pen Nib"},{"floor":25,"key":"Bottled Flame"},{"floor":26,"key":"StoneCalendar"},{"floor":29,"key":"Shuriken"},{"floor":34,"key":"MawBank"},{"floor":34,"key":"Mercury Hourglass"},{"floor":34,"key":"Incense Burner"},{"floor":41,"key":"Lantern"}],"event_choices":[{"damage_healed":0,"gold_gain":0,"player_choice":"Success","damage_taken":7,"relics_obtained":["MealTicket"],"max_hp_gain":0,"max_hp_loss":0,"event_name":"Scrap Ooze","floor":2,"gold_loss":0},{"cards_removed":["Strike_G"],"damage_healed":0,"gold_gain":0,"player_choice":"Card Removal","damage_taken":0,"max_hp_gain":0,"max_hp_loss":0,"event_name":"The Cleric","floor":4,"gold_loss":50},{"damage_healed":0,"gold_gain":0,"player_choice":"Trade","damage_taken":0,"relics_obtained":["NlothsMask"],"max_hp_gain":0,"max_hp_loss":0,"event_name":"FaceTrader","floor":14,"gold_loss":0},{"damage_healed":0,"gold_gain":0,"player_choice":"","damage_taken":6,"max_hp_gain":0,"max_hp_loss":0,"event_name":"Knowing Skull","floor":20,"potions_obtained":[],"gold_loss":0,"cards_obtained":[]},{"damage_healed":0,"gold_gain":0,"player_choice":"Ignored","damage_taken":0,"max_hp_gain":0,"max_hp_loss":0,"event_name":"The Mausoleum","floor":27,"gold_loss":0},{"damage_healed":0,"gold_gain":0,"player_choice":"Paid","damage_taken":0,"relics_obtained":["Red Mask"],"max_hp_gain":0,"max_hp_loss":0,"event_name":"Tomb of Lord Red Mask","floor":36,"gold_loss":22},{"damage_healed":0,"gold_gain":0,"player_choice":"Got Potions","damage_taken":0,"max_hp_gain":0,"max_hp_loss":0,"event_name":"Lab","floor":38,"gold_loss":0},{"damage_healed":0,"gold_gain":0,"player_choice":"Copied","damage_taken":0,"max_hp_gain":0,"max_hp_loss":0,"event_name":"Duplicator","floor":44,"gold_loss":0,"cards_obtained":["Expertise"]},{"damage_healed":66,"gold_gain":0,"player_choice":"Heal","damage_taken":0,"max_hp_gain":0,"max_hp_loss":9,"event_name":"The Moai Head","floor":47,"gold_loss":0}],"is_beta":false,"boss_relics":[{"not_picked":["Busted Crown","Philosopher\u0027s Stone"],"picked":"Ectoplasm"},{"not_picked":["Fusion Hammer","Astrolabe"],"picked":"Calling Bell"}],"items_purged_floors":[22],"is_endless":false,"potions_floor_spawned":[3,10,16,18,25,28,29,33,37,45],"killed_by":"Awakened One","ascension_level":3}}