{"host":"6rz02yiipefhcw4r","time":1613649079,"event":{"mods":["2.2 Compatiblity","BaseMod","Block Reminder","Colored Map","Curses Come First","DeckTracker","Googly Eyes","Minty Spire (QoL Compilation)","Quick Restart","Rare Cards Sparkle","StSLib"],"gold_per_floor":[118,118,134,154,154,154,187,212,212,246,246,322,34,34,34,133,133,133,133,33,33,33,33,33,33,33,33,33,33,33,33,33,33,33,33,33,33,33],"floor_reached":37,"language":"ENG","playtime":1001,"items_purged":["Strike_B","Strike_B"],"score":876,"play_id":"04ceb39a-520b-475b-a29b-742f25bcfb31","local_time":"20210218095119","is_ascension_mode":true,"campfire_choices":[{"data":"Darkness","floor":6.0,"key":"SMITH"},{"floor":11.0,"key":"REST"},{"data":"Loop","floor":15.0,"key":"SMITH"},{"floor":24,"key":"REST"},{"floor":27,"key":"REST"},{"floor":30,"key":"REST"},{"floor":32,"key":"REST"}],"circlet_count":0,"master_deck":["AscendersBane","Strike_B","Strike_B","Defend_B","Defend_B","Defend_B","Defend_B","Zap","Dualcast+1","Darkness+1","Doom and Gloom+1","Ball Lightning","Leap","Loop","Multi-Cast+1","Steam","Leap","Coolheaded+1","BootSequence","Creative AI","Reinforced Body"],"relics":["Cracked Core","NeowsBlessing","Golden Idol","Boot","Gremlin Horn","Bottled Lightning","Lee\u0027s Waffle","Ectoplasm","Kunai","Happy Flower","Shovel","Sozu"],"acts_visited":["Exordium","TheCity","TheBeyond"],"potions_floor_usage":[19,28,33],"damage_taken":[{"damage":0.0,"enemies":"Cultist","floor":1.0,"turns":1.0},{"damage":0.0,"enemies":"Small Slimes","floor":3.0,"turns":1.0},{"damage":0.0,"enemies":"2 Louse","floor":4.0,"turns":1.0},{"damage":25.0,"enemies":"3 Sentries","floor":7.0,"turns":5.0},{"damage":8.0,"enemies":"Blue Slaver","floor":8.0,"turns":3.0},{"damage":8.0,"enemies":"Gremlin Nob","floor":10.0,"turns":3.0},{"damage":11.0,"enemies":"The Guardian","floor":16.0,"turns":7.0},{"damage":30.0,"enemies":"Shell Parasite","floor":18.0,"turns":5.0},{"damage":0,"enemies":"Chosen","floor":19,"turns":1},{"damage":15,"enemies":"Book of Stabbing","floor":23,"turns":3},{"damage":16,"enemies":"Sentry and Sphere","floor":25,"turns":3},{"damage":23,"enemies":"Slavers","floor":28,"turns":3},{"damage":22,"enemies":"Snake Plant","floor":31,"turns":4},{"damage":16,"enemies":"Champ","floor":33,"turns":9},{"damage":23,"enemies":"3 Darklings","floor":35,"turns":3},{"damage":14,"enemies":"3 Shapes","floor":37,"turns":3}],"seed_played":"8357185916354127543","potions_obtained":[{"floor":1.0,"key":"LiquidBronze"},{"floor":3.0,"key":"LiquidBronze"},{"floor":7.0,"key":"Swift Potion"},{"floor":16.0,"key":"Strength Potion"},{"floor":18.0,"key":"SmokeBomb"},{"floor":25,"key":"Fire Potion"},{"floor":31,"key":"Regen Potion"},{"floor":33,"key":"BlessingOfTheForge"}],"is_trial":false,"path_per_floor":["M","?","M","M","?","R","E","M","T","E","R","?","$","?","R","B",null,"M","M","$","?","$","E","R","M","T","R","E","?","R","M","R","B",null,"M","?","M"],"character_chosen":"DEFECT","items_purchased":["Loop","Lee\u0027s Waffle"],"campfire_rested":5,"item_purchase_floors":[13,13],"current_hp_per_floor":[64,64,64,64,45,45,20,12,12,4,23,23,71,71,71,60,68,38,38,38,38,38,23,44,28,28,49,26,26,47,25,46,45,65,42,42,28,28],"gold":33,"neow_bonus":"THREE_ENEMY_KILL","is_daily":false,"chose_seed":false,"campfire_upgraded":2,"win_rate":0.0,"timestamp":1613649079,"path_taken":["M","?","M","M","?","R","E","M","T","E","R","?","?","?","R","BOSS","M","M","$","?","?","E","R","M","T","R","E","?","R","M","R","BOSS","M","?","M"],"items_purchased_type":["Card","Relic"],"build_version":"2020-12-22","purchased_purges":2,"victory":false,"max_hp_per_floor":[71,64,64,64,64,64,64,64,64,64,64,64,71,71,71,71,71,71,71,71,71,71,71,71,71,71,71,71,71,71,71,71,71,71,71,71,71,71],"card_choices":[{"not_picked":["Double Energy","Redo"],"picked":"Darkness","floor":1.0},{"not_picked":["Hello World","Fusion","Storm"],"picked":"SKIP","floor":3.0},{"not_picked":["Sweeping Beam","Streamline"],"picked":"Doom and Gloom","floor":4.0},{"not_picked":["Force Field","Leap"],"picked":"Loop","floor":7.0},{"not_picked":["Gash","Aggregate"],"picked":"Ball Lightning","floor":8.0},{"not_picked":["Streamline","Machine Learning"],"picked":"Leap","floor":10.0},{"not_picked":["Amplify","Machine Learning"],"picked":"Multi-Cast","floor":16.0},{"not_picked":["Lockon","Gash"],"picked":"Steam","floor":18.0},{"not_picked":["Redo","Stack"],"picked":"Leap","floor":23},{"not_picked":["Gash","Steam"],"picked":"Coolheaded+1","floor":25},{"not_picked":["Gash","Steam"],"picked":"BootSequence","floor":28},{"not_picked":["Sunder+1","Stack","Turbo"],"picked":"SKIP","floor":31},{"not_picked":["Multi-Cast","All For One"],"picked":"Creative AI","floor":33},{"not_picked":["Genetic Algorithm","Leap"],"picked":"Reinforced Body","floor":35}],"player_experience":809884,"relics_obtained":[{"floor":7.0,"key":"Boot"},{"floor":9.0,"key":"Gremlin Horn"},{"floor":10.0,"key":"Bottled Lightning"},{"floor":23,"key":"Kunai"},{"floor":26,"key":"Happy Flower"},{"floor":28,"key":"Shovel"}],"event_choices":[{"damage_healed":0.0,"max_hp_gain":0.0,"max_hp_loss":7.0,"gold_gain":0.0,"event_name":"Golden Idol","player_choice":"Lose Max HP","floor":2.0,"gold_loss":0.0,"damage_taken":0.0,"relics_obtained":["Golden Idol"]},{"damage_healed":0.0,"max_hp_gain":0.0,"max_hp_loss":0.0,"gold_gain":0.0,"event_name":"Shining Light","player_choice":"Entered Light","floor":5.0,"gold_loss":0.0,"damage_taken":19.0,"cards_upgraded":["Dualcast","Doom and Gloom"]},{"damage_healed":0.0,"max_hp_gain":0.0,"max_hp_loss":0.0,"gold_gain":76.0,"event_name":"Golden Wing","player_choice":"Gained Gold","floor":12.0,"gold_loss":0.0,"damage_taken":0.0},{"damage_healed":0.0,"max_hp_gain":0.0,"max_hp_loss":0.0,"gold_gain":0.0,"event_name":"Liars Game","player_choice":"Ignored","floor":14.0,"gold_loss":0.0,"damage_taken":0.0},{"damage_healed":0,"gold_gain":0,"player_choice":"Forge","damage_taken":0,"max_hp_gain":0,"max_hp_loss":0,"event_name":"Accursed Blacksmith","floor":21,"gold_loss":0,"cards_upgraded":["Multi-Cast"]},{"damage_healed":0,"gold_gain":50,"player_choice":"Stole From Cult","damage_taken":0,"max_hp_gain":0,"max_hp_loss":0,"event_name":"Nest","floor":29,"gold_loss":0},{"cards_removed":["Loop"],"damage_healed":0,"gold_gain":0,"player_choice":"Removed Power","damage_taken":0,"max_hp_gain":0,"max_hp_loss":0,"event_name":"Falling","floor":36,"gold_loss":0}],"is_beta":false,"boss_relics":[{"not_picked":["SacredBark","Busted Crown"],"picked":"Ectoplasm"},{"not_picked":["Fusion Hammer","Calling Bell"],"picked":"Sozu"}],"items_purged_floors":[13,20],"is_endless":false,"potions_floor_spawned":[1,3,7,16,18,25,31,33,35],"killed_by":"3 Shapes","ascension_level":20}}