{"host":"m9osufisr3agwk96","time":1613613103,"event":{"mods":["AchievementEnabler","Aspiration","BaseMod","Colored Map","Colored Powertips","Downfall","Duelist Mod","Friendly Minions","GifTheSpireLib","Gremlin Mod","Hermit","Highlight Path","Hubris","Infinite Spire","Minty Spire (QoL Compilation)","Rare Cards Sparkle","Reliquary","Replay The Spire","Shop Mod","StSLib","The Cursed"],"gold_per_floor":[117,117,117,137,137,137,161,86,86,111,111,125,146,146,146,265,265,285,245,265,286,83,83,101,101,173,173,197,197,227,246,246,251,251],"floor_reached":33,"language":"ENG","playtime":1479,"items_purged":["Injury"],"score":239,"play_id":"490cdba5-2e61-4f4c-aea3-e4869f663899","local_time":"20210217175143","is_ascension_mode":false,"campfire_choices":[{"floor":6,"key":"REST"},{"data":"Offering","floor":11,"key":"SMITH"},{"data":"infinitespire:Gouge","floor":15,"key":"SMITH"},{"data":"hermit:Snapshot","floor":25,"key":"SMITH"},{"data":"hermit:DeadMansHand","floor":29,"key":"SMITH"}],"circlet_count":0,"master_deck":["hermit:Strike_Hermit","hermit:Strike_Hermit+1","hermit:Strike_Hermit+1","hermit:Strike_Hermit","hermit:Defend_Hermit+1","hermit:Defend_Hermit+1","hermit:Defend_Hermit+1","hermit:Defend_Hermit+1","hermit:Snapshot+1","hermit:Covet+1","hermit:Glare","hermit:Horror","infinitespire:Gouge+1","Offering+1","hermit:TakeAim","hermit:WideOpen+1","hermit:Dissolve","hermit:Enervate+1","hermit:Scavenge","hermit:Coalescence","hermit:TakeAim+1","hermit:DeadMansHand+1","hermit:Dive+1","hermit:EyeOfTheStorm+1"],"relics":["hermit:Momento","aspiration:Nostalgia","m_IronCrown","Golden Idol","Vajra","Chameleon Ring","Whetstone","Replay:Bottled Eggs"],"acts_visited":["Exordium","TheCity"],"potions_floor_usage":[16,18,20,21,21,24,30,31,31,33,33],"damage_taken":[{"damage":0,"enemies":"Small Slimes","floor":1,"turns":4},{"damage":6,"enemies":"Jaw Worm","floor":4,"turns":4},{"damage":0,"enemies":"2 Louse","floor":10,"turns":2},{"damage":6,"enemies":"Exordium Thugs","floor":12,"turns":2},{"damage":0,"enemies":"Large Slime","floor":13,"turns":3},{"damage":35,"enemies":"Slime Boss","floor":16,"turns":7},{"damage":6,"enemies":"Spheric Guardian","floor":18,"turns":3},{"damage":6,"enemies":"Shell Parasite","floor":20,"turns":2},{"damage":7,"enemies":"Cultist and Chosen","floor":21,"turns":5},{"damage":6,"enemies":"Centurion and Healer","floor":24,"turns":4},{"damage":6,"enemies":"Snake Plant","floor":28,"turns":5},{"damage":6,"enemies":"3 Cultists","floor":30,"turns":5},{"damage":6,"enemies":"Sentry and Sphere","floor":31,"turns":4},{"damage":81,"enemies":"Collector","floor":33,"turns":10}],"seed_played":"-8753932256060315572","potions_obtained":[{"floor":12,"key":"AttackPotion"},{"floor":13,"key":"Venom Potion"},{"floor":19,"key":"hermit:Tonic"},{"floor":19,"key":"Weak Potion"},{"floor":19,"key":"AttackPotion"},{"floor":20,"key":"DistilledChaos"},{"floor":24,"key":"Energy Potion"},{"floor":30,"key":"Milkshake"},{"floor":32,"key":"Death Potion"},{"floor":32,"key":"Guardian:BlockOnCardUsePotion"}],"is_trial":false,"path_per_floor":["M","?","?","M","?","R","T","$","T","M","R","M","M","?","R","B",null,"M","?","M","M","$","?","M","R","T","?","M","R","M","M","R_BF","B"],"character_chosen":"HERMIT","items_purchased":["Whetstone","Adrenaline Potion"],"campfire_rested":1,"item_purchase_floors":[22,22],"current_hp_per_floor":[75,75,75,75,58,75,75,75,75,75,75,75,75,75,75,46,75,75,75,75,74,74,74,74,74,74,74,74,74,74,74,74,0,0],"gold":251,"neow_bonus":"NOSTALGIA","is_daily":false,"chose_seed":false,"campfire_upgraded":4,"win_rate":0.0,"timestamp":1613613103,"path_taken":["M","?","?","M","?","R","?","$","T","?","R","M","M","?","R","BOSS","M","?","M","?","$","?","M","R","T","?","M","R","?","M","R_BF","BOSS"],"items_purchased_type":["Relic","Potion"],"build_version":"2020-12-22","purchased_purges":1,"victory":false,"max_hp_per_floor":[75,75,75,75,75,75,75,75,75,75,75,75,75,75,75,75,75,75,75,75,75,75,75,75,75,75,75,75,75,75,75,75,75,75],"card_choices":[{"not_picked":["hermit:Desperado","hermit:TrackingShot"],"picked":"hermit:Glare","floor":1},{"not_picked":["hermit:CalledShot","hermit:Quickdraw"],"picked":"hermit:Horror","floor":4},{"not_picked":["infinitespire:UltimateForm","infinitespire:Menacing"],"picked":"infinitespire:Gouge","floor":5},{"not_picked":["Bloodletting","hermit:Determination"],"picked":"Offering","floor":10},{"not_picked":["hermit:WideOpen","hermit:Enervate"],"picked":"hermit:TakeAim","floor":12},{"not_picked":["champ:BerserkersShout","hermit:Malice"],"picked":"hermit:WideOpen","floor":13},{"not_picked":["champ:VampiricStrike","hermit:HeroicBravado"],"picked":"hermit:Dissolve","floor":16},{"not_picked":["hermit:Manifest","hermit:Glare"],"picked":"hermit:Enervate+1","floor":18},{"not_picked":["hermit:Ricochet","hermit:Quickdraw"],"picked":"hermit:Scavenge","floor":20},{"not_picked":["hermit:BodyArmor","hermit:Ricochet"],"picked":"hermit:Coalescence","floor":21},{"not_picked":["hermit:Manifest","hermit:ItchyTrigger"],"picked":"hermit:TakeAim+1","floor":24},{"not_picked":["hermit:TakeAim","hermit:Misfire"],"picked":"hermit:DeadMansHand","floor":28},{"not_picked":["hermit:CalledShot","hermit:Quickdraw"],"picked":"hermit:Dive+1","floor":30},{"not_picked":["hermit:Roulette","hermit:Desperado"],"picked":"hermit:EyeOfTheStorm+1","floor":31}],"player_experience":497467,"relics_obtained":[{"floor":7,"key":"Vajra"},{"floor":9,"key":"Chameleon Ring"},{"floor":26,"key":"Replay:Bottled Eggs"}],"event_choices":[{"damage_healed":0,"gold_gain":0,"player_choice":"Grow","damage_taken":0,"max_hp_gain":0,"max_hp_loss":0,"event_name":"Living Wall","floor":2,"gold_loss":0,"cards_upgraded":["hermit:Covet"]},{"damage_healed":0,"gold_gain":0,"player_choice":"Take Wound","damage_taken":0,"relics_obtained":["Golden Idol"],"max_hp_gain":0,"max_hp_loss":0,"event_name":"Golden Idol","floor":3,"gold_loss":0,"cards_obtained":["Injury"]},{"damage_healed":0,"gold_gain":0,"player_choice":"Bought 3 Potions","damage_taken":0,"max_hp_gain":0,"max_hp_loss":0,"event_name":"The Woman in Blue","floor":19,"gold_loss":0},{"damage_healed":0,"gold_gain":0,"player_choice":"Ignored","damage_taken":0,"max_hp_gain":0,"max_hp_loss":0,"event_name":"Ghosts","floor":23,"gold_loss":0},{"damage_healed":0,"gold_gain":0,"player_choice":"Ignored","damage_taken":0,"max_hp_gain":0,"max_hp_loss":0,"event_name":"NoteForYourself","floor":27,"gold_loss":0}],"is_beta":false,"boss_relics":[{"not_picked":["hubris:CrackedHourglass","reliquary:Craggleroot","Snecko Eye"]}],"items_purged_floors":[8],"is_endless":false,"potions_floor_spawned":[12,13,20,24,30],"killed_by":"Collector","ascension_level":0}}