{"host":"en4narc5947t7k9n","time":1613620683,"event":{"mods":["AchievementEnabler","BaseMod","Colored Map","Minty Spire (QoL Compilation)","SuperFastMode"],"gold_per_floor":[114,114,133,83,32,70,70,70,95,114,133,133,152,171,171,296,296,315,315,315],"floor_reached":19,"language":"KOR","playtime":468,"items_purged":[],"score":219,"play_id":"5e695d8e-47d6-4da7-82df-95f19d471c1c","local_time":"20210218125803","daily_mods":["Cursed Run","Uncertain Future","Lethality"],"is_ascension_mode":false,"campfire_choices":[{"data":"Inflame","floor":7,"key":"SMITH"},{"data":"Flex","floor":12,"key":"SMITH"},{"data":"Evolve","floor":15,"key":"SMITH"}],"circlet_count":0,"master_deck":["Strike_R","Strike_R","Strike_R","Strike_R","Defend_R","Defend_R","Defend_R","Defend_R+1","Bash+1","Evolve+1","Injury","Anger","Flex+1","Inflame+1","Injury","Heavy Blade+1","Reckless Charge+1","Pommel Strike+1","Headbutt+1","Pain","Bludgeon+1","Rage"],"relics":["Cursed Key","Darkstone Periapt","Du-Vu Doll","Golden Idol","Molten Egg 2","Smiling Mask","SlaversCollar"],"acts_visited":["Exordium","TheCity"],"potions_floor_usage":[19],"damage_taken":[{"damage":4,"enemies":"Jaw Worm","floor":1,"turns":2},{"damage":3,"enemies":"2 Louse","floor":3,"turns":2},{"damage":13,"enemies":"Gremlin Nob","floor":6,"turns":3},{"damage":4,"enemies":"Cultist","floor":10,"turns":3},{"damage":13,"enemies":"Looter","floor":11,"turns":2},{"damage":0,"enemies":"Blue Slaver","floor":13,"turns":1},{"damage":4,"enemies":"Exordium Wildlife","floor":14,"turns":2},{"damage":28,"enemies":"The Guardian","floor":16,"turns":5},{"damage":19,"enemies":"Chosen","floor":18,"turns":2},{"damage":79,"enemies":"3 Byrds","floor":19,"turns":2}],"seed_played":"-4060160915487772418","potions_obtained":[{"floor":1,"key":"FearPotion"},{"floor":6,"key":"Fire Potion"},{"floor":10,"key":"Dexterity Potion"},{"floor":14,"key":"Fire Potion"}],"is_trial":false,"path_per_floor":["M","?","M","?","$","E","R","?","T","M","M","R","M","M","R","B",null,"M","M"],"character_chosen":"IRONCLAD","items_purchased":["Flex"],"campfire_rested":0,"item_purchase_floors":[5],"current_hp_per_floor":[76,82,79,79,79,66,66,49,55,51,38,38,38,34,34,12,98,79,0,0],"gold":315,"neow_bonus":"","is_daily":true,"chose_seed":false,"campfire_upgraded":3,"win_rate":0.0,"timestamp":1613620683,"path_taken":["M","?","M","?","$","E","R","?","T","M","M","R","M","M","R","BOSS","M","M"],"items_purchased_type":["Card"],"build_version":"2020-12-22","purchased_purges":0,"victory":false,"max_hp_per_floor":[80,86,86,86,86,86,86,86,92,92,92,92,92,92,92,98,98,98,98,98],"card_choices":[{"not_picked":["Spot Weakness","Cleave"],"picked":"Evolve","floor":1},{"not_picked":["Body Slam","Sentinel"],"picked":"Anger","floor":3},{"not_picked":["Entrench","Body Slam+1"],"picked":"Inflame","floor":6},{"not_picked":["True Grit","Warcry"],"picked":"Heavy Blade+1","floor":10},{"not_picked":["Clash+1","Sentinel"],"picked":"Reckless Charge+1","floor":11},{"not_picked":["Rupture","Sword Boomerang+1"],"picked":"Pommel Strike+1","floor":13},{"not_picked":["Hemokinesis+1","Inflame"],"picked":"Headbutt+1","floor":14},{"not_picked":["Demon Form","Immolate+1"],"picked":"Bludgeon+1","floor":16},{"not_picked":["Inflame","Feel No Pain+1"],"picked":"Rage","floor":18}],"player_experience":49317,"relics_obtained":[{"floor":6,"key":"Molten Egg 2"},{"floor":9,"key":"Smiling Mask"}],"event_choices":[{"damage_healed":0,"gold_gain":0,"player_choice":"Take Wound","damage_taken":0,"relics_obtained":["Golden Idol"],"max_hp_gain":0,"max_hp_loss":0,"event_name":"Golden Idol","floor":2,"gold_loss":0,"cards_obtained":["Injury"]},{"cards_removed":["Strike_R"],"damage_healed":0,"gold_gain":0,"player_choice":"Card Removal","damage_taken":0,"max_hp_gain":0,"max_hp_loss":0,"event_name":"The Cleric","floor":4,"gold_loss":50},{"damage_healed":0,"gold_gain":0,"player_choice":"Entered Light","damage_taken":17,"max_hp_gain":0,"max_hp_loss":0,"event_name":"Shining Light","floor":8,"gold_loss":0,"cards_upgraded":["Bash","Defend_R"]}],"is_beta":false,"boss_relics":[{"not_picked":["Runic Dome","Pandora\u0027s Box"],"picked":"SlaversCollar"}],"items_purged_floors":[],"is_endless":false,"potions_floor_spawned":[1,6,10,14],"killed_by":"3 Byrds","ascension_level":0}}