{"host":"1dhlu4qzehvrzpot","time":1613659297,"event":{"mods":["2.2 Compatiblity","AchievementEnabler","BaseMod","Block Reminder","Minty Spire (QoL Compilation)","Permanent Neow","Quick Restart","Rare Cards Sparkle","Relic Stats","Say the Spire","Slay-I","StSLib","SuperFastMode"],"gold_per_floor":[116,116,128,78,96,96,117,117,171,171,189,34,67,77,77,174,174,188,35,51,65,80,80,92,118,143,143,154,187,187,218,218,313,313,326,346,363,413,32,32,66,66,66,83,133,149,6,23,23,23],"floor_reached":51,"language":"ENG","playtime":1592,"items_purged":["Strike_B"],"score":1191,"play_id":"bda82696-fad1-44b5-913e-73d7b6b2ee10","local_time":"20210218154137","is_ascension_mode":true,"campfire_choices":[{"data":"Biased Cognition","floor":6,"key":"SMITH"},{"floor":8,"key":"REST"},{"floor":15,"key":"REST"},{"data":"Biased Cognition","floor":23,"key":"SMITH"},{"data":"Biased Cognition","floor":27,"key":"SMITH"},{"data":"Zap","floor":32,"key":"SMITH"},{"data":"Capacitor","floor":40,"key":"SMITH"},{"data":"Seek","floor":49,"key":"SMITH"}],"circlet_count":0,"master_deck":["AscendersBane","Strike_B","Strike_B","Defend_B","Defend_B","Defend_B","Zap+1","Dualcast","Biased Cognition+1","Capacitor+1","Coolheaded","Cold Snap","Coolheaded","Core Surge","Chill","Coolheaded","Biased Cognition+1","Biased Cognition+1","Consume","Genetic Algorithm+1","Ball Lightning+1","Defragment","Defragment","Core Surge","Glacier","Doom and Gloom+1","Hologram+1","Multi-Cast","Double Energy","Seek+1","Double Energy+1","Loop"],"relics":["Cracked Core","Calipers","Odd Mushroom","Anchor","Bottled Tornado","Philosopher\u0027s Stone","DataDisk","Gambling Chip","Strawberry","White Beast Statue","Red Mask","Black Star","Mango","Mummified Hand","Singing Bowl","Art of War","Kunai","Prayer Wheel"],"acts_visited":["Exordium","TheCity","TheBeyond"],"potions_floor_usage":[16,20,21,29,29,31,41,41,50,50,50],"damage_taken":[{"damage":5,"enemies":"Small Slimes","floor":1,"turns":2},{"damage":3,"enemies":"2 Louse","floor":3,"turns":3},{"damage":1,"enemies":"Cultist","floor":5,"turns":3},{"damage":30,"enemies":"The Mushroom Lair","floor":7,"turns":5},{"damage":12,"enemies":"2 Fungi Beasts","floor":11,"turns":3},{"damage":8,"enemies":"3 Sentries","floor":13,"turns":7},{"damage":0,"enemies":"Exordium Wildlife","floor":14,"turns":5},{"damage":30,"enemies":"The Guardian","floor":16,"turns":12},{"damage":11,"enemies":"Spheric Guardian","floor":18,"turns":10},{"damage":0,"enemies":"Chosen","floor":20,"turns":7},{"damage":7,"enemies":"Snake Plant","floor":21,"turns":2},{"damage":0,"enemies":"Cultist and Chosen","floor":22,"turns":5},{"damage":0,"enemies":"Snecko","floor":24,"turns":5},{"damage":0,"enemies":"Book of Stabbing","floor":25,"turns":7},{"damage":0,"enemies":"Shelled Parasite and Fungi","floor":28,"turns":5},{"damage":4,"enemies":"Slavers","floor":29,"turns":11},{"damage":0,"enemies":"Masked Bandits","floor":31,"turns":3},{"damage":14,"enemies":"Collector","floor":33,"turns":13},{"damage":2,"enemies":"Orb Walker","floor":35,"turns":4},{"damage":0,"enemies":"3 Shapes","floor":36,"turns":5},{"damage":0,"enemies":"Maw","floor":37,"turns":9},{"damage":0,"enemies":"Mind Bloom Boss Battle","floor":38,"turns":6},{"damage":0,"enemies":"Giant Head","floor":41,"turns":11},{"damage":0,"enemies":"4 Shapes","floor":44,"turns":4},{"damage":7,"enemies":"2 Orb Walkers","floor":45,"turns":5},{"damage":0,"enemies":"Jaw Worm Horde","floor":46,"turns":4},{"damage":0,"enemies":"Writhing Mass","floor":48,"turns":7},{"damage":25,"enemies":"Time Eater","floor":50,"turns":9}],"seed_played":"-7734251079149024087","potions_obtained":[{"floor":5,"key":"LiquidBronze"},{"floor":13,"key":"BlessingOfTheForge"},{"floor":14,"key":"FearPotion"},{"floor":16,"key":"Fire Potion"},{"floor":18,"key":"Weak Potion"},{"floor":20,"key":"DuplicationPotion"},{"floor":25,"key":"Swift Potion"},{"floor":29,"key":"LiquidBronze"},{"floor":31,"key":"SteroidPotion"},{"floor":33,"key":"Strength Potion"},{"floor":35,"key":"CultistPotion"},{"floor":36,"key":"GamblersBrew"},{"floor":37,"key":"PowerPotion"},{"floor":41,"key":"ColorlessPotion"},{"floor":44,"key":"LiquidMemories"},{"floor":45,"key":"PotionOfCapacity"},{"floor":46,"key":"EntropicBrew"}],"is_trial":false,"path_per_floor":["M","?","M","?","M","R","?","R","T","?","M","$","E","M","R","B",null,"M","$","M","M","M","R","M","E","T","R","M","E","?","?","R","B",null,"M","M","M","?","$","R","E","?","T","M","?","M","$","M","R","B",null],"character_chosen":"DEFECT","items_purchased":["Core Surge","DataDisk","Mummified Hand","Multi-Cast","Loop"],"campfire_rested":2,"item_purchase_floors":[12,19,39,39,47],"current_hp_per_floor":[45,45,42,42,41,41,11,33,33,33,21,21,13,13,35,5,58,47,47,47,40,40,40,40,40,47,47,47,43,43,43,43,29,69,67,67,67,81,81,81,83,83,83,83,78,78,78,82,82,57],"gold":23,"neow_bonus":"THREE_RARE_CARDS","is_daily":false,"chose_seed":false,"campfire_upgraded":6,"win_rate":0.0,"timestamp":1613659297,"path_taken":["M","?","M","?","M","R","?","R","T","?","?","$","E","M","R","BOSS","M","$","M","M","M","R","M","E","T","R","M","E","?","?","R","BOSS","M","M","M","?","$","R","E","?","T","M","?","M","$","M","R","BOSS"],"items_purchased_type":["Card","Relic","Relic","Card","Card"],"build_version":"2020-12-22","purchased_purges":1,"victory":true,"max_hp_per_floor":[75,75,75,75,75,75,75,75,75,75,75,75,75,75,75,75,75,75,75,75,75,75,75,75,75,82,82,82,82,82,82,82,82,82,82,82,82,96,96,96,98,98,98,98,100,100,100,104,104,104],"relic_stats":{"Singing Bowl":8,"counters":[28,172],"Mummified Hand":[30],"Gambling Chip":[41],"Prayer Wheel":2,"Black Star":1,"Art of War":[7],"Kunai":[1],"obtain_stats":[{"Calipers":2,"Singing Bowl":41,"Mango":38,"Odd Mushroom":7,"Bottled Tornado":13,"White Beast Statue":29,"Anchor":9,"DataDisk":19,"Mummified Hand":39,"Gambling Chip":25,"Strawberry":26,"Philosopher\u0027s Stone":17,"Prayer Wheel":45,"Red Mask":31,"Black Star":34,"Art of War":41,"Kunai":43,"Cracked Core":0},{"Calipers":1,"Singing Bowl":23,"Mango":22,"Odd Mushroom":4,"Bottled Tornado":6,"White Beast Statue":16,"Anchor":4,"DataDisk":9,"Mummified Hand":22,"Gambling Chip":14,"Strawberry":14,"Philosopher\u0027s Stone":8,"Prayer Wheel":25,"Red Mask":17,"Black Star":18,"Art of War":23,"Kunai":23,"Cracked Core":0},{"Calipers":2,"Singing Bowl":143,"Mango":132,"Odd Mushroom":13,"Bottled Tornado":23,"White Beast Statue":92,"Anchor":13,"DataDisk":50,"Mummified Hand":132,"Gambling Chip":76,"Strawberry":76,"Philosopher\u0027s Stone":40,"Prayer Wheel":152,"Red Mask":95,"Black Star":108,"Art of War":143,"Kunai":143,"Cracked Core":0}]},"card_choices":[{"not_picked":["Core Surge","Buffer"],"picked":"Biased Cognition","floor":0},{"not_picked":["Redo","Beam Cell","Reprogram"],"picked":"SKIP","floor":1},{"not_picked":["Compile Driver","Chill"],"picked":"Capacitor","floor":3},{"not_picked":["Ball Lightning","Force Field"],"picked":"Coolheaded","floor":5},{"not_picked":["Force Field","Compile Driver"],"picked":"Cold Snap","floor":7},{"not_picked":["Turbo","Ball Lightning"],"picked":"Coolheaded","floor":11},{"not_picked":["BootSequence","Tempest"],"picked":"Chill","floor":13},{"not_picked":["Redo","Gash"],"picked":"Coolheaded","floor":14},{"not_picked":["Rainbow","Fission"],"picked":"Biased Cognition","floor":16},{"not_picked":["Steam+1","Gash","Force Field"],"picked":"SKIP","floor":18},{"not_picked":["Sweeping Beam+1","Turbo+1","Go for the Eyes"],"picked":"SKIP","floor":20},{"not_picked":["Rebound+1","Barrage"],"picked":"Biased Cognition","floor":21},{"not_picked":["Reprogram","Auto Shields","Turbo"],"picked":"SKIP","floor":22},{"not_picked":["Sweeping Beam+1","Chill"],"picked":"Consume","floor":24},{"not_picked":["Compile Driver","Streamline+1"],"picked":"Genetic Algorithm+1","floor":25},{"not_picked":["Auto Shields+1","Gash"],"picked":"Ball Lightning+1","floor":28},{"not_picked":["Buffer","FTL"],"picked":"Defragment","floor":29},{"not_picked":["Rainbow","Echo Form"],"picked":"Core Surge","floor":33},{"not_picked":["Reinforced Body+1","Rip and Tear+1"],"picked":"Glacier","floor":35},{"not_picked":["Fusion","Rip and Tear+1"],"picked":"Doom and Gloom+1","floor":36},{"not_picked":["Storm","Beam Cell"],"picked":"Hologram+1","floor":37},{"not_picked":["Meteor Strike","Streamline+1","Turbo+1"],"picked":"Singing Bowl","floor":41},{"not_picked":["Barrage+1","Heatsinks"],"picked":"Double Energy","floor":44},{"not_picked":["Rebound","Beam Cell+1","Hello World+1"],"picked":"Singing Bowl","floor":45},{"not_picked":["Rebound+1","Cold Snap"],"picked":"Seek","floor":46},{"not_picked":["Beam Cell+1","Rebound+1"],"picked":"Double Energy+1","floor":46},{"not_picked":["Fusion+1","Leap+1","Rip and Tear"],"picked":"Singing Bowl","floor":48},{"not_picked":["Skim","Gash+1","Rebound"],"picked":"Singing Bowl","floor":48}],"player_experience":544497,"relics_obtained":[{"floor":7,"key":"Odd Mushroom"},{"floor":9,"key":"Anchor"},{"floor":13,"key":"Bottled Tornado"},{"floor":25,"key":"Gambling Chip"},{"floor":26,"key":"Strawberry"},{"floor":29,"key":"White Beast Statue"},{"floor":31,"key":"Red Mask"},{"floor":38,"key":"Mango"},{"floor":41,"key":"Singing Bowl"},{"floor":41,"key":"Art of War"},{"floor":43,"key":"Kunai"},{"floor":45,"key":"Prayer Wheel"}],"event_choices":[{"damage_healed":0,"gold_gain":0,"player_choice":"Box","damage_taken":0,"relics_obtained":["Calipers"],"max_hp_gain":0,"max_hp_loss":0,"event_name":"Big Fish","floor":2,"gold_loss":0,"cards_obtained":["Regret"]},{"cards_removed":["Regret"],"damage_healed":0,"gold_gain":0,"player_choice":"Card Removal","damage_taken":0,"max_hp_gain":0,"max_hp_loss":0,"event_name":"The Cleric","floor":4,"gold_loss":50},{"damage_healed":0,"gold_gain":0,"player_choice":"Fought Mushrooms","damage_taken":0,"max_hp_gain":0,"max_hp_loss":0,"event_name":"Mushrooms","floor":7,"gold_loss":0},{"cards_removed":["Strike_B"],"damage_healed":0,"gold_gain":0,"player_choice":"Purged","damage_taken":0,"max_hp_gain":0,"max_hp_loss":0,"event_name":"Purifier","floor":10,"gold_loss":0},{"damage_healed":0,"gold_gain":0,"player_choice":"Read","damage_taken":0,"max_hp_gain":0,"max_hp_loss":0,"event_name":"The Library","floor":30,"gold_loss":0,"cards_obtained":["Defragment"]},{"damage_healed":0,"gold_gain":0,"player_choice":"Fought Bandits","damage_taken":0,"max_hp_gain":0,"max_hp_loss":0,"event_name":"Masked Bandits","floor":31,"gold_loss":0},{"damage_healed":0,"gold_gain":0,"player_choice":"Fight","damage_taken":0,"max_hp_gain":0,"max_hp_loss":0,"event_name":"MindBloom","floor":38,"gold_loss":0},{"cards_removed":["Defend_B"],"damage_healed":0,"gold_gain":0,"player_choice":"Removed Skill","damage_taken":0,"max_hp_gain":0,"max_hp_loss":0,"event_name":"Falling","floor":42,"gold_loss":0},{"damage_healed":0,"gold_gain":0,"player_choice":"Fight","damage_taken":0,"max_hp_gain":0,"max_hp_loss":0,"event_name":"Mysterious Sphere","floor":45,"gold_loss":0}],"is_beta":false,"boss_relics":[{"not_picked":["Busted Crown","Snecko Eye"],"picked":"Philosopher\u0027s Stone"},{"not_picked":["Coffee Dripper","Calling Bell"],"picked":"Black Star"}],"items_purged_floors":[47],"is_endless":false,"potions_floor_spawned":[5,13,14,16,18,20,25,29,31,33,35,36,37,38,41,44,45,46,48],"ascension_level":10}}