{"host":"5n1fl7z5i1vf7jan","time":1613639532,"event":{"mods":["BaseMod","Minty Spire (QoL Compilation)","Quick Restart","Relic Stats"],"gold_per_floor":[13,13,13,30,44,44,71,71,96,112,122,134,162,173,173,246,246,262,272,272,31,46,46,79,109,109,109,0,30,30,41,41,120,120,137,137,148,148,148,179,179,209,209,209,221,43,43,43,43,43,43],"floor_reached":52,"language":"ENG","playtime":2062,"items_purged":["Strike_R","Strike_R"],"score":1916,"play_id":"7d12c1fc-e451-42fe-82d5-39fb4a7f30f6","local_time":"20210218011212","is_ascension_mode":true,"campfire_choices":[{"data":"Bash","floor":6.0,"key":"SMITH"},{"floor":8.0,"key":"REST"},{"data":"Battle Trance","floor":15.0,"key":"SMITH"},{"data":"Cleave","floor":23.0,"key":"SMITH"},{"floor":27.0,"key":"REST"},{"data":"Demon Form","floor":30.0,"key":"SMITH"},{"data":"Inflame","floor":32.0,"key":"SMITH"},{"data":"Limit Break","floor":41.0,"key":"SMITH"},{"floor":44.0,"key":"REST"},{"data":"Power Through","floor":47.0,"key":"SMITH"},{"data":"Metallicize","floor":49.0,"key":"SMITH"}],"circlet_count":0,"master_deck":["AscendersBane","Strike_R","Strike_R","Strike_R","Defend_R","Defend_R+1","Defend_R+1","Bash+1","Perfected Strike+1","Cleave+1","Battle Trance+1","Dropkick","Metallicize+1","Clothesline+1","Pommel Strike+1","Reaper+1","Dropkick+1","True Grit+1","Carnage+1","Demon Form+1","Perfected Strike+1","Inflame+1","Limit Break+1","Sword Boomerang+1","Heavy Blade+1","Bludgeon+1","Power Through+1","Metallicize+1","Apotheosis"],"relics":["Black Blood","Magic Flower","Bronze Scales","Toy Ornithopter","Molten Egg 2","Enchiridion","Orichalcum","War Paint","Red Mask","Paper Frog","Boot","Snecko Eye","Darkstone Periapt","Frozen Egg 2","Art of War","Dream Catcher"],"acts_visited":["Exordium","TheCity","TheBeyond"],"potions_floor_usage":[51,51],"damage_taken":[{"damage":15.0,"enemies":"Small Slimes","floor":1.0,"turns":4.0},{"damage":9.0,"enemies":"Jaw Worm","floor":4.0,"turns":3.0},{"damage":2.0,"enemies":"2 Louse","floor":5.0,"turns":2.0},{"damage":50.0,"enemies":"3 Sentries","floor":7.0,"turns":8.0},{"damage":0.0,"enemies":"Large Slime","floor":10.0,"turns":4.0},{"damage":16.0,"enemies":"Blue Slaver","floor":11.0,"turns":2.0},{"damage":0.0,"enemies":"2 Fungi Beasts","floor":12.0,"turns":2.0},{"damage":8.0,"enemies":"Gremlin Nob","floor":13.0,"turns":3.0},{"damage":6.0,"enemies":"Looter","floor":14.0,"turns":2.0},{"damage":25.0,"enemies":"The Guardian","floor":16.0,"turns":9.0},{"damage":11.0,"enemies":"Spheric Guardian","floor":18.0,"turns":3.0},{"damage":18.0,"enemies":"3 Byrds","floor":19.0,"turns":5.0},{"damage":30.0,"enemies":"Sentry and Sphere","floor":22.0,"turns":6.0},{"damage":51.0,"enemies":"Slavers","floor":24.0,"turns":7.0},{"damage":56.0,"enemies":"Masked Bandits","floor":25.0,"turns":5.0},{"damage":18.0,"enemies":"Book of Stabbing","floor":29.0,"turns":4.0},{"damage":13.0,"enemies":"Shelled Parasite and Fungi","floor":31.0,"turns":3.0},{"damage":91.0,"enemies":"Collector","floor":33.0,"turns":8.0},{"damage":15.0,"enemies":"3 Shapes","floor":35.0,"turns":3.0},{"damage":38.0,"enemies":"3 Darklings","floor":37.0,"turns":5.0},{"damage":89.0,"enemies":"Giant Head","floor":40.0,"turns":7.0},{"damage":45.0,"enemies":"Nemesis","floor":42.0,"turns":3.0},{"damage":0.0,"enemies":"Maw","floor":45.0,"turns":4.0},{"damage":77,"enemies":"Awakened One","floor":50,"turns":7},{"damage":47,"enemies":"Time Eater","floor":51,"turns":6}],"seed_played":"1199876599931022427","potions_obtained":[{"floor":5.0,"key":"ColorlessPotion"},{"floor":7.0,"key":"EssenceOfSteel"},{"floor":10.0,"key":"SteroidPotion"},{"floor":14.0,"key":"BlessingOfTheForge"},{"floor":18.0,"key":"LiquidMemories"},{"floor":24.0,"key":"DuplicationPotion"},{"floor":25.0,"key":"SkillPotion"},{"floor":33.0,"key":"FearPotion"},{"floor":42.0,"key":"DistilledChaos"}],"is_trial":false,"path_per_floor":["M","?","?","M","M","R","E","R","T","M","M","M","E","M","R","B",null,"M","M","?","$","M","R","E","?","T","R","$","E","R","M","R","B",null,"M","?","M","?","T","E","R","E","T","R","M","$","R","?","R","B","B",null],"character_chosen":"IRONCLAD","items_purchased":["Orichalcum","Perfected Strike+1","PowerPotion","Metallicize+1"],"campfire_rested":3,"item_purchase_floors":[21,28,28,46],"current_hp_per_floor":[62,62,55,55,62,62,21,43,43,52,45,54,63,66,66,58,71,75,75,54,54,42,42,26,26,26,48,48,48,48,64,64,31,64,75,75,75,71,71,51,51,32,32,53,71,71,71,71,71,63,50],"gold":43,"neow_bonus":"ONE_RARE_RELIC","is_daily":false,"chose_seed":false,"campfire_upgraded":8,"win_rate":0.0,"timestamp":1613639532,"path_taken":["M","?","?","M","M","R","E","R","T","M","M","M","E","M","R","BOSS","M","M","?","$","M","R","E","?","T","R","$","E","R","M","R","BOSS","M","?","M","?","?","E","R","E","T","R","M","$","R","?","R","BOSS","BOSS"],"items_purchased_type":["Relic","Card","Potion","Card"],"build_version":"2020-12-22","purchased_purges":2,"victory":true,"max_hp_per_floor":[75,75,75,75,75,75,75,75,75,75,75,75,75,75,75,75,75,75,75,75,75,75,75,75,75,75,75,75,75,75,75,75,75,75,75,75,75,71,71,71,71,71,71,71,71,71,71,71,71,71,71],"relic_stats":{"Darkstone Periapt":0,"counters":[25,115],"Black Blood":329,"Magic Flower":[178],"Orichalcum":[222],"War Paint":["Defend_R","Defend_R"],"Boot":[34],"Dream Catcher":1,"Bronze Scales":[276],"Snecko Eye":[63,61,84,65],"Art of War":[3],"obtain_stats":[{"Darkstone Periapt":39,"Magic Flower":0,"Black Blood":17,"Enchiridion":20,"Orichalcum":21,"War Paint":24,"Frozen Egg 2":40,"Boot":29,"Burning Blood":0,"Dream Catcher":43,"Bronze Scales":7,"Snecko Eye":34,"Molten Egg 2":13,"Red Mask":25,"Art of War":42,"Toy Ornithopter":9,"Paper Frog":26},{"Darkstone Periapt":20,"Magic Flower":0,"Black Blood":10,"Enchiridion":12,"Orichalcum":12,"War Paint":14,"Frozen Egg 2":21,"Boot":16,"Burning Blood":0,"Dream Catcher":22,"Bronze Scales":4,"Snecko Eye":18,"Molten Egg 2":8,"Red Mask":15,"Art of War":22,"Toy Ornithopter":4,"Paper Frog":15},{"Darkstone Periapt":88,"Magic Flower":0,"Black Blood":39,"Enchiridion":47,"Orichalcum":47,"War Paint":60,"Frozen Egg 2":95,"Boot":69,"Burning Blood":0,"Dream Catcher":98,"Bronze Scales":17,"Snecko Eye":80,"Molten Egg 2":28,"Red Mask":65,"Art of War":98,"Toy Ornithopter":17,"Paper Frog":65}],"Toy Ornithopter":65},"card_choices":[{"not_picked":["Wild Strike","Clothesline"],"picked":"Perfected Strike","floor":1.0},{"not_picked":["Flex","Anger"],"picked":"Cleave","floor":4.0},{"not_picked":["Iron Wave","Pummel"],"picked":"Battle Trance","floor":5.0},{"not_picked":["Shrug It Off","Iron Wave"],"picked":"Dropkick","floor":7.0},{"not_picked":["Headbutt","Thunderclap"],"picked":"Pommel Strike","floor":10.0},{"not_picked":["Wild Strike","Heavy Blade","Thunderclap"],"picked":"SKIP","floor":11.0},{"not_picked":["Brutality","Iron Wave"],"picked":"Metallicize","floor":12.0},{"not_picked":["Entrench","Exhume"],"picked":"Clothesline+1","floor":13.0},{"not_picked":["Pummel+1","Clothesline+1"],"picked":"Pommel Strike+1","floor":14.0},{"not_picked":["Exhume","Double Tap"],"picked":"Reaper+1","floor":16.0},{"not_picked":["Pommel Strike+1","Warcry","Armaments"],"picked":"SKIP","floor":18.0},{"not_picked":["Carnage+1","True Grit"],"picked":"Dropkick+1","floor":19.0},{"not_picked":["Heavy Blade+1","Twin Strike+1"],"picked":"True Grit+1","floor":22.0},{"not_picked":["Cleave+1","Warcry"],"picked":"Carnage+1","floor":24.0},{"not_picked":["Perfected Strike+1","Wild Strike+1"],"picked":"Demon Form","floor":25.0},{"not_picked":["Warcry","Wild Strike+1","Sever Soul+1"],"picked":"SKIP","floor":29.0},{"not_picked":["Evolve","Warcry"],"picked":"Inflame","floor":31.0},{"not_picked":["Bludgeon+1","Exhume"],"picked":"Limit Break","floor":33.0},{"not_picked":["Intimidate+1","Shrug It Off+1"],"picked":"Sword Boomerang+1","floor":35.0},{"not_picked":["Body Slam+1","Rage+1"],"picked":"Heavy Blade+1","floor":37.0},{"not_picked":["Heavy Blade+1","Cleave+1"],"picked":"Bludgeon+1","floor":40.0},{"not_picked":["Burning Pact","Sword Boomerang+1","Rupture+1"],"picked":"SKIP","floor":42.0},{"not_picked":["Whirlwind+1","Sword Boomerang+1"],"picked":"Power Through","floor":44.0},{"not_picked":["Body Slam+1","Spot Weakness","Flex"],"picked":"SKIP","floor":45.0},{"not_picked":["Mayhem+1","Dramatic Entrance+1"],"picked":"Apotheosis","floor":48.0}],"player_experience":354895,"relics_obtained":[{"floor":7.0,"key":"Bronze Scales"},{"floor":9.0,"key":"Toy Ornithopter"},{"floor":13.0,"key":"Molten Egg 2"},{"floor":20.0,"key":"Enchiridion"},{"floor":24.0,"key":"War Paint"},{"floor":25.0,"key":"Red Mask"},{"floor":26.0,"key":"Paper Frog"},{"floor":29.0,"key":"Boot"},{"floor":39.0,"key":"Darkstone Periapt"},{"floor":40.0,"key":"Frozen Egg 2"},{"floor":42.0,"key":"Art of War"},{"floor":43.0,"key":"Dream Catcher"}],"event_choices":[{"damage_healed":0.0,"max_hp_gain":0.0,"max_hp_loss":0.0,"gold_gain":0.0,"event_name":"Living Wall","player_choice":"Grow","floor":2.0,"gold_loss":0.0,"damage_taken":0.0,"cards_upgraded":["Perfected Strike"]},{"cards_removed":["Defend_R"],"damage_healed":0.0,"max_hp_gain":0.0,"max_hp_loss":0.0,"gold_gain":0.0,"event_name":"Golden Wing","player_choice":"Card Removal","floor":3.0,"gold_loss":0.0,"damage_taken":7.0},{"damage_healed":0.0,"max_hp_gain":0.0,"max_hp_loss":0.0,"gold_gain":0.0,"event_name":"Cursed Tome","player_choice":"Obtained Book","floor":20.0,"gold_loss":0.0,"damage_taken":21.0},{"damage_healed":0.0,"max_hp_gain":0.0,"max_hp_loss":0.0,"gold_gain":0.0,"event_name":"Masked Bandits","player_choice":"Fought Bandits","floor":25.0,"gold_loss":0.0,"damage_taken":0.0},{"cards_removed":["Pommel Strike"],"damage_healed":0.0,"max_hp_gain":0.0,"max_hp_loss":0.0,"gold_gain":0.0,"event_name":"Falling","player_choice":"Removed Attack","floor":36.0,"gold_loss":0.0,"damage_taken":0.0},{"damage_healed":0.0,"max_hp_gain":0.0,"max_hp_loss":4.0,"gold_gain":0.0,"event_name":"Winding Halls","player_choice":"Max HP","floor":38.0,"gold_loss":0.0,"damage_taken":0.0},{"damage_healed":0.0,"max_hp_gain":0.0,"max_hp_loss":0.0,"gold_gain":0.0,"event_name":"SensoryStone","player_choice":"Memory 1","floor":48.0,"gold_loss":0.0,"damage_taken":0.0}],"is_beta":false,"boss_relics":[{"not_picked":["Astrolabe","SlaversCollar"],"picked":"Black Blood"},{"not_picked":["Philosopher\u0027s Stone","Runic Cube"],"picked":"Snecko Eye"}],"items_purged_floors":[21,46],"is_endless":false,"potions_floor_spawned":[5,7,10,14,18,24,25,33,40,42],"ascension_level":20}}