{"host":"g3js2eermvvpeiqn","time":1613644005,"event":{"mods":["BaseMod","DeckTracker","Downfall","Minty Spire (QoL Compilation)","Quick Restart","StSLib"],"gold_per_floor":[109,23,23,23,23,23,56,56,56,80,124,10,10,61,61,157,157,182,182,182,15,51,51,51,69,120,120,141,266,307,323,323,412,412,435,657,680,210,210,210,244,244,270,285,335,335,349,362,362,362,362,362,362,57,100,100],"floor_reached":57,"language":"ENG","playtime":6306,"items_purged":["Strike_G","Pain","Strike_G"],"score":2929,"play_id":"3cc4497a-8e71-4fe5-88e9-8692869fdbaf","local_time":"20210218042645","is_ascension_mode":true,"campfire_choices":[{"data":"Well Laid Plans","floor":6.0,"key":"SMITH"},{"data":"Neutralize","floor":8.0,"key":"SMITH"},{"floor":15.0,"key":"REST"},{"data":"RitualDagger","floor":23.0,"key":"SMITH"},{"floor":27.0,"key":"REST"},{"floor":32.0,"key":"REST"},{"floor":40,"key":"RECALL"},{"floor":42,"key":"REST"},{"floor":46,"key":"REST"},{"floor":49,"key":"REST"},{"floor":53,"key":"REST"}],"circlet_count":0,"master_deck":["AscendersBane","Strike_G","Strike_G","Defend_G","Defend_G","Defend_G","Defend_G","Defend_G","Survivor","Neutralize+1","Dagger Throw","Well Laid Plans+1","Noxious Fumes+1","Poisoned Stab","Die Die Die","Footwork+1","Malaise","RitualDagger+1","Bouncing Flask","After Image+1","Footwork+1","Dagger Spray+1","Caltrops+1","Burst+1","Corpse Explosion+1","Acrobatics+1","Tactician+1","Caltrops+1","Calculated Gamble+1","Master of Strategy+1","Dodge and Roll+1","Backflip+1","Deflect+1","Catalyst+1","Doppelganger+1","PiercingWail+1","Leg Sweep+1","Caltrops+1"],"relics":["Ring of the Snake","NeowsBlessing","Frozen Egg 2","Golden Idol","Meat on the Bone","Mummified Hand","Omamori","Oddly Smooth Stone","SlaversCollar","OrangePellets","Red Mask","downfall:ExtraCursedBell","Guardian:PocketSentry","Matryoshka","Gambling Chip","Molten Egg 2","Guardian:GemstoneGun","Toxic Egg 2","Prayer Wheel","Fusion Hammer","Slimebound:PreparedRelic","Anchor","PreservedInsect","Bottled Flame"],"acts_visited":["Exordium","TheCity","TheBeyond","TheEnding"],"potions_floor_usage":[33,50,56],"damage_taken":[{"damage":0.0,"enemies":"2 Louse","floor":1.0,"turns":1.0},{"damage":0.0,"enemies":"3 Sentries","floor":7.0,"turns":1.0},{"damage":0.0,"enemies":"Jaw Worm","floor":10.0,"turns":1.0},{"damage":24.0,"enemies":"Gremlin Nob","floor":11.0,"turns":4.0},{"damage":0.0,"enemies":"The Guardian","floor":16.0,"turns":10.0},{"damage":1.0,"enemies":"Spheric Guardian","floor":18.0,"turns":4.0},{"damage":24.0,"enemies":"Masked Bandits","floor":22.0,"turns":7.0},{"damage":3.0,"enemies":"Shell Parasite","floor":25.0,"turns":6.0},{"damage":18.0,"enemies":"Cultist and Chosen","floor":28.0,"turns":6.0},{"damage":1.0,"enemies":"Colosseum Slavers","floor":29.0,"turns":4.0},{"damage":5.0,"enemies":"Colosseum Nobs","floor":29.0,"turns":5.0},{"damage":30.0,"enemies":"Book of Stabbing","floor":30.0,"turns":7.0},{"damage":0.0,"enemies":"Snake Plant","floor":31.0,"turns":3.0},{"damage":24,"enemies":"Collector","floor":33,"turns":11},{"damage":0,"enemies":"3 Shapes","floor":35,"turns":4},{"damage":1,"enemies":"Orb Walker","floor":37,"turns":3},{"damage":7,"enemies":"Nemesis","floor":41,"turns":7},{"damage":3,"enemies":"Transient","floor":44,"turns":6},{"damage":0,"enemies":"Writhing Mass","floor":47,"turns":4},{"damage":0,"enemies":"Jaw Worm Horde","floor":48,"turns":1},{"damage":18,"enemies":"Time Eater","floor":50,"turns":7},{"damage":0,"enemies":"Donu and Deca","floor":51,"turns":5},{"damage":0,"enemies":"Shield and Spear","floor":55,"turns":3},{"damage":51,"enemies":"The Heart","floor":56,"turns":8}],"seed_played":"-2906764951996278066","potions_obtained":[{"floor":5.0,"key":"Slimebound:ThreeZeroPotion"},{"floor":5.0,"key":"FearPotion"},{"floor":10.0,"key":"LiquidMemories"},{"floor":16.0,"key":"GhostInAJar"},{"floor":22.0,"key":"SneckoOil"},{"floor":28.0,"key":"DuplicationPotion"},{"floor":31.0,"key":"Slimebound:ThreeZeroPotion"},{"floor":33,"key":"Explosive Potion"},{"floor":41,"key":"champ:CounterPotion"},{"floor":47,"key":"PowerPotion"}],"is_trial":false,"path_per_floor":["M","$","?","?","?","R","E","R","T","M","E","$","?","T","R","B",null,"M","?","?","$","?","R","?","M","T","R","M","?","E","M","R","B",null,"M","?","M","$","?","R","E","R","T","M","?","R","M","M","R","B","B",null,"R","$","E","B",null],"character_chosen":"THE_SILENT","items_purchased":["Well Laid Plans","Footwork+1","OrangePellets","Caltrops+1","Calculated Gamble+1","Master of Strategy+1","Leg Sweep+1","Caltrops+1","SpeedPotion"],"campfire_rested":7,"item_purchase_floors":[2,12,21,38,38,38,54,54,54],"current_hp_per_floor":[59,59,41,41,41,41,41,41,41,41,29,29,22,22,40,40,55,54,54,48,48,36,36,36,33,33,51,33,39,21,33,51,39,55,55,55,54,54,54,54,47,57,57,54,54,57,57,57,57,39,39,53,57,57,57,18],"gold":100,"neow_bonus":"THREE_ENEMY_KILL","is_daily":false,"chose_seed":false,"campfire_upgraded":3,"win_rate":0.0,"timestamp":1613644005,"path_taken":["M","$","?","?","?","R","E","R","T","?","E","$","?","?","R","BOSS","M","?","?","$","?","R","?","M","T","R","M","?","E","M","R","BOSS","M","?","M","$","?","R","E","R","T","M","?","R","?","?","R","BOSS","BOSS","R","$","E","BOSS"],"items_purchased_type":["Card","Card","Relic","Card","Card","Card","Card","Card","Potion"],"build_version":"2020-12-22","purchased_purges":3,"victory":true,"max_hp_per_floor":[66,66,66,60,60,60,60,60,60,60,60,60,60,60,60,60,60,60,60,60,60,60,60,60,60,60,60,60,60,60,60,60,60,60,60,60,60,60,57,57,57,57,57,57,57,57,57,57,57,57,57,57,57,57,57,57],"card_choices":[{"not_picked":["Dodge and Roll","Distraction"],"picked":"Dagger Throw","floor":1.0},{"not_picked":["Endless Agony","Prepared"],"picked":"Noxious Fumes+1","floor":7.0},{"not_picked":["Flying Knee","PiercingWail"],"picked":"Poisoned Stab","floor":10.0},{"not_picked":["Bouncing Flask","Calculated Gamble"],"picked":"Die Die Die","floor":11.0},{"not_picked":["Night Terror","Tools of the Trade+1"],"picked":"Malaise","floor":16.0},{"not_picked":["Quick Slash","Cloak And Dagger","Flying Knee"],"picked":"SKIP","floor":18.0},{"not_picked":["Acrobatics","Blur"],"picked":"Bouncing Flask","floor":22.0},{"not_picked":["Outmaneuver","Setup"],"picked":"Footwork+1","floor":25.0},{"not_picked":["Dagger Throw+1","Sucker Punch+1"],"picked":"Dagger Spray+1","floor":28.0},{"not_picked":["Terror+1","Blade Dance+1"],"picked":"Caltrops+1","floor":30.0},{"not_picked":["Sucker Punch+1","PiercingWail+1"],"picked":"Burst+1","floor":31.0},{"not_picked":["Well Laid Plans+1","Accuracy+1","Dash+1"],"picked":"SKIP","floor":31.0},{"not_picked":["Storm of Steel+1","Glass Knife+1"],"picked":"Corpse Explosion+1","floor":33},{"not_picked":["Deflect+1","Cloak And Dagger+1"],"picked":"Acrobatics+1","floor":35},{"not_picked":["Setup+1","Prepared+1","Concentrate+1"],"picked":"SKIP","floor":35},{"not_picked":["Sucker Punch+1","Eviscerate+1"],"picked":"Tactician+1","floor":37},{"not_picked":["Poisoned Stab+1","Blade Dance+1","Dagger Throw+1"],"picked":"SKIP","floor":37},{"not_picked":["Prepared+1","Underhanded Strike+1"],"picked":"Dodge and Roll+1","floor":41},{"not_picked":["Skewer+1","Riddle With Holes+1"],"picked":"Backflip+1","floor":44},{"not_picked":["Deadly Poison+1","Dagger Spray+1"],"picked":"Deflect+1","floor":44},{"not_picked":["Underhanded Strike+1","Noxious Fumes+1"],"picked":"Catalyst+1","floor":47},{"not_picked":["Bane+1","Prepared+1"],"picked":"Doppelganger+1","floor":47},{"not_picked":["Poisoned Stab+1","Infinite Blades+1"],"picked":"PiercingWail+1","floor":48},{"not_picked":["Blade Dance+1","Dagger Throw+1","Quick Slash+1"],"picked":"SKIP","floor":48},{"not_picked":["Cloak And Dagger+1","Flechettes+1","Flying Knee+1"],"picked":"SKIP","floor":55}],"player_experience":1462079,"relics_obtained":[{"floor":7.0,"key":"Meat on the Bone"},{"floor":9.0,"key":"Mummified Hand"},{"floor":11.0,"key":"Omamori"},{"floor":14.0,"key":"Oddly Smooth Stone"},{"floor":22.0,"key":"Red Mask"},{"floor":24.0,"key":"Guardian:PocketSentry"},{"floor":24.0,"key":"Matryoshka"},{"floor":24.0,"key":"Gambling Chip"},{"floor":26.0,"key":"Molten Egg 2"},{"floor":29.0,"key":"Guardian:GemstoneGun"},{"floor":29.0,"key":"Toxic Egg 2"},{"floor":30.0,"key":"Prayer Wheel"},{"floor":41,"key":"Slimebound:PreparedRelic"},{"floor":43,"key":"Anchor"},{"floor":43,"key":"PreservedInsect"},{"floor":55,"key":"Bottled Flame"}],"event_choices":[{"damage_healed":0.0,"max_hp_gain":0.0,"max_hp_loss":0.0,"gold_gain":0.0,"event_name":"Scrap Ooze","player_choice":"Success","floor":3.0,"gold_loss":0.0,"damage_taken":18.0,"relics_obtained":["Frozen Egg 2"]},{"damage_healed":0.0,"max_hp_gain":0.0,"max_hp_loss":6.0,"gold_gain":0.0,"event_name":"Golden Idol","player_choice":"Lose Max HP","floor":4.0,"gold_loss":0.0,"damage_taken":0.0,"relics_obtained":["Golden Idol"]},{"damage_healed":0.0,"max_hp_gain":0.0,"max_hp_loss":0.0,"gold_gain":0.0,"event_name":"Lab","player_choice":"Got Potions","floor":5.0,"gold_loss":0.0,"damage_taken":0.0},{"cards_removed":["Strike_G"],"damage_healed":0.0,"max_hp_gain":0.0,"max_hp_loss":0.0,"gold_gain":0.0,"event_name":"Golden Wing","player_choice":"Card Removal","floor":13.0,"gold_loss":0.0,"damage_taken":7.0},{"damage_healed":0.0,"max_hp_gain":0.0,"max_hp_loss":0.0,"gold_gain":0.0,"event_name":"Nest","player_choice":"Joined the Cult","floor":20.0,"gold_loss":0.0,"damage_taken":6.0,"cards_obtained":["RitualDagger"]},{"damage_healed":0.0,"max_hp_gain":0.0,"max_hp_loss":0.0,"gold_gain":0.0,"event_name":"Masked Bandits","player_choice":"Fought Bandits","floor":22.0,"gold_loss":0.0,"damage_taken":0.0},{"damage_healed":0.0,"max_hp_gain":0.0,"max_hp_loss":0.0,"gold_gain":0.0,"event_name":"Colosseum","player_choice":"Fight","floor":29.0,"gold_loss":0.0,"damage_taken":0.0},{"damage_healed":0.0,"max_hp_gain":0.0,"max_hp_loss":0.0,"gold_gain":0.0,"event_name":"Colosseum","player_choice":"Fought Nobs","floor":29.0,"gold_loss":0.0,"damage_taken":0.0},{"damage_healed":0,"gold_gain":222,"player_choice":"Wore Mask","damage_taken":0,"max_hp_gain":0,"max_hp_loss":0,"event_name":"Tomb of Lord Red Mask","floor":36,"gold_loss":0},{"damage_healed":0,"gold_gain":0,"player_choice":"Max HP","damage_taken":0,"max_hp_gain":0,"max_hp_loss":3,"event_name":"Winding Halls","floor":39,"gold_loss":0},{"damage_healed":0,"gold_gain":50,"player_choice":"Pray","damage_taken":0,"max_hp_gain":0,"max_hp_loss":0,"event_name":"Golden Shrine","floor":45,"gold_loss":0}],"is_beta":false,"boss_relics":[{"not_picked":["Astrolabe","Snecko Eye"],"picked":"SlaversCollar"},{"not_picked":["Ring of the Serpent","Philosopher\u0027s Stone"],"picked":"Fusion Hammer"}],"items_purged_floors":[12,38,54],"is_endless":false,"potions_floor_spawned":[10,16,22,28,29,31,33,41,47,48],"ascension_level":20}}