{"host":"99l0i25nwwr6z99u","time":1613614067,"event":{"mods":["Act Like it!","BaseMod","Colored Map","Colored Powertips","Googly Eyes","Minty Spire (QoL Compilation)","Quick Restart","StSLib"],"gold_per_floor":[115,134,134,149,224,224,249,31,31,87,99,36,36,100,100,173,173,189,189,220,50,50,50,50,65,118,137,164,164,176,196,196,268,268,278,0,0,222,136,136,111,111,111,111,111,111],"floor_reached":45,"language":"ENG","playtime":1433,"items_purged":["Strike_B"],"score":1021,"play_id":"0d316b13-8fa2-4277-bea4-0b1c00fcbc7d","local_time":"20210217210747","is_ascension_mode":true,"campfire_choices":[{"data":"Sunder","floor":6,"key":"SMITH"},{"data":"Redo","floor":11,"key":"SMITH"},{"floor":13,"key":"REST"},{"data":"Rainbow","floor":15,"key":"SMITH"},{"floor":24,"key":"REST"},{"floor":32,"key":"REST"},{"floor":40,"key":"REST"},{"floor":42,"key":"RECALL"}],"circlet_count":0,"master_deck":["AscendersBane","Defend_B+1","Defend_B+1","Defend_B+1","Zap+1","Dualcast+1","Go for the Eyes","Consume+1","Sunder+1","Rainbow+1","Defragment+1","Doom and Gloom","FTL","Redo+1","Multi-Cast","Barrage","Glacier","Coolheaded","Scrape+1","Reinforced Body","Biased Cognition","Aggregate","Hologram","White Noise","Amplify","Capacitor","Conserve Battery"],"relics":["Cracked Core","Blue Candle","Oddly Smooth Stone","MawBank","Empty Cage","Red Mask","Ancient Tea Set","War Paint","Fusion Hammer","Mummified Hand","Bottled Lightning","White Beast Statue"],"acts_visited":["Exordium","TheCity","TheBeyond"],"potions_floor_usage":[16,31,33,45],"damage_taken":[{"damage":0,"enemies":"Small Slimes","floor":1,"turns":3},{"damage":7,"enemies":"2 Louse","floor":2,"turns":3},{"damage":2,"enemies":"Jaw Worm","floor":4,"turns":4},{"damage":22,"enemies":"3 Sentries","floor":7,"turns":6},{"damage":26,"enemies":"Lagavulin Event","floor":10,"turns":4},{"damage":30,"enemies":"Slime Boss","floor":16,"turns":10},{"damage":16,"enemies":"Chosen","floor":18,"turns":6},{"damage":21,"enemies":"Masked Bandits","floor":20,"turns":4},{"damage":11,"enemies":"3 Byrds","floor":25,"turns":5},{"damage":14,"enemies":"Centurion and Healer","floor":27,"turns":8},{"damage":30,"enemies":"Gremlin Leader","floor":28,"turns":9},{"damage":7,"enemies":"Snake Plant","floor":30,"turns":4},{"damage":0,"enemies":"Snecko","floor":31,"turns":5},{"damage":0,"enemies":"Champ","floor":33,"turns":14},{"damage":6,"enemies":"Orb Walker","floor":35,"turns":5},{"damage":100,"enemies":"Giant Head","floor":45,"turns":6}],"seed_played":"-644904773885350269","potions_obtained":[{"floor":1,"key":"Regen Potion"},{"floor":2,"key":"SkillPotion"},{"floor":4,"key":"FairyPotion"},{"floor":18,"key":"PotionOfCapacity"},{"floor":28,"key":"Swift Potion"},{"floor":35,"key":"Block Potion"}],"is_trial":false,"path_per_floor":["M","M","?","M","?","R","E","$","T","?","R","$","R","?","R","B",null,"M","?","?","$","?","?","R","M","T","M","E","?","M","M","R","B",null,"M","$","?","?","$","R","$","R","T","T","E"],"character_chosen":"DEFECT","items_purchased":["Defragment","Doom and Gloom","FTL","Coolheaded","FairyPotion","Mummified Hand","Capacitor","Conserve Battery"],"campfire_rested":4,"item_purchase_floors":[8,8,8,21,21,36,39,41],"current_hp_per_floor":[64,57,36,34,23,23,1,1,1,12,12,12,33,33,33,18,58,42,42,21,21,21,21,42,31,31,17,10,10,3,3,24,24,59,53,53,53,53,53,71,71,71,71,71,0,0],"gold":111,"neow_bonus":"UPGRADE_CARD","is_daily":false,"chose_seed":false,"campfire_upgraded":3,"win_rate":0.0,"timestamp":1613614067,"path_taken":["M","M","?","M","?","R","E","$","T","?","R","?","R","?","R","BOSS","M","?","?","$","?","?","R","?","T","M","E","?","?","M","R","BOSS","M","$","?","?","$","R","?","R","T","?","E"],"items_purchased_type":["Card","Card","Card","Card","Potion","Relic","Card","Card"],"build_version":"2020-12-22","purchased_purges":1,"victory":false,"max_hp_per_floor":[71,71,71,71,71,71,71,71,71,71,71,71,71,71,71,71,71,71,71,71,71,71,71,71,71,71,71,71,71,71,71,71,71,71,71,71,71,71,71,71,71,71,71,71,71,71],"card_choices":[{"not_picked":["Auto Shields","Reinforced Body"],"picked":"Go for the Eyes","floor":1},{"not_picked":["Conserve Battery","Go for the Eyes"],"picked":"Consume","floor":2},{"not_picked":["Beam Cell","Gash"],"picked":"Sunder","floor":4},{"not_picked":["Meteor Strike","Hologram"],"picked":"Rainbow","floor":7},{"not_picked":["Tempest","FTL"],"picked":"Redo","floor":10},{"not_picked":["Amplify","Seek"],"picked":"Multi-Cast","floor":16},{"not_picked":["Sweeping Beam","Chaos+1"],"picked":"Barrage","floor":18},{"not_picked":["Turbo","BootSequence"],"picked":"Glacier","floor":20},{"not_picked":["Leap","Cold Snap"],"picked":"Scrape+1","floor":25},{"not_picked":["Force Field","Redo+1"],"picked":"Reinforced Body","floor":27},{"not_picked":["Scrape","Stack"],"picked":"Biased Cognition","floor":28},{"not_picked":["Storm","Coolheaded"],"picked":"Hologram","floor":30},{"not_picked":["Reinforced Body","Ball Lightning"],"picked":"White Noise","floor":31},{"not_picked":["Meteor Strike","Multi-Cast"],"picked":"Amplify","floor":33},{"not_picked":["Streamline","Barrage","Rebound"],"picked":"SKIP","floor":35}],"player_experience":790488,"relics_obtained":[{"floor":7,"key":"Blue Candle"},{"floor":9,"key":"Oddly Smooth Stone"},{"floor":10,"key":"MawBank"},{"floor":20,"key":"Red Mask"},{"floor":26,"key":"Ancient Tea Set"},{"floor":28,"key":"War Paint"},{"floor":43,"key":"Bottled Lightning"},{"floor":44,"key":"White Beast Statue"}],"event_choices":[{"damage_healed":0,"gold_gain":0,"player_choice":"Entered Light","damage_taken":21,"max_hp_gain":0,"max_hp_loss":0,"event_name":"Shining Light","floor":3,"gold_loss":0,"cards_upgraded":["Defend_B","Strike_B"]},{"damage_healed":0,"gold_gain":75,"player_choice":"Gather Gold","damage_taken":11,"max_hp_gain":0,"max_hp_loss":0,"event_name":"World of Goop","floor":5,"gold_loss":0},{"damage_healed":0,"gold_gain":30,"player_choice":"Searched \u00273\u0027 times","damage_taken":0,"max_hp_gain":0,"max_hp_loss":0,"event_name":"Dead Adventurer","floor":10,"gold_loss":0},{"damage_healed":0,"gold_gain":64,"player_choice":"Gained Gold","damage_taken":0,"max_hp_gain":0,"max_hp_loss":0,"event_name":"Golden Wing","floor":14,"gold_loss":0},{"damage_healed":0,"gold_gain":0,"player_choice":"Ignored","damage_taken":0,"max_hp_gain":0,"max_hp_loss":0,"event_name":"Vampires","floor":19,"gold_loss":0},{"damage_healed":0,"gold_gain":0,"player_choice":"Fought Bandits","damage_taken":0,"max_hp_gain":0,"max_hp_loss":0,"event_name":"Masked Bandits","floor":20,"gold_loss":0},{"damage_healed":0,"gold_gain":0,"player_choice":"Simplicity","damage_taken":0,"max_hp_gain":0,"max_hp_loss":0,"event_name":"Back to Basics","floor":22,"gold_loss":0,"cards_upgraded":["Defend_B","Defend_B","Defend_B"]},{"damage_healed":0,"gold_gain":0,"player_choice":"Forge","damage_taken":0,"max_hp_gain":0,"max_hp_loss":0,"event_name":"Accursed Blacksmith","floor":23,"gold_loss":0,"cards_upgraded":["Defragment"]},{"damage_healed":0,"gold_gain":0,"cards_transformed":["Strike_B"],"player_choice":"Transformed","damage_taken":0,"max_hp_gain":0,"max_hp_loss":0,"event_name":"Transmorgrifier","floor":29,"gold_loss":0,"cards_obtained":["Aggregate"]},{"cards_removed":["Defend_B"],"damage_healed":0,"gold_gain":0,"player_choice":"Removed Skill","damage_taken":0,"max_hp_gain":0,"max_hp_loss":0,"event_name":"Falling","floor":37,"gold_loss":0},{"damage_healed":0,"gold_gain":222,"player_choice":"Wore Mask","damage_taken":0,"max_hp_gain":0,"max_hp_loss":0,"event_name":"Tomb of Lord Red Mask","floor":38,"gold_loss":0}],"is_beta":false,"boss_relics":[{"not_picked":["Pandora\u0027s Box","SlaversCollar"],"picked":"Empty Cage"},{"not_picked":["Tiny House","Runic Dome"],"picked":"Fusion Hammer"}],"items_purged_floors":[12],"is_endless":false,"potions_floor_spawned":[1,2,4,7,18,28,30,35],"killed_by":"Giant Head","ascension_level":20}}