{"host":"t9zjxed0utvsfjwc","time":1613629513,"event":{"mods":["2.2 Compatiblity","Act Like it!","Aspiration","BaseMod","Better Altar","Better Match","Better Note","Better Sensory Stone","Better Skull","Better Third Choice","Block Reminder","Colored Map","Colored Powertips","Conspire","Defuse TimeMaze Blight","Energized Spire","GifTheSpireLib","Hermit","Highlight Path","Hubris","Infinite Spire","Marked Mod","Minty Spire (QoL Compilation)","Quick Restart","Rare Cards Sparkle","Relic Sorter","Relic Stats","Reliquary","Replay The Spire","Ruina","StSLib","Stuff the Spire","The Blue Laboratory","The Jungle","The Marked","Unceasing Turn Reminder","Wandering Minibosses","everything is the same but u backflip on backflip"],"gold_per_floor":[119,119,132,144,144,144,177,177,177,209,209,241,241,253,253,349,349,366,380,380,396,245,245,245],"floor_reached":23,"language":"ENG","playtime":1007,"items_purged":[],"score":219,"play_id":"d787cd67-04b4-4d91-8ccc-5ba66d1d6189","local_time":"20210218062513","is_ascension_mode":true,"campfire_choices":[{"floor":6,"key":"RECALL"},{"floor":8,"key":"REST"},{"floor":13,"key":"REST"},{"floor":15,"key":"REST"}],"circlet_count":0,"master_deck":["hermit:Strike_Hermit","hermit:Strike_Hermit","hermit:Strike_Hermit","hermit:Strike_Hermit+1","hermit:Defend_Hermit","hermit:Defend_Hermit","hermit:Defend_Hermit","hermit:Defend_Hermit+1","hermit:Snapshot+1","hermit:Covet","Pot Of Greed"],"relics":["hermit:Momento","aspiration:Nostalgia","PureWater","Gremlin Food","aspiration:FrozenJewel","StuffTheSpire:Gunfinga","Grinning Jar","Philosopher\u0027s Stone","reliquary:TatteredRug","energizedSpire:SpiderWeb","hubris:EmptyBottle"],"acts_visited":["Exordium","TheCity"],"potions_floor_usage":[7,10,16,16,23,23,23,23],"damage_taken":[{"damage":5,"enemies":"Small Slimes","floor":1,"turns":3},{"damage":0,"enemies":"Jaw Worm","floor":3,"turns":3},{"damage":0,"enemies":"Cultist","floor":4,"turns":3},{"damage":65,"enemies":"Gremlin Nob","floor":7,"turns":6},{"damage":32,"enemies":"3 Sentries","floor":10,"turns":10},{"damage":29,"enemies":"Gremlin Nob","floor":12,"turns":5},{"damage":5,"enemies":"Blue Slaver","floor":14,"turns":2},{"damage":9,"enemies":"Fading Forest","floor":16,"turns":11},{"damage":5,"enemies":"Shell Parasite","floor":18,"turns":6},{"damage":0,"enemies":"Chosen","floor":19,"turns":4},{"damage":29,"enemies":"Snecko","floor":21,"turns":6},{"damage":31,"enemies":"Book of Stabbing","floor":23,"turns":5}],"seed_played":"-862509228836807877","potions_obtained":[{"floor":4,"key":"ColorlessPotion"},{"floor":7,"key":"blueLaboratory:ForbiddenFruitJuice"},{"floor":12,"key":"Adrenaline Potion"},{"floor":14,"key":"blueLaboratory:SavagePotion"},{"floor":18,"key":"Block Potion"},{"floor":19,"key":"Block Potion"}],"is_trial":false,"path_per_floor":["M","$","M","M","?","R","E","R","T","E","?","E","R","M","R","B",null,"M","M","AVR","M","$","E"],"character_chosen":"HERMIT","items_purchased":["hubris:EmptyBottle"],"campfire_rested":3,"item_purchase_floors":[22],"current_hp_per_floor":[70,70,70,70,70,70,5,27,27,33,33,4,23,18,37,42,65,60,60,60,31,31,0,0],"gold":245,"neow_bonus":"NOSTALGIA","is_daily":false,"chose_seed":false,"campfire_upgraded":0,"win_rate":0.0,"timestamp":1613629513,"path_taken":["M","$","M","M","?","R","E","R","T","E","?","E","R","M","R","BOSS","M","M","AVR","M","?","E"],"items_purchased_type":["Relic"],"build_version":"2020-12-22","purchased_purges":0,"victory":false,"max_hp_per_floor":[75,75,75,75,75,75,75,75,75,65,65,65,65,65,65,65,65,65,65,65,65,65,65,65],"relic_stats":{"counters":[12,64],"obtain_stats":[{"Gremlin Food":5,"StuffTheSpire:Gunfinga":10,"aspiration:Nostalgia":0,"Philosopher\u0027s Stone":17,"reliquary:TatteredRug":20,"PureWater":0,"Grinning Jar":12,"energizedSpire:SpiderWeb":20,"hubris:EmptyBottle":22,"hermit:Momento":0,"aspiration:FrozenJewel":9},{"Gremlin Food":3,"StuffTheSpire:Gunfinga":5,"aspiration:Nostalgia":0,"Philosopher\u0027s Stone":8,"reliquary:TatteredRug":10,"PureWater":0,"Grinning Jar":6,"energizedSpire:SpiderWeb":10,"hubris:EmptyBottle":11,"hermit:Momento":0,"aspiration:FrozenJewel":4},{"Gremlin Food":9,"StuffTheSpire:Gunfinga":25,"aspiration:Nostalgia":0,"Philosopher\u0027s Stone":43,"reliquary:TatteredRug":53,"PureWater":0,"Grinning Jar":30,"energizedSpire:SpiderWeb":53,"hubris:EmptyBottle":59,"hermit:Momento":0,"aspiration:FrozenJewel":15}]},"card_choices":[{"not_picked":["hermit:NoHoldsBarred","hermit:HoleUp","hermit:Misfire"],"picked":"SKIP","floor":1},{"not_picked":["hermit:CalledShot","hermit:BodyArmor","hermit:Dive"],"picked":"SKIP","floor":3},{"not_picked":["hermit:SprayPray","hermit:BodyArmor","hermit:Manifest"],"picked":"SKIP","floor":4},{"not_picked":["hermit:CalledShot","hermit:Enervate","hermit:TakeCover"],"picked":"SKIP","floor":7},{"not_picked":["hermit:WideOpen","hermit:Brawl","hermit:LowProfile"],"picked":"SKIP","floor":10},{"not_picked":["hermit:PistolWhip","hermit:Headshot","hermit:Quickdraw"],"picked":"SKIP","floor":12},{"not_picked":["hermit:Gambit","hermit:ItchyTrigger","hermit:Feint"],"picked":"SKIP","floor":14},{"not_picked":["hermit:Showdown","hermit:Quickdraw","hermit:PistolWhip"],"picked":"SKIP","floor":18},{"not_picked":["hermit:Glare","hermit:Coalescence+1","hermit:Dive"],"picked":"SKIP","floor":19},{"not_picked":["hermit:Quickdraw","hermit:PistolWhip+1","hermit:Desperado"],"picked":"SKIP","floor":21}],"player_experience":489047,"relics_obtained":[{"floor":9,"key":"aspiration:FrozenJewel"},{"floor":10,"key":"StuffTheSpire:Gunfinga"},{"floor":12,"key":"Grinning Jar"}],"event_choices":[{"damage_healed":0,"gold_gain":0,"player_choice":"Box","damage_taken":0,"relics_obtained":["Gremlin Food"],"max_hp_gain":0,"max_hp_loss":0,"event_name":"Big Fish","floor":5,"gold_loss":0,"cards_obtained":["Regret"]},{"cards_removed":["Regret"],"damage_healed":0,"gold_gain":0,"player_choice":"Removed Curses","damage_taken":0,"max_hp_gain":0,"max_hp_loss":0,"event_name":"Fountain of Cleansing","floor":11,"gold_loss":0}],"is_beta":false,"boss_relics":[{"not_picked":["aspiration:DefectSkillbook","reliquary:KinkedSpring"],"picked":"Philosopher\u0027s Stone"}],"items_purged_floors":[],"is_endless":false,"potions_floor_spawned":[4,7,12,14,18,19],"killed_by":"Book of Stabbing","ascension_level":1}}