{"host":"6ulps5ednfgqn0to","time":1613646717,"event":{"mods":["AchievementEnabler","BaseMod","Colored Map","Highlight Path","Minty Spire (QoL Compilation)","Relic Sorter","Relic Stats","StSLib"],"gold_per_floor":[119,44,219,67,67,67,83,83,83],"floor_reached":8,"language":"ENG","playtime":377,"items_purged":["Clumsy"],"score":51,"play_id":"105a1c43-b93e-4e85-9532-fb27ae79e3f3","local_time":"20210218131157","is_ascension_mode":true,"campfire_choices":[{"data":"Fission","floor":6,"key":"SMITH"}],"circlet_count":0,"master_deck":["Strike_B","Strike_B","Strike_B","Strike_B","Defend_B","Defend_B","Defend_B","Defend_B","Zap","Dualcast","Fission+1","Coolheaded","Doubt","Glacier","Fusion","Sweeping Beam"],"relics":["Cracked Core","Cables"],"acts_visited":["Exordium"],"potions_floor_usage":[],"damage_taken":[{"damage":6,"enemies":"2 Louse","floor":1,"turns":2},{"damage":0,"enemies":"Jaw Worm","floor":7,"turns":4},{"damage":64,"enemies":"Gremlin Nob","floor":8,"turns":5}],"seed_played":"-6458780385888693740","potions_obtained":[],"is_trial":false,"path_per_floor":["M","$","?","$","?","R","M","E"],"character_chosen":"DEFECT","items_purchased":["Glacier","Fusion"],"campfire_rested":0,"item_purchase_floors":[4,4],"current_hp_per_floor":[69,69,69,69,62,62,62,0,0],"gold":83,"neow_bonus":"THREE_RARE_CARDS","is_daily":false,"chose_seed":false,"campfire_upgraded":1,"win_rate":0.0,"timestamp":1613646717,"path_taken":["M","$","?","?","?","R","M","E"],"items_purchased_type":["Card","Card"],"build_version":"2020-12-22","purchased_purges":1,"victory":false,"max_hp_per_floor":[75,75,75,75,75,75,75,75,75],"relic_stats":{"counters":[3,11],"obtain_stats":[{"Cracked Core":0,"Cables":5},{"Cracked Core":0,"Cables":1},{"Cracked Core":0,"Cables":2}],"Cables":[8,1,3,0,4]},"card_choices":[{"not_picked":["All For One","Echo Form"],"picked":"Fission","floor":0},{"not_picked":["Beam Cell","Stack"],"picked":"Coolheaded","floor":1},{"not_picked":["Hologram","Conserve Battery"],"picked":"Sweeping Beam","floor":7}],"player_experience":49805,"relics_obtained":[],"event_choices":[{"damage_healed":0,"gold_gain":175,"player_choice":"AGREE","damage_taken":0,"max_hp_gain":0,"max_hp_loss":0,"event_name":"Liars Game","floor":3,"gold_loss":0,"cards_obtained":["Doubt"]},{"damage_healed":0,"gold_gain":0,"player_choice":"Success","damage_taken":7,"relics_obtained":["Cables"],"max_hp_gain":0,"max_hp_loss":0,"event_name":"Scrap Ooze","floor":5,"gold_loss":0}],"is_beta":false,"boss_relics":[],"items_purged_floors":[2],"is_endless":false,"potions_floor_spawned":[],"killed_by":"Gremlin Nob","ascension_level":3}}