{"host":"iwx63wjdqe91ab4t","time":1613613649,"event":{"mods":["AchievementEnabler","Act Like it!","Aspiration","BaseMod","BetterRewards","Downfall","Friendly Minions","Hermit","Hubris","Infinite Spire","Jorbs\u0027s Wanderer Trilogy","Marisa????????","Mimic Mod","Minty Spire (QoL Compilation)","Quick Restart","Reliquary","Replay The Spire","StSLib","The Bug Knight","The Construct","The Cursed","The Disciple","The Hierophant","The Jungle","The Necromancer","The Runesmith","The Servant 0.9.4"],"gold_per_floor":[199,210,222,222,235,27,27,57,70,70,84,84,96,108,127,226,226,226,236,249,249,264,264,264,264],"floor_reached":23,"language":"ENG","playtime":1948,"items_purged":["Guardian:Strike_Guardian"],"score":217,"play_id":"e4e9d185-395e-4d26-9285-9dfcd98d270f","local_time":"20210217200049","is_ascension_mode":true,"campfire_choices":[{"data":"Guardian:Strike_Guardian","floor":1,"key":"PURGE"},{"data":"Guardian:RefractedBeam","floor":10,"key":"SMITH"},{"floor":18,"key":"DIG"}],"circlet_count":0,"master_deck":["Guardian:Strike_Guardian","Guardian:Strike_Guardian","Guardian:Defend_Guardian","Guardian:CurlUp","Guardian:TwinSlam","Guardian:PrimingBeam","Guardian:RefractedBeam+1","hubris:SlightOfHand","Bullet Time","Cloak And Dagger","Guardian:StasisField+1","Guardian:StasisStrike","Guardian:PrimingBeam","Guardian:PrismaticBarrier","Guardian:CompilePackage","Guardian:TemporalStrike","Guardian:Suspension+1","Guardian:Gem_Red"],"relics":["Guardian:ModeShifter","Ornamental Fan","Gremlin Horn","hubris:RunicObelisk","Happy Flower"],"acts_visited":["Exordium","TheCity"],"potions_floor_usage":[9,13,14,16,20,22],"damage_taken":[{"damage":12,"enemies":"Jaw Worm","floor":2,"turns":8},{"damage":0,"enemies":"Cultist","floor":3,"turns":4},{"damage":0,"enemies":"Small Slimes","floor":5,"turns":2},{"damage":4,"enemies":"downfall:FleeingMerchant","floor":6,"turns":4},{"damage":18,"enemies":"Gremlin Nob","floor":8,"turns":5},{"damage":1,"enemies":"Gremlin Gang","floor":9,"turns":4},{"damage":4,"enemies":"Blue Slaver","floor":11,"turns":3},{"damage":4,"enemies":"Red Slaver","floor":13,"turns":3},{"damage":3,"enemies":"Exordium Thugs","floor":14,"turns":3},{"damage":7,"enemies":"Large Slime","floor":15,"turns":4},{"damage":41,"enemies":"WA_ARCHETYPE_RETAIN","floor":16,"turns":10},{"damage":18,"enemies":"downfall:LooterAlt2","floor":19,"turns":2},{"damage":10,"enemies":"Spheric Guardian","floor":20,"turns":4},{"damage":6,"enemies":"Centurion and Healer","floor":22,"turns":5},{"damage":23,"enemies":"Nightmare","floor":23,"turns":9}],"seed_played":"6401105248027045115","potions_obtained":[{"floor":8,"key":"hexamod:SoulburnPotion"},{"floor":9,"key":"Languid Potion"},{"floor":11,"key":"Guardian:AcceleratePotion"},{"floor":15,"key":"LiquidMemories"},{"floor":16,"key":"Languid Potion"},{"floor":20,"key":"SkillPotion"}],"is_trial":false,"path_per_floor":["R","M","M","?","M","$","T","E","M","R","M","?","M","M","M","B",null,"R","M","M","?","M","NM"],"character_chosen":"GUARDIAN","items_purchased":["Guardian:StasisField+1"],"campfire_rested":0,"item_purchase_floors":[6],"current_hp_per_floor":[80,68,68,68,68,64,64,46,45,45,41,80,76,73,66,25,80,80,62,52,28,22,0,0,0],"gold":264,"neow_bonus":"HUNDRED_GOLD","is_daily":false,"chose_seed":false,"campfire_upgraded":1,"win_rate":0.0,"timestamp":1613613649,"path_taken":["R","M","M","?","?","$","T","E","M","R","M","?","M","?","M","BOSS","R","M","M","?","M","NM"],"items_purchased_type":["Card"],"build_version":"2020-12-22","purchased_purges":1,"victory":false,"max_hp_per_floor":[80,80,80,80,80,80,80,80,80,80,80,80,80,80,80,80,80,80,80,80,80,80,80,80,80],"card_choices":[{"not_picked":["Guardian:TimeCapacitor","Guardian:Incinerate"],"picked":"Guardian:PrimingBeam","floor":2},{"not_picked":["Guardian:Gem_Cyan","Guardian:Recover"],"picked":"Guardian:RefractedBeam","floor":3},{"not_picked":["Guardian:PiercingHide","Guardian:TemporalShield"],"picked":"Guardian:Gem_Red","floor":5},{"not_picked":["Guardian:FuturePlans","Guardian:Repulse"],"picked":"Guardian:Harden","floor":6},{"not_picked":["Guardian:RollAttack","Guardian:Suspension"],"picked":"Guardian:StasisStrike","floor":8},{"not_picked":["Guardian:Gem_Purple","Guardian:SentryBeam"],"picked":"Guardian:Gem_Blue","floor":9},{"not_picked":["Guardian:TimeCapacitor","Guardian:FloatingOrbs"],"picked":"Guardian:PrimingBeam","floor":11},{"not_picked":["Guardian:PrimingBeam","Guardian:Incinerate"],"picked":"Guardian:Gem_Fragmented","floor":13},{"not_picked":["Guardian:RefractedBeam","Guardian:Gem_Purple"],"picked":"Guardian:PrismaticBarrier","floor":14},{"not_picked":["Guardian:VentSteam","Guardian:TemporalShield","Guardian:ArmoredProtocol"],"picked":"SKIP","floor":15},{"not_picked":["Guardian:Gem_Synthetic","Guardian:BaubleBeam"],"picked":"Guardian:CompilePackage","floor":16},{"not_picked":["Guardian:TimeCapacitor","Guardian:PiercingHide"],"picked":"Guardian:TemporalStrike","floor":19},{"not_picked":["Guardian:BronzeArmor","Guardian:Reroute"],"picked":"Guardian:Suspension+1","floor":20},{"not_picked":["Guardian:RefractedBeam+1","Guardian:SpikerProtocol"],"picked":"Guardian:Gem_Red","floor":22}],"player_experience":305946,"relics_obtained":[{"floor":7,"key":"Ornamental Fan"},{"floor":8,"key":"Gremlin Horn"},{"floor":18,"key":"Happy Flower"}],"event_choices":[{"cards_removed":["Guardian:Harden"],"damage_healed":39,"gold_gain":0,"player_choice":"Offered Uncommon","damage_taken":0,"max_hp_gain":0,"max_hp_loss":0,"event_name":"Bonfire Elementals","floor":12,"gold_loss":0}],"is_beta":false,"boss_relics":[{"not_picked":["reliquary:KinkedSpring","Coffee Dripper"],"picked":"hubris:RunicObelisk"}],"items_purged_floors":[6],"is_endless":false,"potions_floor_spawned":[8,9,11,15,16,20],"killed_by":"Nightmare","ascension_level":2}}