{"host":"raaimkojny05jekw","time":1613649997,"event":{"mods":["AchievementEnabler","BaseMod","Colored Map","Colored Powertips","DeckTracker","Minty Spire (QoL Compilation)","Quick Restart","Rare Cards Sparkle","everything is the same but u backflip on backflip"],"gold_per_floor":[365,315,59,73,73,73,73,86,86,117,117,132,132,132,132,227,227,243,253,266,266,190,222,222,222,246,69,69,69,168,179,179,274,274,284,27,27,27,42,42,42,42,42],"floor_reached":42,"language":"KOR","playtime":999,"items_purged":["Strike_R"],"score":713,"play_id":"56a378ce-73d6-4f8e-93fd-94a1720e111d","local_time":"20210218210637","is_ascension_mode":true,"campfire_choices":[{"data":"Bash","floor":6,"key":"SMITH"},{"data":"1","floor":11,"key":"LIFT"},{"data":"Heavy Blade","floor":13,"key":"SMITH"},{"data":"2","floor":15,"key":"LIFT"},{"floor":24,"key":"REST"},{"data":"True Grit","floor":28,"key":"SMITH"},{"floor":32,"key":"REST"},{"floor":40,"key":"REST"}],"circlet_count":0,"master_deck":["AscendersBane","Strike_R","Strike_R","Defend_R","Defend_R","Defend_R","Defend_R","Bash+1","Twin Strike","Flex","Combust","Heavy Blade+1","Dropkick","Offering","Body Slam+1","Rupture","Sword Boomerang+1","Inflame","Whirlwind","True Grit+1","Rage","Brutality","Apotheosis","Heavy Blade+1"],"relics":["Burning Blood","Mummified Hand","Lizard Tail","Girya","SlaversCollar","NlothsMask","Blue Candle","Chemical X","Sozu"],"acts_visited":["Exordium","TheCity","TheBeyond"],"potions_floor_usage":[12,20,20,20,33],"damage_taken":[{"damage":7,"enemies":"2 Louse","floor":1,"turns":3},{"damage":4,"enemies":"Small Slimes","floor":4,"turns":4},{"damage":6,"enemies":"Cultist","floor":8,"turns":3},{"damage":41,"enemies":"3 Sentries","floor":10,"turns":7},{"damage":6,"enemies":"Looter","floor":12,"turns":2},{"damage":4,"enemies":"Slime Boss","floor":16,"turns":6},{"damage":17,"enemies":"Shell Parasite","floor":18,"turns":3},{"damage":14,"enemies":"Spheric Guardian","floor":19,"turns":3},{"damage":16,"enemies":"Shelled Parasite and Fungi","floor":20,"turns":3},{"damage":56,"enemies":"Slavers","floor":23,"turns":4},{"damage":23,"enemies":"Centurion and Healer","floor":31,"turns":5},{"damage":76,"enemies":"Collector","floor":33,"turns":7},{"damage":44,"enemies":"3 Shapes","floor":35,"turns":4},{"damage":16,"enemies":"Orb Walker","floor":39,"turns":3},{"damage":113,"enemies":"Nemesis","floor":42,"turns":6}],"seed_played":"-7419091797884434635","potions_obtained":[{"floor":10,"key":"DuplicationPotion"},{"floor":12,"key":"FearPotion"},{"floor":16,"key":"Fire Potion"},{"floor":20,"key":"BloodPotion"},{"floor":31,"key":"Dexterity Potion"},{"floor":33,"key":"FearPotion"}],"is_trial":false,"path_per_floor":["M","?","$","M","$","R","?","M","T","E","R","M","R","?","R","B",null,"M","M","M","?","$","E","R","$","T","$","R","?","?","M","R","B",null,"M","$","?","$","M","R","?","E"],"character_chosen":"IRONCLAD","items_purchased":["Mummified Hand","Inflame","Chemical X","True Grit","Apotheosis"],"campfire_rested":3,"item_purchase_floors":[3,22,27,27,36],"current_hp_per_floor":[71,71,71,73,73,73,73,73,73,38,38,38,38,38,38,40,70,59,51,57,57,57,7,31,31,31,31,31,31,31,14,38,15,64,26,26,26,26,16,40,70,0,0],"gold":42,"neow_bonus":"TWO_FIFTY_GOLD","is_daily":false,"chose_seed":false,"campfire_upgraded":3,"win_rate":0.0,"timestamp":1613649997,"path_taken":["M","?","$","M","$","R","?","M","T","E","R","?","R","?","R","BOSS","M","M","?","?","$","E","R","?","T","$","R","?","?","M","R","BOSS","M","$","?","$","?","R","?","E"],"items_purchased_type":["Relic","Card","Relic","Card","Card"],"build_version":"2020-12-22","purchased_purges":1,"victory":false,"max_hp_per_floor":[80,80,80,80,80,80,80,80,80,80,80,80,80,80,80,80,80,80,80,80,80,80,80,80,80,80,80,80,80,80,80,80,80,80,80,80,80,80,80,80,70,70,70],"card_choices":[{"not_picked":["Pummel","Clothesline"],"picked":"Twin Strike","floor":1},{"not_picked":["Clash","Body Slam"],"picked":"Flex","floor":4},{"not_picked":["Headbutt","Flex"],"picked":"Combust","floor":8},{"not_picked":["Perfected Strike","Thunderclap"],"picked":"Heavy Blade","floor":10},{"not_picked":["Anger","Uppercut"],"picked":"Dropkick","floor":12},{"not_picked":["Fiend Fire","Impervious"],"picked":"Offering","floor":16},{"not_picked":["Sentinel","Pommel Strike"],"picked":"Body Slam+1","floor":18},{"not_picked":["Anger","Disarm"],"picked":"Rupture","floor":19},{"not_picked":["Wild Strike","Dark Embrace"],"picked":"Sword Boomerang+1","floor":20},{"not_picked":["Headbutt","Sword Boomerang"],"picked":"Whirlwind","floor":23},{"not_picked":["Shrug It Off","Pommel Strike"],"picked":"Rage","floor":31},{"not_picked":["Immolate","Corruption"],"picked":"Brutality","floor":33},{"not_picked":["Pommel Strike+1","Sword Boomerang+1","Carnage"],"picked":"SKIP","floor":35},{"not_picked":["Iron Wave+1","Searing Blow","Reckless Charge"],"picked":"SKIP","floor":39}],"player_experience":769499,"relics_obtained":[{"floor":9,"key":"Lizard Tail"},{"floor":10,"key":"Girya"},{"floor":23,"key":"Blue Candle"}],"event_choices":[{"cards_removed":["Regret"],"damage_healed":0,"gold_gain":0,"player_choice":"Card Removal","damage_taken":0,"max_hp_gain":0,"max_hp_loss":0,"event_name":"The Cleric","floor":2,"gold_loss":50},{"cards_removed":["Strike_R"],"damage_healed":0,"gold_gain":0,"player_choice":"Purged","damage_taken":0,"max_hp_gain":0,"max_hp_loss":0,"event_name":"Purifier","floor":7,"gold_loss":0},{"cards_removed":["Strike_R"],"damage_healed":0,"gold_gain":0,"player_choice":"Offered Basic","damage_taken":0,"max_hp_gain":0,"max_hp_loss":0,"event_name":"Bonfire Elementals","floor":14,"gold_loss":0},{"damage_healed":0,"gold_gain":0,"player_choice":"Trade","damage_taken":0,"relics_obtained":["NlothsMask"],"max_hp_gain":0,"max_hp_loss":0,"event_name":"FaceTrader","floor":21,"gold_loss":0},{"damage_healed":0,"gold_gain":0,"player_choice":"Ignored","damage_taken":0,"max_hp_gain":0,"max_hp_loss":0,"event_name":"Ghosts","floor":29,"gold_loss":0},{"damage_healed":0,"gold_gain":99,"player_choice":"Stole From Cult","damage_taken":0,"max_hp_gain":0,"max_hp_loss":0,"event_name":"Nest","floor":30,"gold_loss":0},{"damage_healed":0,"gold_gain":0,"player_choice":"Copied","damage_taken":0,"max_hp_gain":0,"max_hp_loss":0,"event_name":"Duplicator","floor":37,"gold_loss":0,"cards_obtained":["Heavy Blade"]},{"damage_healed":70,"gold_gain":0,"player_choice":"Heal","damage_taken":0,"max_hp_gain":0,"max_hp_loss":10,"event_name":"The Moai Head","floor":41,"gold_loss":0}],"is_beta":false,"boss_relics":[{"not_picked":["Fusion Hammer","Tiny House"],"picked":"SlaversCollar"},{"not_picked":["Runic Pyramid","Philosopher\u0027s Stone"],"picked":"Sozu"}],"items_purged_floors":[36],"is_endless":false,"potions_floor_spawned":[10,12,16,20,31,33,35],"killed_by":"Nemesis","ascension_level":11}}