{"host":"xi8yg1ddhptuxb9d","time":1613664745,"event":{"mods":["AchievementEnabler","BaseMod","Block Reminder","Minty Spire (QoL Compilation)","Relic Sorter","StSLib"],"gold_per_floor":[117,32,50,66,66,93,93,122,122,148,148,161,161,161,161,235,235,247,267,277,294,219,219,249,249,249,278,298,312,312,194,194,265,265,281,281,306,319,336,364,377,377,445,445,458,492,492,535,535,535],"floor_reached":51,"language":"ENG","playtime":2857,"items_purged":["Combust"],"score":1330,"play_id":"4474bf9a-5984-43e4-90bc-77f04146f4c9","local_time":"20210218111225","is_ascension_mode":true,"campfire_choices":[{"floor":7.0,"key":"REST"},{"floor":11.0,"key":"REST"},{"data":"Uppercut","floor":15.0,"key":"SMITH"},{"floor":23.0,"key":"REST"},{"floor":25.0,"key":"REST"},{"floor":30.0,"key":"REST"},{"data":"Inflame","floor":32.0,"key":"SMITH"},{"data":"Demon Form","floor":42,"key":"SMITH"},{"data":"Dual Wield","floor":44,"key":"SMITH"},{"floor":47,"key":"REST"},{"floor":49,"key":"REST"}],"circlet_count":0,"master_deck":["AscendersBane","Strike_R","Strike_R","Strike_R","Strike_R","Strike_R","Defend_R+1","Defend_R+1","Defend_R","Defend_R","Bash","Armaments+1","Flame Barrier","Headbutt","Reaper","Uppercut+1","Shrug It Off","Offering","Battle Trance","Thunderclap","Impervious","Twin Strike+1","Disarm","Inflame+1","Seeing Red","Demon Form+1","Dual Wield+1","Pummel+1","Seeing Red+1"],"relics":["Runic Cube","War Paint","Letter Opener","Vajra","Boot","Centennial Puzzle","Mark of Pain","Red Mask","Torii","Akabeko","Busted Crown","StoneCalendar","Pantograph","StrikeDummy","CeramicFish","Lizard Tail"],"acts_visited":["Exordium","TheCity","TheBeyond"],"potions_floor_usage":[40,46,48,50],"damage_taken":[{"damage":6.0,"enemies":"Cultist","floor":1.0,"turns":3.0},{"damage":9.0,"enemies":"2 Louse","floor":3.0,"turns":2.0},{"damage":7.0,"enemies":"Small Slimes","floor":4.0,"turns":5.0},{"damage":34.0,"enemies":"Lagavulin","floor":6.0,"turns":9.0},{"damage":31.0,"enemies":"Gremlin Nob","floor":8.0,"turns":5.0},{"damage":15.0,"enemies":"3 Sentries","floor":10.0,"turns":5.0},{"damage":5.0,"enemies":"3 Louse","floor":12.0,"turns":4.0},{"damage":35.0,"enemies":"The Guardian","floor":16.0,"turns":17.0},{"damage":16.0,"enemies":"Chosen","floor":18.0,"turns":5.0},{"damage":8.0,"enemies":"3 Byrds","floor":19.0,"turns":2.0},{"damage":24.0,"enemies":"Snake Plant","floor":20.0,"turns":5.0},{"damage":15.0,"enemies":"3 Cultists","floor":21.0,"turns":4.0},{"damage":33.0,"enemies":"Masked Bandits","floor":24.0,"turns":5.0},{"damage":21.0,"enemies":"Slavers","floor":27.0,"turns":5.0},{"damage":8.0,"enemies":"Chosen and Byrds","floor":28.0,"turns":5.0},{"damage":29.0,"enemies":"Cultist and Chosen","floor":29.0,"turns":5.0},{"damage":85.0,"enemies":"Collector","floor":33.0,"turns":12.0},{"damage":6.0,"enemies":"3 Darklings","floor":35.0,"turns":3.0},{"damage":8.0,"enemies":"Mind Bloom Boss Battle","floor":37.0,"turns":6.0},{"damage":10.0,"enemies":"3 Shapes","floor":38.0,"turns":5.0},{"damage":36.0,"enemies":"Writhing Mass","floor":39.0,"turns":7.0},{"damage":34,"enemies":"Reptomancer","floor":40,"turns":5},{"damage":24,"enemies":"Jaw Worm Horde","floor":41,"turns":3},{"damage":26,"enemies":"Maw","floor":45,"turns":7},{"damage":31,"enemies":"Giant Head","floor":46,"turns":7},{"damage":45,"enemies":"Reptomancer","floor":48,"turns":7},{"damage":85,"enemies":"Donu and Deca","floor":50,"turns":9}],"seed_played":"4243751173143349310","potions_obtained":[{"floor":3.0,"key":"Weak Potion"},{"floor":4.0,"key":"Fruit Juice"},{"floor":8.0,"key":"PowerPotion"},{"floor":18.0,"key":"SteroidPotion"},{"floor":21.0,"key":"SteroidPotion"},{"floor":28.0,"key":"SkillPotion"},{"floor":29.0,"key":"LiquidBronze"},{"floor":33.0,"key":"LiquidBronze"},{"floor":45,"key":"DistilledChaos"},{"floor":46,"key":"Dexterity Potion"}],"is_trial":false,"path_per_floor":["M","$","M","M","$","E","R","E","T","E","R","M","?","?","R","B",null,"M","M","M","M","$","R","?","R","T","E","M","M","R","$","R","B",null,"M","$","?","M","M","E","M","R","T","R","M","E","R","E","R","B",null],"character_chosen":"IRONCLAD","items_purchased":["Combust","Inflame","Seeing Red"],"campfire_rested":7,"item_purchase_floors":[2,31,31],"current_hp_per_floor":[62,62,53,46,46,12,34,7,7,10,39,49,49,44,44,15,64,54,61,42,39,39,63,45,69,69,62,72,50,74,74,74,5,61,74,74,80,70,50,56,56,56,56,56,35,44,68,35,59,54],"gold":535,"neow_bonus":"BOSS_RELIC","is_daily":false,"chose_seed":false,"campfire_upgraded":4,"win_rate":0.0,"timestamp":1613664745,"path_taken":["M","?","?","M","?","E","R","E","T","E","R","M","?","?","R","BOSS","M","M","M","M","$","R","?","R","T","E","M","M","R","$","R","BOSS","M","$","?","M","M","E","M","R","T","R","M","E","R","E","R","BOSS"],"items_purchased_type":["Card","Card","Card"],"build_version":"2020-12-22","purchased_purges":1,"victory":true,"max_hp_per_floor":[75,75,75,75,75,75,75,75,75,75,80,80,80,80,80,80,80,80,80,80,80,80,80,80,80,80,80,80,80,80,80,80,80,80,80,80,80,80,80,80,80,80,80,80,80,80,80,80,80,80],"card_choices":[{"not_picked":["Heavy Blade","Spot Weakness"],"picked":"Armaments","floor":1.0},{"not_picked":["Havoc","Blood for Blood"],"picked":"Flame Barrier","floor":3.0},{"not_picked":["Flame Barrier","Thunderclap"],"picked":"Headbutt","floor":4.0},{"not_picked":["Shrug It Off","Double Tap"],"picked":"Reaper","floor":6.0},{"not_picked":["Sword Boomerang","Iron Wave"],"picked":"Uppercut","floor":8.0},{"not_picked":["Heavy Blade","Shockwave"],"picked":"Shrug It Off","floor":10.0},{"not_picked":["Sever Soul","Heavy Blade","Infernal Blade"],"picked":"SKIP","floor":12.0},{"not_picked":["Impervious","Exhume"],"picked":"Offering","floor":16.0},{"not_picked":["Sword Boomerang","Carnage"],"picked":"Battle Trance","floor":18.0},{"not_picked":["Havoc","Perfected Strike"],"picked":"Thunderclap","floor":19.0},{"not_picked":["Warcry","Headbutt","Flex"],"picked":"SKIP","floor":20.0},{"not_picked":["Clash","Clothesline","Twin Strike"],"picked":"SKIP","floor":21.0},{"not_picked":["Rupture","Perfected Strike"],"picked":"Impervious","floor":24.0},{"not_picked":["Barricade","Thunderclap+1","Headbutt"],"picked":"SKIP","floor":27.0},{"not_picked":["Wild Strike","Clothesline"],"picked":"Twin Strike+1","floor":28.0},{"not_picked":["Rampage","Battle Trance"],"picked":"Disarm","floor":29.0},{"not_picked":["Limit Break","Barricade"],"picked":"Demon Form","floor":33.0},{"not_picked":[],"picked":"Dual Wield","floor":35.0},{"not_picked":[],"picked":"Pummel+1","floor":38.0},{"not_picked":["Iron Wave"],"picked":"SKIP","floor":39.0},{"not_picked":["Evolve"],"picked":"SKIP","floor":40},{"not_picked":["Perfected Strike"],"picked":"SKIP","floor":41},{"not_picked":["Flame Barrier"],"picked":"SKIP","floor":45},{"not_picked":["Body Slam"],"picked":"SKIP","floor":46},{"not_picked":[],"picked":"Seeing Red+1","floor":48}],"player_experience":717722,"relics_obtained":[{"floor":6.0,"key":"War Paint"},{"floor":8.0,"key":"Letter Opener"},{"floor":9.0,"key":"Vajra"},{"floor":10.0,"key":"Boot"},{"floor":24.0,"key":"Red Mask"},{"floor":26.0,"key":"Torii"},{"floor":27.0,"key":"Akabeko"},{"floor":37.0,"key":"StoneCalendar"},{"floor":40,"key":"Pantograph"},{"floor":43,"key":"StrikeDummy"},{"floor":46,"key":"CeramicFish"},{"floor":48,"key":"Lizard Tail"}],"event_choices":[{"damage_healed":0.0,"max_hp_gain":0.0,"max_hp_loss":0.0,"gold_gain":0.0,"event_name":"Living Wall","player_choice":"Grow","floor":13.0,"gold_loss":0.0,"damage_taken":0.0,"cards_upgraded":["Armaments"]},{"damage_healed":0.0,"max_hp_gain":0.0,"max_hp_loss":0.0,"gold_gain":0.0,"event_name":"Scrap Ooze","player_choice":"Success","floor":14.0,"gold_loss":0.0,"damage_taken":5.0,"relics_obtained":["Centennial Puzzle"]},{"damage_healed":0.0,"max_hp_gain":0.0,"max_hp_loss":0.0,"gold_gain":0.0,"event_name":"Masked Bandits","player_choice":"Fought Bandits","floor":24.0,"gold_loss":0.0,"damage_taken":0.0},{"damage_healed":0.0,"max_hp_gain":0.0,"max_hp_loss":0.0,"gold_gain":0.0,"event_name":"MindBloom","player_choice":"Fight","floor":37.0,"gold_loss":0.0,"damage_taken":0.0}],"is_beta":false,"boss_relics":[{"not_picked":["Runic Dome","Ectoplasm"],"picked":"Mark of Pain"},{"not_picked":["Astrolabe","Sozu"],"picked":"Busted Crown"}],"items_purged_floors":[22],"is_endless":false,"potions_floor_spawned":[3,4,8,18,21,28,29,33,35,38,45,46],"ascension_level":16}}