{"host":"3z9xbwjeimmg738z","time":1613674571,"event":{"mods":["100% Spire Juice","2.2 Compatiblity","Act Like it!","AlwaysNeverKeys","Bard","BaseMod","Beaked The Cultist","Better Altar","Better Match","Better Note","Better Sensory Stone","Better Skull","Better Synergies","Better Third Choice","Bossed Relics","CapriCore","Colored Powertips","Defuse TimeMaze Blight","Dio Mod","Displayed Cursed Tome","Faster Ascension Climbing","GifTheSpireLib","Marisa????????","Minty Spire (QoL Compilation)","Pale of the Ancients","Permanent Neow","Replay The Spire","Ruina","Shapeshifter Mod","Smile Girya","StSLib","The Showman","TheBandit","Uncapped"],"gold_per_floor":[117,44,64,64,75,75,109,119,193,205,218,218,244,290,290,290,290],"floor_reached":16,"language":"ENG","playtime":786,"items_purged":[],"score":112,"play_id":"c4ed69f1-e799-4dbc-b76d-7056cd39bed7","local_time":"20210218105611","is_ascension_mode":false,"campfire_choices":[{"data":"StSShapeShifter:CosmicShifter","floor":6,"key":"SMITH"},{"floor":12,"key":"REST"},{"data":"StSShapeShifter:PantherForm","floor":15,"key":"SMITH"}],"circlet_count":0,"master_deck":["StSShapeShifter:ShapeShifter_Strike","StSShapeShifter:ShapeShifter_Strike","StSShapeShifter:ShapeShifter_Strike+1","StSShapeShifter:ShapeShifter_Strike","StSShapeShifter:ShapeShifter_Strike","StSShapeShifter:ShapeShifter_Defend","StSShapeShifter:ShapeShifter_Defend","StSShapeShifter:ShapeShifter_Defend","StSShapeShifter:ShapeShifter_Defend","StSShapeShifter:ShapeShifter_Defend","StSShapeShifter:Tortoise_Form","StSShapeShifter:Lynx_Form","StSShapeShifter:VineHandcuffs","StSShapeShifter:CosmicShifter+1","StSShapeShifter:PantherForm+1","StSShapeShifter:MonkeyForm"],"relics":["StSShapeShifter:AnimalHeart","StSShapeShifter:TheShapeShiftersMagnolia","StSShapeShifter:MysticalFossil","Replay:Accelerometer","Vajra","Anchor"],"acts_visited":["Exordium"],"potions_floor_usage":[11,11],"damage_taken":[{"damage":1,"enemies":"Jaw Worm","floor":1,"turns":4},{"damage":3,"enemies":"Cultist","floor":3,"turns":4},{"damage":4,"enemies":"Small Slimes","floor":5,"turns":4},{"damage":36,"enemies":"Gremlin Nob","floor":7,"turns":5},{"damage":0,"enemies":"Blue Slaver","floor":8,"turns":4},{"damage":3,"enemies":"Gremlin Gang","floor":10,"turns":3},{"damage":11,"enemies":"Large Slime","floor":11,"turns":5},{"damage":6,"enemies":"Replay:BlueRogue","floor":13,"turns":8},{"damage":43,"enemies":"Slime Boss","floor":16,"turns":9}],"seed_played":"7080675776232384483","potions_obtained":[{"floor":3,"key":"DistilledChaos"},{"floor":8,"key":"Explosive Potion"},{"floor":10,"key":"Swift Potion"},{"floor":11,"key":"SmokeBomb"}],"is_trial":false,"path_per_floor":["M","$","M","?","M","R","E","M","T","M","M","R","E","T","R","B"],"character_chosen":"SHAPESHIFTER","items_purchased":["StSShapeShifter:CosmicShifter"],"campfire_rested":1,"item_purchase_floors":[2],"current_hp_per_floor":[77,77,74,74,70,70,34,34,34,31,20,43,37,37,37,0,0],"gold":290,"neow_bonus":"RANDOM_EVENT","is_daily":false,"chose_seed":false,"campfire_upgraded":2,"win_rate":0.0,"timestamp":1613674571,"path_taken":["M","$","M","?","M","R","E","M","T","M","?","R","E","?","R","BOSS"],"items_purchased_type":["Card"],"build_version":"2020-12-22","purchased_purges":0,"victory":false,"max_hp_per_floor":[78,78,78,78,78,78,78,78,78,78,78,78,78,78,78,78,78],"card_choices":[{"not_picked":["StSShapeShifter:FlowerShield","StSShapeShifter:SquirrelForm"],"picked":"StSShapeShifter:VineHandcuffs","floor":1},{"not_picked":["StSShapeShifter:WiltingWrath","StSShapeShifter:SunflowerShuriken"],"picked":"StSShapeShifter:PantherForm","floor":3},{"not_picked":["StSShapeShifter:PoisonIvy","StSShapeShifter:ShiftingStrike"],"picked":"StSShapeShifter:MonkeyForm","floor":5},{"not_picked":["StSShapeShifter:EmbraceTheCycle","StSShapeShifter:Roar","StSShapeShifter:FruitBasket"],"picked":"SKIP","floor":7},{"not_picked":["StSShapeShifter:BurrBomb","StSShapeShifter:BurstingSpore","StSShapeShifter:Sapling"],"picked":"SKIP","floor":8},{"not_picked":["StSShapeShifter:DeerForm","StSShapeShifter:RatForm","StSShapeShifter:ForestFire"],"picked":"SKIP","floor":10},{"not_picked":["StSShapeShifter:HummingbirdForm","StSShapeShifter:DeerForm","StSShapeShifter:OwlForm"],"picked":"SKIP","floor":11},{"not_picked":["StSShapeShifter:BulwarkOfDiscovery","StSShapeShifter:FallingLeaves","StSShapeShifter:DeepWound"],"picked":"SKIP","floor":13}],"player_experience":212235,"relics_obtained":[{"floor":7,"key":"StSShapeShifter:MysticalFossil"},{"floor":9,"key":"Replay:Accelerometer"},{"floor":13,"key":"Vajra"},{"floor":14,"key":"Anchor"}],"event_choices":[{"damage_healed":0,"gold_gain":0,"player_choice":"Ignored","damage_taken":0,"max_hp_gain":0,"max_hp_loss":0,"event_name":"betterNote:BetterNote","floor":4,"gold_loss":0,"cards_obtained":["Moonworks:GoAway"]}],"is_beta":false,"boss_relics":[],"items_purged_floors":[],"is_endless":false,"potions_floor_spawned":[3,8,10,11],"killed_by":"Slime Boss","ascension_level":0}}