{"host":"9pm4ffml2aj85aj7","time":1613640060,"event":{"mods":["Act Like it!","BaseMod","BetterRewards","Bossed Relics","Gensokyo","GifTheSpireLib","Lobotomy","LobotomyExtend","Minty Spire (QoL Compilation)","Relic Filter Mod","Remilia£®¿Ÿ√◊¿Ú—«£©","Replay The Spire","Shop Mod","StSLib","The Jungle","Wide Potions"],"gold_per_floor":[156,156,156,1,1,1,1,1,1,0,0,55,67,93,93,196,196,207,327,207,57,0,0,30,30,82,82,82,82,127,214,214,242,242],"floor_reached":33,"language":"ZHS","playtime":1479,"items_purged":["UnstableMagic","BigBird"],"score":415,"play_id":"de29d868-2ec5-46dd-9e03-bb62426a2121","local_time":"20210218172100","daily_mods":["SealedDeck","Vintage","Heirloom","Time Dilation","Flight","Lethality"],"is_ascension_mode":false,"campfire_choices":[{"data":"BlasphemousPunishment","floor":6,"key":"SMITH"},{"data":"FavorOfDestiny","floor":7,"key":"SMITH"},{"data":"LeisurelyOfLord","floor":11,"key":"SMITH"},{"floor":15,"key":"REST"},{"data":"1","floor":23,"key":"LIFT"},{"data":"VampireKiss","floor":27,"key":"PURGE"},{"data":"VampireKiss","floor":28,"key":"PURGE"},{"floor":32,"key":"REST"}],"circlet_count":0,"master_deck":["Mercenary","Stigmanizer","ScarletDevil","BlasphemousPunishment+1","LeisurelyOfLord+1","FavorOfDestiny+1","FavorOfDestiny+1","ScarletDevil","Stigmanizer","SuperhumanBloodyKnife","Scorched","TransientEternity","EternalNight+1","ScarletImprint","BlasphemousPunishment","GreedKing"],"relics":["ScarletHat","replay:Trail_Library","Bird Faced Urn","Replay:Kaleidoscope","LetterFromLob","CogitoBucket","Sling","ShedSkin_r","ReplayTheSpireMod:Ring of Addiction","SacredBark","Chameleon Ring","ReplayTheSpireMod:Lightbulb","Boot","Blue Doll","Sundial","SlaversCollar","Regal Pillow","Lamp_r","Peace Pipe","Girya","Gensokyo:LionMask","ReplayTheSpireMod:Ninjato","LuminousBracelet","Replay:Bandana","MealTicket","WantedRequest","Toy Ornithopter"],"acts_visited":["Gensokyo:Gensokyo","Gensokyo:Gensokyoer"],"potions_floor_usage":[12,12,13,16,16,19,19,19,31],"damage_taken":[{"damage":7.0,"enemies":"Gensokyo:Gryphon","floor":1.0,"turns":2.0},{"damage":28,"enemies":"Gensokyo:Mamizou","floor":12,"turns":3},{"damage":0,"enemies":"Gensokyo:Python","floor":13,"turns":1},{"damage":0,"enemies":"Gensokyo:Cirno","floor":14,"turns":3},{"damage":10,"enemies":"Gensokyo:Reimu","floor":16,"turns":3},{"damage":0,"enemies":"Gensokyo:3_Dogs","floor":18,"turns":1},{"damage":12,"enemies":"Gensokyo:3_Dogs","floor":19,"turns":6},{"damage":24,"enemies":"Gensokyo:AngelMirror","floor":24,"turns":2},{"damage":33,"enemies":"Gensokyo:Swordslinger","floor":30,"turns":2},{"damage":20,"enemies":"Gensokyo:Reisen","floor":31,"turns":2},{"damage":58,"enemies":"Gensokyo:Kaguya","floor":33,"turns":2}],"seed_played":"-792420588959367620","potions_obtained":[{"floor":8,"key":"ColorlessPotion"},{"floor":8,"key":"Explosive Potion"},{"floor":14,"key":"SteroidPotion"},{"floor":16,"key":"Weak Potion"},{"floor":18,"key":"SpeedPotion"},{"floor":24,"key":"Dexterity Potion"}],"is_trial":true,"path_per_floor":["M","WH","?","$","?","R","R","?","T","$","R","E","M","E","R","B",null,"M","?","?","$","?","R","M","?","T","R","R","?","M","E","R","B"],"character_chosen":"REMILIA","items_purchased":["Sling","ScarletImprint"],"campfire_rested":2,"item_purchase_floors":[4,21],"current_hp_per_floor":[68,68,75,75,56,56,56,56,56,56,56,36,39,40,61,67,73,73,73,73,73,73,71,63,63,63,63,63,63,30,13,50,0,0],"gold":242,"neow_bonus":"","is_daily":false,"chose_seed":false,"campfire_upgraded":3,"win_rate":0.0,"timestamp":1613640060,"path_taken":["M","WH","?","$","?","R","R","?","T","$","R","E","?","E","R","BOSS","M","?","?","$","?","R","?","?","T","R","R","?","M","E","R","BOSS"],"items_purchased_type":["Relic","Card"],"build_version":"2020-12-22","purchased_purges":2,"victory":false,"max_hp_per_floor":[75,75,75,75,75,75,75,75,75,75,75,73,73,73,73,73,73,73,73,73,73,73,71,86,78,76,76,76,74,74,74,74,74,74],"card_choices":[{"not_picked":["ShyLook","SingingMachine","SpiderBud"],"picked":"Singing Bowl","floor":12},{"not_picked":["UnstableMagic","CharismaGuard","UnderTheZenith"],"picked":"SKIP","floor":12},{"not_picked":["FavorOfDestiny","Ultimatum"],"picked":"SuperhumanBloodyKnife","floor":14},{"not_picked":["Freischutz","ShyLook"],"picked":"Scorched","floor":16},{"not_picked":["BloodyCatastrophe","ScarletCoffin"],"picked":"TransientEternity","floor":16},{"not_picked":["SpiderBud","Laetitia"],"picked":"BigBird","floor":18},{"not_picked":["DreamingCurrent","Murderer"],"picked":"Mercenary","floor":19},{"not_picked":["UnstableMagic","MiserableFate"],"picked":"EternalNight+1","floor":19},{"not_picked":["MeatLantern","BeautyBeast","HappyTeddy"],"picked":"Singing Bowl","floor":24},{"not_picked":["DespairKnight","GalaxyChild","CherryBlossoms"],"picked":"Singing Bowl","floor":30},{"not_picked":["MHz","Bloodbath"],"picked":"GreedKing","floor":30},{"not_picked":["BloodyMagicSquare","EndlessAdversity","ScarletGensokyo"],"picked":"SKIP","floor":31}],"player_experience":49190,"relics_obtained":[{"floor":1.0,"key":"Replay:Kaleidoscope"},{"floor":1.0,"key":"LetterFromLob"},{"floor":8,"key":"ReplayTheSpireMod:Ring of Addiction"},{"floor":8,"key":"SacredBark"},{"floor":8,"key":"Chameleon Ring"},{"floor":9,"key":"ReplayTheSpireMod:Lightbulb"},{"floor":12,"key":"Boot"},{"floor":13,"key":"Blue Doll"},{"floor":14,"key":"Sundial"},{"floor":18,"key":"Regal Pillow"},{"floor":19,"key":"Peace Pipe"},{"floor":19,"key":"Girya"},{"floor":24,"key":"ReplayTheSpireMod:Ninjato"},{"floor":26,"key":"Replay:Bandana"},{"floor":30,"key":"MealTicket"},{"floor":31,"key":"Toy Ornithopter"}],"event_choices":[],"is_beta":false,"boss_relics":[{"not_picked":["Runic Dome","Replay:Grab Bag"],"picked":"SlaversCollar"}],"items_purged_floors":[10,21],"is_endless":false,"potions_floor_spawned":[14,16,18,24],"killed_by":"Gensokyo:Kaguya","ascension_level":0}}