{"host":"dkr0dog13pegamnp","time":1613652804,"event":{"mods":["AchievementEnabler","BaseMod","Minty Spire (QoL Compilation)","Rare Cards Sparkle","StSLib","SuperFastMode","everything is the same but u backflip on backflip"],"gold_per_floor":[218,45,59,59,74,108,78,78,78],"floor_reached":8,"language":"KOR","playtime":276,"items_purged":[],"score":78,"play_id":"c4cfa0d5-b5b4-46c4-b729-90374c28ebec","local_time":"20210218215324","is_ascension_mode":true,"campfire_choices":[],"circlet_count":0,"master_deck":["Strike_G","Strike_G","Strike_G","Strike_G","Strike_G","Defend_G","Defend_G","Defend_G","Defend_G","Defend_G","Survivor","Neutralize","Corpse Explosion","Footwork","Footwork","Deadly Poison"],"relics":["Ring of the Snake","HornCleat"],"acts_visited":["Exordium"],"potions_floor_usage":[6,7],"damage_taken":[{"damage":1,"enemies":"2 Louse","floor":1,"turns":3},{"damage":0,"enemies":"Small Slimes","floor":3,"turns":5},{"damage":0,"enemies":"Cultist","floor":5,"turns":6},{"damage":16,"enemies":"Lagavulin","floor":6,"turns":7},{"damage":4,"enemies":"Looter","floor":7,"turns":4},{"damage":60,"enemies":"Gremlin Nob","floor":8,"turns":6}],"seed_played":"7715685126683606623","potions_obtained":[{"floor":1,"key":"Ancient Potion"},{"floor":3,"key":"Energy Potion"}],"is_trial":false,"path_per_floor":["M","$","M","?","M","E","M","E"],"character_chosen":"THE_SILENT","items_purchased":["Corpse Explosion","Footwork"],"campfire_rested":0,"item_purchase_floors":[2,2],"current_hp_per_floor":[62,62,62,67,67,51,47,0,0],"gold":78,"neow_bonus":"HUNDRED_GOLD","is_daily":false,"chose_seed":false,"campfire_upgraded":0,"win_rate":0.0,"timestamp":1613652804,"path_taken":["M","$","M","?","M","E","M","E"],"items_purchased_type":["Card","Card"],"build_version":"2020-12-22","purchased_purges":0,"victory":false,"max_hp_per_floor":[70,70,70,75,75,75,75,75,75],"card_choices":[{"not_picked":["Well Laid Plans","Bane","Outmaneuver"],"picked":"SKIP","floor":1},{"not_picked":["Prepared","Escape Plan"],"picked":"Footwork","floor":3},{"not_picked":["Blade Dance","Outmaneuver"],"picked":"Deadly Poison","floor":5},{"not_picked":["Terror","Blade Dance","Flechettes"],"picked":"SKIP","floor":6},{"not_picked":["Slice","Bane","Dash"],"picked":"SKIP","floor":7}],"player_experience":60368,"relics_obtained":[{"floor":6,"key":"HornCleat"}],"event_choices":[{"damage_healed":0,"gold_gain":0,"player_choice":"Donut","damage_taken":0,"max_hp_gain":5,"max_hp_loss":0,"event_name":"Big Fish","floor":4,"gold_loss":0}],"is_beta":false,"boss_relics":[],"items_purged_floors":[],"is_endless":false,"potions_floor_spawned":[1,3],"killed_by":"Gremlin Nob","ascension_level":8}}