{"host":"6ggzka4dag2kvku2","time":1613663538,"event":{"mods":["AchievementEnabler","BaseMod","DeckTracker","Minty Spire (QoL Compilation)","Permanent Neow","Quick Restart","SuperFastMode"],"gold_per_floor":[359,534,8,8,18,18,34,34,34,34,61,61,89,104,104,104,104],"floor_reached":16,"language":"KOR","playtime":299,"items_purged":["Doubt"],"score":108,"play_id":"912e2938-64d5-4bd3-af9f-c639bf930b3f","local_time":"20210219005218","is_ascension_mode":false,"campfire_choices":[{"data":"Tempest","floor":6,"key":"SMITH"},{"data":"Dualcast","floor":8,"key":"SMITH"},{"data":"Static Discharge","floor":12,"key":"SMITH"},{"data":"Redo","floor":15,"key":"SMITH"}],"circlet_count":0,"master_deck":["Strike_B","Strike_B","Strike_B","Strike_B","Defend_B","Defend_B","Defend_B","Defend_B","Zap","Dualcast+1","Sunder","Thunder Strike","Turbo","Tempest+1","Leap","Beam Cell","Static Discharge+1","Redo+1","Conserve Battery"],"relics":["Cracked Core","Mummified Hand","Blue Candle","Gremlin Horn","Peace Pipe","Omamori"],"acts_visited":["Exordium"],"potions_floor_usage":[16,16,16],"damage_taken":[{"damage":1,"enemies":"Cultist","floor":1,"turns":3},{"damage":0,"enemies":"Small Slimes","floor":5,"turns":2},{"damage":1,"enemies":"Jaw Worm","floor":7,"turns":2},{"damage":14,"enemies":"Gremlin Nob","floor":11,"turns":3},{"damage":18,"enemies":"3 Sentries","floor":13,"turns":3},{"damage":5,"enemies":"Looter","floor":14,"turns":2},{"damage":26,"enemies":"The Guardian","floor":16,"turns":6}],"seed_played":"-5173421302411457137","potions_obtained":[{"floor":1,"key":"Ancient Potion"},{"floor":11,"key":"FearPotion"},{"floor":14,"key":"Dexterity Potion"}],"is_trial":false,"path_per_floor":["M","?","$","?","M","R","M","R","T","$","E","R","E","M","R","B"],"character_chosen":"DEFECT","items_purchased":["Mummified Hand","Thunder Strike","Turbo","Tempest"],"campfire_rested":0,"item_purchase_floors":[3,3,3,3],"current_hp_per_floor":[67,67,67,60,60,60,59,59,59,59,45,45,27,22,22,0,0],"gold":104,"neow_bonus":"TWO_FIFTY_GOLD","is_daily":false,"chose_seed":false,"campfire_upgraded":4,"win_rate":0.0,"timestamp":1613663538,"path_taken":["M","?","$","?","M","R","M","R","T","?","E","R","E","M","R","BOSS"],"items_purchased_type":["Relic","Card","Card","Card"],"build_version":"2020-12-22","purchased_purges":1,"victory":false,"max_hp_per_floor":[68,68,68,68,68,68,68,68,68,68,68,68,68,68,68,68,68],"card_choices":[{"not_picked":["Blizzard","Gash"],"picked":"Sunder","floor":1},{"not_picked":["Gash","Streamline"],"picked":"Leap","floor":5},{"not_picked":["Go for the Eyes","Sunder"],"picked":"Beam Cell","floor":7},{"not_picked":["Sweeping Beam","Biased Cognition"],"picked":"Static Discharge","floor":11},{"not_picked":["Coolheaded","Go for the Eyes"],"picked":"Redo","floor":13},{"not_picked":["Hologram","Cold Snap"],"picked":"Conserve Battery","floor":14}],"player_experience":71193,"relics_obtained":[{"floor":9,"key":"Gremlin Horn"},{"floor":11,"key":"Peace Pipe"},{"floor":13,"key":"Omamori"}],"event_choices":[{"damage_healed":0,"gold_gain":175,"player_choice":"AGREE","damage_taken":0,"max_hp_gain":0,"max_hp_loss":0,"event_name":"Liars Game","floor":2,"gold_loss":0,"cards_obtained":["Doubt"]},{"damage_healed":0,"gold_gain":0,"player_choice":"Success","damage_taken":7,"relics_obtained":["Blue Candle"],"max_hp_gain":0,"max_hp_loss":0,"event_name":"Scrap Ooze","floor":4,"gold_loss":0}],"is_beta":false,"boss_relics":[],"items_purged_floors":[3],"is_endless":false,"potions_floor_spawned":[1,11,14],"killed_by":"The Guardian","ascension_level":0}}