{"host":"srv5asjf43cuzsar","time":1613609721,"event":{"mods":["2.2 Compatiblity","A Magickal Journey","AchievementEnabler","Act Like it!","Astrologer","Bartender","BaseMod","Best Route Mod","Better Third Choice","Card Forge","CatGirl Mod","Clockwork Mod","Conspire","Duelist Mod","Friendly Minions","GifTheSpireLib","Halation","Hallownest","Hermit","Hubris","Infinite Spire","Jorbs\u0027s Wanderer Trilogy","Luminous","Mad Scientist","Magitek Elite","Marisa????????","Minty Spire (QoL Compilation)","Pale of the Ancients","Random Character Button","Replay The Spire","StSLib","The Alterego","The Animator","The Construct","The Cursed","The Druid","The Exalted","The Judge","The Jungle","The Mystic","The Necromancer","The Poker Player","The Runesmith","The Saiyan","The Senshi","The Servant 0.9.4","TheBandit","TheSwordswoman"],"gold_per_floor":[114,114,114,129,404,404,434,449,499,499,529,544,394,424,424,524,524,539,539,554,569,569,599,599,614,639,89,119,134,134,146,158,270,282,309,321,365,392,419,461,488,500,562,390,405,420,435,450,450,450],"floor_reached":51,"language":"ENG","playtime":3197,"items_purged":[],"score":1014,"play_id":"db6aa35c-1d07-4b50-9032-cde225b93df5","local_time":"20210218005521","daily_mods":["Specialized","Colorless Cards","Terminal"],"is_ascension_mode":false,"campfire_choices":[{"floor":6.0,"key":"REST"},{"floor":10.0,"key":"REST"},{"floor":15.0,"key":"DIG"},{"floor":32,"key":"REST"},{"floor":49,"key":"REST"}],"circlet_count":0,"master_deck":["Strike_L+1","Strike_L+1","Defend_L+1","Defend_L+1","Defend_L+1","Fire2+2","Cure+2","Replay:Sssssssssshield+1","Replay:Sssssssssshield+1","Replay:Sssssssssshield+1","Replay:Sssssssssshield+1","Gladius+1","Gaia_Gear+1","Quake+1","Thunder_Blade+1","Rasp+1","Transfusion+1","hubris:EnhanceAbility+1","Deep Breath+1","Thunder_P+2","Aero+2","Thunder_Blade+1","Mirage_Vest+1","Jack Of All Trades+1","Rune_Blade+1","infinitespire:Punishment+1","Violence+1","Falchion+1","Thunder_P+2","Dark+2","Dramatic Entrance+1","Water+2","Ultima+1"],"relics":["Pendant","Hammer of Thor","Seething Fire","Anvil of the Gods","Bromod:ArcaneMomentum","Snack Pack","Ice Cream","ReplayTheSpireMod:Lightbulb","Letter Opener","Guard_Bracelet","Calipers","Oddly Smooth Stone","betterThird:NestCultRelic","hubris:PeanutButter","Nunchaku","theSenshi:FeatherClipsRelic","infinitespire:Lucky Rock","HandDrill","Ginger","MawBank","Cursed Key","Counterbalance","Happy Flower","halation:EternalFortune","MealTicket"],"acts_visited":["Exordium","TheCity","TheBeyond"],"potions_floor_usage":[20,20,33,37,44,50,50,50],"damage_taken":[{"damage":0.0,"enemies":"Cultist","floor":1.0,"turns":5.0},{"damage":0.0,"enemies":"Jaw Worm","floor":4.0,"turns":3.0},{"damage":0.0,"enemies":"Gremlin Nob","floor":7.0,"turns":6.0},{"damage":0.0,"enemies":"infinitespire:Voidling","floor":8.0,"turns":3.0},{"damage":0.0,"enemies":"3 Sentries","floor":11.0,"turns":4.0},{"damage":0.0,"enemies":"Exordium Thugs","floor":12.0,"turns":4.0},{"damage":0.0,"enemies":"Lagavulin","floor":14.0,"turns":5.0},{"damage":0.0,"enemies":"Hexaghost","floor":16.0,"turns":10.0},{"damage":0,"enemies":"conspire:FuzzyDice","floor":18,"turns":3},{"damage":0,"enemies":"2 Thieves","floor":20,"turns":4},{"damage":0,"enemies":"conspire:HollyBat","floor":21,"turns":4},{"damage":0,"enemies":"theDuelist:KaibaA2","floor":23,"turns":4},{"damage":0,"enemies":"3 Cultists","floor":25,"turns":4},{"damage":9,"enemies":"Gremlin Leader","floor":28,"turns":5},{"damage":0,"enemies":"Cultist and Chosen","floor":29,"turns":3},{"damage":3,"enemies":"conspire:MysteriousRune","floor":33,"turns":6},{"damage":0,"enemies":"3 Shapes","floor":35,"turns":3},{"damage":1,"enemies":"2 Orb Walkers","floor":37,"turns":5},{"damage":6,"enemies":"3 Darklings","floor":38,"turns":2},{"damage":2,"enemies":"Writhing Mass","floor":39,"turns":4},{"damage":0,"enemies":"Reptomancer","floor":40,"turns":4},{"damage":3,"enemies":"Spire Growth","floor":41,"turns":4},{"damage":9,"enemies":"3 Darklings","floor":45,"turns":3},{"damage":0,"enemies":"Maw","floor":46,"turns":3},{"damage":8,"enemies":"Writhing Mass","floor":47,"turns":3},{"damage":12,"enemies":"4 Shapes","floor":48,"turns":2},{"damage":3,"enemies":"hubris:GrandSnecko","floor":50,"turns":6}],"seed_played":"-828330817948855686","potions_obtained":[{"floor":4.0,"key":"BlessingOfTheForge"},{"floor":7.0,"key":"Adrenaline Potion"},{"floor":8.0,"key":"Doom Potion"},{"floor":11.0,"key":"SteroidPotion"},{"floor":20,"key":"infinitespire:BlackPotion"},{"floor":25,"key":"EssenceOfSteel"},{"floor":35,"key":"ColorlessPotion"},{"floor":38,"key":"DuplicationPotion"},{"floor":40,"key":"LifebloodPotion"},{"floor":48,"key":"infinitespire:BlackPotion"}],"is_trial":false,"path_per_floor":["M","?","?","M","?","R","E","M","T","R","E","M","$","E","R","B",null,"M","?","M","M","?","E","?","M","T","$","E","M","AVR","?","R","B",null,"M","$","?","M","M","E","M","?","T","$","M","M","M","M","R","B",null],"character_chosen":"MAGITEKELITE","items_purchased":["Guard_Bracelet","theSenshi:FeatherClipsRelic","infinitespire:Lucky Rock","HandDrill","Fruit Juice","Dramatic Entrance"],"campfire_rested":4,"item_purchase_floors":[13,27,27,27,44,44],"current_hp_per_floor":[61,54,54,54,54,56,55,54,53,52,51,50,49,48,47,46,45,44,43,42,41,40,39,38,37,36,35,34,33,32,31,30,29,28,27,26,25,24,23,22,21,23,19,23,20,21,19,13,18,17],"gold":450,"neow_bonus":"","is_daily":true,"chose_seed":false,"campfire_upgraded":0,"win_rate":0.0,"timestamp":1613609721,"path_taken":["M","?","?","?","?","R","E","?","T","R","E","M","?","E","R","BOSS","M","?","M","M","?","E","?","M","T","$","E","M","AVR","?","R","BOSS","M","$","?","M","M","E","M","?","T","?","M","M","M","?","R","BOSS"],"items_purchased_type":["Relic","Relic","Relic","Relic","Potion","Card"],"build_version":"2020-12-22","purchased_purges":0,"victory":true,"max_hp_per_floor":[61,60,59,58,57,56,55,54,53,52,51,50,49,48,47,46,45,44,43,42,41,40,39,38,37,36,35,34,33,32,31,30,29,28,27,26,25,24,23,22,21,23,19,23,22,21,20,19,18,17],"card_choices":[{"not_picked":["Water","Heavy_Shield"],"picked":"Gladius","floor":1.0},{"not_picked":["Force_Armor","Gladius"],"picked":"Gaia_Gear","floor":4.0},{"not_picked":["Barrier","Vox"],"picked":"Quake","floor":7.0},{"not_picked":["Magnus_Hat","Mythril_Knife"],"picked":"Thunder_Blade","floor":8.0},{"not_picked":["Barrier","animator:NononJakuzure","animator:Urushihara"],"picked":"SKIP","floor":11.0},{"not_picked":["Good Instincts","Quake"],"picked":"Rasp","floor":12.0},{"not_picked":["Falchion","Madness"],"picked":"Transfusion","floor":14.0},{"not_picked":["Quick","animator:Kira"],"picked":"hubris:EnhanceAbility","floor":16.0},{"not_picked":["Poisona","Cursed_Shield"],"picked":"Deep Breath","floor":18},{"not_picked":["Vox","ReplayTheSpireMod:Trickstab+1"],"picked":"Thunder_P","floor":20},{"not_picked":["Magnus_Hat","animator:Kagari"],"picked":"Aero","floor":21},{"not_picked":["Heavy_Shield","Flare"],"picked":"Thunder_Blade+1","floor":23},{"not_picked":["Transpose_P+1","Man_Eater+1"],"picked":"Mirage_Vest","floor":25},{"not_picked":["Vox","animator:MisakiNakahara"],"picked":"Jack Of All Trades","floor":28},{"not_picked":["Cursed_Shield","Circlet"],"picked":"Rune_Blade","floor":29},{"not_picked":["animator:KotoriKanbe","animator:TakanashiRikka"],"picked":"Violence","floor":33},{"not_picked":["Survey Options+1","Quake+1"],"picked":"Falchion","floor":35},{"not_picked":["Deep Breath","Bravery","Survey Options+1"],"picked":"SKIP","floor":38},{"not_picked":["Barrier","Flametongue"],"picked":"Thunder_P","floor":39},{"not_picked":["Heavy_Shield+1","ReplayTheSpireMod:Necrogeddon"],"picked":"Dark","floor":40},{"not_picked":["Mythril_Knife+1","Vox+1","Flametongue+1"],"picked":"SKIP","floor":41},{"not_picked":["Mythril_Knife+1","Vox+1","Flametongue+1"],"picked":"SKIP","floor":41},{"not_picked":["Quake+1","Cursed_Shield"],"picked":"Water","floor":45},{"not_picked":["Replay:Parry","Thunder_Blade+1","Flare"],"picked":"SKIP","floor":46},{"not_picked":["animator:MisakiNakahara","Water"],"picked":"Ultima","floor":47},{"not_picked":["Trip","Flametongue","Heavy_Shield"],"picked":"SKIP","floor":48}],"player_experience":524853,"relics_obtained":[{"floor":7.0,"key":"Ice Cream"},{"floor":9.0,"key":"ReplayTheSpireMod:Lightbulb"},{"floor":11.0,"key":"Letter Opener"},{"floor":14.0,"key":"Calipers"},{"floor":15.0,"key":"Oddly Smooth Stone"},{"floor":23,"key":"hubris:PeanutButter"},{"floor":26,"key":"Nunchaku"},{"floor":28,"key":"Ginger"},{"floor":37,"key":"Counterbalance"},{"floor":40,"key":"Happy Flower"},{"floor":43,"key":"MealTicket"}],"event_choices":[{"damage_healed":0.0,"max_hp_gain":0.0,"max_hp_loss":0.0,"gold_gain":0.0,"event_name":"betterThird:BetterScrap","player_choice":"Relic ","floor":2.0,"gold_loss":0.0,"damage_taken":7.0,"cards_obtained":["Storm"]},{"cards_removed":["Replay:Sssssssssshield"],"damage_healed":0.0,"max_hp_gain":0.0,"max_hp_loss":0.0,"gold_gain":0.0,"event_name":"WeMeetAgain","player_choice":"Gave Card","floor":3.0,"gold_loss":0.0,"damage_taken":0.0,"relics_obtained":["Snack Pack"]},{"damage_healed":0.0,"max_hp_gain":0.0,"max_hp_loss":0.0,"gold_gain":275.0,"event_name":"Golden Shrine","player_choice":"Desecrate","floor":5.0,"gold_loss":0.0,"damage_taken":0.0,"cards_obtained":["Regret"]},{"damage_healed":0,"gold_gain":0,"player_choice":"Madness","damage_taken":0,"relics_obtained":["betterThird:NestCultRelic"],"max_hp_gain":0,"max_hp_loss":0,"event_name":"betterThird:BetterNest","floor":22,"gold_loss":0},{"damage_healed":0,"gold_gain":0,"player_choice":"Leave","damage_taken":0,"max_hp_gain":0,"max_hp_loss":0,"event_name":"conspire:Investor","floor":31,"gold_loss":0},{"damage_healed":0,"gold_gain":0,"player_choice":"Fight","damage_taken":0,"max_hp_gain":0,"max_hp_loss":0,"event_name":"Mysterious Sphere","floor":37,"gold_loss":0}],"is_beta":false,"boss_relics":[{"not_picked":["halation:Risk","conspire:SeveredTorchhead","halation:PinkAlligatorPlush"]},{"not_picked":["halation:MonkeysPaw","Philosopher\u0027s Stone"],"picked":"Cursed Key"}],"items_purged_floors":[],"is_endless":false,"potions_floor_spawned":[4,7,8,11,18,20,25,29,35,38,40,48],"ascension_level":0}}