{"host":"whyfdmrq1ty0e9zp","time":1613640489,"event":{"mods":["Act Like it!","BaseMod","Colored Map","Colored Powertips","Conspire","Energized Spire","Gensokyo","Marisa£®ÏF”Í°°ƒß¿Ì…≥£©","Minty Spire (QoL Compilation)","MostiFishMod","Prisma Mod","Quick Restart","Relic Stats","Remilia£®¿Ÿ√◊¿Ú—«£©","Replay The Spire","StSLib","TestMod","The Servant 0.9.4","°æ“≈ŒÔø®≈∆°øREMEMod"],"gold_per_floor":[118,130,5,25,39,39,39],"floor_reached":6,"language":"ZHS","playtime":233,"items_purged":["Strike_B"],"score":76,"play_id":"2c66ba21-d421-4b5d-b7d0-1d77e7939aec","local_time":"20210218172809","is_ascension_mode":true,"campfire_choices":[],"circlet_count":0,"master_deck":["AscendersBane","Strike_B","Strike_B","Strike_B","Defend_B","Defend_B","Defend_B","Defend_B","Zap","Dualcast","MostiFishMod:StarOceanP","Hologram","Scrape","Go for the Eyes","Conserve Battery","MostiFishMod:GatherIntelligence"],"relics":["Cracked Core","testmod-TestBox","DaveBox","REME_ComplimentaryCards","testmod-RandomTest","xbg","NeowsBlessing","SynthV:TestCard","Prayer Wheel"],"acts_visited":["Exordium"],"potions_floor_usage":[],"damage_taken":[{"damage":0,"enemies":"Cultist","floor":1,"turns":1},{"damage":0,"enemies":"Small Slimes","floor":2,"turns":1},{"damage":0,"enemies":"Jaw Worm","floor":4,"turns":1},{"damage":21,"enemies":"Large Slime","floor":5,"turns":8},{"damage":7,"enemies":"Gremlin Nob","floor":6,"turns":3}],"seed_played":"2591328857380508176","potions_obtained":[{"floor":2,"key":"Strength Potion"},{"floor":4,"key":"Languid Potion"}],"is_trial":false,"path_per_floor":["M","M","$","M","M","E"],"character_chosen":"DEFECT","items_purchased":["Go for the Eyes"],"campfire_rested":0,"item_purchase_floors":[3],"current_hp_per_floor":[64,64,64,64,43,36,36],"gold":39,"neow_bonus":"THREE_ENEMY_KILL","is_daily":false,"chose_seed":false,"campfire_upgraded":0,"win_rate":0.0,"timestamp":1613640489,"path_taken":["M","M","$","?","?","E"],"items_purchased_type":["Card"],"build_version":"2020-12-22","purchased_purges":1,"victory":false,"max_hp_per_floor":[71,71,71,71,71,71,71],"relic_stats":{"counters":[5,14],"Prayer Wheel":1,"obtain_stats":[{"testmod-TestBox":0,"SynthV:TestCard":1,"DaveBox":0,"NeowsBlessing":0,"Prayer Wheel":5,"testmod-RandomTest":0,"xbg":0,"Cracked Core":0,"REME_ComplimentaryCards":0},{"testmod-TestBox":0,"SynthV:TestCard":1,"DaveBox":0,"NeowsBlessing":0,"Prayer Wheel":4,"testmod-RandomTest":0,"xbg":0,"Cracked Core":0,"REME_ComplimentaryCards":0},{"testmod-TestBox":0,"SynthV:TestCard":1,"DaveBox":0,"NeowsBlessing":0,"Prayer Wheel":6,"testmod-RandomTest":0,"xbg":0,"Cracked Core":0,"REME_ComplimentaryCards":0}]},"card_choices":[{"not_picked":["Steam","Cold Snap"],"picked":"Hologram","floor":1},{"not_picked":["BasicCrystalCard","ReplayGash","Turbo","Redo"],"picked":"Scrape","floor":2},{"not_picked":["Blizzard","Conserve Battery","Coolheaded","Melter"],"picked":"ReplayTheSpireMod:Fabricate Wheel","floor":4},{"not_picked":["Rebound","REME_Compress","ReplayTheSpireMod:System Scan","Fusion"],"picked":"Conserve Battery","floor":5},{"not_picked":["Stack","Turbo","Hologram","Rebound"],"picked":"MostiFishMod:GatherIntelligence","floor":5}],"player_experience":511987,"relics_obtained":[{"floor":1,"key":"SynthV:TestCard"}],"event_choices":[],"is_beta":false,"boss_relics":[],"items_purged_floors":[3],"is_endless":false,"potions_floor_spawned":[2,4],"killed_by":"Gremlin Nob","ascension_level":20}}