{"host":"jr8vrtwn64siegs0","time":1613617876,"event":{"mods":["2.2 Compatiblity","Aspiration","BaseMod","Better Third Choice","BetterRewards","Colored Map","Downfall","Friendly Minions","Hubris","Jorbs\u0027s Wanderer Trilogy","Minty Spire (QoL Compilation)","Quick Restart","Shop Mod","StSLib","The Bug Knight","everything is the same but u backflip on backflip"],"gold_per_floor":[116,116,129,149,163,163,175,175,227,259,288,320,349,387,399,508,520,552,564,591,615,645,686,712,724,761,785,797,295,326,362,362,460,460,480,480,499,549,20,20,20,35,58,69,81,111,111,160,160,160],"floor_reached":51,"language":"ENG","playtime":7205,"items_purged":[],"score":882,"play_id":"7301929a-be77-4914-8dfe-c4bc47d71725","local_time":"20210217191116","daily_mods":["Draft","Colorless Cards","Heirloom"],"is_ascension_mode":false,"campfire_choices":[{"data":"Discovery","floor":6,"key":"SMITH"},{"data":"bronze:Optimize","floor":8,"key":"SMITH"},{"data":"Chrysalis","floor":15,"key":"SMITH"},{"data":"bronze:Assembly","floor":25,"key":"SMITH"},{"data":"Jack Of All Trades","floor":28,"key":"SMITH"},{"data":"bronze:AlphaBuild","floor":32,"key":"SMITH"},{"data":"bronze:Virus","floor":40,"key":"SMITH"}],"circlet_count":0,"master_deck":["bronze:CloningBeam","Forethought","bronze:Optimize+1","Discovery+1","bronze:Boost","bronze:Fortify+1","bronze:GetLatest","bronze:FineTuning","bronze:Frontload+1","bronze:Return","bronze:Branch+1","bronze:BronzeOrb+1","bronze:WhirlingStrike+1","bronze:FollowUp","bronze:Iterate","Swift Strike","bronze:BitShift","Dark Shackles","Discovery+1","Impatience","Chrysalis+1","Finesse","Deep Breath","Jack Of All Trades+1","bronze:Assembly+1","bronze:Turbo+1","bronze:ClassDefault","bronze:Overheat+1","bronze:Repair","bronze:DelayedGuard+1","bronze:Virus+1","bronze:AlphaBuild+1","bronze:FindAndReplace","bronze:BuggyMess+1","bronze:Frontload+1","Chrysalis"],"relics":["bronze:BronzeCore","Pocketwatch","MawBank","hubris:SlimyHat","Runic Pyramid","hexamod:BolsterEngine","Slimebound:StickyStick","Happy Flower","aspiration:Lifesprig","Letter Opener","expansioncontent:StudyCardRelic","champ:DeflectingBracers","hubris:EmptyBottle","Whetstone","Sundial","aspiration:ArtOfWarUpgrade","Blue Candle","Bag of Marbles"],"acts_visited":["Exordium","TheCity","TheBeyond"],"potions_floor_usage":[14,21,27,30,30,30,45,50,50,50,50,50,50],"damage_taken":[{"damage":0,"enemies":"Jaw Worm","floor":1,"turns":2},{"damage":0,"enemies":"Cultist","floor":3,"turns":2},{"damage":11,"enemies":"Small Slimes","floor":4,"turns":3},{"damage":5,"enemies":"Gremlin Gang","floor":5,"turns":4},{"damage":1,"enemies":"Blue Slaver","floor":7,"turns":3},{"damage":10,"enemies":"Large Slime","floor":10,"turns":4},{"damage":0,"enemies":"Exordium Thugs","floor":11,"turns":2},{"damage":1,"enemies":"Blue Slaver","floor":12,"turns":3},{"damage":0,"enemies":"Looter","floor":13,"turns":2},{"damage":0,"enemies":"Lagavulin","floor":14,"turns":2},{"damage":0,"enemies":"Slime Boss","floor":16,"turns":6},{"damage":9,"enemies":"Shell Parasite","floor":18,"turns":5},{"damage":0,"enemies":"2 Thieves","floor":20,"turns":4},{"damage":0,"enemies":"Centurion and Healer","floor":21,"turns":4},{"damage":6,"enemies":"Snake Plant","floor":22,"turns":5},{"damage":18,"enemies":"Gremlin Leader","floor":23,"turns":6},{"damage":0,"enemies":"3 Cultists","floor":24,"turns":4},{"damage":28,"enemies":"Snecko","floor":27,"turns":8},{"damage":0,"enemies":"Slavers","floor":30,"turns":5},{"damage":4,"enemies":"Shelled Parasite and Fungi","floor":31,"turns":4},{"damage":30,"enemies":"Automaton","floor":33,"turns":7},{"damage":2,"enemies":"3 Darklings","floor":35,"turns":5},{"damage":0,"enemies":"Orb Walker","floor":37,"turns":2},{"damage":12,"enemies":"Mind Bloom Boss Battle","floor":38,"turns":6},{"damage":6,"enemies":"4 Shapes","floor":42,"turns":3},{"damage":7,"enemies":"Writhing Mass","floor":44,"turns":4},{"damage":0,"enemies":"Spire Growth","floor":45,"turns":4},{"damage":9,"enemies":"Giant Head","floor":46,"turns":7},{"damage":0,"enemies":"Nemesis","floor":48,"turns":5},{"damage":28,"enemies":"Donu and Deca","floor":50,"turns":4}],"seed_played":"-861816031122635853","potions_obtained":[{"floor":3,"key":"Block Potion"},{"floor":5,"key":"bronze:BuildAFunctionPotion"},{"floor":7,"key":"Block Potion"},{"floor":11,"key":"DistilledChaos"},{"floor":16,"key":"sneckomod:MuddlingPotion"},{"floor":20,"key":"BlessingOfTheForge"},{"floor":23,"key":"GamblersBrew"},{"floor":24,"key":"Guardian:BlockOnCardUsePotion"},{"floor":30,"key":"Strength Potion"},{"floor":38,"key":"champ:CounterPotion"},{"floor":46,"key":"DuplicationPotion"},{"floor":48,"key":"Dexterity Potion"}],"is_trial":true,"path_per_floor":["M","?","M","M","M","R","M","R","T","M","M","M","M","E","R","B",null,"M","?","M","M","M","E","M","R","T","M","R","$","E","M","R","B",null,"M","?","M","?","$","R","?","M","T","M","M","E","R","E","R","B",null],"character_chosen":"THE_AUTOMATON","items_purchased":["Happy Flower","bronze:Virus","aspiration:Lifesprig","DistilledChaos","hubris:EmptyBottle","Whetstone","Sundial"],"campfire_rested":0,"item_purchase_floors":[29,29,29,29,39,39,39],"current_hp_per_floor":[70,70,70,59,54,54,53,53,53,43,43,42,42,42,42,42,70,61,61,61,61,55,37,47,47,47,26,26,26,40,52,52,22,70,69,69,69,64,64,64,64,58,58,58,65,63,63,70,70,42],"gold":160,"neow_bonus":"","is_daily":false,"chose_seed":false,"campfire_upgraded":7,"win_rate":0.0,"timestamp":1613617876,"path_taken":["M","?","M","M","M","R","M","R","T","?","?","M","M","E","R","BOSS","M","?","M","?","M","E","M","R","T","?","R","$","E","M","R","BOSS","M","?","M","?","$","R","?","M","T","?","M","E","R","E","R","BOSS"],"items_purchased_type":["Relic","Card","Relic","Potion","Relic","Relic","Relic"],"build_version":"2020-12-22","purchased_purges":0,"victory":true,"max_hp_per_floor":[70,70,70,70,70,70,70,70,70,70,70,70,70,70,70,70,70,70,70,70,70,70,70,70,70,70,70,70,70,70,70,70,70,70,70,70,70,70,70,70,70,70,70,70,70,70,70,70,70,70],"card_choices":[{"not_picked":["bronze:WhirlingStrike","bronze:ItsAFeature"],"picked":"bronze:CloningBeam","floor":0},{"not_picked":["bronze:WildBeam","bronze:BitShift"],"picked":"Forethought","floor":0},{"not_picked":["Flash of Steel","bronze:Deprecate"],"picked":"bronze:Optimize","floor":0},{"not_picked":["bronze:Invalidate","bronze:Flail"],"picked":"Discovery","floor":0},{"not_picked":["bronze:Iterate","bronze:DigitalCarnage"],"picked":"bronze:Boost","floor":0},{"not_picked":["bronze:Overheat","Finesse"],"picked":"bronze:Fortify","floor":0},{"not_picked":["bronze:WildBeam","bronze:DelayedGuard"],"picked":"bronze:GetLatest","floor":0},{"not_picked":["bronze:Iterate","bronze:OilSpill"],"picked":"bronze:FineTuning","floor":0},{"not_picked":["bronze:Shield","bronze:BuggyMess"],"picked":"bronze:Frontload","floor":0},{"not_picked":["bronze:WhirlingStrike","bronze:GetLatest"],"picked":"bronze:Return","floor":0},{"not_picked":["bronze:Invalidate","bronze:BitShift"],"picked":"bronze:Branch","floor":0},{"not_picked":["bronze:ClassDefault","bronze:ChildClass"],"picked":"bronze:BronzeOrb","floor":0},{"not_picked":["bronze:BugBarrage","bronze:ForLoop"],"picked":"bronze:WhirlingStrike","floor":0},{"not_picked":["bronze:DigitalCarnage","bronze:WildBeam"],"picked":"bronze:FollowUp","floor":0},{"not_picked":["bronze:OilSpill","bronze:NullPointer"],"picked":"bronze:Iterate","floor":0},{"not_picked":["bronze:DelayedGuard","bronze:WildBeam"],"picked":"Swift Strike","floor":1},{"not_picked":["bronze:Frontload","bronze:CloningBeam"],"picked":"bronze:BitShift","floor":3},{"not_picked":["bronze:Overload","bronze:Return"],"picked":"Dark Shackles","floor":4},{"not_picked":["bronze:DelayedGuard","bronze:BuggyMess"],"picked":"Discovery","floor":5},{"not_picked":["bronze:DelayedGuard","bronze:Turbo"],"picked":"Impatience","floor":7},{"not_picked":["bronze:OilSpill","bronze:Invalidate"],"picked":"Chrysalis","floor":10},{"not_picked":["bronze:Deprecate","bronze:DigitalCarnage"],"picked":"Finesse","floor":11},{"not_picked":["bronze:Frontload","bronze:Deprecate"],"picked":"Deep Breath","floor":12},{"not_picked":["bronze:Turbo","bronze:WhirlingStrike"],"picked":"Jack Of All Trades","floor":13},{"not_picked":["bronze:Frontload","bronze:OilSpill","bronze:BuggyMess"],"picked":"SKIP","floor":14},{"not_picked":["Panache","Magnetism"],"picked":"bronze:Assembly","floor":16},{"not_picked":["bronze:Deprecate","bronze:FollowUp"],"picked":"bronze:Turbo+1","floor":18},{"not_picked":["bronze:Overheat","bronze:Safeguard"],"picked":"bronze:ClassDefault","floor":20},{"not_picked":["bronze:Boost+1","bronze:Invalidate","bronze:Shell"],"picked":"SKIP","floor":21},{"not_picked":["bronze:BuggyMess","bronze:DelayedGuard"],"picked":"bronze:Overheat+1","floor":22},{"not_picked":["bronze:Invalidate+1","bronze:GetLatest"],"picked":"bronze:Repair","floor":23},{"not_picked":["bronze:DelayedSlice","bronze:ItsAFeature"],"picked":"bronze:DelayedGuard+1","floor":24},{"not_picked":["bronze:Backtrace+1","bronze:DigitalCarnage","bronze:Branch"],"picked":"SKIP","floor":27},{"not_picked":["Deep Breath","bronze:Overheat"],"picked":"bronze:AlphaBuild","floor":30},{"not_picked":["bronze:Frontload","bronze:Iterate","bronze:DelayedSlice"],"picked":"SKIP","floor":31},{"not_picked":["Mayhem","Master of Strategy"],"picked":"bronze:FindAndReplace","floor":33},{"not_picked":["bronze:BronzeArmor","Madness+1"],"picked":"bronze:BuggyMess+1","floor":35},{"not_picked":["bronze:Repulsor","bronze:Frontload+1","Purity"],"picked":"SKIP","floor":37},{"not_picked":["bronze:Repulsor","Purity"],"picked":"bronze:Frontload+1","floor":37},{"not_picked":["Bandage Up","Swift Strike"],"picked":"Chrysalis","floor":41},{"not_picked":["bronze:DelayedSlice","bronze:Shield","bronze:Backtrace+1"],"picked":"SKIP","floor":42},{"not_picked":["bronze:Shield+1","bronze:OilSpill+1","bronze:WildBeam"],"picked":"SKIP","floor":44},{"not_picked":["bronze:Overheat+1","bronze:WhirlingStrike","bronze:DelayedSlice"],"picked":"SKIP","floor":45},{"not_picked":["bronze:BronzeArmor+1","bronze:BugBarrage","bronze:Optimize+1"],"picked":"SKIP","floor":46},{"not_picked":["Bandage Up+1","bronze:Allocate","bronze:Invalidate"],"picked":"SKIP","floor":48}],"player_experience":620307,"relics_obtained":[{"floor":9,"key":"MawBank"},{"floor":14,"key":"hubris:SlimyHat"},{"floor":23,"key":"hexamod:BolsterEngine"},{"floor":26,"key":"Slimebound:StickyStick"},{"floor":30,"key":"Letter Opener"},{"floor":38,"key":"champ:DeflectingBracers"},{"floor":43,"key":"Art of War"},{"floor":46,"key":"Blue Candle"},{"floor":48,"key":"Bag of Marbles"}],"event_choices":[{"damage_healed":0,"gold_gain":0,"player_choice":"Upgraded","damage_taken":0,"max_hp_gain":0,"max_hp_loss":0,"event_name":"Upgrade Shrine","floor":2,"gold_loss":0,"cards_upgraded":["Discovery"]},{"damage_healed":0,"gold_gain":0,"player_choice":"Ignored","damage_taken":0,"max_hp_gain":0,"max_hp_loss":0,"event_name":"Tomb of Lord Red Mask","floor":36,"gold_loss":0},{"damage_healed":0,"gold_gain":0,"player_choice":"Fight","damage_taken":0,"max_hp_gain":0,"max_hp_loss":0,"event_name":"MindBloom","floor":38,"gold_loss":0},{"damage_healed":0,"gold_gain":0,"player_choice":"Memory 1","damage_taken":0,"max_hp_gain":0,"max_hp_loss":0,"event_name":"SensoryStone","floor":41,"gold_loss":0}],"is_beta":false,"boss_relics":[{"not_picked":["hubris:CrackedHourglass","bronze:MakeshiftBattery"],"picked":"Runic Pyramid"},{"not_picked":["aspiration:PoetsPen_weak","aspiration:IroncladSkillbook"],"picked":"expansioncontent:StudyCardRelic"}],"items_purged_floors":[],"is_endless":false,"potions_floor_spawned":[3,5,7,11,16,20,23,24,30,38,46,48],"ascension_level":0}}