{"host":"4rvakrj1idbgia3f","time":1613682011,"event":{"mods":["BaseMod","Colored Map","Colored Powertips","DeckTracker","Highlight Path","Minty Spire (QoL Compilation)","Random Character Button","StSLib"],"gold_per_floor":[113,113,38,38,53,53,81,81,81,97,122,122,136,155,155,227,227,245,245,258,258,326,358,372,372,395,413,413,432,445,83,83,154,154,165,165,185,54,54,81,98,98,98,78,95,95,123,134,134,134,134],"floor_reached":50,"language":"JPN","playtime":2622,"items_purged":["Strike_G","Strike_G"],"score":1104,"play_id":"018c518c-d847-4077-89b4-11a0e77d5d94","local_time":"20210219060011","is_ascension_mode":true,"campfire_choices":[{"data":"Blade Dance","floor":6.0,"key":"SMITH"},{"data":"Storm of Steel","floor":8.0,"key":"SMITH"},{"data":"Prepared","floor":12.0,"key":"SMITH"},{"data":"Neutralize","floor":15.0,"key":"SMITH"},{"floor":25.0,"key":"REST"},{"data":"Blade Dance","floor":28,"key":"SMITH"},{"floor":32,"key":"REST"},{"data":"Malaise","floor":42,"key":"SMITH"},{"floor":46,"key":"REST"},{"floor":49,"key":"RECALL"}],"circlet_count":0,"master_deck":["AscendersBane","Strike_G","Defend_G","Defend_G","Defend_G","Defend_G","Survivor","Neutralize+1","Blade Dance+1","Dagger Spray","Storm of Steel+1","Slice+1","Prepared+1","Finisher+1","Acrobatics","A Thousand Cuts","Backstab+1","Backstab+1","Tactician","Blade Dance+1","Outmaneuver","Slice+1","Footwork","Dark Shackles","Backflip","Blur+1","Malaise+1","Dodge and Roll","PiercingWail","Parasite","PiercingWail+1","Quick Slash+1"],"relics":["Ring of the Snake","NeowsBlessing","Singing Bowl","Molten Egg 2","Tiny Chest","SacredBark","MutagenicStrength","Kunai","Dream Catcher","Pen Nib","Membership Card","Vajra","Busted Crown","Question Card","Potion Belt"],"acts_visited":["Exordium","TheCity","TheBeyond"],"potions_floor_usage":[33,33,45,47],"damage_taken":[{"damage":0.0,"enemies":"2 Louse","floor":1.0,"turns":1.0},{"damage":0.0,"enemies":"Cultist","floor":5.0,"turns":1.0},{"damage":0.0,"enemies":"Lagavulin","floor":7.0,"turns":1.0},{"damage":0.0,"enemies":"Jaw Worm","floor":10.0,"turns":3.0},{"damage":0.0,"enemies":"3 Sentries","floor":11.0,"turns":2.0},{"damage":6.0,"enemies":"3 Louse","floor":13.0,"turns":2.0},{"damage":4.0,"enemies":"Exordium Wildlife","floor":14.0,"turns":3.0},{"damage":35.0,"enemies":"The Guardian","floor":16.0,"turns":15.0},{"damage":0.0,"enemies":"Shell Parasite","floor":18.0,"turns":2.0},{"damage":20.0,"enemies":"2 Thieves","floor":20.0,"turns":3.0},{"damage":8.0,"enemies":"Slavers","floor":23.0,"turns":3.0},{"damage":4.0,"enemies":"3 Cultists","floor":24.0,"turns":3.0},{"damage":7,"enemies":"Shelled Parasite and Fungi","floor":27,"turns":2},{"damage":6,"enemies":"Centurion and Healer","floor":29,"turns":3},{"damage":0,"enemies":"Chosen and Byrds","floor":30,"turns":3},{"damage":74,"enemies":"Champ","floor":33,"turns":14},{"damage":1,"enemies":"3 Darklings","floor":35,"turns":5},{"damage":0,"enemies":"Orb Walker","floor":37,"turns":1},{"damage":7,"enemies":"Sphere and 2 Shapes","floor":41,"turns":4},{"damage":16,"enemies":"Writhing Mass","floor":45,"turns":8},{"damage":30,"enemies":"Reptomancer","floor":47,"turns":14},{"damage":6,"enemies":"Jaw Worm Horde","floor":48,"turns":5},{"damage":32,"enemies":"Donu and Deca","floor":50,"turns":3}],"seed_played":"5540418520607620987","potions_obtained":[{"floor":4.0,"key":"SteroidPotion"},{"floor":4.0,"key":"Block Potion"},{"floor":11.0,"key":"Fire Potion"},{"floor":18.0,"key":"AttackPotion"},{"floor":20.0,"key":"Regen Potion"},{"floor":24.0,"key":"LiquidMemories"},{"floor":35,"key":"Dexterity Potion"},{"floor":45,"key":"Explosive Potion"},{"floor":47,"key":"Poison Potion"}],"is_trial":false,"path_per_floor":["M","?","?","?","M","R","E","R","T","M","E","R","M","M","R","B",null,"M","?","M","?","T","E","M","R","T","M","R","M","M","$","R","B",null,"M","?","M","$","?","T","M","R","T","?","M","R","E","M","R","B"],"character_chosen":"THE_SILENT","items_purchased":["Membership Card","Vajra","Dark Shackles","Backflip","GhostInAJar","PiercingWail"],"campfire_rested":3,"item_purchase_floors":[31,31,31,31,38,38],"current_hp_per_floor":[59,52,52,52,52,52,52,52,52,52,52,52,46,42,42,7,51,51,51,31,31,31,25,21,41,41,36,36,30,30,30,51,26,59,60,60,60,60,60,60,55,55,55,55,39,62,34,28,28,0,0],"gold":134,"neow_bonus":"THREE_ENEMY_KILL","is_daily":false,"chose_seed":false,"campfire_upgraded":6,"win_rate":0.0,"timestamp":1613682011,"path_taken":["M","?","?","?","M","R","E","R","T","M","E","R","?","M","R","BOSS","M","?","M","?","?","E","?","R","T","M","R","M","M","$","R","BOSS","M","?","M","$","?","?","?","R","T","?","M","R","E","?","R","BOSS"],"items_purchased_type":["Relic","Relic","Card","Card","Potion","Card"],"build_version":"2020-12-22","purchased_purges":2,"victory":false,"max_hp_per_floor":[66,66,66,66,66,66,66,66,66,66,66,66,66,66,66,66,66,66,66,66,66,66,68,68,68,68,70,70,70,70,70,70,70,70,72,68,68,68,68,68,70,70,70,70,70,72,74,74,74,74,74],"card_choices":[{"not_picked":["Dagger Spray","Acrobatics"],"picked":"Blade Dance","floor":1.0},{"not_picked":["Poisoned Stab","Underhanded Strike"],"picked":"Dagger Spray","floor":5.0},{"not_picked":["Reflex","Blur"],"picked":"Storm of Steel","floor":7.0},{"not_picked":["Sucker Punch+1","Backflip"],"picked":"Slice+1","floor":10.0},{"not_picked":["Sucker Punch+1","Riddle With Holes+1"],"picked":"Prepared","floor":11.0},{"not_picked":["Blade Dance","Dagger Spray+1"],"picked":"Finisher+1","floor":13.0},{"not_picked":["Quick Slash+1","Flechettes+1"],"picked":"Acrobatics","floor":14.0},{"not_picked":["Tools of the Trade","Storm of Steel"],"picked":"A Thousand Cuts","floor":16.0},{"not_picked":["Masterful Stab+1","Slice+1"],"picked":"Backstab+1","floor":18.0},{"not_picked":["Underhanded Strike+1","Deflect"],"picked":"Tactician","floor":20.0},{"not_picked":["Sucker Punch+1","Crippling Poison","Skewer+1"],"picked":"Singing Bowl","floor":23.0},{"not_picked":["Heel Hook+1","Quick Slash+1"],"picked":"Blade Dance","floor":24.0},{"not_picked":["Deflect","Cloak And Dagger"],"picked":"Outmaneuver","floor":25.0},{"not_picked":["Envenom","Deadly Poison","Outmaneuver"],"picked":"Singing Bowl","floor":27},{"not_picked":["Caltrops","Dagger Spray+1"],"picked":"Slice+1","floor":29},{"not_picked":["Flying Knee+1","Bullet Time"],"picked":"Footwork","floor":30},{"not_picked":["Escape Plan","Crippling Poison"],"picked":"Blur+1","floor":32},{"not_picked":["Night Terror","Burst"],"picked":"Malaise","floor":33},{"not_picked":["Flechettes+1"],"picked":"Singing Bowl","floor":35},{"not_picked":[],"picked":"Dodge and Roll","floor":37},{"not_picked":["Dash+1"],"picked":"Singing Bowl","floor":41},{"not_picked":["Choke+1"],"picked":"PiercingWail+1","floor":45},{"not_picked":["Riddle With Holes+1","Cloak And Dagger"],"picked":"Singing Bowl","floor":46},{"not_picked":["Flechettes+1","Heel Hook+1"],"picked":"Singing Bowl","floor":47},{"not_picked":["Slice+1"],"picked":"Quick Slash+1","floor":48}],"player_experience":2407816,"relics_obtained":[{"floor":7.0,"key":"Singing Bowl"},{"floor":9.0,"key":"Molten Egg 2"},{"floor":11.0,"key":"Tiny Chest"},{"floor":22.0,"key":"Kunai"},{"floor":23.0,"key":"Dream Catcher"},{"floor":26.0,"key":"Pen Nib"},{"floor":43,"key":"Question Card"},{"floor":47,"key":"Potion Belt"}],"event_choices":[{"cards_removed":["Strike_G"],"damage_healed":0.0,"max_hp_gain":0.0,"max_hp_loss":0.0,"gold_gain":0.0,"event_name":"Golden Wing","player_choice":"Card Removal","floor":2.0,"gold_loss":0.0,"damage_taken":7.0},{"cards_removed":["Defend_G"],"damage_healed":0.0,"max_hp_gain":0.0,"max_hp_loss":0.0,"gold_gain":0.0,"event_name":"The Cleric","player_choice":"Card Removal","floor":3.0,"gold_loss":75.0,"damage_taken":0.0},{"damage_healed":0.0,"max_hp_gain":0.0,"max_hp_loss":0.0,"gold_gain":0.0,"event_name":"Lab","player_choice":"Got Potions","floor":4.0,"gold_loss":0.0,"damage_taken":0.0},{"damage_healed":0.0,"max_hp_gain":0.0,"max_hp_loss":0.0,"gold_gain":0.0,"event_name":"The Library","player_choice":"Read","floor":19.0,"gold_loss":0.0,"damage_taken":0.0,"cards_obtained":["Backstab"]},{"damage_healed":0.0,"max_hp_gain":0.0,"max_hp_loss":0.0,"gold_gain":0.0,"event_name":"Drug Dealer","player_choice":"Inject Mutagens","floor":21.0,"gold_loss":0.0,"damage_taken":0.0,"relics_obtained":["MutagenicStrength"]},{"damage_healed":0,"gold_gain":0,"player_choice":"Max HP","damage_taken":0,"max_hp_gain":0,"max_hp_loss":4,"event_name":"Winding Halls","floor":36,"gold_loss":0},{"cards_removed":["Strike_G"],"damage_healed":0,"gold_gain":0,"player_choice":"Purged","damage_taken":0,"max_hp_gain":0,"max_hp_loss":0,"event_name":"Purifier","floor":39,"gold_loss":0},{"damage_healed":0,"gold_gain":0,"player_choice":"Bought 1 Potion","damage_taken":0,"max_hp_gain":0,"max_hp_loss":0,"event_name":"The Woman in Blue","floor":44,"gold_loss":0}],"is_beta":false,"boss_relics":[{"not_picked":["Tiny House","Velvet Choker"],"picked":"SacredBark"},{"not_picked":["Philosopher\u0027s Stone","Black Star"],"picked":"Busted Crown"}],"items_purged_floors":[31,38],"is_endless":false,"potions_floor_spawned":[7,11,13,18,20,24,27,35,45,47],"killed_by":"Donu and Deca","ascension_level":20}}