{"host":"o6j8h35axmoodbwy","time":1613648684,"event":{"mods":["2.2 Compatiblity","Act Like it!","BaseMod","Colored Map","Colored Powertips","Faster Ascension Climbing","MarisaÅiñ∂âJÅ@ñÇóùçπÅj","Minty Spire (QoL Compilation)","Prisma Mod","Quick Restart","Shop Mod","StSLib","SuperFastMode","Td1madao Mod"],"gold_per_floor":[116,41,41,55,130,130,144,173,173,173,173,173,189,204,204,204,204],"floor_reached":16,"language":"JPN","playtime":539,"items_purged":["Strike_R"],"score":190,"play_id":"1b3ef725-dfee-413d-a52b-2339af7cc2dd","local_time":"20210218204444","is_ascension_mode":true,"campfire_choices":[{"data":"Bash","floor":6,"key":"SMITH"},{"data":"Whirlwind","floor":10,"key":"SMITH"},{"floor":12,"key":"DIG"},{"data":"Body Slam","floor":15,"key":"SMITH"}],"circlet_count":0,"master_deck":["AscendersBane","Strike_R","Strike_R","Strike_R","Strike_R","Defend_R","Defend_R","Defend_R","Defend_R","Bash+1","True Grit+1","Iron Wave+1","Clash","Whirlwind+1","Body Slam+1"],"relics":["Burning Blood","Nunchaku","Turnip","Shovel","Lizard Tail"],"acts_visited":["Exordium"],"potions_floor_usage":[8],"damage_taken":[{"damage":7,"enemies":"Small Slimes","floor":1,"turns":3},{"damage":10,"enemies":"Cultist","floor":4,"turns":6},{"damage":2,"enemies":"2 Louse","floor":7,"turns":3},{"damage":6,"enemies":"Lagavulin","floor":8,"turns":6},{"damage":6,"enemies":"Looter","floor":13,"turns":3},{"damage":9,"enemies":"2 Fungi Beasts","floor":14,"turns":2},{"damage":93,"enemies":"Hexaghost","floor":16,"turns":14}],"seed_played":"-4470219201296365416","potions_obtained":[{"floor":4,"key":"PowerPotion"},{"floor":8,"key":"Swift Potion"},{"floor":13,"key":"SmokeBomb"}],"is_trial":false,"path_per_floor":["M","$","?","M","?","R","M","E","T","R","?","R","M","M","R","B"],"character_chosen":"IRONCLAD","items_purchased":[],"campfire_rested":0,"item_purchase_floors":[],"current_hp_per_floor":[67,67,67,63,52,52,56,56,56,56,56,56,56,53,53,0,0],"gold":204,"neow_bonus":"RANDOM_COMMON_RELIC","is_daily":false,"chose_seed":false,"campfire_upgraded":3,"win_rate":0.0,"timestamp":1613648684,"path_taken":["M","$","?","M","?","R","M","E","T","R","?","R","M","M","R","BOSS"],"items_purchased_type":[],"build_version":"2020-12-22","purchased_purges":1,"victory":false,"max_hp_per_floor":[75,75,75,75,75,75,75,75,75,75,75,75,75,75,75,75,75],"card_choices":[{"not_picked":["Pommel Strike","Dual Wield"],"picked":"True Grit","floor":1},{"not_picked":["Dark Embrace","Heavy Blade"],"picked":"Iron Wave","floor":4},{"not_picked":["Body Slam","Twin Strike"],"picked":"Clash","floor":7},{"not_picked":["Sentinel","Anger"],"picked":"Whirlwind","floor":8},{"not_picked":["Exhume","True Grit"],"picked":"Body Slam","floor":13},{"not_picked":["Body Slam","Havoc","Perfected Strike"],"picked":"SKIP","floor":14}],"player_experience":444451,"relics_obtained":[{"floor":8,"key":"Turnip"},{"floor":9,"key":"Shovel"},{"floor":12,"key":"Lizard Tail"}],"event_choices":[{"damage_healed":0,"gold_gain":0,"player_choice":"Grow","damage_taken":0,"max_hp_gain":0,"max_hp_loss":0,"event_name":"Living Wall","floor":3,"gold_loss":0,"cards_upgraded":["True Grit"]},{"damage_healed":0,"gold_gain":75,"player_choice":"Gather Gold","damage_taken":11,"max_hp_gain":0,"max_hp_loss":0,"event_name":"World of Goop","floor":5,"gold_loss":0},{"damage_healed":0,"gold_gain":0,"player_choice":"Upgraded","damage_taken":0,"max_hp_gain":0,"max_hp_loss":0,"event_name":"Upgrade Shrine","floor":11,"gold_loss":0,"cards_upgraded":["Iron Wave"]}],"is_beta":false,"boss_relics":[],"items_purged_floors":[2],"is_endless":false,"potions_floor_spawned":[4,8,13,14],"killed_by":"Hexaghost","ascension_level":18}}