{"host":"i9o21tdcc8l3o4rw","time":1613645387,"event":{"mods":["2.2 Compatiblity","Act Like it!","BaseMod","BetterRewards","Colored Map","Colored Powertips","Hubris","Infinite Spire","Jorbs\u0027s Wanderer Trilogy","Marisa????????","Menagerie","Minty Spire (QoL Compilation)","Replay The Spire","Shop Mod","StSLib","The Bladedancer","The Exalted","The Servant 0.9.4","??????REMEMod"],"gold_per_floor":[115,115,135,155,155,155,183,183,183,183,31,31,44,56,56,158,158,168,183,36,54,54,54,79,79,79,97,117,117,117,117,117,218,218,228,239,17,17,17,46,65,65,65,83,101,101,64,79,79,79],"floor_reached":51,"playtime":6945,"items_purged":[],"score":701,"play_id":"612b1719-14ba-4a98-98eb-96fb9e011e2f","local_time":"20210218114947","is_ascension_mode":false,"campfire_choices":[{"floor":6,"key":"REST"},{"floor":8,"key":"REST"},{"floor":10,"key":"REST"},{"floor":15,"key":"REST"},{"floor":23,"key":"REST"},{"floor":25,"key":"REST"},{"floor":29,"key":"REST"},{"floor":32,"key":"REST"},{"floor":42,"key":"REST"},{"floor":49,"key":"REST"}],"circlet_count":0,"master_deck":["Feed+1","Strike_G","Strike_G","Strike_G","Strike_G","Strike_G","Defend_G","Defend_G","Defend_G","Defend_G","Defend_G","Survivor","Neutralize","Blade Dance","Cloak And Dagger","Cloak And Dagger","Quick Slash","Deflect","Backstab","Hidden Blade","Glass Knife","Outmaneuver+1","Caltrops","Accuracy","Predator","Blade Dance+1","Fluid Movement","Acrobatics+1","Slice","Leg Sweep","Neutralize","Heel Hook","Die Die Die","Dodge and Roll","PanicButton+1","Infinite Blades","Backflip","Swift Strike","Neutralize","Accuracy","Endless Agony+1","Good Instincts+1","Leg Sweep+1","Deflect+1","Backstab","hubris:Counter+1"],"relics":["REME_ComplimentaryCards","Fusion Hammer","hubris:Icosahedron","hubris:SlimyHat","White Beast Statue","Bromod:ArcaneConsequence","Menagerie:ShiftingBlessing","REME_LowDesire","ReplayTheSpireMod:Lightbulb","Pen Nib","Bromod:ArcaneDeflection","infinitespire:Broken Mirror","hubris:MysteriousPyramids"],"acts_visited":["Menagerie:Menagerie","TheCity","TheBeyond"],"potions_floor_usage":[7,14,24,24,36,39,44,45,45,47,48,50,50],"damage_taken":[{"damage":3,"enemies":"Menagerie:MonstrousExperiment","floor":1,"turns":7},{"damage":0,"enemies":"Menagerie:StygianBoar","floor":3,"turns":2},{"damage":1,"enemies":"Menagerie:WhisperingWraith","floor":4,"turns":3},{"damage":9,"enemies":"Menagerie:MaskedSummoner","floor":7,"turns":8},{"damage":0,"enemies":"Menagerie:3_RABBITS","floor":13,"turns":4},{"damage":0,"enemies":"Menagerie:BEAST_MAGE_AND_PROWLING_AMALGAM","floor":14,"turns":3},{"damage":9,"enemies":"Menagerie:Chimera","floor":16,"turns":17},{"damage":5,"enemies":"Shell Parasite","floor":18,"turns":3},{"damage":0,"enemies":"3 Byrds","floor":19,"turns":5},{"damage":15,"enemies":"Snake Plant","floor":21,"turns":4},{"damage":23,"enemies":"REME_1_Revenger","floor":24,"turns":3},{"damage":0,"enemies":"3 Cultists","floor":27,"turns":5},{"damage":14,"enemies":"Centurion and Healer","floor":28,"turns":4},{"damage":61,"enemies":"hubris:MusketHawk","floor":33,"turns":11},{"damage":3,"enemies":"3 Darklings","floor":35,"turns":5},{"damage":11,"enemies":"Orb Walker","floor":36,"turns":2},{"damage":0,"enemies":"Transient","floor":39,"turns":1},{"damage":4,"enemies":"Reptomancer","floor":40,"turns":8},{"damage":14,"enemies":"3 Darklings","floor":41,"turns":5},{"damage":23,"enemies":"Jaw Worm Horde","floor":44,"turns":3},{"damage":20,"enemies":"Sphere and 2 Shapes","floor":45,"turns":6},{"damage":27,"enemies":"Maw","floor":47,"turns":9},{"damage":9,"enemies":"4 Shapes","floor":48,"turns":6},{"damage":16,"enemies":"infinitespire:MassOfShapes","floor":50,"turns":21}],"seed_played":"2098457343759074346","potions_obtained":[{"floor":1,"key":"Venom Potion"},{"floor":4,"key":"CunningPotion"},{"floor":13,"key":"Adrenaline Potion"},{"floor":14,"key":"Ancient Potion"},{"floor":16,"key":"CunningPotion"},{"floor":24,"key":"Milkshake"},{"floor":27,"key":"SmokeBomb"},{"floor":33,"key":"Death Potion"},{"floor":36,"key":"Fruit Juice"},{"floor":40,"key":"Elixir"},{"floor":41,"key":"SkillPotion"},{"floor":44,"key":"Ancient Potion"},{"floor":45,"key":"Adrenaline Potion"},{"floor":47,"key":"SpeedPotion"},{"floor":48,"key":"Adrenaline Potion"}],"is_trial":false,"path_per_floor":["M","?","M","M","?","R","E","R","T","R","$","?","M","M","R","B",null,"M","M","$","M","?","R","E","R","T","M","M","R","?","?","R","B",null,"M","M","$","?","M","E","M","R","T","M","M","?","M","M","R","B",null],"character_chosen":"THE_SILENT","items_purchased":["Bromod:ArcaneConsequence","Accuracy","Predator","Infinite Blades","Backflip","Swift Strike"],"campfire_rested":10,"item_purchase_floors":[11,20,20,37,37,37],"current_hp_per_floor":[67,67,67,66,66,70,61,70,70,70,70,61,65,69,78,69,78,73,73,73,62,62,82,59,82,82,86,72,86,86,86,86,25,86,83,81,81,81,81,77,63,91,91,68,52,52,25,16,45,29],"gold":79,"neow_bonus":"BOSS_RELIC","is_daily":false,"chose_seed":false,"campfire_upgraded":0,"win_rate":0.0,"timestamp":1613645387,"path_taken":["M","?","?","M","?","R","E","R","T","R","$","?","M","M","R","BOSS","M","M","$","M","?","R","E","R","T","M","M","R","?","?","R","BOSS","M","?","$","?","M","E","M","R","T","?","M","?","M","M","R","BOSS"],"items_purchased_type":["Relic","Card","Card","Card","Card","Card"],"build_version":"2020-11-29","purchased_purges":0,"victory":true,"max_hp_per_floor":[70,70,70,70,70,70,70,70,70,70,70,70,74,78,78,78,78,78,78,78,82,82,82,82,82,82,86,86,86,86,86,86,86,86,86,95,95,95,95,95,95,95,95,95,99,99,99,99,99,99],"card_choices":[{"not_picked":["Slice","Calculated Gamble"],"picked":"Blade Dance","floor":1},{"not_picked":["Poisoned Stab","Prepared"],"picked":"Cloak And Dagger","floor":3},{"not_picked":["Flying Knee","REME_GreenPollution"],"picked":"Quick Slash","floor":4},{"not_picked":["REME_GrazeFinale","ReplayTheSpireMod:Exploit Weakness"],"picked":"Deflect","floor":7},{"not_picked":["REME_ShadowStrike","Prepared"],"picked":"Backstab","floor":13},{"not_picked":["Outmaneuver","Quick Slash"],"picked":"Hidden Blade","floor":14},{"not_picked":["Malaise","REME_CopyPotion"],"picked":"Glass Knife","floor":16},{"not_picked":["ReplayTheSpireMod:Speed Training","Tactician+1","Magnetism"],"picked":"Outmaneuver+1","floor":18},{"not_picked":["hubris:SlightOfHand","Bane","Metamorphosis"],"picked":"Caltrops","floor":19},{"not_picked":["Backflip","Cloak And Dagger","Sadistic Nature"],"picked":"Blade Dance+1","floor":21},{"not_picked":["Outmaneuver","REME_GrazeFinale","Swift Strike"],"picked":"Fluid Movement","floor":24},{"not_picked":["Deadly Poison","Bane","Finesse"],"picked":"Acrobatics+1","floor":27},{"not_picked":["Underhanded Strike","Well Laid Plans","Replay:Sssssssssshield"],"picked":"Slice","floor":28},{"not_picked":["Corpse Explosion","Tools of the Trade","Transmutation"],"picked":"Die Die Die","floor":33},{"not_picked":["Poisoned Stab","Expertise+1","Blind+1"],"picked":"Dodge and Roll","floor":35},{"not_picked":["Flying Knee","Outmaneuver","Bane"],"picked":"PanicButton+1","floor":36},{"not_picked":["Die Die Die","ReplayTheSpireMod:The Works+1","Trip+1"],"picked":"Endless Agony+1","floor":40},{"not_picked":["hubris:Counter+1","Backflip+1","Deadly Poison+1"],"picked":"Good Instincts+1","floor":41},{"not_picked":["Deadly Poison+1","Poisoned Stab","ReplayTheSpireMod:Private Reserves+1"],"picked":"Leg Sweep+1","floor":44},{"not_picked":["Sucker Punch","Acrobatics+1","Bandage Up"],"picked":"Deflect+1","floor":45},{"not_picked":["Distraction+1","Sucker Punch+1","hubris:EnhanceAbility"],"picked":"Backstab","floor":47},{"not_picked":["Dagger Spray","REME_ShadowStrike+1","REME_BattleFury"],"picked":"hubris:Counter+1","floor":48}],"player_experience":139560,"relics_obtained":[{"floor":7,"key":"hubris:SlimyHat"},{"floor":9,"key":"White Beast Statue"},{"floor":17,"key":"ReplayTheSpireMod:Lightbulb"},{"floor":17,"key":"Pen Nib"},{"floor":24,"key":"Bromod:ArcaneDeflection"},{"floor":26,"key":"infinitespire:Broken Mirror"},{"floor":43,"key":"hubris:MysteriousPyramids"}],"event_choices":[{"damage_healed":0,"gold_gain":0,"player_choice":"Touch","damage_taken":9,"relics_obtained":["Menagerie:ShiftingBlessing"],"max_hp_gain":0,"max_hp_loss":0,"event_name":"Menagerie:LunarGift","floor":12,"gold_loss":0},{"damage_healed":0,"gold_gain":0,"player_choice":"Ignored","damage_taken":0,"max_hp_gain":0,"max_hp_loss":0,"event_name":"Vampires","floor":22,"gold_loss":0},{"damage_healed":0,"gold_gain":0,"player_choice":"Read","damage_taken":0,"max_hp_gain":0,"max_hp_loss":0,"event_name":"The Library","floor":30,"gold_loss":0,"cards_obtained":["Leg Sweep"]},{"damage_healed":0,"gold_gain":0,"player_choice":"2 cards matched","damage_taken":0,"max_hp_gain":0,"max_hp_loss":0,"event_name":"Match and Keep!","floor":31,"gold_loss":0,"cards_obtained":["Neutralize","Heel Hook"]},{"damage_healed":0,"gold_gain":0,"player_choice":"3 cards matched","damage_taken":0,"max_hp_gain":0,"max_hp_loss":0,"event_name":"Match and Keep!","floor":38,"gold_loss":0,"cards_obtained":["Neutralize","Accuracy","REME_SpectralBlade"]},{"cards_removed":["REME_SpectralBlade"],"damage_healed":0,"gold_gain":0,"player_choice":"Removed Attack","damage_taken":0,"max_hp_gain":0,"max_hp_loss":0,"event_name":"Falling","floor":46,"gold_loss":0}],"is_beta":false,"boss_relics":[{"not_picked":["Runic Dome","hubris:Stopwatch"],"picked":"REME_LowDesire"},{"not_picked":["ChewingGum","hubris:BlackHole","hubris:TerracottaHorce"]}],"items_purged_floors":[],"is_endless":false,"potions_floor_spawned":[1,4,13,14,16,18,19,21,24,27,28,33,35,36,39,40,41,44,45,47,48],"ascension_level":0}}