{"host":"ueur771it0nnharr","time":1613637533,"event":{"mods":["AchievementEnabler","BaseMod","Colored Map","Colored Powertips","Highlight Path","Hubris","Minty Spire (QoL Compilation)","StSLib"],"gold_per_floor":[110,110,121,121,138,138,152,178,190,232,244,256,299,323,335,444,756,783,4,4,20,20,20,33,33,33,33,51,51,51],"floor_reached":29,"language":"ENG","playtime":1217,"items_purged":["Strike_P"],"score":337,"play_id":"01bbc2ea-f418-468f-a367-8b9e6dcb64a9","local_time":"20210218033853","is_ascension_mode":true,"campfire_choices":[{"data":"CarveReality","floor":6,"key":"SMITH"},{"data":"Worship","floor":11,"key":"SMITH"},{"floor":15,"key":"REST"},{"floor":23,"key":"REST"},{"floor":25,"key":"REST"}],"circlet_count":0,"master_deck":["Strike_P","Strike_P","Defend_P","Defend_P","Defend_P","Defend_P","Eruption","Vigilance","Worship+1","SashWhip","CarveReality+1","Alpha","BowlingBash","FollowUp","Swivel","Alpha","CurseOfTheBell","Prostrate","Devotion","CrushJoints","Evaluate+1","FlyingSleeves+1"],"relics":["PureWater","Bag of Preparation","MawBank","Mango","Kunai","hubris:Reverence","Calling Bell","Boot","hubris:TinFlute","Old Coin","ClockworkSouvenir","hubris:GlazedTorus","Happy Flower","Nloth\u0027s Gift"],"acts_visited":["Exordium","TheCity"],"potions_floor_usage":[8,13,14,16,21,21,28,29],"damage_taken":[{"damage":12,"enemies":"2 Louse","floor":1,"turns":2},{"damage":1,"enemies":"Cultist","floor":3,"turns":4},{"damage":0,"enemies":"Small Slimes","floor":5,"turns":3},{"damage":3,"enemies":"Looter","floor":7,"turns":2},{"damage":0,"enemies":"Gremlin Nob","floor":8,"turns":2},{"damage":0,"enemies":"Lagavulin","floor":10,"turns":4},{"damage":7,"enemies":"Gremlin Nob","floor":13,"turns":3},{"damage":0,"enemies":"Red Slaver","floor":14,"turns":1},{"damage":28,"enemies":"The Guardian","floor":16,"turns":7},{"damage":25,"enemies":"Spheric Guardian","floor":18,"turns":4},{"damage":2,"enemies":"Chosen","floor":21,"turns":4},{"damage":56,"enemies":"Snake Plant","floor":24,"turns":6},{"damage":37,"enemies":"Shelled Parasite and Fungi","floor":28,"turns":5},{"damage":60,"enemies":"Snecko","floor":29,"turns":5}],"seed_played":"-8439550870664074577","potions_obtained":[{"floor":1,"key":"LiquidMemories"},{"floor":7,"key":"FearPotion"},{"floor":10,"key":"Weak Potion"},{"floor":14,"key":"Energy Potion"},{"floor":18,"key":"AttackPotion"},{"floor":24,"key":"SteroidPotion"},{"floor":28,"key":"Block Potion"}],"is_trial":false,"path_per_floor":["M","$","M","?","M","R","M","E","T","E","R","?","E","M","R","B",null,"M","$","?","M","$","R","M","R","T","?","M","M"],"character_chosen":"WATCHER","items_purchased":["Devotion","ClockworkSouvenir","hubris:GlazedTorus","CrushJoints","Energy Potion"],"campfire_rested":3,"item_purchase_floors":[19,19,19,19,19],"current_hp_per_floor":[60,60,59,52,52,52,49,49,63,63,63,63,56,56,81,53,86,61,61,61,59,59,84,28,53,53,53,16,0,0],"gold":51,"neow_bonus":"RANDOM_COMMON_RELIC","is_daily":false,"chose_seed":false,"campfire_upgraded":2,"win_rate":0.0,"timestamp":1613637533,"path_taken":["M","$","M","?","M","R","M","E","T","E","R","?","E","?","R","BOSS","M","$","?","M","$","R","M","R","T","?","M","M"],"items_purchased_type":["Card","Relic","Relic","Card","Potion"],"build_version":"2020-12-22","purchased_purges":1,"victory":false,"max_hp_per_floor":[72,72,72,72,72,72,72,72,86,86,86,86,86,86,86,86,86,86,86,86,86,86,86,86,86,86,86,86,86,86],"card_choices":[{"not_picked":["PathToVictory","Indignation"],"picked":"Worship","floor":1},{"not_picked":["Tantrum","Perseverance"],"picked":"SashWhip","floor":3},{"not_picked":["FlyingSleeves","BowlingBash"],"picked":"CarveReality","floor":5},{"not_picked":["Vengeance","InnerPeace","Protect"],"picked":"SKIP","floor":7},{"not_picked":["InnerPeace","CutThroughFate"],"picked":"Alpha","floor":8},{"not_picked":["Weave","Fasting2"],"picked":"BowlingBash","floor":10},{"not_picked":["Crescendo","SpiritShield"],"picked":"FollowUp","floor":13},{"not_picked":["FlyingSleeves","Halt"],"picked":"Swivel","floor":14},{"not_picked":["ConjureBlade","Vault"],"picked":"Alpha","floor":16},{"not_picked":["CrushJoints+1","BowlingBash"],"picked":"Prostrate","floor":18},{"not_picked":["Halt","ClearTheMind"],"picked":"Evaluate+1","floor":21},{"not_picked":["Halt","ClearTheMind","FlurryOfBlows"],"picked":"SKIP","floor":24},{"not_picked":["Fasting2+1","BowlingBash"],"picked":"FlyingSleeves+1","floor":28}],"player_experience":798128,"relics_obtained":[{"floor":8,"key":"MawBank"},{"floor":9,"key":"Mango"},{"floor":10,"key":"Kunai"},{"floor":13,"key":"hubris:Reverence"},{"floor":17,"key":"Boot"},{"floor":17,"key":"hubris:TinFlute"},{"floor":17,"key":"Old Coin"},{"floor":26,"key":"Happy Flower"}],"event_choices":[{"cards_removed":["Strike_P"],"damage_healed":0,"gold_gain":0,"player_choice":"Card Removal","damage_taken":7,"max_hp_gain":0,"max_hp_loss":0,"event_name":"Golden Wing","floor":4,"gold_loss":0},{"damage_healed":0,"gold_gain":0,"player_choice":"Trade","damage_taken":0,"relics_obtained":["CultistMask"],"max_hp_gain":0,"max_hp_loss":0,"event_name":"FaceTrader","floor":12,"gold_loss":0},{"damage_healed":0,"gold_gain":0,"player_choice":"Ignored","damage_taken":0,"max_hp_gain":0,"max_hp_loss":0,"event_name":"Ghosts","floor":20,"gold_loss":0},{"damage_healed":0,"gold_gain":0,"player_choice":"Traded Relic","damage_taken":0,"relics_obtained":["Nloth\u0027s Gift"],"max_hp_gain":0,"max_hp_loss":0,"event_name":"N\u0027loth","floor":27,"relics_lost":["CultistMask"],"gold_loss":0}],"is_beta":false,"boss_relics":[{"not_picked":["hubris:CrackedHourglass","Black Star"],"picked":"Calling Bell"}],"items_purged_floors":[19],"is_endless":false,"potions_floor_spawned":[1,7,10,14,18,24,28],"killed_by":"Snecko","ascension_level":3}}