{"host":"8p5c6x4qt9411139","time":1613689988,"event":{"mods":["Aspiration","BaseMod","BetterRewards","Conspire","Friendly Minions","Hubris","Infinite Spire","Minty Spire (QoL Compilation)","Quick Restart","Relic Stats","Replay The Spire","Shop Mod","Spire Arcade","StSLib","The Jungle"],"gold_per_floor":[114,133,143,18,34,65,65,99,99,119,119,119,136,136,136,209,209,224,244,244,314,71,71,96,108,146,158,184,214,255,267,306,278,367,379,404,428,440,477,489,501,547,559,571,583,613,642,686,597,609,621],"floor_reached":52,"language":"ENG","playtime":2189,"items_purged":["Strike_R","Defend_R","Strike_R","Strike_R","Strike_R"],"score":1908,"play_id":"8042583f-2630-4bcb-b053-3fa10b0aed04","local_time":"20210218151308","is_ascension_mode":true,"campfire_choices":[{"floor":7.0,"key":"REST"},{"floor":11.0,"key":"REST"},{"floor":15.0,"key":"REST"},{"data":"ReplayTheSpireMod:Chaos Vortex","floor":23.0,"key":"SMITH"},{"floor":31.0,"key":"REST"},{"data":"Demon Form","floor":41.0,"key":"SMITH"},{"data":"Limit Break","floor":43.0,"key":"SMITH"},{"data":"Offering","floor":45.0,"key":"SMITH"},{"data":"Replay:Undeath\u0027s Touch","floor":50.0,"key":"SMITH"}],"circlet_count":0,"master_deck":["AscendersBane","Strike_R+1","Defend_R","Defend_R","Bash+1","Uppercut+1","Apotheosis+1","Havoc+1","Flex","Metallicize+1","Shockwave","hubris:CleavingFinish+1","Demon Form+1","Flex+1","Offering+1","AbeCurse","Limit Break+1","Replay:Undeath\u0027s Touch+1","hubris:DuctTapeCard"],"relics":["Burning Blood","Gremlin Food","Guide Book","infinitespire:ShieldingShard","InkBottle","aspiration:HatOfInfinitePower","aspiration:BabyByrd","hubris:RunicObelisk","Mirror","Gremlin Horn","MawBank","MealTicket","Dead Branch","Regal Pillow","Art of War","Abe\u0027s Treasure","Lantern","Another Sword","infinitespire:Lychee Nut","Replay:WaspNest","Juzu Bracelet","hubris:DuctTape"],"acts_visited":["Exordium","TheCity","TheBeyond"],"potions_floor_usage":[51,51],"damage_taken":[{"damage":7.0,"enemies":"Small Slimes","floor":1.0,"turns":3.0},{"damage":0.0,"enemies":"Cultist","floor":2.0,"turns":3.0},{"damage":0.0,"enemies":"Jaw Worm","floor":3.0,"turns":3.0},{"damage":0.0,"enemies":"Exordium Wildlife","floor":5.0,"turns":3.0},{"damage":16.0,"enemies":"Lagavulin","floor":6.0,"turns":6.0},{"damage":35.0,"enemies":"3 Sentries","floor":8.0,"turns":9.0},{"damage":0.0,"enemies":"Large Slime","floor":10.0,"turns":6.0},{"damage":22.0,"enemies":"Lots of Slimes","floor":13.0,"turns":4.0},{"damage":7.0,"enemies":"Fading Forest","floor":16.0,"turns":11.0},{"damage":2.0,"enemies":"3 Byrds","floor":18.0,"turns":5.0},{"damage":16.0,"enemies":"2 Thieves","floor":19.0,"turns":4.0},{"damage":45.0,"enemies":"Slavers","floor":24.0,"turns":5.0},{"damage":0.0,"enemies":"Sentry and Sphere","floor":28.0,"turns":3.0},{"damage":0.0,"enemies":"Cultist and Chosen","floor":29.0,"turns":4.0},{"damage":13.0,"enemies":"Book of Stabbing","floor":30.0,"turns":4.0},{"damage":0.0,"enemies":"Gremlin Leader","floor":32.0,"turns":4.0},{"damage":4.0,"enemies":"hubris:MusketHawk","floor":34.0,"turns":5.0},{"damage":5.0,"enemies":"3 Darklings","floor":36.0,"turns":3.0},{"damage":0.0,"enemies":"Orb Walker","floor":37.0,"turns":1.0},{"damage":9.0,"enemies":"Mind Bloom Boss Battle","floor":39.0,"turns":4.0},{"damage":6.0,"enemies":"Giant Head","floor":42.0,"turns":3.0},{"damage":10.0,"enemies":"Spire Growth","floor":46.0,"turns":3.0},{"damage":3.0,"enemies":"Sphere and 2 Shapes","floor":47.0,"turns":2.0},{"damage":13.0,"enemies":"R_Hoarder","floor":48.0,"turns":4.0},{"damage":21,"enemies":"conspire:OrnateMirror","floor":51,"turns":7}],"seed_played":"4152905762176079036","potions_obtained":[{"floor":2.0,"key":"Block Potion"},{"floor":8.0,"key":"Dexterity Potion"},{"floor":16.0,"key":"Energy Potion"},{"floor":21.0,"key":"Flashbang"},{"floor":24.0,"key":"SteroidPotion"},{"floor":32.0,"key":"DistilledChaos"},{"floor":42.0,"key":"Regen Potion"}],"is_trial":false,"path_per_floor":["M","M","M","$","M","E","R","E","T","M","R","?","M","?","R","B",null,"M","M","AVR","?","$","R","E","?","T","T","M","M","E","R","E","R","B",null,"M","M","AVR","?","?","R","E","R","T","R","M","M","E","?","R","B",null],"character_chosen":"IRONCLAD","items_purchased":["Uppercut","Apotheosis","Gremlin Food","Guide Book","Gremlin Horn"],"campfire_rested":4,"item_purchase_floors":[0,0,0,0,22],"current_hp_per_floor":[31,37,43,43,49,39,61,32,32,38,60,60,44,44,66,75,75,75,65,65,65,65,65,26,26,26,26,32,38,31,68,74,74,75,75,75,75,75,72,72,72,56,56,56,56,54,56,50,50,50,50],"gold":633,"neow_bonus":"","is_daily":false,"chose_seed":false,"campfire_upgraded":5,"win_rate":0.0,"timestamp":1613689988,"path_taken":["M","M","M","$","M","E","R","E","T","M","R","?","M","?","R","BOSS","M","?","AVR","?","$","R","E","?","T","T","M","?","E","R","E","R","BOSS","M","M","AVR","?","?","R","E","R","T","R","?","M","E","?","R","BOSS"],"items_purchased_type":["Card","Card","Relic","Relic","Relic"],"build_version":"2020-12-22","purchased_purges":5,"victory":true,"max_hp_per_floor":[75,75,75,75,75,75,75,75,75,75,75,75,75,75,75,75,75,75,75,75,75,75,75,75,75,75,75,75,75,75,75,75,75,75,75,75,75,75,75,75,75,56,56,56,56,56,56,56,56,56,56],"relic_stats":{"Regal Pillow":46,"Gremlin Horn":[13,13],"counters":[56,218],"Dead Branch":[181],"MealTicket":0,"Art of War":[2],"Juzu Bracelet":0,"MawBank":336,"obtain_stats":[{"Ice Cream":0,"Gremlin Horn":22,"Vajra":0,"hubris:VirtuousBlindfold":35,"Whetstone":0,"Boot":9,"infinitespire:ShieldingShard":6,"Sundial":43,"aspiration:BabyByrd":12,"infinitespire:Golems Mask":42,"MealTicket":26,"HandDrill":0,"hubris:DuctTape":49,"aspiration:Nostalgia":0,"Dead Branch":27,"infinitespire:Magic Flask":0,"Replay:Kaleidoscope":7,"Question Card":38,"Akabeko":0,"infinitespire:EvilPickle":34,"Runic Dome":18,"Brimstone":22,"infinitespire:Lychee Nut":42,"MutagenicStrength":32,"Simple Rune":0,"Grinning Jar":41,"aspiration:HatOfInfinitePower":45,"Mirror":20,"Abe\u0027s Treasure":35,"Regal Pillow":14,"aspiration:Lifesprig":48,"Lantern":38,"hubris:SlimyHat":46,"Juzu Bracelet":48,"hubris:RunicObelisk":17,"Burning Blood":0,"Nunchaku":10,"Shovel":30,"Pantograph":0,"Ring of Peace":4,"hubris:ChampionShield":0,"InkBottle":8,"Gremlin Food":0,"BargainBundle":0,"Lee\u0027s Waffle":0,"Guide Book":0,"Replay:WaspNest":44,"infinitespire:Lucky Rock":44,"MawBank":24,"infinitespire:DarkRift":0,"Ornamental Fan":27,"Another Sword":39,"Art of War":0,"Durian":0,"FossilizedHelix":3},{"Ice Cream":0,"Gremlin Horn":42,"Vajra":3,"hubris:VirtuousBlindfold":22,"Whetstone":3,"Boot":10,"infinitespire:ShieldingShard":36,"Sundial":26,"aspiration:BabyByrd":38,"infinitespire:Golems Mask":25,"MealTicket":43,"HandDrill":3,"hubris:DuctTape":55,"aspiration:Nostalgia":3,"Dead Branch":43,"infinitespire:Magic Flask":3,"Replay:Kaleidoscope":10,"Question Card":23,"Akabeko":6,"infinitespire:EvilPickle":22,"Runic Dome":14,"Brimstone":16,"infinitespire:Lychee Nut":52,"MutagenicStrength":21,"Simple Rune":3,"Grinning Jar":24,"aspiration:HatOfInfinitePower":27,"Mirror":42,"Abe\u0027s Treasure":48,"Regal Pillow":13,"aspiration:Lifesprig":29,"Lantern":50,"hubris:SlimyHat":27,"Juzu Bracelet":55,"hubris:RunicObelisk":40,"Burning Blood":0,"Nunchaku":11,"Shovel":21,"Pantograph":0,"Ring of Peace":5,"hubris:ChampionShield":3,"InkBottle":37,"Gremlin Food":31,"BargainBundle":0,"Lee\u0027s Waffle":3,"Guide Book":31,"Replay:WaspNest":52,"infinitespire:Lucky Rock":26,"MawBank":43,"infinitespire:DarkRift":3,"Ornamental Fan":19,"Another Sword":51,"Art of War":0,"Durian":6,"FossilizedHelix":3},{"Ice Cream":0,"Gremlin Horn":166,"Vajra":8,"hubris:VirtuousBlindfold":82,"Whetstone":8,"Boot":26,"infinitespire:ShieldingShard":127,"Sundial":93,"aspiration:BabyByrd":142,"infinitespire:Golems Mask":89,"MealTicket":171,"HandDrill":8,"hubris:DuctTape":211,"aspiration:Nostalgia":8,"Dead Branch":171,"infinitespire:Magic Flask":8,"Replay:Kaleidoscope":26,"Question Card":84,"Akabeko":16,"infinitespire:EvilPickle":82,"Runic Dome":49,"Brimstone":57,"infinitespire:Lychee Nut":202,"MutagenicStrength":76,"Simple Rune":8,"Grinning Jar":87,"aspiration:HatOfInfinitePower":96,"Mirror":166,"Abe\u0027s Treasure":191,"Regal Pillow":42,"aspiration:Lifesprig":103,"Lantern":195,"hubris:SlimyHat":96,"Juzu Bracelet":211,"hubris:RunicObelisk":157,"Burning Blood":0,"Nunchaku":33,"Shovel":76,"Pantograph":0,"Ring of Peace":15,"hubris:ChampionShield":8,"InkBottle":136,"Gremlin Food":109,"BargainBundle":0,"Lee\u0027s Waffle":8,"Guide Book":109,"Replay:WaspNest":202,"infinitespire:Lucky Rock":93,"MawBank":171,"infinitespire:DarkRift":8,"Ornamental Fan":69,"Another Sword":199,"Art of War":0,"Durian":16,"FossilizedHelix":8}],"Burning Blood":283,"InkBottle":[42]},"card_choices":[{"not_picked":["Hemokinesis","hubris:SharpeningStone"],"picked":"Havoc","floor":1.0},{"not_picked":["Cleave","conspire:Charge","Clash"],"picked":"SKIP","floor":2.0},{"not_picked":["Pommel Strike","hubris:ReadiedAction"],"picked":"Flex","floor":3.0},{"not_picked":["Flex","Disarm"],"picked":"Metallicize","floor":5.0},{"not_picked":["Perfected Strike","ReplayTheSpireMod:Strike From Hell"],"picked":"Shockwave","floor":6.0},{"not_picked":["Infernal Blade","Spot Weakness","ReplayReversal"],"picked":"SKIP","floor":8.0},{"not_picked":["Pommel Strike","ReplayTheSpireMod:Strike From Hell","Armaments"],"picked":"SKIP","floor":10.0},{"not_picked":["Body Slam","Feel No Pain"],"picked":"hubris:CleavingFinish","floor":13.0},{"not_picked":["Juggernaut","conspire:Purge"],"picked":"Demon Form","floor":16.0},{"not_picked":["Feel No Pain","Seeing Red","Dual Wield"],"picked":"SKIP","floor":18.0},{"not_picked":["Metallicize","True Grit","Replay:Undeath\u0027s Touch"],"picked":"SKIP","floor":19.0},{"not_picked":["ReplayTheSpireMod:Strike From Hell","Sword Boomerang"],"picked":"Flex+1","floor":21.0},{"not_picked":["Heavy Blade","Seeing Red","Clothesline"],"picked":"SKIP","floor":24.0},{"not_picked":["Shockwave+1","Sword Boomerang","Searing Blow+1"],"picked":"SKIP","floor":28.0},{"not_picked":["Clash","Warcry","Disarm"],"picked":"SKIP","floor":29.0},{"not_picked":["Uppercut","ReplayReversal","Infernal Blade+1"],"picked":"SKIP","floor":30.0},{"not_picked":["Anger","Pommel Strike"],"picked":"Corruption","floor":32.0},{"not_picked":["Reaper","Feed"],"picked":"Offering","floor":34.0},{"not_picked":["Clothesline","Replay:Undeath\u0027s Touch","Clash"],"picked":"SKIP","floor":36.0},{"not_picked":["Flex","Headbutt","Thunderclap"],"picked":"SKIP","floor":37.0},{"not_picked":["Clothesline","Rupture"],"picked":"Limit Break","floor":42.0},{"not_picked":["Bloodletting+1","Warcry+1"],"picked":"Replay:Undeath\u0027s Touch","floor":46.0},{"not_picked":["Offering","Iron Wave","Ghostly Armor"],"picked":"SKIP","floor":47.0},{"not_picked":["Evolve","Carnage","hubris:ReadiedAction"],"picked":"SKIP","floor":48.0}],"player_experience":440440,"relics_obtained":[{"floor":6.0,"key":"infinitespire:ShieldingShard"},{"floor":8.0,"key":"InkBottle"},{"floor":9.0,"key":"aspiration:HatOfInfinitePower"},{"floor":24.0,"key":"MawBank"},{"floor":26.0,"key":"MealTicket"},{"floor":27.0,"key":"Dead Branch"},{"floor":30.0,"key":"Regal Pillow"},{"floor":32.0,"key":"Art of War"},{"floor":39.0,"key":"Another Sword"},{"floor":42.0,"key":"infinitespire:Lychee Nut"},{"floor":44.0,"key":"Replay:WaspNest"},{"floor":48.0,"key":"Juzu Bracelet"}],"event_choices":[{"damage_healed":0.0,"max_hp_gain":0.0,"max_hp_loss":0.0,"gold_gain":0.0,"event_name":"Upgrade Shrine","player_choice":"Upgraded","floor":14.0,"gold_loss":0.0,"damage_taken":0.0,"cards_upgraded":["hubris:CleavingFinish"]},{"damage_healed":0.0,"max_hp_gain":0.0,"max_hp_loss":0.0,"gold_gain":0.0,"event_name":"The Woman in Blue","player_choice":"Bought 0 Potions","floor":25.0,"gold_loss":0.0,"damage_taken":0.0},{"damage_healed":0.0,"max_hp_gain":0.0,"max_hp_loss":0.0,"gold_gain":0.0,"event_name":"Designer","player_choice":"Upgrade","floor":33.0,"gold_loss":40.0,"damage_taken":0.0,"cards_upgraded":["Corruption"]},{"damage_healed":0.0,"max_hp_gain":0.0,"max_hp_loss":0.0,"gold_gain":0.0,"event_name":"MindBloom","player_choice":"Fight","floor":39.0,"gold_loss":0.0,"damage_taken":0.0},{"cards_removed":["Defend_R"],"damage_healed":0.0,"max_hp_gain":0.0,"max_hp_loss":0.0,"gold_gain":0.0,"event_name":"Purifier","player_choice":"Purged","floor":40.0,"gold_loss":0.0,"damage_taken":0.0},{"damage_healed":0.0,"max_hp_gain":0.0,"max_hp_loss":0.0,"gold_gain":0.0,"event_name":"WeMeetAgain","player_choice":"Paid Gold","floor":49.0,"gold_loss":101.0,"damage_taken":0.0,"relics_obtained":["hubris:DuctTape"]}],"is_beta":false,"boss_relics":[{"not_picked":["Calling Bell","Runic Pyramid"],"picked":"hubris:RunicObelisk"},{"not_picked":["Honey Jar","aspiration:RunicSpoon"],"picked":"Abe\u0027s Treasure"}],"items_purged_floors":[0,0,4,20,38],"is_endless":false,"potions_floor_spawned":[2,8,16,24,28,29,32,42,46,47,48],"ascension_level":14}}