{"host":"684z1xpuwaoqmmh1","time":1613657041,"event":{"mods":["A Magickal Journey","BaseMod","Downfall","Hermit","Jorbs\u0027s Wanderer Trilogy","Marisa????????","Minty Spire (QoL Compilation)","Robot Space Explorer","Shade Mod","StSLib","The Bug Knight","The Dragon Tamer","The Elementalist","The Hayseed","The Hierophant","The Marked","The Mystic","The Runesmith","The Saiyan","The Senshi","The Spell Scribe","The Vixen","TheBandit","TheFirefly"],"gold_per_floor":[110,121,46,58,58,58,84,100,149,163,180,180,214,214,214,214,214],"floor_reached":16,"language":"ENG","playtime":629,"items_purged":[],"score":224,"play_id":"d07bb9c8-579e-4d26-bf0f-7bc9ce7509c5","local_time":"20210218160401","is_ascension_mode":true,"campfire_choices":[{"data":"theSenshi:SailorMarsAssists","floor":6.0,"key":"SMITH"},{"data":"theSenshi:SailorNeptuneAssists","floor":12,"key":"SMITH"},{"data":"theSenshi:IWillPunishYou","floor":15,"key":"SMITH"}],"circlet_count":0,"master_deck":["AscendersBane","theSenshi:SailorKick","theSenshi:SailorKick","theSenshi:SailorKick","theSenshi:SailorBlock","theSenshi:SailorBlock","theSenshi:SailorBlock","theSenshi:RoseThrow","theSenshi:MoonPrismPowerMakeUp","theSenshi:GatheringStrength","theSenshi:SailorMarsAssists+1","theSenshi:SailorMercuryAssists","theSenshi:SailorChibiMoonAssists","theSenshi:SailorNeptuneAssists+1","theSenshi:KlutzyLuck","theSenshi:PlutosSolemnity","theSenshi:IWillPunishYou+1"],"relics":["theSenshi:TransformationBroochRelic","White Beast Statue","theSenshi:CutieMoonRodRelic","Blood Vial","HollowMod:LifeEnderRelic"],"acts_visited":["Exordium"],"potions_floor_usage":[8,11,13,13],"damage_taken":[{"damage":5.0,"enemies":"Small Slimes","floor":1.0,"turns":5.0},{"damage":5.0,"enemies":"2 Louse","floor":2.0,"turns":4.0},{"damage":0.0,"enemies":"Jaw Worm","floor":4.0,"turns":4.0},{"damage":24.0,"enemies":"3 Sentries","floor":7.0,"turns":7.0},{"damage":6,"enemies":"Exordium Thugs","floor":8,"turns":4},{"damage":0,"enemies":"2 Fungi Beasts","floor":10,"turns":5},{"damage":13,"enemies":"Exordium Wildlife","floor":11,"turns":4},{"damage":14,"enemies":"Gremlin Nob","floor":13,"turns":5},{"damage":37,"enemies":"Hexaghost","floor":16,"turns":10}],"seed_played":"746196795726824179","potions_obtained":[{"floor":2.0,"key":"Explosive Potion"},{"floor":4.0,"key":"champ:CounterPotion"},{"floor":7.0,"key":"BlessingOfTheForge"},{"floor":8,"key":"Explosive Potion"},{"floor":11,"key":"CultistPotion"},{"floor":13,"key":"ColorlessPotion"}],"is_trial":false,"path_per_floor":["M","M","?","M","?","R","E","M","T","M","M","R","E","T","R","B"],"character_chosen":"THE_SENSHI","items_purchased":[],"campfire_rested":0,"item_purchase_floors":[],"current_hp_per_floor":[63,58,58,58,58,58,34,38,38,38,25,25,21,21,21,0,0],"gold":214,"neow_bonus":"TRANSFORM_CARD","is_daily":false,"chose_seed":false,"campfire_upgraded":3,"win_rate":0.0,"timestamp":1613657041,"path_taken":["M","M","?","M","?","R","E","M","T","M","?","R","E","?","R","BOSS"],"items_purchased_type":[],"build_version":"2020-12-22","purchased_purges":0,"victory":false,"max_hp_per_floor":[75,75,75,75,75,75,75,75,75,75,75,75,75,75,75,75,75],"card_choices":[{"not_picked":["theSenshi:MoonsReflection","theSenshi:SailorStarFighterAssists"],"picked":"theSenshi:SailorMarsAssists","floor":1.0},{"not_picked":["theSenshi:YouCanTalk","theSenshi:MoonCrisisMakeUp"],"picked":"theSenshi:SailorMercuryAssists","floor":2.0},{"not_picked":["theSenshi:MoonPunch","theSenshi:CrisisMakeUp"],"picked":"theSenshi:SailorChibiMoonAssists","floor":4.0},{"not_picked":["theSenshi:YouCanTalk","theSenshi:SchoolBag"],"picked":"theSenshi:SailorNeptuneAssists","floor":7.0},{"not_picked":["theSenshi:EncouragingSpeech","theSenshi:SailorStarFighterAssists"],"picked":"theSenshi:KlutzyLuck","floor":8},{"not_picked":["theSenshi:MoonSpiralHeartAttack","theSenshi:EncouragingSpeech"],"picked":"theSenshi:PlutosSolemnity","floor":10},{"not_picked":["theSenshi:TallSilhouette","theSenshi:OdangoHead","theSenshi:SailorPlanetPower"],"picked":"SKIP","floor":11},{"not_picked":["theSenshi:MarsPride","theSenshi:SailorVenusAssists"],"picked":"theSenshi:IWillPunishYou","floor":13}],"player_experience":3327077,"relics_obtained":[{"floor":7.0,"key":"White Beast Statue"},{"floor":9,"key":"theSenshi:CutieMoonRodRelic"},{"floor":13,"key":"Blood Vial"},{"floor":14,"key":"HollowMod:LifeEnderRelic"}],"event_choices":[{"cards_removed":["theSenshi:SailorBlock"],"damage_healed":0.0,"max_hp_gain":0.0,"max_hp_loss":0.0,"gold_gain":0.0,"event_name":"The Cleric","player_choice":"Card Removal","floor":3.0,"gold_loss":75.0,"damage_taken":0.0},{"damage_healed":0.0,"max_hp_gain":0.0,"max_hp_loss":0.0,"gold_gain":0.0,"event_name":"Liars Game","player_choice":"Ignored","floor":5.0,"gold_loss":0.0,"damage_taken":0.0}],"is_beta":false,"boss_relics":[],"items_purged_floors":[],"is_endless":false,"potions_floor_spawned":[2,4,7,8,10,11,13],"killed_by":"Hexaghost","ascension_level":20}}