{"host":"h5acbxt0wmjo1kpm","time":1613641057,"event":{"mods":["2.2 Compatiblity","Act Like it!","AlwaysNeverKeys","Aspiration","Bard","Bartender","BaseMod","Better Third Choice","Colored Map","Elementarium","Gensokyo","GifTheSpireLib","Hallownest","Marisa????????","Menagerie","Minty Spire (QoL Compilation)","Permanent Neow","Potionbrewer","Quick Restart","Relic Filter","Reliquary","Robot Space Explorer","Ruina","RumiaBox-????????","Shade Mod","Spicy Shops","StSLib","Strawberry Spire","The Blackbeard","The Dragon Tamer","The Gatherer","The Hayseed","The Problem Sleuth","The Servant 0.9.4","Wandering Minibosses","Wide Potions"],"gold_per_floor":[117,128,26,46,57,57,82,82,82,57,72,72,402,287,287,388,388,408,408,408,49,68,95,107,135,135,135,152,163,173,187,187,286,286,303,69,69,69,81,81,116,116,165,165,177,177,209,149,149,149],"floor_reached":51,"language":"ENG","playtime":4979,"items_purged":["potionbrewer:PotionbrewerStrike"],"score":1246,"play_id":"91aaa475-32dc-40ad-81a1-9ccd4e44db98","local_time":"20210218013737","is_ascension_mode":true,"campfire_choices":[{"data":"potionbrewer:FlashPowder","floor":6.0,"key":"SMITH"},{"data":"potionbrewer:ChainReaction","floor":8.0,"key":"SMITH"},{"data":"potionbrewer:VolatileSolution","floor":12.0,"key":"SMITH"},{"data":"potionbrewer:ChemicalSpill","floor":15.0,"key":"SMITH"},{"floor":27.0,"key":"REST"},{"data":"potionbrewer:BottomlessFlask","floor":32.0,"key":"SMITH"},{"data":"potionbrewer:RefinedProcess","floor":40.0,"key":"SMITH"},{"data":"ruina:CrimsonScar","floor":42.0,"key":"SMITH"},{"data":"Burst","floor":49.0,"key":"SMITH"}],"circlet_count":0,"master_deck":["AscendersBane","potionbrewer:PotionbrewerDefend","potionbrewer:PotionbrewerDefend","potionbrewer:Collect","potionbrewer:ChemicalSpill+1","potionbrewer:FlashPowder+1","potionbrewer:ChainReaction","potionbrewer:VolatileSolution+1","potionbrewer:ChainReaction+1","potionbrewer:Toxicity","potionbrewer:QuickStep","potionbrewer:Prototype","potionbrewer:HazardousWaste+1","potionbrewer:Refill","Quick Slash","strawberrySpire:HopSkipAndJump","ruina:CrimsonScar+1","potionbrewer:RefinedProcess+1","potionbrewer:Contingency+1","potionbrewer:Refill","potionbrewer:PortableLab+1","potionbrewer:BlindingSpray","potionbrewer:Prototype","potionbrewer:ChoosePotion","potionbrewer:ChoosePotion","potionbrewer:SpecialFormula","strawberrySpire:Disreguard","potionbrewer:Prototype","Heel Hook","Burst+1","After Image","potionbrewer:MicrobeSpray"],"relics":["potionbrewer:PotionKit","aspiration:DSix","reliquary:Stiletto","Mango","reliquary:TatteredRug","Old Coin","Odd Mushroom","strawberrySpire:RottenAvocado","Pen Nib","wanderingMiniBosses:Inkheart","Ccalipers","Bottled Flame","Cursed Key","reliquary:Buckler","Lantern","potionbrewer:BottledElixir"],"acts_visited":["Hallownest:Greenpath","ruina:Briah","Hallownest:KingdomsEdge"],"potions_floor_usage":[50],"damage_taken":[{"damage":15.0,"enemies":"Hallownest:monsterHuskGuard","floor":1.0,"turns":5.0},{"damage":0.0,"enemies":"Hallownest:monsterHuskWarrior","floor":2.0,"turns":7.0},{"damage":1.0,"enemies":"Hallownest:2_Tiktiks_and_1_Crawlid","floor":4.0,"turns":3.0},{"damage":9.0,"enemies":"Hallownest:Guard_and_Warrior","floor":5.0,"turns":7.0},{"damage":9.0,"enemies":"Hallownest:eliteCrystalGuardian","floor":7.0,"turns":6.0},{"damage":10.0,"enemies":"Hallownest:1_Ooma_and_2_Uuma","floor":11.0,"turns":6.0},{"damage":0.0,"enemies":"Hallownest:eliteVengeflyKing","floor":13.0,"turns":5.0},{"damage":19.0,"enemies":"Hallownest:BossBrokenVessel","floor":16.0,"turns":10.0},{"damage":17.0,"enemies":"ruina:2_Scarecrows","floor":18.0,"turns":6.0},{"damage":4.0,"enemies":"ruina:Nosferatu","floor":22.0,"turns":4.0},{"damage":19.0,"enemies":"ruina:ServantOfWrath","floor":23.0,"turns":5.0},{"damage":22.0,"enemies":"ruina:KingOfGreed","floor":24.0,"turns":6.0},{"damage":3.0,"enemies":"ruina:RoadHome","floor":25.0,"turns":7.0},{"damage":0.0,"enemies":"ruina:Nos_and_Bat","floor":28.0,"turns":5.0},{"damage":0.0,"enemies":"ruina:KnightOfDespair","floor":29.0,"turns":4.0},{"damage":3.0,"enemies":"ruina:KingOfGreed","floor":30.0,"turns":4.0},{"damage":0.0,"enemies":"ruina:QueenOfHate","floor":31.0,"turns":4.0},{"damage":20.0,"enemies":"ruina:JesterOfNihil","floor":33.0,"turns":6.0},{"damage":0.0,"enemies":"Hallownest:Shield_Heavy","floor":35.0,"turns":5.0},{"damage":0.0,"enemies":"Hallownest:3_Siblings","floor":39.0,"turns":5.0},{"damage":0.0,"enemies":"Hallownest:eliteHiveKnight","floor":41.0,"turns":3.0},{"damage":0.0,"enemies":"Hallownest:2_Wing_and_1_Kings","floor":45.0,"turns":7.0},{"damage":0.0,"enemies":"Hallownest:eliteCollector","floor":47.0,"turns":3.0},{"damage":0,"enemies":"Hallownest:BossHollowKnight","floor":50,"turns":7}],"seed_played":"-1329088707298927104","potions_obtained":[{"floor":2.0,"key":"Energy Potion"},{"floor":5.0,"key":"SneckoOil"},{"floor":7.0,"key":"potionbrewer:DiscountPotion"},{"floor":13.0,"key":"potionbrewer:AcidPotion"},{"floor":18.0,"key":"Weak Potion"},{"floor":24.0,"key":"Dexterity Potion"},{"floor":29.0,"key":"potionbrewer:CleansingPotion"},{"floor":30.0,"key":"Fire Potion"},{"floor":33.0,"key":"TheSimpletonMod:MoonshinePotion"},{"floor":47.0,"key":"Weak Potion"}],"is_trial":false,"path_per_floor":["M","M","$","M","M","R","E","R","T","$","M","R","E","?","R","B",null,"M","?","?","$","M","E","M","E","T","R","M","M","M","M","R","B",null,"M","$","?","?","M","R","E","R","T","?","M","$","E","?","R","B",null],"character_chosen":"POTIONBREWER","items_purchased":["potionbrewer:ChainReaction","potionbrewer:VolatileSolution","potionbrewer:QuickStep","ruina:CrimsonScar","potionbrewer:RefinedProcess","reliquary:Buckler","strawberrySpire:Disreguard"],"campfire_rested":1,"item_purchase_floors":[3,3,10,21,21,36,36],"current_hp_per_floor":[67,67,67,66,57,57,48,48,48,48,38,38,38,38,38,19,72,55,55,55,55,51,32,10,7,7,30,30,30,27,27,27,7,56,56,56,56,68,67,66,65,64,63,62,61,60,59,65,64,63],"gold":149,"neow_bonus":"DSIX","is_daily":false,"chose_seed":false,"campfire_upgraded":8,"win_rate":0.0,"timestamp":1613641057,"path_taken":["M","?","$","?","M","R","E","R","T","$","M","R","E","?","R","BOSS","M","?","?","$","M","E","M","E","T","R","M","M","?","M","R","BOSS","M","$","?","?","M","R","E","R","T","?","?","?","E","?","R","BOSS"],"items_purchased_type":["Card","Card","Card","Card","Card","Relic","Card"],"build_version":"2020-12-22","purchased_purges":1,"victory":true,"max_hp_per_floor":[89,89,89,89,89,89,89,89,89,89,89,89,89,89,89,89,89,88,87,86,85,84,83,82,81,80,79,78,77,76,75,74,73,72,71,70,69,68,67,66,65,64,63,62,61,60,59,65,64,63],"card_choices":[{"not_picked":["potionbrewer:CrossReference","potionbrewer:FuelCell"],"picked":"potionbrewer:FlashPowder","floor":1.0},{"not_picked":["potionbrewer:ExothermicReaction","potionbrewer:MicrobeSpray"],"picked":"potionbrewer:AnotherRound","floor":2.0},{"not_picked":["potionbrewer:ExplosiveReaction","potionbrewer:Toxicity"],"picked":"potionbrewer:ChainReaction","floor":4.0},{"not_picked":["potionbrewer:VolatileSolution","potionbrewer:Smack","potionbrewer:Biohazard"],"picked":"SKIP","floor":5.0},{"not_picked":["potionbrewer:TestFormula","potionbrewer:AcidCloud"],"picked":"potionbrewer:Toxicity","floor":7.0},{"not_picked":["potionbrewer:ExplosiveReaction","potionbrewer:CrossReference","potionbrewer:CausticBarrier","potionbrewer:Prototype"],"picked":"SKIP","floor":11.0},{"not_picked":["potionbrewer:ExplosiveReaction","potionbrewer:CrossReference","potionbrewer:CausticBarrier"],"picked":"potionbrewer:Prototype","floor":11.0},{"not_picked":["potionbrewer:FortifiedSerum","potionbrewer:ExothermicReaction","potionbrewer:Brandish"],"picked":"SKIP","floor":13.0},{"not_picked":["potionbrewer:SpecialFormula","potionbrewer:RefinedProcess"],"picked":"potionbrewer:HazardousWaste","floor":16.0},{"not_picked":["potionbrewer:FlashPowder","potionbrewer:BlindingSpray"],"picked":"potionbrewer:Refill","floor":18.0},{"not_picked":["potionbrewer:Smokescreen+1","potionbrewer:Brandish","potionbrewer:ChemicalShroud"],"picked":"SKIP","floor":22.0},{"not_picked":["potionbrewer:Biohazard+1","potionbrewer:FlareUp"],"picked":"potionbrewer:Contingency","floor":23.0},{"not_picked":["potionbrewer:LabAccident+1","potionbrewer:Experimentation"],"picked":"potionbrewer:Refill","floor":24.0},{"not_picked":["potionbrewer:Toxicity","potionbrewer:Brandish"],"picked":"potionbrewer:PortableLab+1","floor":25.0},{"not_picked":["potionbrewer:PortableLab","potionbrewer:Toxicity","potionbrewer:FlashPowder"],"picked":"SKIP","floor":28.0},{"not_picked":["potionbrewer:FlashPowder","potionbrewer:QuickStep"],"picked":"potionbrewer:BottomlessFlask","floor":29.0},{"not_picked":["potionbrewer:Toxicity","potionbrewer:FortifiedSerum"],"picked":"potionbrewer:BlindingSpray","floor":30.0},{"not_picked":["potionbrewer:Discombobulate","potionbrewer:Biohazard","potionbrewer:TestFormula"],"picked":"potionbrewer:Prototype","floor":31.0},{"not_picked":["potionbrewer:EquivalentExchange","potionbrewer:TheFinalStraw"],"picked":"potionbrewer:SpecialFormula","floor":33.0},{"not_picked":["potionbrewer:ExplosiveReaction+1","potionbrewer:Shovel+1","potionbrewer:FortifiedSerum"],"picked":"SKIP","floor":35.0},{"not_picked":["potionbrewer:ExplosiveReaction+1","potionbrewer:Contingency+1","potionbrewer:Smack+1"],"picked":"SKIP","floor":39.0},{"not_picked":["potionbrewer:Smack+1","potionbrewer:UnstableFormula+1","potionbrewer:Biohazard+1"],"picked":"potionbrewer:Prototype","floor":41.0},{"not_picked":["potionbrewer:IronHeart+1","potionbrewer:FlashPowder+1","potionbrewer:UnstableFormula"],"picked":"SKIP","floor":45.0},{"not_picked":["potionbrewer:HazardousMaterials+1","potionbrewer:TimeBomb"],"picked":"potionbrewer:MicrobeSpray","floor":47.0}],"player_experience":2270108,"relics_obtained":[{"floor":1.0,"key":"reliquary:Stiletto"},{"floor":1.0,"key":"Mango"},{"floor":7.0,"key":"reliquary:TatteredRug"},{"floor":13.0,"key":"Old Coin"},{"floor":23.0,"key":"Pen Nib"},{"floor":24.0,"key":"wanderingMiniBosses:Inkheart"},{"floor":25.0,"key":"Ccalipers"},{"floor":26.0,"key":"Bottled Flame"},{"floor":41.0,"key":"Lantern"},{"floor":47.0,"key":"potionbrewer:BottledElixir"}],"event_choices":[],"is_beta":false,"boss_relics":[{"not_picked":["potionbrewer:AlchemistKit","Philosopher\u0027s Stone"],"picked":"strawberrySpire:RottenAvocado"},{"not_picked":["Empty Cage","reliquary:KinkedSpring"],"picked":"Cursed Key"}],"items_purged_floors":[21],"is_endless":false,"potions_floor_spawned":[2,5,7,13,18,24,29,30,33,39,47],"ascension_level":11}}