{"host":"tm3ghj8mno6gwywm","time":1613648127,"event":{"mods":["2.2 Compatiblity","AchievementEnabler","Bard","BaseMod","Beaked The Cultist","Better Third Choice","Colored Map","Colored Powertips","Conspire","Downfall","Glutton Mod","GungeonMod","Halation","Hermit","Hubris","Infinite Spire","Jorbs\u0027s Wanderer Trilogy","Mad Scientist","Marisa????????","Marked Mod","Mimic Mod","Minty Spire (QoL Compilation)","Potionbrewer","Quick Restart","Replay The Spire","Shade Mod","Shop Mod","Somnambulant","Spicy Shops","StSLib","SuperFastMode","The Bug Knight","The Construct","The Cursed","The Disciple","The Hierophant","The IronCluck","The Judge","The Jungle","The Necromancer","The Runesmith","The Servant 0.9.4","egg"],"gold_per_floor":[416,432,216,229,240,240,251,266,338,78,106,106,106,34,34,130,130,144,156,189,115,135,162,178,190,223,223,223,240,240,252,252,349,349,360,440,440,403,416,416,428,428,479,479,479,339,371,388,388,388,388,388,218,247,247],"floor_reached":56,"language":"ENG","playtime":1790,"items_purged":[],"score":1301,"play_id":"acf9645f-a8ad-4c39-b4e1-c5d3d05d39d1","local_time":"20210218063527","is_ascension_mode":false,"campfire_choices":[{"floor":6,"key":"RECALL"},{"floor":12,"key":"REST"},{"data":"construct:Enhance+1","floor":15,"key":"SMITH"},{"floor":27,"key":"REST"},{"floor":30,"key":"REST"},{"floor":32,"key":"REST"},{"floor":40,"key":"REST"},{"floor":42,"key":"REST"},{"floor":49,"key":"REST"},{"data":"construct:PanicFire+1","floor":52,"key":"SMITH"}],"circlet_count":0,"master_deck":["Adrenaline+1","construct:Strike_Gold+1","construct:Strike_Gold+1","construct:Strike_Gold+1","construct:Strike_Gold+1","construct:Strike_Gold+1","construct:Defend_Gold+2","construct:Defend_Gold+1","construct:Defend_Gold+1","construct:Defend_Gold+1","construct:Defend_Gold+2","construct:AttackMode","construct:DefenseMode","ReplayTheSpireMod:Private Reserves+1","construct:Autoturret+1","construct:ScopeCore+1","construct:Isolate+1","construct:Autoturret+2","construct:PanicFire+2","construct:ModeShift+1","construct:Enhance+2","construct:BatteryCore+1","construct:Missile+1","construct:Zapper+1","construct:LaserCore+1","construct:BatteryCore+1","construct:GuardCore+1","construct:PointDefense+1","construct:MetalShell+1","construct:Enhance+1"],"relics":["construct:ClockworkPhoenix","Membership Card","Quantum Egg","Frozen Egg 2","Toxic Egg 2","Molten Egg 2","Black Star","Mummified Hand","Lizard Tail","WingedGreaves","Old Coin","Peace Pipe","DemoMod:MonsterBlood","hubris:EmptyBottle","sneckomod:BlankCard","Garlic","StrikeDummy","Lee\u0027s Waffle","SacredBark","infinitespire:Beetle Shell","DemoMod:MeatBun","War Paint","halation:AfternoonTea","Replay:WaspNest","PreservedInsect","beaked:SacredDeck","MealTicket","hubris:Icosahedron","Blood Vial","Eternal Feather","DemoMod:GreenGuonStone","hubris:Metronome","ReplayTheSpireMod:Ninjato","Replay:Wax Seal","Boot"],"acts_visited":["Exordium","TheCity","TheBeyond","TheEnding"],"potions_floor_usage":[16,19,24,33,33,50,50,50,50,55,55,55,55,55],"damage_taken":[{"damage":0,"enemies":"Cultist","floor":1,"turns":3},{"damage":5,"enemies":"Jaw Worm","floor":2,"turns":2},{"damage":2,"enemies":"Small Slimes","floor":4,"turns":3},{"damage":7,"enemies":"Blue Slaver","floor":5,"turns":3},{"damage":13,"enemies":"Lots of Slimes","floor":7,"turns":2},{"damage":10,"enemies":"Looter","floor":8,"turns":2},{"damage":26,"enemies":"3 Sentries","floor":11,"turns":4},{"damage":0,"enemies":"Slime Boss","floor":16,"turns":4},{"damage":23,"enemies":"2 Thieves","floor":18,"turns":4},{"damage":19,"enemies":"3 Byrds","floor":19,"turns":4},{"damage":24,"enemies":"conspire:MimicChest","floor":20,"turns":4},{"damage":8,"enemies":"3 Cultists","floor":22,"turns":3},{"damage":21,"enemies":"Book of Stabbing","floor":23,"turns":5},{"damage":0,"enemies":"Cultist and Chosen","floor":24,"turns":3},{"damage":8,"enemies":"Snake Plant","floor":25,"turns":3},{"damage":3,"enemies":"conspire:HollyBat","floor":26,"turns":5},{"damage":0,"enemies":"conspire:HollyBat","floor":29,"turns":5},{"damage":0,"enemies":"Sentry and Sphere","floor":31,"turns":5},{"damage":31,"enemies":"Automaton","floor":33,"turns":7},{"damage":34,"enemies":"3 Shapes","floor":35,"turns":4},{"damage":16,"enemies":"3 Darklings","floor":38,"turns":5},{"damage":0,"enemies":"Transient","floor":39,"turns":5},{"damage":14,"enemies":"Jaw Worm Horde","floor":41,"turns":6},{"damage":5,"enemies":"Giant Head","floor":47,"turns":8},{"damage":54,"enemies":"Spire Growth","floor":48,"turns":5},{"damage":3,"enemies":"infinitespire:MassOfShapes","floor":50,"turns":10},{"damage":2,"enemies":"Shield and Spear","floor":54,"turns":6},{"damage":44,"enemies":"The Heart","floor":55,"turns":7}],"seed_played":"3876901939028191902","potions_obtained":[{"floor":1,"key":"SteroidPotion"},{"floor":11,"key":"Elixir"},{"floor":16,"key":"sneckomod:MuddlingPotion"},{"floor":18,"key":"PowerPotion"},{"floor":22,"key":"AttackPotion"},{"floor":29,"key":"Doom Potion"},{"floor":35,"key":"ColorlessPotion"},{"floor":39,"key":"potionbrewer:EndurancePotion"},{"floor":41,"key":"LifebloodPotion"}],"is_trial":false,"path_per_floor":["M","M","$","M","M","R","M","M","T","$","E","R","?","$","R","B",null,"M","M","?","$","M","E","M","M","MIM","R","?","M","R","M","R","B",null,"M","?","?","M","M","R","M","R","T","?","?","?","E","M","R","B",null,"R","$","E","B",null],"character_chosen":"THE_CONSTRUCT_MOD","items_purchased":["Peace Pipe","DemoMod:MonsterBlood","construct:Isolate+1","construct:Autoturret+2","hubris:EmptyBottle","sneckomod:BlankCard","construct:Enhance+1","Lee\u0027s Waffle","DemoMod:MeatBun","ReplayTheSpireMod:Ninjato","CultistPotion"],"campfire_rested":7,"item_purchase_floors":[3,3,3,3,10,10,10,14,21,53,53],"current_hp_per_floor":[85,80,87,85,78,78,65,55,55,55,29,56,56,99,99,99,99,76,57,33,47,39,18,18,10,7,36,36,50,79,93,99,74,99,65,65,65,49,49,78,79,99,99,99,99,99,95,49,96,99,99,99,99,97,55],"gold":247,"neow_bonus":"RANDOM_COLORLESS","is_daily":false,"chose_seed":false,"campfire_upgraded":2,"win_rate":0.0,"timestamp":1613648127,"path_taken":["M","M","$","M","M","R","M","?","T","$","E","R","?","$","R","BOSS","M","M","?","$","M","E","M","?","MIM","R","?","M","R","M","R","BOSS","M","?","?","M","M","R","M","R","T","?","?","?","E","?","R","BOSS","R","$","E","BOSS"],"items_purchased_type":["Relic","Relic","Card","Card","Relic","Relic","Card","Relic","Relic","Relic","Potion"],"build_version":"2020-12-22","purchased_purges":0,"victory":true,"max_hp_per_floor":[85,85,92,92,92,92,92,92,92,92,92,92,92,99,99,99,99,99,99,99,99,99,99,99,99,99,99,99,99,99,99,99,99,99,99,99,99,99,99,99,99,99,99,99,99,99,99,99,99,99,99,99,99,99,99],"card_choices":[{"not_picked":["Mind Blast","Dramatic Entrance"],"picked":"ReplayTheSpireMod:Private Reserves","floor":0},{"not_picked":["construct:ChargeShot+1","construct:OneWayMirror+1"],"picked":"construct:Autoturret+1","floor":1},{"not_picked":["construct:BlazingSpeed+1","construct:Boost+1"],"picked":"construct:ScopeCore+1","floor":2},{"not_picked":["construct:BlazingSpeed+1","construct:Rollout+1"],"picked":"construct:PanicFire+1","floor":4},{"not_picked":["construct:CreateCores+1","construct:FocusedBeam+1","construct:HeavyBolt+1"],"picked":"SKIP","floor":5},{"not_picked":["construct:SweepLaser+1","construct:FocusedBeam+1"],"picked":"construct:ModeShift+1","floor":7},{"not_picked":["construct:Backfire+1","construct:CripplingShot+1","construct:FlashFreeze+1"],"picked":"SKIP","floor":8},{"not_picked":["construct:VentSteam+1","construct:Hazardproof+1","construct:Reinforce+1"],"picked":"SKIP","floor":11},{"not_picked":["construct:HastyRepair+1","construct:ShieldGenerator+1"],"picked":"construct:BatteryCore+1","floor":16},{"not_picked":["construct:Versatility+1","construct:Reinforce+1","construct:Backfire+1"],"picked":"SKIP","floor":18},{"not_picked":["construct:ShiftStrike+1","construct:ReactiveShield+1","construct:FierceBash+1"],"picked":"SKIP","floor":19},{"not_picked":["construct:Electrocute+1","construct:OilSpill+1"],"picked":"construct:Missile+1","floor":22},{"not_picked":["construct:Accumulate+1","construct:MoltenSmash+1","construct:PhosphorStorm+1"],"picked":"SKIP","floor":23},{"not_picked":["construct:Accumulate+1","construct:PowerUp+1","construct:GoldenBullet+1"],"picked":"SKIP","floor":24},{"not_picked":["construct:Analyze+1","construct:Accumulate+1","construct:SyphonStrike+1"],"picked":"SKIP","floor":25},{"not_picked":["construct:Rollout+1","construct:Backfire+1"],"picked":"construct:Zapper+1","floor":29},{"not_picked":["construct:SweepLaser+1","construct:DarkFlames+1"],"picked":"construct:LaserCore+1","floor":31},{"not_picked":["construct:LongRangeLance+1","construct:Multistage+1"],"picked":"construct:BatteryCore+1","floor":33},{"not_picked":["construct:CripplingShot+1","construct:Backfire+1"],"picked":"construct:PointDefense+1","floor":35},{"not_picked":["construct:MoltenSmash+1","ReplayTheSpireMod:Mirror System+1","construct:Backfire+1"],"picked":"SKIP","floor":38},{"not_picked":["construct:MoltenSmash+1","ReplayTheSpireMod:Mirror System+1","construct:Backfire+1"],"picked":"SKIP","floor":38},{"not_picked":["construct:OmegaCannon+1","construct:ChargeShot+1","construct:ClusterMines+1"],"picked":"SKIP","floor":39},{"not_picked":["construct:Rollout+1","construct:Backup+1"],"picked":"construct:MetalShell+1","floor":41},{"not_picked":["construct:Stasis+1","construct:CripplingShot+1","construct:Enhance+1"],"picked":"SKIP","floor":47},{"not_picked":["construct:Forcefield+1","construct:OmegaCannon+1","construct:FlakBarrage+1"],"picked":"SKIP","floor":48},{"not_picked":["construct:FocusedBeam+1","construct:CripplingShot+1","construct:FlammableFog+1"],"picked":"SKIP","floor":54}],"player_experience":886554,"relics_obtained":[{"floor":11,"key":"Garlic"},{"floor":11,"key":"StrikeDummy"},{"floor":20,"key":"infinitespire:Beetle Shell"},{"floor":23,"key":"War Paint"},{"floor":23,"key":"halation:AfternoonTea"},{"floor":26,"key":"Replay:WaspNest"},{"floor":26,"key":"PreservedInsect"},{"floor":36,"key":"MealTicket"},{"floor":43,"key":"Blood Vial"},{"floor":47,"key":"DemoMod:GreenGuonStone"},{"floor":47,"key":"hubris:Metronome"},{"floor":54,"key":"Replay:Wax Seal"},{"floor":54,"key":"Boot"}],"event_choices":[{"damage_healed":0,"gold_gain":0,"player_choice":"Disagree","damage_taken":0,"max_hp_gain":0,"max_hp_loss":0,"event_name":"conspire:LoneGhost","floor":13,"gold_loss":0},{"damage_healed":0,"gold_gain":0,"player_choice":"Simplicity","damage_taken":0,"max_hp_gain":0,"max_hp_loss":10,"event_name":"betterThird:BetterWriting","floor":28,"gold_loss":0},{"damage_healed":0,"gold_gain":0,"player_choice":"Paid Gold","damage_taken":0,"relics_obtained":["Eternal Feather"],"max_hp_gain":0,"max_hp_loss":0,"event_name":"WeMeetAgain","floor":46,"gold_loss":140}],"is_beta":false,"boss_relics":[{"not_picked":["Cursed Key","SlaversCollar"],"picked":"SacredBark"},{"not_picked":["Runic Dome","Kintsugi"],"picked":"beaked:SacredDeck"}],"items_purged_floors":[],"is_endless":false,"potions_floor_spawned":[1,11,16,18,22,29,31,35,39,41,54],"ascension_level":0}}