{"host":"l2lylj0omvglf5x0","time":1613664330,"event":{"mods":["2.2 Compatiblity","BaseMod","Bestiary","Block Reminder","Colored Map","Colored Powertips","Curses Come First","Highlight Path","Keyboard Shortcuts","Minty Spire (QoL Compilation)","Relic Sorter","Relic Stats","Slay the Relics Exporter","StSLib","SuperFastMode"],"gold_per_floor":[117,131,27,27,47,72,72,97,97,122,141,107,107,127,127,223,223,235,247,247,267,267,267],"floor_reached":22,"language":"ENG","playtime":782,"items_purged":[],"score":309,"play_id":"a539eb62-9a4c-4ab6-a719-d713add24433","local_time":"20210218170530","is_ascension_mode":true,"campfire_choices":[{"floor":7,"key":"REST"},{"data":"1","floor":13,"key":"LIFT"},{"data":"2","floor":15,"key":"LIFT"}],"circlet_count":0,"master_deck":["AscendersBane","Strike_R","Strike_R","Strike_R","Strike_R","Strike_R","Defend_R+1","Defend_R","Defend_R","Defend_R+1","Bash","Perfected Strike","Clothesline","Clash","Entrench","Corruption"],"relics":["Busted Crown","Self Forming Clay","Incense Burner","FossilizedHelix","Girya","War Paint","Black Star","MutagenicStrength"],"acts_visited":["Exordium","TheCity"],"potions_floor_usage":[6,8,16,22],"damage_taken":[{"damage":1,"enemies":"Cultist","floor":1,"turns":3},{"damage":7,"enemies":"Jaw Worm","floor":2,"turns":3},{"damage":6,"enemies":"Small Slimes","floor":5,"turns":2},{"damage":22,"enemies":"Lagavulin","floor":6,"turns":5},{"damage":21,"enemies":"3 Sentries","floor":8,"turns":11},{"damage":15,"enemies":"Lagavulin","floor":10,"turns":5},{"damage":0,"enemies":"Blue Slaver","floor":11,"turns":3},{"damage":0,"enemies":"3 Louse","floor":14,"turns":2},{"damage":7,"enemies":"Hexaghost","floor":16,"turns":11},{"damage":16,"enemies":"Spheric Guardian","floor":18,"turns":4},{"damage":11,"enemies":"Shell Parasite","floor":19,"turns":4},{"damage":27,"enemies":"Snecko","floor":21,"turns":5},{"damage":12,"enemies":"Snake Plant","floor":22,"turns":2}],"seed_played":"-8776450641775707984","potions_obtained":[{"floor":6,"key":"EssenceOfSteel"},{"floor":11,"key":"ColorlessPotion"},{"floor":16,"key":"Swift Potion"},{"floor":21,"key":"AttackPotion"}],"is_trial":false,"path_per_floor":["M","M","$","?","M","E","R","E","T","E","M","$","R","M","R","B",null,"M","M","?","M","M"],"character_chosen":"IRONCLAD","items_purchased":["CultistPotion","Entrench"],"campfire_rested":1,"item_purchase_floors":[3,12],"current_hp_per_floor":[71,64,64,57,51,29,53,32,32,17,17,17,17,17,17,10,63,47,36,36,9,0,0],"gold":267,"neow_bonus":"BOSS_RELIC","is_daily":false,"chose_seed":false,"campfire_upgraded":0,"win_rate":0.0,"timestamp":1613664330,"path_taken":["M","M","$","?","M","E","R","E","T","E","M","?","R","M","R","BOSS","M","M","?","M","M"],"items_purchased_type":["Potion","Card"],"build_version":"2020-12-22","purchased_purges":0,"victory":false,"max_hp_per_floor":[80,80,80,80,80,80,80,80,80,80,80,80,80,80,80,80,80,80,80,80,80,80,80],"relic_stats":{"Busted Crown":24,"counters":[13,60],"Self Forming Clay":[63],"Black Star":0,"War Paint":["Defend_R","Defend_R"],"obtain_stats":[{"Girya":9,"Busted Crown":0,"Self Forming Clay":4,"MutagenicStrength":20,"Incense Burner":6,"Black Star":17,"War Paint":10,"Burning Blood":0,"FossilizedHelix":8},{"Girya":5,"Busted Crown":0,"Self Forming Clay":2,"MutagenicStrength":11,"Incense Burner":4,"Black Star":9,"War Paint":6,"Burning Blood":0,"FossilizedHelix":5},{"Girya":24,"Busted Crown":0,"Self Forming Clay":6,"MutagenicStrength":53,"Incense Burner":13,"Black Star":45,"War Paint":29,"Burning Blood":0,"FossilizedHelix":24}]},"card_choices":[{"not_picked":[],"picked":"Perfected Strike","floor":1},{"not_picked":[],"picked":"Clothesline","floor":2},{"not_picked":["Fire Breathing"],"picked":"SKIP","floor":5},{"not_picked":[],"picked":"Clash","floor":6},{"not_picked":["Body Slam"],"picked":"SKIP","floor":8},{"not_picked":["True Grit"],"picked":"SKIP","floor":10},{"not_picked":["Carnage"],"picked":"SKIP","floor":11},{"not_picked":["Anger"],"picked":"SKIP","floor":14},{"not_picked":[],"picked":"Corruption","floor":16},{"not_picked":["Anger"],"picked":"SKIP","floor":18},{"not_picked":["Flex"],"picked":"SKIP","floor":19},{"not_picked":["Intimidate"],"picked":"SKIP","floor":21}],"player_experience":972458,"relics_obtained":[{"floor":6,"key":"Incense Burner"},{"floor":8,"key":"FossilizedHelix"},{"floor":9,"key":"Girya"},{"floor":10,"key":"War Paint"}],"event_choices":[{"damage_healed":0,"gold_gain":0,"player_choice":"Success","damage_taken":7,"relics_obtained":["Self Forming Clay"],"max_hp_gain":0,"max_hp_loss":0,"event_name":"Scrap Ooze","floor":4,"gold_loss":0},{"damage_healed":0,"gold_gain":0,"player_choice":"Inject Mutagens","damage_taken":0,"relics_obtained":["MutagenicStrength"],"max_hp_gain":0,"max_hp_loss":0,"event_name":"Drug Dealer","floor":20,"gold_loss":0}],"is_beta":false,"boss_relics":[{"not_picked":["Fusion Hammer","Runic Cube"],"picked":"Black Star"}],"items_purged_floors":[],"is_endless":false,"potions_floor_spawned":[6,11,16,21],"killed_by":"Snake Plant","ascension_level":10}}