{"host":"zy8sn0tmwn4g7fne","time":1613641732,"event":{"mods":["ATMod(阿瑾Mod)","BaseMod","Better-Laid Plans","FanaticalFans","Minty Spire (QoL Compilation)","MostiFishMod","Quick Restart","StSLib","[IsaacMod]以撒尖塔","【功能Mod】Neow奖励","【功能Mod】强力的原版药水"],"gold_per_floor":[99,99,99,99,99,99,99,99,99,99,99,99,99,99,99,99,99,99,99,0,0,0,0,0,0,0,0,0,0,0,0,0,0,0,0,0,0,0,0,0,0,0,0,0,0,0,0,0,0,0,0,0,0,0,0,0,0,0],"floor_reached":56,"language":"ZHS","playtime":6221,"items_purged":["Defend_B","Decay","Defend_B","Defend_B","Strike_B","Strike_B","Dualcast","AT_EmpoweredMortalDraw+1"],"score":3706,"play_id":"00bb2528-e300-43ed-b84d-0575d4ad91e6","local_time":"20210218174851","is_ascension_mode":true,"campfire_choices":[{"data":"Zap","floor":6.0,"key":"SMITH"},{"data":"Heatsinks","floor":8.0,"key":"SMITH"},{"data":"Defragment","floor":13.0,"key":"SMITH"},{"data":"Loop","floor":15.0,"key":"SMITH"},{"data":"Coolheaded","floor":32.0,"key":"SMITH"},{"floor":40.0,"key":"RECALL"},{"floor":47,"key":"DIG"},{"floor":49,"key":"DIG"},{"floor":53,"key":"DIG"},{"floor":52,"key":"DIG"}],"circlet_count":149,"master_deck":["AscendersBane","Zap+1","AT_EssenceShift+1","Flash of Steel+1","Heatsinks+1","Cold Snap+1","Undo+1","Defragment+1","Ball Lightning","Loop+1","Glacier","Sadistic Nature","AT_WaterDrop+1","Self Repair","Coolheaded+1","Coolheaded+1","Fission+1","MostiFishMod:LinkProtocol","Hologram","AT_WarpDrive+1","All For One+1","Defragment","Turbo","Heatsinks+1","Defragment","Recycle+1"],"relics":["Fans:FanaticalFans","AT_ATBox","DaveBox","HushsDoor","SteamSale","Membership Card","Ectoplasm","SynthV:TestCard","OrangePellets","Toy Ornithopter","AT_SeraphEmbrace","Civilization","AT_ArcaneBoots","Omamori","Smiling Mask","Medical Kit","Dream Catcher","Shuriken","ChiXiaoBlade","Centennial Puzzle","Juzu Bracelet","BrkXgEgg","Art of War","AT_SunfireAegis","Chaos","PatriotShield","Nunchaku","Letter Opener","DataDisk","AT_ChloranthyRing","Incense Burner","The Courier","Damocles","DianDianMeat","Mango","ImprovedEquipment","Tiny House","BookOfRevelations","Ice Cream","MealTicket","AnarchistCookbook","Gremlin Horn","Leech","Ring of the Snake","Eternal Feather","Boot","MyShadow","Busted Crown","Paper Crane","Bag of Preparation","Shovel","Blue Candle","Fusion Hammer","Lee\u0027s Waffle","Calipers","Peace Pipe","Dodecahedron","AT_Kusabimaru","Bronze Scales","GuppysHead","Ornamental Fan","Bag of Marbles","PunchingBag","Gremlin Horn","Darkstone Periapt","Runic Capacitor","Chemical X","Self Forming Clay","Runic Dome","MagicMushroom","Torii","Strawberry","Bottled Flame","Cables","White Beast Statue","Emotion Chip","SentryEyes","PreservedInsect","Red Skull","Mark of Pain","Frozen Eye","Succubus","AT_MortalBlade","Bottled Tornado","Pen Nib","StoneCalendar","Black Star","AT_RabadonDeathcap","Turnip","Orichalcum","Ring of the Serpent","MomsKnife","PillsDrop","Frozen Egg 2","Cursed Key","Ancient Tea Set","Burning Blood","Brimstone","AT_TheCollector","AT_MibuBalloonWealth","D6","AT_BladeRuinedKing","Vajra","NineLifeCat","Anchor","InkBottle","HandDrill","Runic Cube","RottenBaby","BelialBook","Mummified Hand","Damocles","Question Card","Sling","Tingsha","Black Blood","AT_BellDemon","Gambling Chip","Pear","Singing Bowl","Pocketwatch","Happy Flower","Tough Bandages","Incubus","ChampionBelt","Regal Pillow","Coffee Dripper","Void","Potion Belt","Lantern","UnicornStump","Toxic Egg 2","Symbiotic Virus","NineVolt","CeramicFish","JellyFishMachine","TakeMeEscape","Habit","Mercury Hourglass","Pantograph","FossilizedHelix","Unceasing Top","HowToJump","AT_BellowingDragoncrestRing","Akabeko","AT_ImmortalShieldbow","Bird Faced Urn","Whetstone","Champion Belt","CaptainsWheel","BionicSphere","AT_GoldPhoenixTree","Prayer Wheel","Toolbox","DaCapo","TheBible","Molten Egg 2","RhineCircuit","AT_LudenTempest","AT_ForceNature","Orrery","War Paint","Circlet","Paper Frog","EdensBlessing","SatanicBible"],"acts_visited":["Exordium","TheCity","TheBeyond","TheEnding"],"potions_floor_usage":[53],"damage_taken":[{"damage":7.0,"enemies":"Jaw Worm","floor":1.0,"turns":3.0},{"damage":0.0,"enemies":"Small Slimes","floor":4.0,"turns":3.0},{"damage":0.0,"enemies":"Cultist","floor":5.0,"turns":4.0},{"damage":2.0,"enemies":"Lagavulin","floor":12.0,"turns":6.0},{"damage":18.0,"enemies":"Slime Boss","floor":16.0,"turns":9.0},{"damage":0.0,"enemies":"3 Byrds","floor":18.0,"turns":4.0},{"damage":0.0,"enemies":"2 Thieves","floor":20.0,"turns":10.0},{"damage":0.0,"enemies":"Slavers","floor":23.0,"turns":4.0},{"damage":0.0,"enemies":"Gremlin Leader","floor":25.0,"turns":4.0},{"damage":0.0,"enemies":"Book of Stabbing","floor":28.0,"turns":4.0},{"damage":0.0,"enemies":"Snake Plant","floor":29.0,"turns":2.0},{"damage":0.0,"enemies":"Slavers","floor":30.0,"turns":3.0},{"damage":0.0,"enemies":"Shelled Parasite and Fungi","floor":31.0,"turns":3.0},{"damage":0.0,"enemies":"Champ","floor":33.0,"turns":2.0},{"damage":0.0,"enemies":"3 Shapes","floor":35.0,"turns":2.0},{"damage":0.0,"enemies":"Orb Walker","floor":38.0,"turns":3.0},{"damage":0,"enemies":"Giant Head","floor":42,"turns":1},{"damage":0,"enemies":"Reptomancer","floor":45,"turns":1},{"damage":0,"enemies":"Giant Head","floor":48,"turns":1},{"damage":0,"enemies":"Donu and Deca","floor":50,"turns":1},{"damage":0,"enemies":"Time Eater","floor":51,"turns":1},{"damage":0,"enemies":"Shield and Spear","floor":54,"turns":1},{"damage":0,"enemies":"Delirium","floor":55,"turns":5}],"seed_played":"496243108226204728","potions_obtained":[{"floor":12.0,"key":"Ancient Potion"},{"floor":16.0,"key":"Explosive Potion"},{"floor":25.0,"key":"LiquidMemories"},{"floor":30.0,"key":"Energy Potion"},{"floor":37.0,"key":"Energy Potion"},{"floor":42,"key":"ColorlessPotion"}],"is_trial":false,"path_per_floor":["M","?","$","M","M","R","?","R","T","$","?","E","R","$","R","B",null,"M","$","M","$","?","E","$","E","T","?","E","M","E","M","R","B",null,"M","?","?","M","$","R","$","M","T","$","M","?","R","E","R","B","B",null,"R","$","R","$","E","B",null],"character_chosen":"DEFECT","items_purchased":["OrangePellets","Toy Ornithopter","AT_ArchangelStaff","Flash of Steel","Heatsinks","Dexterity Potion","DuplicationPotion","Civilization","AT_SpeedBoots","Omamori","Defragment","Medical Kit","Dream Catcher","Shuriken","Loop","Glacier","Sadistic Nature","Centennial Puzzle","Juzu Bracelet","Coolheaded","BrkXgEgg","Explosive Potion","Art of War","AT_SunfireAegis","Chaos","EntropicBrew","Fission+1","Nunchaku","Letter Opener","Damocles","EntropicBrew","FairyPotion","Defragment","Mango","ImprovedEquipment","Tiny House","BookOfRevelations","Ice Cream","MealTicket","AnarchistCookbook","Gremlin Horn","Leech","Ring of the Snake","Eternal Feather","Boot","MyShadow","Busted Crown","Paper Crane","Bag of Preparation","Shovel","Blue Candle","Fusion Hammer","Lee\u0027s Waffle","Calipers","Peace Pipe","Dodecahedron","AT_Kusabimaru","ForgetMeNow","Bronze Scales","GuppysHead","Ornamental Fan","Bag of Marbles","PunchingBag","Diplopia","Darkstone Periapt","Runic Capacitor","Chemical X","Self Forming Clay","Runic Dome","MagicMushroom","Torii","Strawberry","Bottled Flame","Cables","White Beast Statue","Emotion Chip","SentryEyes","PreservedInsect","Red Skull","Mark of Pain","Frozen Eye","Succubus","AT_MortalBlade","Bottled Tornado","Pen Nib","StoneCalendar","Black Star","AT_RabadonDeathcap","Turnip","Orichalcum","Ring of the Serpent","MomsKnife","PillsDrop","Frozen Egg 2","Cursed Key","Ancient Tea Set","Burning Blood","Brimstone","AT_TheCollector","AT_MibuBalloonWealth","D6","AT_BladeRuinedKing","Vajra","NineLifeCat","Anchor","InkBottle","HandDrill","Runic Cube","RottenBaby","BelialBook","Mummified Hand","Damocles","Question Card","Sling","Tingsha","Black Blood","AT_BellDemon","Gambling Chip","Pear","Singing Bowl","Pocketwatch","Happy Flower","Tough Bandages","Incubus","ChampionBelt","Regal Pillow","Coffee Dripper","Void","Potion Belt","Lantern","UnicornStump","Toxic Egg 2","Symbiotic Virus","Snecko Eye","NineVolt","CeramicFish","JellyFishMachine","TakeMeEscape","Habit","Mercury Hourglass","Pantograph","FossilizedHelix","Unceasing Top","HowToJump","AT_BellowingDragoncrestRing","Akabeko","AT_ImmortalShieldbow","Bird Faced Urn","Whetstone","Champion Belt","CaptainsWheel","BionicSphere","AT_GoldPhoenixTree","Prayer Wheel","Toolbox","DaCapo","TheBible","Molten Egg 2","RhineCircuit","AT_LudenTempest","AT_ForceNature","Dead Branch","Fruit Juice","Orrery","War Paint","Circlet","Circlet","Circlet","Circlet","Circlet","Circlet","Circlet","Circlet","Circlet","Circlet","Circlet","Paper Frog","Circlet","Circlet","Circlet","Circlet","Circlet","Circlet","Circlet","Circlet","Circlet","Circlet","Circlet","Circlet","Circlet","Circlet","Circlet","Circlet","Circlet","Circlet","Circlet","Circlet","Circlet","Circlet","Circlet","Circlet","Circlet","Circlet","Circlet","Circlet","Circlet","Circlet","Circlet","Circlet","Circlet","Circlet","Circlet","Circlet","Circlet","Circlet","EdensBlessing","Circlet","Circlet","Circlet","Circlet","Circlet","Circlet","Circlet","Circlet","Circlet","Circlet","Circlet","Circlet","Circlet","Circlet","Circlet","Circlet","Circlet","Circlet","Circlet","Circlet","Circlet","Circlet","Circlet","Circlet","Circlet","Circlet","Circlet","Circlet","Circlet","Circlet","Circlet","Circlet","Circlet","Circlet","Circlet","Circlet","Circlet","Circlet","Circlet","Circlet","Circlet","Circlet","Circlet","Circlet","Circlet","Circlet","Circlet","Circlet","Circlet","Circlet","Circlet","Circlet","SatanicBible","Circlet","Circlet","Circlet","Circlet","Circlet","Circlet","Circlet","Circlet","Circlet","Circlet","Circlet","Circlet","Circlet","Circlet","Circlet","Circlet","Circlet","Circlet","Circlet","Circlet","Circlet","Circlet","Circlet","EntropicBrew"],"campfire_rested":0,"item_purchase_floors":[3,3,3,3,3,3,3,10,10,10,10,14,14,14,14,14,14,19,19,19,19,19,21,21,21,21,21,24,24,34,34,34,34,39,39,39,39,39,39,39,39,39,39,39,39,39,39,39,39,39,39,39,39,39,39,39,39,39,39,39,39,39,39,39,39,39,39,39,39,39,39,39,39,39,39,39,39,39,39,39,39,39,39,39,39,39,39,39,39,39,39,39,39,39,39,39,39,39,39,39,39,39,39,39,39,39,39,39,39,39,39,39,39,39,39,39,39,39,39,39,39,39,39,39,39,39,39,39,39,39,39,39,39,39,39,39,39,39,41,41,41,41,41,41,41,41,41,41,41,41,41,41,41,41,41,41,41,41,41,41,41,41,41,41,41,41,41,41,41,41,41,41,41,41,41,44,44,44,44,44,44,44,44,44,44,44,44,44,44,44,44,44,44,44,44,44,44,44,44,44,44,44,54,54,54,54,54,54,54,54,54,54,54,54,54,54,54,54,54,54,54,54,54,54,54,54,54,54,54,54,54,54,54,54,54,54,54,54,54,54,54,54,54,54,54,54,54,54,54,54,54,54,54,54,54,54,54,54,54,54,54,54,54,54,54,54,54,54,53,53,53,53,53,53,53,53,53,53,53,53,53,53,53,53,53,53,53,53,53,53,53,53,53],"current_hp_per_floor":[57,57,57,57,57,57,57,57,57,57,50,49,49,49,49,45,68,73,73,86,86,86,91,91,96,96,96,101,106,111,116,116,121,96,101,101,101,107,48,48,65,97,102,102,134,134,139,171,176,181,186,186,191,191,196,201,233,238],"gold":0,"neow_bonus":"BOSS_RELIC","is_daily":false,"chose_seed":false,"campfire_upgraded":5,"win_rate":0.0,"timestamp":1613641731,"path_taken":["M","?","$","M","M","R","?","R","T","$","?","E","R","$","R","BOSS","M","$","M","$","?","E","$","E","T","?","E","M","E","M","R","BOSS","M","?","?","M","?","R","$","M","T","$","M","?","R","E","R","BOSS","BOSS","R","$","R","$","E","BOSS"],"items_purchased_type":["Relic","Relic","Relic","Card","Card","Potion","Potion","Relic","Relic","Relic","Card","Relic","Relic","Relic","Card","Card","Card","Relic","Relic","Card","Relic","Potion","Relic","Relic","Card","Potion","Card","Relic","Relic","Relic","Potion","Potion","Card","Relic","Relic","Relic","Relic","Relic","Relic","Relic","Relic","Relic","Relic","Relic","Relic","Relic","Relic","Relic","Relic","Relic","Relic","Relic","Relic","Relic","Relic","Relic","Relic","Relic","Relic","Relic","Relic","Relic","Relic","Relic","Relic","Relic","Relic","Relic","Relic","Relic","Relic","Relic","Relic","Relic","Relic","Relic","Relic","Relic","Relic","Relic","Relic","Relic","Relic","Relic","Relic","Relic","Relic","Relic","Relic","Relic","Relic","Relic","Relic","Relic","Relic","Relic","Relic","Relic","Relic","Relic","Relic","Relic","Relic","Relic","Relic","Relic","Relic","Relic","Relic","Relic","Relic","Relic","Relic","Relic","Relic","Relic","Relic","Relic","Relic","Relic","Relic","Relic","Relic","Relic","Relic","Relic","Relic","Card","Relic","Relic","Relic","Relic","Relic","Relic","Relic","Relic","Relic","Relic","Relic","Relic","Relic","Relic","Relic","Relic","Relic","Relic","Relic","Relic","Relic","Relic","Relic","Relic","Relic","Relic","Relic","Relic","Relic","Relic","Relic","Relic","Relic","Relic","Potion","Relic","Relic","Undefined","Undefined","Undefined","Undefined","Undefined","Undefined","Undefined","Undefined","Undefined","Undefined","Undefined","Relic","Undefined","Undefined","Undefined","Undefined","Undefined","Undefined","Undefined","Undefined","Undefined","Undefined","Undefined","Undefined","Undefined","Undefined","Undefined","Undefined","Undefined","Undefined","Undefined","Undefined","Undefined","Undefined","Undefined","Undefined","Undefined","Undefined","Undefined","Undefined","Undefined","Undefined","Undefined","Undefined","Undefined","Undefined","Undefined","Undefined","Undefined","Undefined","Relic","Undefined","Undefined","Undefined","Undefined","Undefined","Undefined","Undefined","Undefined","Undefined","Undefined","Undefined","Undefined","Undefined","Undefined","Undefined","Undefined","Undefined","Undefined","Undefined","Undefined","Undefined","Undefined","Undefined","Undefined","Undefined","Undefined","Undefined","Undefined","Undefined","Undefined","Undefined","Undefined","Undefined","Undefined","Undefined","Undefined","Undefined","Undefined","Undefined","Undefined","Undefined","Undefined","Undefined","Undefined","Undefined","Undefined","Undefined","Undefined","Undefined","Undefined","Undefined","Undefined","Relic","Undefined","Undefined","Undefined","Undefined","Undefined","Undefined","Undefined","Undefined","Undefined","Undefined","Undefined","Undefined","Undefined","Undefined","Undefined","Undefined","Undefined","Undefined","Undefined","Undefined","Undefined","Undefined","Undefined","Potion"],"build_version":"2020-12-22","purchased_purges":8,"victory":true,"max_hp_per_floor":[71,71,71,71,71,71,71,71,71,71,71,72,72,72,72,76,76,81,81,86,86,86,91,91,96,96,96,101,106,111,116,116,121,96,101,101,101,107,48,48,65,97,102,102,134,134,139,171,176,181,186,186,191,191,196,201,233,238],"card_choices":[{"not_picked":[],"picked":"ChaosCard","floor":0.0},{"not_picked":["Hologram","Redo","Scrape"],"picked":"SKIP","floor":1.0},{"not_picked":["Turbo","Redo","Machine Learning","Force Field"],"picked":"Cold Snap","floor":4.0},{"not_picked":["Sweeping Beam","AT_ThreeBodyProblem","Gash","Sunder"],"picked":"Undo","floor":5.0},{"not_picked":["Barrage","Conserve Battery","Aggregate","Scrape"],"picked":"Ball Lightning","floor":12.0},{"not_picked":["Buffer","Creative AI","MostiFishMod:SeaWaves","Electrodynamics"],"picked":"AT_WaterDrop","floor":16.0},{"not_picked":["Distribution","AT_StudyProgram","Coolheaded","Gash+1"],"picked":"Self Repair","floor":18.0},{"not_picked":["Blizzard+1","FTL","Tempest+1","Ball Lightning"],"picked":"Coolheaded+1","floor":20.0},{"not_picked":["Compile Driver","Doom and Gloom","MostiFishMod:FluxCapactior","Conserve Battery"],"picked":"MostiFishMod:LinkProtocol","floor":23.0},{"not_picked":["Darkness","Lockon","All For One+1","Static Discharge+1"],"picked":"Hologram","floor":25.0},{"not_picked":["Barrage","Pulse","Turbo","MostiFishMod:GatherIntelligence+1"],"picked":"AT_RobotInSpace","floor":28.0},{"not_picked":["Hologram","Self Repair","Rebound","Beam Cell","Reinforced Body"],"picked":"SKIP","floor":29.0},{"not_picked":["Barrage","Ball Lightning","Double Energy","Beam Cell"],"picked":"AT_WarpDrive","floor":30.0},{"not_picked":["Tempest","MostiFishMod:PushDownKick","MostiFishMod:Nova+1","Go for the Eyes+1","Blizzard"],"picked":"SKIP","floor":31.0},{"not_picked":["MostiFishMod:DawningShadow+1","AT_RightCognition+1","MostiFishMod:ReadyAimFire+1","Creative AI+1"],"picked":"All For One+1","floor":33.0},{"not_picked":["Compile Driver+1","Leap","MostiFishMod:IceShield","Sweeping Beam+1"],"picked":"Turbo","floor":35.0},{"not_picked":["AT_EMC2","Conserve Battery","AT_HeatAcrobatics","Blizzard+1"],"picked":"Heatsinks+1","floor":38.0},{"not_picked":["MostiFishMod:Impulse","AT_HeatAcrobatics","MostiFishMod:ReprogramOld","Glacier"],"picked":"Defragment","floor":39.0},{"not_picked":["Cancel+1","Tempest+1","Melter+1","BootSequence+1"],"picked":"Singing Bowl","floor":41},{"not_picked":["Multi-Cast+1","Steam+1","Cancel+1","MostiFishMod:GatherIntelligence+1"],"picked":"Singing Bowl","floor":41},{"not_picked":["Steam+1","Hologram+1","Compile Driver+1","Darkness+1"],"picked":"Singing Bowl","floor":41},{"not_picked":["AT_HeatAcrobatics+1","Auto Shields+1","Darkness+1"],"picked":"Recycle+1","floor":41},{"not_picked":["Go for the Eyes+1","White Noise+1","Gash+1","Streamline+1"],"picked":"Singing Bowl","floor":41},{"not_picked":["MostiFishMod:IceShield+1","MostiFishMod:ReprogramOld+1","Cancel+1","AT_EMC2+1"],"picked":"Singing Bowl","floor":42},{"not_picked":["AT_RightCognition+1","Coolheaded+1","AT_RobotInSpace+1","Redo+1"],"picked":"Singing Bowl","floor":45},{"not_picked":["Streamline+1","FTL+1","Sweeping Beam+1","Turbo+1"],"picked":"Singing Bowl","floor":48},{"not_picked":["Hologram+1","Gash+1","Sunder+1","AT_EMC2+1"],"picked":"Singing Bowl","floor":54}],"player_experience":464428,"relics_obtained":[{"floor":1.0,"key":"SynthV:TestCard"},{"floor":12.0,"key":"Smiling Mask"},{"floor":23.0,"key":"PatriotShield"},{"floor":25.0,"key":"DataDisk"},{"floor":28.0,"key":"AT_ChloranthyRing"},{"floor":30.0,"key":"Incense Burner"},{"floor":38.0,"key":"DianDianMeat"},{"floor":42,"key":"Circlet"},{"floor":42,"key":"Circlet"},{"floor":42,"key":"Circlet"},{"floor":42,"key":"Circlet"},{"floor":42,"key":"Circlet"},{"floor":43,"key":"Circlet"},{"floor":45,"key":"Circlet"},{"floor":45,"key":"Circlet"},{"floor":45,"key":"Circlet"},{"floor":45,"key":"Circlet"},{"floor":45,"key":"Circlet"},{"floor":47,"key":"Circlet"},{"floor":48,"key":"Circlet"},{"floor":48,"key":"Circlet"},{"floor":48,"key":"Circlet"},{"floor":48,"key":"Circlet"},{"floor":48,"key":"Circlet"},{"floor":49,"key":"Circlet"},{"floor":53,"key":"Circlet"},{"floor":52,"key":"Circlet"},{"floor":54,"key":"Circlet"},{"floor":54,"key":"Circlet"},{"floor":54,"key":"Circlet"},{"floor":54,"key":"Circlet"},{"floor":54,"key":"Circlet"}],"event_choices":[{"cards_removed":["Strike_B"],"damage_healed":0.0,"max_hp_gain":0.0,"max_hp_loss":0.0,"gold_gain":0.0,"event_name":"Living Wall","player_choice":"Forget","floor":2.0,"gold_loss":0.0,"damage_taken":0.0},{"damage_healed":0.0,"max_hp_gain":0.0,"max_hp_loss":0.0,"gold_gain":0.0,"event_name":"Wheel of Change","player_choice":"Cursed","floor":7.0,"gold_loss":0.0,"damage_taken":0.0,"cards_obtained":["Decay"]},{"cards_removed":["Defend_B"],"damage_healed":0.0,"max_hp_gain":0.0,"max_hp_loss":0.0,"gold_gain":0.0,"event_name":"Golden Wing","player_choice":"Card Removal","floor":11.0,"gold_loss":0.0,"damage_taken":7.0},{"damage_healed":0.0,"max_hp_gain":0.0,"max_hp_loss":0.0,"gold_gain":0.0,"event_name":"Upgrade Shrine","player_choice":"Upgraded","floor":22.0,"gold_loss":0.0,"damage_taken":0.0,"cards_upgraded":["AT_WaterDrop"]},{"cards_removed":["Strike_B"],"damage_healed":0.0,"max_hp_gain":0.0,"max_hp_loss":0.0,"gold_gain":0.0,"event_name":"Back to Basics","player_choice":"Elegance","floor":27.0,"gold_loss":0.0,"damage_taken":0.0},{"cards_removed":["AT_RobotInSpace"],"damage_healed":0.0,"max_hp_gain":0.0,"max_hp_loss":0.0,"gold_gain":0.0,"event_name":"Falling","player_choice":"Removed Skill","floor":36.0,"gold_loss":0.0,"damage_taken":0.0},{"damage_healed":0.0,"max_hp_gain":0.0,"max_hp_loss":0.0,"gold_gain":0.0,"event_name":"Lab","player_choice":"Got Potions","floor":37.0,"gold_loss":0.0,"damage_taken":0.0},{"damage_healed":0,"gold_gain":50,"player_choice":"Pray","damage_taken":0,"max_hp_gain":0,"max_hp_loss":0,"event_name":"Golden Shrine","floor":46,"gold_loss":0}],"is_beta":false,"boss_relics":[{"not_picked":["RhineFirstAidKit","OneHitWonderSystem"],"picked":"ChiXiaoBlade"},{"not_picked":[]},{"not_picked":["Calling Bell","GnawedLeaf"],"picked":"The Courier"},{"not_picked":[]}],"items_purged_floors":[3,10,14,19,21,24,34,39],"is_endless":false,"potions_floor_spawned":[5,12,16,25,28,30,33,38,42,45,48,54],"ascension_level":20}}