{"host":"ig9h5mtrygw4gu9r","time":1613610560,"event":{"mods":["2.2 Compatiblity","AchievementEnabler","BaseMod","Bestiary","Infinite Spire","Minty Spire (QoL Compilation)","Relic Stats","Replay The Spire","StSLib","The Servant 0.9.4"],"gold_per_floor":[119,119,134,150,168,168,202,202,202,212,137,137,137,137,137,241,241,255,265,265,17,77,104,104,4,4,14,27,44,91,102,102,204,204,220,230,230,243,73,73,73],"floor_reached":40,"language":"ENG","playtime":3328,"items_purged":["Strike_P","Strike_P","Strike_P"],"score":433,"play_id":"6b36e5a5-79e5-4197-be9f-504484e55215","local_time":"20210217170920","is_ascension_mode":false,"campfire_choices":[{"floor":6,"key":"REST"},{"data":"Eruption","floor":8,"key":"SMITH"},{"data":"Replay:ManipulateFuture","floor":13,"key":"SMITH"},{"floor":15,"key":"REST"},{"data":"Mayhem","floor":24,"key":"SMITH"},{"data":"Pot Of Greed","floor":32,"key":"SMITH"}],"circlet_count":0,"master_deck":["Strike_P","Defend_P+1","Defend_P+1","Defend_P","Defend_P+1","Eruption+1","Vigilance","Weave+1","Replay:ManipulateFuture+1","Spreading Infection","CurseOfTheBell","JustLucky","JustLucky","Mayhem+1","Impatience","Mayhem","JustLucky+1","Pot Of Greed+1","Pot Of Greed","ThirdEye","ThirdEye","Writhe","infinitespire:Collect","Replay:ManipulateFuture","Weave","Pot Of Greed","CutThroughFate"],"relics":["PureWater","NeowsBlessing","Snack Pack","Singing Bowl","ReplayTheSpireMod:Ring of Addiction","Ring of Searing","Toy Ornithopter","SacredBark","Calling Bell","MealTicket","Shuriken","Replay:Purple Gloves","Nilry\u0027s Codex","ReplayTheSpireMod:ShopPack","War Paint","Grinning Jar","HornCleat","Smiling Mask","ReplayTheSpireMod:SealedPack","Bottled Lightning","HolyWater"],"acts_visited":["Exordium","TheCity","TheBeyond"],"potions_floor_usage":[16,16,18,18,28,29,31,33,33,38],"damage_taken":[{"damage":0,"enemies":"Jaw Worm","floor":1,"turns":1},{"damage":0,"enemies":"2 Louse","floor":3,"turns":1},{"damage":0,"enemies":"Cultist","floor":4,"turns":1},{"damage":13,"enemies":"Exordium Thugs","floor":5,"turns":3},{"damage":33,"enemies":"Gremlin Nob","floor":7,"turns":4},{"damage":0,"enemies":"3 Louse","floor":10,"turns":1},{"damage":43,"enemies":"The Guardian","floor":16,"turns":10},{"damage":10,"enemies":"2 Thieves","floor":18,"turns":3},{"damage":15,"enemies":"3 Byrds","floor":19,"turns":6},{"damage":11,"enemies":"Replay:Snechameleon","floor":23,"turns":6},{"damage":6,"enemies":"Snake Plant","floor":27,"turns":5},{"damage":24,"enemies":"Chosen and Byrds","floor":28,"turns":8},{"damage":0,"enemies":"Centurion and Healer","floor":29,"turns":4},{"damage":8,"enemies":"Cultist and Chosen","floor":31,"turns":4},{"damage":21,"enemies":"Collector","floor":33,"turns":6},{"damage":10,"enemies":"Orb Walker","floor":35,"turns":3},{"damage":23,"enemies":"3 Darklings","floor":36,"turns":6},{"damage":50,"enemies":"Sphere and 2 Shapes","floor":38,"turns":4},{"damage":61,"enemies":"Nightmare","floor":40,"turns":3}],"seed_played":"-5587437303211180391","potions_obtained":[{"floor":3,"key":"LiquidBronze"},{"floor":7,"key":"Adrenaline Potion"},{"floor":14,"key":"BottledMiracle"},{"floor":16,"key":"Swift Potion"},{"floor":22,"key":"LifebloodPotion"},{"floor":27,"key":"Ancient Potion"},{"floor":28,"key":"Weak Potion"},{"floor":31,"key":"Adrenaline Potion"},{"floor":33,"key":"Ancient Potion"},{"floor":38,"key":"Explosive Potion"}],"is_trial":false,"path_per_floor":["M","?","M","M","M","R","E","R","T","M","$","?","R","?","R","B",null,"M","M","?","$","?","E","R","$","T","M","M","M","T","M","R","B",null,"M","M","AVR","M","$","NM"],"character_chosen":"WATCHER","items_purchased":["JustLucky","ReplayTheSpireMod:ShopPack","ThirdEye","ColorlessPotion","Weave","CutThroughFate"],"campfire_rested":2,"item_purchase_floors":[21,21,25,25,39,39],"current_hp_per_floor":[72,58,58,58,45,66,33,33,33,35,35,35,35,35,56,33,74,64,57,41,56,40,39,39,54,54,58,45,58,58,63,63,72,88,82,69,69,34,49,0,0],"gold":73,"neow_bonus":"THREE_ENEMY_KILL","is_daily":false,"chose_seed":false,"campfire_upgraded":4,"win_rate":0.0,"timestamp":1613610560,"path_taken":["M","?","M","M","M","R","E","R","T","M","$","?","R","?","R","BOSS","M","M","?","$","?","E","R","?","T","?","M","M","?","M","R","BOSS","M","M","AVR","M","$","NM"],"items_purchased_type":["Card","Relic","Card","Potion","Card","Card"],"build_version":"2020-12-22","purchased_purges":3,"victory":false,"max_hp_per_floor":[72,72,72,72,72,72,72,72,72,72,72,72,72,72,72,74,74,74,76,76,76,76,78,78,76,76,78,78,80,80,80,80,82,88,88,90,88,90,90,90,90],"relic_stats":{"Singing Bowl":26,"counters":[19,79],"Shuriken":[44],"MealTicket":45,"War Paint":["Defend_P","Defend_P"],"Smiling Mask":75,"obtain_stats":[{"NeowsBlessing":0,"Singing Bowl":9,"Nilry\u0027s Codex":20,"ReplayTheSpireMod:Ring of Addiction":14,"SacredBark":14,"Replay:Purple Gloves":17,"ReplayTheSpireMod:SealedPack":34,"War Paint":22,"Smiling Mask":30,"Ring of Searing":14,"Calling Bell":17,"HornCleat":26,"Shuriken":17,"HolyWater":37,"MealTicket":17,"Snack Pack":7,"Bottled Lightning":37,"PureWater":0,"Grinning Jar":23,"Toy Ornithopter":14,"ReplayTheSpireMod:ShopPack":21},{"NeowsBlessing":0,"Singing Bowl":5,"Nilry\u0027s Codex":9,"ReplayTheSpireMod:Ring of Addiction":6,"SacredBark":6,"Replay:Purple Gloves":7,"ReplayTheSpireMod:SealedPack":15,"War Paint":9,"Smiling Mask":13,"Ring of Searing":6,"Calling Bell":7,"HornCleat":10,"Shuriken":7,"HolyWater":17,"MealTicket":7,"Snack Pack":5,"Bottled Lightning":17,"PureWater":0,"Grinning Jar":10,"Toy Ornithopter":6,"ReplayTheSpireMod:ShopPack":9},{"NeowsBlessing":0,"Singing Bowl":10,"Nilry\u0027s Codex":30,"ReplayTheSpireMod:Ring of Addiction":11,"SacredBark":11,"Replay:Purple Gloves":21,"ReplayTheSpireMod:SealedPack":63,"War Paint":30,"Smiling Mask":53,"Ring of Searing":11,"Calling Bell":21,"HornCleat":36,"Shuriken":21,"HolyWater":72,"MealTicket":21,"Snack Pack":10,"Bottled Lightning":72,"PureWater":0,"Grinning Jar":36,"Toy Ornithopter":11,"ReplayTheSpireMod:ShopPack":30}],"Toy Ornithopter":40},"card_choices":[{"not_picked":["Protect","Replay:BluntJabs"],"picked":"Weave","floor":1},{"not_picked":["CrushJoints","EmptyFist","SignatureMove"],"picked":"SKIP","floor":3},{"not_picked":["WreathOfFlame","Tantrum","Adaptation"],"picked":"SKIP","floor":4},{"not_picked":["EmptyBody","WindmillStrike","Replay:Anticipation"],"picked":"SKIP","floor":5},{"not_picked":["Replay:Vibes","FlyingSleeves","WreathOfFlame"],"picked":"SKIP","floor":7},{"not_picked":["Consecrate","Protect"],"picked":"Replay:ManipulateFuture","floor":10},{"not_picked":["Vault","Replay:LoomingThreat","Judgement"],"picked":"Singing Bowl","floor":16},{"not_picked":["SandsOfTime","BattleHymn+1"],"picked":"JustLucky","floor":18},{"not_picked":["Conclude","PathToVictory","Consecrate"],"picked":"Singing Bowl","floor":19},{"not_picked":["Sadistic Nature","ReplayTheSpireMod:Brewmster"],"picked":"Mayhem","floor":21},{"not_picked":["Specialist","Replay:Bootleg Shield Generator"],"picked":"Impatience","floor":21},{"not_picked":["Enlightenment","Impatience"],"picked":"Mayhem","floor":21},{"not_picked":["Replay:Anticipation","ClearTheMind+1","ReachHeaven"],"picked":"Singing Bowl","floor":22},{"not_picked":["CrushJoints","ClearTheMind"],"picked":"JustLucky+1","floor":22},{"not_picked":["Vault","ClearTheMind+1","EmptyFist"],"picked":"Singing Bowl","floor":23},{"not_picked":["FearNoEvil","SashWhip","Halt"],"picked":"Singing Bowl","floor":27},{"not_picked":["Replay:AtTheReady","Protect","Meditate"],"picked":"Singing Bowl","floor":28},{"not_picked":["Perseverance+1","Adaptation","WaveOfTheHand"],"picked":"Singing Bowl","floor":29},{"not_picked":["Wallop","Consecrate+1"],"picked":"ThirdEye","floor":31},{"not_picked":["Replay:AllIn","Replay:LoomingThreat","Scrawl"],"picked":"Singing Bowl","floor":33},{"not_picked":["KidneyShot","Eruption","Survivor"],"picked":"Singing Bowl","floor":34},{"not_picked":["Replay:LoomingThreat","Omniscience","Brilliance"],"picked":"Singing Bowl","floor":34},{"not_picked":["Replay:Bootleg Shield Generator","Discovery","Enlightenment"],"picked":"Singing Bowl","floor":34},{"not_picked":["infinitespire:Starlight","infinitespire:DeathsTouch"],"picked":"infinitespire:Collect","floor":34},{"not_picked":["Replay:Battleflow+1","Crescendo"],"picked":"Replay:ManipulateFuture","floor":35},{"not_picked":["WaveOfTheHand+1","FlurryOfBlows","Evaluate"],"picked":"Singing Bowl","floor":36},{"not_picked":["ClearTheMind+1","Adaptation+1","Fasting2"],"picked":"Singing Bowl","floor":38}],"player_experience":424628,"relics_obtained":[{"floor":7,"key":"Snack Pack"},{"floor":9,"key":"Singing Bowl"},{"floor":14,"key":"ReplayTheSpireMod:Ring of Addiction"},{"floor":14,"key":"Ring of Searing"},{"floor":14,"key":"Toy Ornithopter"},{"floor":14,"key":"SacredBark"},{"floor":17,"key":"MealTicket"},{"floor":17,"key":"Shuriken"},{"floor":17,"key":"Replay:Purple Gloves"},{"floor":20,"key":"Nilry\u0027s Codex"},{"floor":22,"key":"War Paint"},{"floor":23,"key":"Grinning Jar"},{"floor":26,"key":"HornCleat"},{"floor":30,"key":"Smiling Mask"}],"event_choices":[{"damage_healed":0,"gold_gain":0,"player_choice":"Entered Light","damage_taken":14,"max_hp_gain":0,"max_hp_loss":0,"event_name":"Shining Light","floor":2,"gold_loss":0,"cards_upgraded":["Defend_P","Weave"]},{"damage_healed":0,"gold_gain":0,"player_choice":"Ignored","damage_taken":0,"max_hp_gain":0,"max_hp_loss":0,"event_name":"Liars Game","floor":12,"gold_loss":0},{"damage_healed":0,"gold_gain":0,"player_choice":"Obtained Book","damage_taken":16,"max_hp_gain":0,"max_hp_loss":0,"event_name":"Cursed Tome","floor":20,"gold_loss":0}],"is_beta":false,"boss_relics":[{"not_picked":["Replay:Ancient Bell","Pandora\u0027s Box"],"picked":"Calling Bell"},{"not_picked":["Fusion Hammer","infinitespire:Cupcake"],"picked":"ReplayTheSpireMod:SealedPack"}],"items_purged_floors":[11,21,39],"is_endless":false,"potions_floor_spawned":[3,7,16,27,28,31,33,38],"killed_by":"Nightmare","ascension_level":0}}