{"host":"92wx9z21c4p52du4","time":1613625459,"event":{"mods":["Act Like it!","Bard","BaseMod","ChefMod","Elementarium","Evolution","GungeonMod","Hallownest","Infinite Spire","Minty Spire (QoL Compilation)","QueenMod","Relic Stats","Reliquary","StSLib","SuperFastMode","The Blue Laboratory","The Bug Knight","The Disciple","The Hierophant","The Runesmith","TheSurvivalist"],"gold_per_floor":[124,142,142,158,177,246,265,302,302,302,8,8,32,32,32,143,143,164,184,218,224,241,281,281,281,360,360,360,393,122,310,310,431,431,470,484,484,500,518,518,518,518,541,591,619,619],"floor_reached":45,"language":"ENG","playtime":2192,"items_purged":["DemoMod:Defend_Huntress","DemoMod:Defend_Huntress","DemoMod:PracticeMakesPerfect"],"score":525,"play_id":"bc7adc18-09f2-4707-a0ca-c87695b02fff","local_time":"20210217231739","is_ascension_mode":false,"campfire_choices":[{"data":"DemoMod:ManualReload","floor":12,"key":"SMITH"},{"data":"DemoMod:TableSutra","floor":15,"key":"SMITH"},{"floor":24,"key":"REST"},{"data":"DemoMod:FullFirepower","floor":27,"key":"SMITH"},{"data":"Mayhem","floor":32,"key":"SMITH"},{"floor":40,"key":"REST"},{"data":"infinitespire:Collect","floor":42,"key":"SMITH"}],"circlet_count":0,"master_deck":["DemoMod:BoxingGlove","DemoMod:Roll","DemoMod:ManualReload+1","DemoMod:RustySidearm","DemoMod:CrossBow","DemoMod:AWP","DemoMod:CombinedRifle","DemoMod:Unity","DemoMod:BulletBore","DemoMod:TableSutra+1","DemoMod:SuppressiveFire","DemoMod:CursedBullets","DemoMod:FullFirepower+1","DemoMod:ConditionalReflex+1","DemoMod:LifeOrb","DemoMod:Polaris+1","DemoMod:Behold!","Mayhem+1","DemoMod:FullFirepower","DemoMod:GunShield+1","DemoMod:HardPowerCard","DemoMod:HardPowerCard+1","DemoMod:FightSabre","infinitespire:Collect+1"],"relics":["DemoMod:Dog","EVO:Axolotl","NeowsBlessing","Mango","infinitespire:Midas Blood","Sundial","Pantograph","TungstenRod","reliquary:RedCape","DemoMod:PoisonVial","Enchiridion","reliquary:PartyBalloon","Dream Catcher","DemoMod:SerJunkan","Lee\u0027s Waffle","PreservedInsect","DemoMod:Junk"],"acts_visited":["Exordium","TheCity","TheBeyond"],"potions_floor_usage":[5,6,6,8,22,33,44],"damage_taken":[{"damage":0,"enemies":"Jaw Worm","floor":1,"turns":1},{"damage":0,"enemies":"Cultist","floor":2,"turns":1},{"damage":0,"enemies":"Small Slimes","floor":4,"turns":1},{"damage":10,"enemies":"Gremlin Gang","floor":5,"turns":3},{"damage":18,"enemies":"3 Sentries","floor":6,"turns":5},{"damage":14,"enemies":"Exordium Wildlife","floor":7,"turns":3},{"damage":2,"enemies":"Lagavulin","floor":8,"turns":5},{"damage":10,"enemies":"Lots of Slimes","floor":13,"turns":4},{"damage":19,"enemies":"Hexaghost","floor":16,"turns":9},{"damage":15,"enemies":"3 Byrds","floor":18,"turns":6},{"damage":0,"enemies":"Chosen","floor":19,"turns":3},{"damage":23,"enemies":"Shelled Parasite and Fungi","floor":20,"turns":5},{"damage":8,"enemies":"3 Cultists","floor":22,"turns":5},{"damage":17,"enemies":"HollowMod:Nosk","floor":23,"turns":6},{"damage":0,"enemies":"Snecko","floor":29,"turns":2},{"damage":32,"enemies":"Automaton","floor":33,"turns":6},{"damage":28,"enemies":"3 Shapes","floor":35,"turns":4},{"damage":0,"enemies":"Orb Walker","floor":36,"turns":1},{"damage":26,"enemies":"Writhing Mass","floor":38,"turns":2},{"damage":11,"enemies":"3 Darklings","floor":39,"turns":4},{"damage":4,"enemies":"Nemesis","floor":44,"turns":5},{"damage":10,"enemies":"infinitespire:Three Voidlings","floor":45,"turns":3},{"damage":79,"enemies":"Nightmare_Alpha","floor":45,"turns":7}],"seed_played":"4526627909040804473","potions_obtained":[{"floor":1,"key":"Strength Potion"},{"floor":2,"key":"blueLaboratory:NullPotion"},{"floor":3,"key":"LiquidBronze"},{"floor":3,"key":"blueLaboratory:FruitPunch"},{"floor":7,"key":"AttackPotion"},{"floor":16,"key":"blueLaboratory:AbyssPotion"},{"floor":18,"key":"blueLaboratory:BottleOfVodka"},{"floor":20,"key":"BlessingOfTheForge"},{"floor":29,"key":"SkillPotion"},{"floor":38,"key":"EssenceOfSteel"},{"floor":39,"key":"blueLaboratory:RememoryPotion"},{"floor":44,"key":"SteroidPotion"}],"is_trial":false,"path_per_floor":["M","M","?","M","M","E","M","E","T","T","$","R","M","?","R","B",null,"M","M","M","?","M","E","R","AVR","T","R","?","M","$","?","R","B",null,"M","M","?","M","M","R","AVR","R","T","E","?"],"character_chosen":"HUNTRESS","items_purchased":["TungstenRod","Mayhem"],"campfire_rested":2,"item_purchase_floors":[11,30],"current_hp_per_floor":[70,70,70,70,62,58,44,42,42,42,42,42,32,32,32,38,86,71,71,48,36,28,11,36,36,36,36,36,36,36,36,36,29,86,58,58,58,32,21,46,93,93,93,89,0,0],"gold":619,"neow_bonus":"THREE_ENEMY_KILL","is_daily":false,"chose_seed":false,"campfire_upgraded":5,"win_rate":0.0,"timestamp":1613625459,"path_taken":["M","M","?","?","M","E","M","E","T","?","$","R","M","?","R","BOSS","M","?","M","?","M","E","R","AVR","T","R","?","?","$","?","R","BOSS","M","M","?","?","M","R","AVR","R","T","E","?"],"items_purchased_type":["Relic","Card"],"build_version":"2020-12-22","purchased_purges":3,"victory":false,"max_hp_per_floor":[70,70,70,70,72,86,86,86,86,86,86,86,86,86,86,86,86,86,86,86,86,86,86,86,86,86,86,86,86,86,86,86,86,86,86,86,86,86,86,86,93,93,93,93,93,93],"relic_stats":{"Dream Catcher":1,"Lee\u0027s Waffle":47,"counters":[23,91],"Sundial":[8],"Pantograph":50,"PreservedInsect":205,"obtain_stats":[{"DemoMod:Junk":44,"Lee\u0027s Waffle":41,"DemoMod:Dog":0,"NeowsBlessing":0,"DemoMod:PoisonVial":20,"reliquary:PartyBalloon":23,"Enchiridion":21,"Mango":6,"DemoMod:GlassGuonStoneRelic":1,"PreservedInsect":43,"EVO:Axolotl":0,"reliquary:RedCape":17,"Dream Catcher":25,"Sundial":9,"Pantograph":10,"DemoMod:SerJunkan":26,"TungstenRod":11,"infinitespire:Midas Blood":8},{"DemoMod:Junk":21,"Lee\u0027s Waffle":20,"DemoMod:Dog":0,"NeowsBlessing":0,"DemoMod:PoisonVial":12,"reliquary:PartyBalloon":14,"Enchiridion":12,"Mango":5,"DemoMod:GlassGuonStoneRelic":1,"PreservedInsect":20,"EVO:Axolotl":0,"reliquary:RedCape":9,"Dream Catcher":14,"Sundial":7,"Pantograph":7,"DemoMod:SerJunkan":14,"TungstenRod":7,"infinitespire:Midas Blood":7},{"DemoMod:Junk":81,"Lee\u0027s Waffle":76,"DemoMod:Dog":0,"NeowsBlessing":0,"DemoMod:PoisonVial":46,"reliquary:PartyBalloon":57,"Enchiridion":46,"Mango":11,"DemoMod:GlassGuonStoneRelic":1,"PreservedInsect":76,"EVO:Axolotl":0,"reliquary:RedCape":32,"Dream Catcher":57,"Sundial":19,"Pantograph":19,"DemoMod:SerJunkan":57,"TungstenRod":19,"infinitespire:Midas Blood":19}],"TungstenRod":64},"card_choices":[{"not_picked":["DemoMod:AC15","DemoMod:BoxingGlove"],"picked":"DemoMod:AWP","floor":1},{"not_picked":["DemoMod:PotionOfGunFriendShip","DemoMod:HardPowerCard"],"picked":"DemoMod:CombinedRifle","floor":2},{"not_picked":["DemoMod:FastSwitch","DemoMod:HardPowerCard"],"picked":"DemoMod:Unity","floor":4},{"not_picked":["DemoMod:FortunesFavor","DemoMod:FastSwitch"],"picked":"DemoMod:BulletBore","floor":5},{"not_picked":["DemoMod:AWP","DemoMod:BlackHoleGun"],"picked":"DemoMod:Purify","floor":6},{"not_picked":["DemoMod:DirectionalPad","DemoMod:BoxingGlove"],"picked":"DemoMod:TableSutra","floor":7},{"not_picked":["DemoMod:AC15","DemoMod:Ejector"],"picked":"DemoMod:SuppressiveFire","floor":8},{"not_picked":["DemoMod:DirectionalPad","DemoMod:HardPowerCard"],"picked":"DemoMod:FeignSurrender","floor":13},{"not_picked":["DemoMod:SuppressiveFire","DemoMod:DoubleVision"],"picked":"DemoMod:FullFirepower","floor":16},{"not_picked":["DemoMod:Ejector","DemoMod:BattleInHaste"],"picked":"DemoMod:ConditionalReflex+1","floor":18},{"not_picked":["DemoMod:TripleGun","DemoMod:ConditionalReflex"],"picked":"DemoMod:LifeOrb","floor":19},{"not_picked":["DemoMod:TeaPot","DemoMod:MegaHand","DemoMod:PotionOfGunFriendShip+1"],"picked":"SKIP","floor":20},{"not_picked":["DemoMod:JK47+1","DemoMod:DoubleSwitch"],"picked":"DemoMod:PracticeMakesPerfect","floor":22},{"not_picked":["DemoMod:DirectionalPad","DemoMod:ChanceBullets"],"picked":"DemoMod:Polaris+1","floor":23},{"not_picked":["DemoMod:FortunesFavor","DemoMod:Ejector"],"picked":"DemoMod:Purify+1","floor":29},{"not_picked":["DemoMod:BalloonGun","DemoMod:BulletBore"],"picked":"DemoMod:FullFirepower","floor":33},{"not_picked":["DemoMod:SAA","DemoMod:HardPowerCard+1"],"picked":"DemoMod:GunShield+1","floor":35},{"not_picked":["DemoMod:TableSutra","DemoMod:RadGun+1"],"picked":"DemoMod:Purify+1","floor":36},{"not_picked":["DemoMod:TeaPot+1","DemoMod:DoubleSwitch"],"picked":"DemoMod:HardPowerCard","floor":38},{"not_picked":["DemoMod:AWP+1","DemoMod:EasyReloadBullets"],"picked":"DemoMod:HardPowerCard+1","floor":39},{"not_picked":["DemoMod:Polaris+1","DemoMod:StickyCrossBow"],"picked":"DemoMod:FightSabre","floor":40},{"not_picked":["DemoMod:SAA+1","DemoMod:MegaHand","DemoMod:BlackHoleGun"],"picked":"SKIP","floor":44}],"player_experience":277825,"relics_obtained":[{"floor":6,"key":"Mango"},{"floor":8,"key":"infinitespire:Midas Blood"},{"floor":9,"key":"Sundial"},{"floor":10,"key":"Pantograph"},{"floor":20,"key":"DemoMod:PoisonVial"},{"floor":21,"key":"Enchiridion"},{"floor":23,"key":"reliquary:PartyBalloon"},{"floor":26,"key":"DemoMod:SerJunkan"},{"floor":43,"key":"PreservedInsect"},{"floor":44,"key":"DemoMod:Junk"}],"event_choices":[{"damage_healed":0,"gold_gain":0,"player_choice":"Got Potions","damage_taken":0,"max_hp_gain":0,"max_hp_loss":0,"event_name":"Lab","floor":3,"gold_loss":0},{"damage_healed":0,"gold_gain":0,"cards_transformed":["DemoMod:Strike_Huntress"],"player_choice":"Transformed","damage_taken":0,"max_hp_gain":0,"max_hp_loss":0,"event_name":"Transmorgrifier","floor":14,"gold_loss":0,"cards_obtained":["DemoMod:CursedBullets"]},{"damage_healed":0,"gold_gain":0,"player_choice":"Obtained Book","damage_taken":16,"max_hp_gain":0,"max_hp_loss":0,"event_name":"Cursed Tome","floor":21,"gold_loss":0},{"damage_healed":0,"gold_gain":0,"cards_transformed":["DemoMod:Defend_Huntress"],"player_choice":"Transformed","damage_taken":0,"max_hp_gain":0,"max_hp_loss":0,"event_name":"Transmorgrifier","floor":28,"gold_loss":0,"cards_obtained":["DemoMod:Behold!"]},{"damage_healed":0,"gold_gain":0,"player_choice":"Ignored","damage_taken":0,"max_hp_gain":0,"max_hp_loss":0,"event_name":"SecretPortal","floor":37,"gold_loss":0}],"is_beta":false,"boss_relics":[{"not_picked":["SacredBark","Runic Pyramid"],"picked":"reliquary:RedCape"},{"not_picked":["reliquary:Ember","Runesmith:UraniumAnvil","Fusion Hammer"]}],"items_purged_floors":[25,30,41],"is_endless":false,"potions_floor_spawned":[1,2,7,16,18,20,29,38,39,44],"killed_by":"Nightmare_Alpha","ascension_level":0}}