{"host":"jpzdg3po3tjxdjri","time":1613691621,"event":{"mods":["BaseMod","Better Third Choice","Colored Map","Colored Powertips","Minty Spire (QoL Compilation)","StSLib"],"gold_per_floor":[114,131,306,306,323,342,342,370,370,402,402,28,57,7,7,102,102,115,128,51,51,51,51,86,110,110,133,133,152,152,152],"floor_reached":30,"language":"ENG","playtime":855,"items_purged":["Doubt"],"score":281,"play_id":"4dadeb51-2821-4dbd-8b67-1679e27a36a6","local_time":"20210218234021","is_ascension_mode":true,"campfire_choices":[{"data":"Juggernaut","floor":7,"key":"SMITH"},{"floor":11,"key":"REST"},{"data":"Inflame","floor":15,"key":"SMITH"},{"data":"Barricade","floor":23,"key":"SMITH"},{"floor":28,"key":"REST"}],"circlet_count":0,"master_deck":["Strike_R","Strike_R","Strike_R","Strike_R","Defend_R","Defend_R","Defend_R","Defend_R","Bash+1","Headbutt","Pommel Strike","Blood for Blood","Juggernaut+1","Carnage","Inflame+1","Shrug It Off","Flex","Headbutt","Cleave","Barricade+1","CurseOfTheBell","Armaments+1","Ghostly Armor","Clothesline+1","Rampage+1","Thunderclap","Pommel Strike"],"relics":["Burning Blood","PreservedInsect","Self Forming Clay","Blood Vial","Tiny Chest","Calling Bell","Bronze Scales","Frozen Egg 2","Unceasing Top","MutagenicStrength","CeramicFish","Pear"],"acts_visited":["Exordium","TheCity"],"potions_floor_usage":[8,10,13,16,19,27],"damage_taken":[{"damage":6,"enemies":"2 Louse","floor":1,"turns":2},{"damage":12,"enemies":"Small Slimes","floor":2,"turns":3},{"damage":1,"enemies":"Cultist","floor":5,"turns":3},{"damage":22,"enemies":"Large Slime","floor":6,"turns":6},{"damage":35,"enemies":"Lagavulin","floor":8,"turns":6},{"damage":17,"enemies":"3 Sentries","floor":10,"turns":5},{"damage":33,"enemies":"Lagavulin","floor":13,"turns":5},{"damage":36,"enemies":"Slime Boss","floor":16,"turns":8},{"damage":33,"enemies":"Shell Parasite","floor":18,"turns":6},{"damage":20,"enemies":"Spheric Guardian","floor":19,"turns":5},{"damage":41,"enemies":"Book of Stabbing","floor":24,"turns":5},{"damage":19,"enemies":"Snecko","floor":25,"turns":4},{"damage":36,"enemies":"Sentry and Sphere","floor":27,"turns":8},{"damage":30,"enemies":"Snake Plant","floor":29,"turns":5},{"damage":23,"enemies":"Centurion and Healer","floor":30,"turns":4}],"seed_played":"1487466974064439378","potions_obtained":[{"floor":2,"key":"Swift Potion"},{"floor":4,"key":"BloodPotion"},{"floor":4,"key":"DistilledChaos"},{"floor":5,"key":"PowerPotion"},{"floor":10,"key":"LiquidMemories"},{"floor":13,"key":"Regen Potion"},{"floor":19,"key":"BloodPotion"},{"floor":27,"key":"Explosive Potion"}],"is_trial":false,"path_per_floor":["M","M","?","?","M","M","R","E","T","E","R","$","E","$","R","B",null,"M","M","$","?","?","R","E","M","T","M","R","M","M"],"character_chosen":"IRONCLAD","items_purchased":["Inflame","Blood Vial","Shrug It Off","Flex","Cleave","Ghostly Armor"],"campfire_rested":2,"item_purchase_floors":[12,12,12,12,14,20],"current_hp_per_floor":[80,74,74,74,79,63,63,34,34,23,47,47,38,38,38,10,80,53,57,57,57,57,57,24,13,23,10,37,15,0,0],"gold":152,"neow_bonus":"UPGRADE_CARD","is_daily":false,"chose_seed":false,"campfire_upgraded":3,"win_rate":0.0,"timestamp":1613691621,"path_taken":["M","M","?","?","M","M","R","E","T","E","R","$","E","$","R","BOSS","M","M","$","?","?","R","E","M","T","?","R","M","M"],"items_purchased_type":["Card","Relic","Card","Card","Card","Card"],"build_version":"2020-12-22","purchased_purges":1,"victory":false,"max_hp_per_floor":[80,80,80,80,80,80,80,80,80,80,80,80,80,80,80,80,80,80,80,80,80,80,80,80,80,90,90,90,90,90,90],"card_choices":[{"not_picked":["Anger","Warcry"],"picked":"Headbutt","floor":1},{"not_picked":["Body Slam","Fire Breathing"],"picked":"Pommel Strike","floor":2},{"not_picked":["Bloodletting","Anger"],"picked":"Blood for Blood","floor":5},{"not_picked":["Sword Boomerang","Reckless Charge"],"picked":"Juggernaut","floor":6},{"not_picked":["True Grit","Thunderclap"],"picked":"Carnage","floor":8},{"not_picked":["Infernal Blade","Rage","Wild Strike"],"picked":"SKIP","floor":10},{"not_picked":["Feel No Pain","Wild Strike"],"picked":"Headbutt","floor":13},{"not_picked":["Feed","Impervious"],"picked":"Barricade","floor":16},{"not_picked":["Whirlwind","Evolve+1"],"picked":"Armaments+1","floor":18},{"not_picked":["Anger+1","Armaments","Dark Embrace+1"],"picked":"SKIP","floor":19},{"not_picked":["Anger+1","Feed"],"picked":"Clothesline+1","floor":24},{"not_picked":["Pommel Strike","Searing Blow"],"picked":"Rampage+1","floor":25},{"not_picked":["Sever Soul","Bloodletting"],"picked":"Thunderclap","floor":27},{"not_picked":["Clothesline","Havoc"],"picked":"Pommel Strike","floor":29}],"player_experience":915327,"relics_obtained":[{"floor":8,"key":"PreservedInsect"},{"floor":10,"key":"Self Forming Clay"},{"floor":13,"key":"Tiny Chest"},{"floor":17,"key":"Bronze Scales"},{"floor":17,"key":"Frozen Egg 2"},{"floor":17,"key":"Unceasing Top"},{"floor":24,"key":"CeramicFish"},{"floor":26,"key":"Pear"}],"event_choices":[{"damage_healed":0,"gold_gain":175,"player_choice":"AGREE","damage_taken":131,"max_hp_gain":0,"max_hp_loss":0,"event_name":"betterThird:BetterSerpent","floor":3,"gold_loss":0},{"damage_healed":0,"gold_gain":0,"player_choice":"Got Potions","damage_taken":0,"max_hp_gain":0,"max_hp_loss":0,"event_name":"Lab","floor":4,"gold_loss":0},{"damage_healed":0,"gold_gain":0,"player_choice":"Inject Mutagens","damage_taken":0,"relics_obtained":["MutagenicStrength"],"max_hp_gain":0,"max_hp_loss":0,"event_name":"Drug Dealer","floor":21,"gold_loss":0},{"cards_removed":["Strike_R"],"damage_healed":0,"gold_gain":0,"player_choice":"Purged","damage_taken":0,"max_hp_gain":0,"max_hp_loss":0,"event_name":"Purifier","floor":22,"gold_loss":0}],"is_beta":false,"boss_relics":[{"not_picked":["Coffee Dripper","Tiny House"],"picked":"Calling Bell"}],"items_purged_floors":[12],"is_endless":false,"potions_floor_spawned":[2,5,10,13,19,27],"killed_by":"Centurion and Healer","ascension_level":1}}