{"host":"3pc4gc4j20egdn3b","time":1613652708,"event":{"mods":["AchievementEnabler","BaseMod","Colored Map","DeckTracker","Minty Spire (QoL Compilation)"],"gold_per_floor":[116,133,133,97,113,140,92,92,118,138,213,230,256,272,272,371,371,391,243,243,243,243,94,9,24,24,24,24,37,37,48,48,48,48],"floor_reached":33,"language":"KOR","playtime":2429,"items_purged":["Strike_P"],"score":255,"play_id":"9aae669b-2013-4e7f-846a-fdf09d9c5587","local_time":"20210218215148","is_ascension_mode":false,"campfire_choices":[{"floor":8,"key":"REST"},{"floor":15,"key":"REST"},{"floor":28,"key":"REST"},{"floor":30,"key":"REST"},{"floor":32,"key":"REST"}],"circlet_count":0,"master_deck":["Strike_P","Strike_P","Strike_P","Defend_P","Defend_P+1","Defend_P","Defend_P+1","Eruption+1","Vigilance","Adaptation+1","MentalFortress","FlurryOfBlows","DevaForm","Halt","EmptyMind","Prostrate","TalkToTheHand","InnerPeace","Omniscience","Consecrate+1","EmptyBody","Indignation","Judgement"],"relics":["HolyWater","War Paint","Anchor","Pocketwatch","Toy Ornithopter","MutagenicStrength","Dream Catcher","Frozen Egg 2","Mercury Hourglass"],"acts_visited":["Exordium","TheCity"],"potions_floor_usage":[6,13,16,25,25,25,33],"damage_taken":[{"damage":0,"enemies":"2 Louse","floor":1,"turns":1},{"damage":0,"enemies":"Small Slimes","floor":2,"turns":4},{"damage":0,"enemies":"Jaw Worm","floor":5,"turns":3},{"damage":24,"enemies":"3 Sentries","floor":6,"turns":5},{"damage":0,"enemies":"Blue Slaver","floor":10,"turns":2},{"damage":0,"enemies":"Exordium Wildlife","floor":12,"turns":2},{"damage":5,"enemies":"Lagavulin","floor":13,"turns":6},{"damage":0,"enemies":"Large Slime","floor":14,"turns":6},{"damage":19,"enemies":"The Guardian","floor":16,"turns":11},{"damage":25,"enemies":"Shell Parasite","floor":18,"turns":8},{"damage":65,"enemies":"Chosen","floor":25,"turns":11},{"damage":5,"enemies":"Snake Plant","floor":29,"turns":7},{"damage":0,"enemies":"Chosen and Byrds","floor":31,"turns":5},{"damage":70,"enemies":"Collector","floor":33,"turns":11}],"seed_played":"4004142218248744202","potions_obtained":[{"floor":2,"key":"BottledMiracle"},{"floor":6,"key":"SpeedPotion"},{"floor":10,"key":"Block Potion"},{"floor":13,"key":"BlessingOfTheForge"},{"floor":18,"key":"PowerPotion"},{"floor":29,"key":"BottledMiracle"}],"is_trial":false,"path_per_floor":["M","M","?","$","M","E","$","R","T","M","?","M","E","M","R","B",null,"M","$","?","?","?","$","?","M","T","$","R","M","R","M","R","B"],"character_chosen":"WATCHER","items_purchased":["MentalFortress","Halt","Regen Potion","Dream Catcher"],"campfire_rested":5,"item_purchase_floors":[4,7,19,23],"current_hp_per_floor":[72,72,72,72,72,48,48,69,69,69,58,58,53,53,72,53,72,47,47,47,47,47,47,47,2,2,2,23,18,39,39,60,0,0],"gold":48,"neow_bonus":"UPGRADE_CARD","is_daily":false,"chose_seed":false,"campfire_upgraded":0,"win_rate":0.0,"timestamp":1613652708,"path_taken":["M","M","?","$","M","E","$","R","T","M","?","M","E","?","R","BOSS","M","$","?","?","?","$","?","M","T","$","R","M","R","M","R","BOSS"],"items_purchased_type":["Card","Card","Potion","Relic"],"build_version":"2020-12-22","purchased_purges":1,"victory":false,"max_hp_per_floor":[72,72,72,72,72,72,72,72,72,72,72,72,72,72,72,72,72,72,72,72,72,72,72,72,72,72,72,72,72,72,72,72,72,72],"card_choices":[{"not_picked":["JustLucky","FlyingSleeves","WindmillStrike"],"picked":"SKIP","floor":1},{"not_picked":["Nirvana","PathToVictory"],"picked":"Adaptation","floor":2},{"not_picked":["CutThroughFate","Adaptation"],"picked":"FlurryOfBlows","floor":5},{"not_picked":["CrushJoints","Prostrate"],"picked":"DevaForm","floor":6},{"not_picked":["Prostrate","Fasting2"],"picked":"EmptyMind","floor":10},{"not_picked":["BowlingBash","Evaluate"],"picked":"Prostrate","floor":12},{"not_picked":["Vengeance","JustLucky"],"picked":"TalkToTheHand","floor":13},{"not_picked":["Nirvana","Blasphemy"],"picked":"InnerPeace","floor":14},{"not_picked":["Alpha","Blasphemy"],"picked":"Omniscience","floor":16},{"not_picked":["DeceiveReality","WindmillStrike","BowlingBash"],"picked":"SKIP","floor":18},{"not_picked":["FlyingSleeves+1","CutThroughFate"],"picked":"Consecrate+1","floor":25},{"not_picked":["Swivel","FollowUp"],"picked":"EmptyBody","floor":28},{"not_picked":["Protect","FlyingSleeves","EmptyBody"],"picked":"SKIP","floor":29},{"not_picked":["EmptyFist","SashWhip"],"picked":"Indignation","floor":31},{"not_picked":["FollowUp","CrushJoints"],"picked":"Judgement","floor":32}],"player_experience":238932,"relics_obtained":[{"floor":6,"key":"War Paint"},{"floor":9,"key":"Anchor"},{"floor":13,"key":"Pocketwatch"},{"floor":26,"key":"Mercury Hourglass"}],"event_choices":[{"damage_healed":0,"gold_gain":0,"player_choice":"Grow","damage_taken":0,"max_hp_gain":0,"max_hp_loss":0,"event_name":"Living Wall","floor":3,"gold_loss":0,"cards_upgraded":["Adaptation"]},{"damage_healed":0,"gold_gain":75,"player_choice":"Gather Gold","damage_taken":11,"max_hp_gain":0,"max_hp_loss":0,"event_name":"World of Goop","floor":11,"gold_loss":0},{"damage_healed":0,"gold_gain":0,"player_choice":"Ignored","damage_taken":0,"max_hp_gain":0,"max_hp_loss":0,"event_name":"Ghosts","floor":20,"gold_loss":0},{"damage_healed":0,"gold_gain":0,"player_choice":"Opened","damage_taken":0,"relics_obtained":["Toy Ornithopter"],"max_hp_gain":0,"max_hp_loss":0,"event_name":"The Mausoleum","floor":21,"gold_loss":0},{"damage_healed":0,"gold_gain":0,"player_choice":"Inject Mutagens","damage_taken":0,"relics_obtained":["MutagenicStrength"],"max_hp_gain":0,"max_hp_loss":0,"event_name":"Drug Dealer","floor":22,"gold_loss":0},{"damage_healed":0,"gold_gain":0,"player_choice":"Obtained Relic","damage_taken":0,"relics_obtained":["Frozen Egg 2"],"max_hp_gain":0,"max_hp_loss":0,"event_name":"Addict","floor":24,"gold_loss":85}],"is_beta":false,"boss_relics":[{"not_picked":["SacredBark","Fusion Hammer"],"picked":"HolyWater"}],"items_purged_floors":[19],"is_endless":false,"potions_floor_spawned":[2,6,10,13,18,29],"killed_by":"Collector","ascension_level":0}}