{"host":"od06gsur5w60l0yz","time":1613679658,"event":{"mods":["BaseMod","Better Match","Better Third Choice","Colored Map","Dio Mod","Downfall","GifTheSpireLib","Googly Eyes","Hermit","Hubris","Minty Spire (QoL Compilation)","Reliquary","Replay The Spire","StSLib","The Cursed","The Forsaken","The Necromancer","The Senshi"],"gold_per_floor":[112,126,138,138,151,151,182,257,257,257,257],"floor_reached":10,"language":"ENG","playtime":434,"items_purged":[],"score":82,"play_id":"449cd6d1-46ed-41d1-a2ae-bb79f743781a","local_time":"20210218182058","is_ascension_mode":true,"campfire_choices":[{"data":"Summon_Death_Knight","floor":6,"key":"SMITH"}],"circlet_count":0,"master_deck":["Strike_W","Strike_W","Strike_W","Strike_W","Defend_W","Defend_W","Defend_W","Defend_W","Negative_Energy_Arrows","Bone_Wall","Summon_Death_Knight+1"],"relics":["Vampire_Amulet","reliquary:PurpleTingedLeaf"],"acts_visited":["Exordium"],"potions_floor_usage":[10,10],"damage_taken":[{"damage":5,"enemies":"Cultist","floor":1,"turns":5},{"damage":1,"enemies":"Jaw Worm","floor":2,"turns":4},{"damage":1,"enemies":"Small Slimes","floor":3,"turns":4},{"damage":50,"enemies":"Exordium Thugs","floor":5,"turns":7},{"damage":20,"enemies":"Gremlin Nob","floor":7,"turns":5},{"damage":19,"enemies":"3 Sentries","floor":10,"turns":2}],"seed_played":"-5652354396326085402","potions_obtained":[{"floor":2,"key":"LiquidBronze"},{"floor":7,"key":"Venom Potion"}],"is_trial":false,"path_per_floor":["M","M","M","?","M","R","E","?","T","E"],"character_chosen":"NECROMANCER","items_purchased":[],"campfire_rested":0,"item_purchase_floors":[],"current_hp_per_floor":[79,80,82,82,36,36,18,7,7,0,0],"gold":257,"neow_bonus":"TEN_PERCENT_HP_BONUS","is_daily":false,"chose_seed":false,"campfire_upgraded":1,"win_rate":0.0,"timestamp":1613679658,"path_taken":["M","?","M","?","M","R","E","?","T","E"],"items_purchased_type":[],"build_version":"2020-12-22","purchased_purges":0,"victory":false,"max_hp_per_floor":[82,82,82,82,82,82,82,82,82,82,82],"card_choices":[{"not_picked":["Finger_Of_Death","Negative_Energy_Sphere","Flesh_Made_Foul"],"picked":"SKIP","floor":1},{"not_picked":["Death_Coil","Negative_Energy_Sphere","Blood_Curse"],"picked":"SKIP","floor":2},{"not_picked":["Strike_from_Beyond","Bone_Spikes","Shackles_Of_Pain"],"picked":"SKIP","floor":3},{"not_picked":["Blood_Whip","Exploit","Vampiric_Strike"],"picked":"SKIP","floor":5},{"not_picked":["Negative_Energy_Sphere","Whirlwind_of_Bones","Bone_Armor"],"picked":"SKIP","floor":7}],"player_experience":246747,"relics_obtained":[{"floor":7,"key":"reliquary:PurpleTingedLeaf"}],"event_choices":[{"damage_healed":0,"gold_gain":75,"player_choice":"Gold","damage_taken":11,"max_hp_gain":0,"max_hp_loss":0,"event_name":"betterThird:BetterGoop","floor":8,"gold_loss":0}],"is_beta":false,"boss_relics":[],"items_purged_floors":[],"is_endless":false,"potions_floor_spawned":[2,7],"killed_by":"3 Sentries","ascension_level":4}}