{"host":"8cqz7u612ax6p4mk","time":1613679279,"event":{"mods":["AchievementEnabler","BaseMod","Bestiary","Colored Map","DeckTracker","Highlight Path","Minty Spire (QoL Compilation)","Relic Stats","The Servant 0.9.4"],"gold_per_floor":[115,40,40,60,72,101,117,117,117,117,117,117],"floor_reached":11,"language":"ENG","playtime":452,"items_purged":["Decay"],"score":80,"play_id":"826daa60-18f7-4b49-a1b1-b2144ee4b85a","local_time":"20210218151439","is_ascension_mode":true,"campfire_choices":[{"floor":8,"key":"REST"}],"circlet_count":0,"master_deck":["Strike_G","Strike_G","Strike_G","Strike_G","Strike_G","Defend_G","Defend_G","Defend_G","Defend_G","Defend_G","Survivor","Neutralize","Phantasmal Killer","Masterful Stab","Noxious Fumes","Backflip","Crippling Poison"],"relics":["Ring of the Snake","Nunchaku","Tiny Chest","NlothsMask"],"acts_visited":["Exordium"],"potions_floor_usage":[11],"damage_taken":[{"damage":2,"enemies":"2 Louse","floor":1,"turns":3},{"damage":0,"enemies":"Cultist","floor":4,"turns":5},{"damage":0,"enemies":"Small Slimes","floor":5,"turns":3},{"damage":43,"enemies":"3 Sentries","floor":6,"turns":9},{"damage":15,"enemies":"Exordium Thugs","floor":7,"turns":5},{"damage":20,"enemies":"Gremlin Nob","floor":11,"turns":4}],"seed_played":"1534537971033137214","potions_obtained":[{"floor":5,"key":"Block Potion"},{"floor":6,"key":"LiquidBronze"},{"floor":7,"key":"CultistPotion"}],"is_trial":false,"path_per_floor":["M","$","?","M","M","E","M","R","T","?","E"],"character_chosen":"THE_SILENT","items_purchased":[],"campfire_rested":1,"item_purchase_floors":[],"current_hp_per_floor":[68,68,68,68,68,25,10,31,31,31,11,11],"gold":117,"neow_bonus":"THREE_RARE_CARDS","is_daily":false,"chose_seed":false,"campfire_upgraded":0,"win_rate":0.0,"timestamp":1613679279,"path_taken":["M","$","?","M","M","E","M","R","T","?","E"],"items_purchased_type":[],"build_version":"2020-12-22","purchased_purges":1,"victory":false,"max_hp_per_floor":[70,70,70,70,70,70,70,70,70,70,70,70],"relic_stats":{"Nunchaku":[1],"counters":[6,29],"Tiny Chest":0,"obtain_stats":[{"Nunchaku":6,"Tiny Chest":9,"Ring of the Snake":0,"NlothsMask":10},{"Nunchaku":4,"Tiny Chest":5,"Ring of the Snake":0,"NlothsMask":5},{"Nunchaku":20,"Tiny Chest":25,"Ring of the Snake":0,"NlothsMask":25}],"Ring of the Snake":[12]},"card_choices":[{"not_picked":["Adrenaline","Malaise"],"picked":"Phantasmal Killer","floor":0},{"not_picked":["Sucker Punch","Bane"],"picked":"Masterful Stab","floor":1},{"not_picked":["Dodge and Roll","Prepared"],"picked":"Noxious Fumes","floor":4},{"not_picked":["Prepared","Infinite Blades"],"picked":"Backflip","floor":5},{"not_picked":["Calculated Gamble","Slice"],"picked":"Crippling Poison","floor":6},{"not_picked":["Flying Knee","Concentrate","Prepared"],"picked":"SKIP","floor":7}],"player_experience":210897,"relics_obtained":[{"floor":6,"key":"Nunchaku"},{"floor":9,"key":"Tiny Chest"}],"event_choices":[{"damage_healed":0,"gold_gain":0,"player_choice":"Leave","damage_taken":0,"max_hp_gain":0,"max_hp_loss":0,"event_name":"The Cleric","floor":3,"gold_loss":0},{"damage_healed":0,"gold_gain":0,"player_choice":"Trade","damage_taken":0,"relics_obtained":["NlothsMask"],"max_hp_gain":0,"max_hp_loss":0,"event_name":"FaceTrader","floor":10,"gold_loss":0}],"is_beta":false,"boss_relics":[],"items_purged_floors":[2],"is_endless":false,"potions_floor_spawned":[5,6,7],"killed_by":"Gremlin Nob","ascension_level":2}}