{"host":"xrdu44lqyrrw1kvr","time":1613613005,"event":{"mods":["Aspiration","BaseMod","Colored Powertips","Minty Spire (QoL Compilation)","Relic Stats","Reliquary","Replay The Spire","StSLib"],"gold_per_floor":[119,119,11,24,24,24,40,54,124,140,140,59,164,192,192,295,295,307,232,232,249,260,260,290,290,314,314,326,326,226,226,226,328,328,345,358,373,383,396,396,408,435,460,460,460,490,490,520,520,520,520,520,56,85,85],"floor_reached":56,"language":"RUS","playtime":2151,"items_purged":["Zap","Defend_B","Defend_B"],"score":1891,"play_id":"ff422e32-cd1a-480e-b50f-199954ba96c9","local_time":"20210218045005","is_ascension_mode":true,"campfire_choices":[{"data":"Gash","floor":6,"key":"SMITH"},{"data":"Coolheaded","floor":11,"key":"SMITH"},{"data":"Beam Cell","floor":15,"key":"SMITH"},{"data":"Reboot","floor":23,"key":"SMITH"},{"data":"Gash","floor":25,"key":"SMITH"},{"floor":27,"key":"REST"},{"data":"Bash","floor":29,"key":"SMITH"},{"data":"Finisher","floor":32,"key":"SMITH"},{"floor":40,"key":"REST"},{"floor":44,"key":"REST"},{"floor":47,"key":"RECALL"},{"floor":49,"key":"REST"},{"data":"Creative AI","floor":52,"key":"SMITH"}],"circlet_count":0,"master_deck":["Strike_B","Defend_B+1","Defend_B","Compile Driver+1","Gash+1","Beam Cell+1","Coolheaded+1","Bash+1","Gash+1","Flash of Steel","Cold Snap","Reboot+1","Reinforced Body+1","Gash+1","Finisher+1","Endless Agony","ReplayTheSpireMod:From All Sides","Meteor Strike+1","Gash+1","Creative AI+1"],"relics":["aspiration:PoetsPen_weak","Omamori","aspiration:EnhancedActuators","aspiration:SilentSkillbook","Turnip","Blue Doll","reliquary:ThirdArm","ReplayTheSpireMod:Ninjato","Whetstone","Replay:Bottled Flurry","Mummified Hand","reliquary:Stiletto","Mango","Replay:Rubber Ducky"],"acts_visited":["Exordium","TheCity","TheBeyond","TheEnding"],"potions_floor_usage":[14,24,24,33,35,37,38,55,55,55],"damage_taken":[{"damage":0,"enemies":"Small Slimes","floor":1,"turns":3},{"damage":4,"enemies":"Jaw Worm","floor":4,"turns":2},{"damage":0,"enemies":"Cultist","floor":7,"turns":2},{"damage":11,"enemies":"Looter","floor":8,"turns":2},{"damage":1,"enemies":"Red Slaver","floor":10,"turns":2},{"damage":14,"enemies":"3 Sentries","floor":14,"turns":4},{"damage":10,"enemies":"Hexaghost","floor":16,"turns":5},{"damage":0,"enemies":"Chosen","floor":18,"turns":2},{"damage":4,"enemies":"Shell Parasite","floor":21,"turns":2},{"damage":16,"enemies":"Centurion and Healer","floor":22,"turns":3},{"damage":4,"enemies":"Slavers","floor":24,"turns":5},{"damage":0,"enemies":"Cultist and Chosen","floor":28,"turns":4},{"damage":13,"enemies":"Champ","floor":33,"turns":3},{"damage":18,"enemies":"3 Shapes","floor":35,"turns":4},{"damage":0,"enemies":"3 Darklings","floor":36,"turns":2},{"damage":20,"enemies":"Sphere and 2 Shapes","floor":37,"turns":2},{"damage":23,"enemies":"4 Shapes","floor":38,"turns":3},{"damage":0,"enemies":"Writhing Mass","floor":39,"turns":5},{"damage":3,"enemies":"3 Darklings","floor":41,"turns":3},{"damage":4,"enemies":"Giant Head","floor":42,"turns":3},{"damage":0,"enemies":"Reptomancer","floor":46,"turns":1},{"damage":0,"enemies":"Nemesis","floor":48,"turns":2},{"damage":0,"enemies":"Awakened One","floor":50,"turns":2},{"damage":0,"enemies":"Shield and Spear","floor":54,"turns":1},{"damage":20,"enemies":"The Heart","floor":55,"turns":4}],"seed_played":"-3246210112310107983","potions_obtained":[{"floor":4,"key":"Elixir"},{"floor":14,"key":"Fire Potion"},{"floor":16,"key":"PowerPotion"},{"floor":22,"key":"EssenceOfSteel"},{"floor":24,"key":"Weak Potion"},{"floor":28,"key":"Venom Potion"},{"floor":37,"key":"Flashbang"},{"floor":38,"key":"SteroidPotion"},{"floor":46,"key":"DuplicationPotion"},{"floor":54,"key":"BlessingOfTheForge"}],"is_trial":false,"path_per_floor":["M","?","$","M","?","R","M","M","T","M","R","$","?","E","R","B",null,"M","$","?","M","M","R","E","R","T","R","M","R","$","?","R","B",null,"M","M","M","M","M","R","M","E","T","R","T","E","R","E","R","B",null,"R","$","E","B",null],"character_chosen":"DEFECT","items_purchased":["Gash","Beam Cell","Flash of Steel","Mango","Strength Potion"],"campfire_rested":4,"item_purchase_floors":[3,3,12,53,53],"current_hp_per_floor":[68,68,68,64,64,64,64,53,53,52,52,52,34,20,20,10,59,59,59,59,55,39,39,35,35,35,57,57,57,57,57,57,44,67,49,49,29,6,6,28,25,21,21,43,43,43,43,43,65,65,73,73,87,87,67],"gold":85,"neow_bonus":"BOSS_RELIC","is_daily":false,"chose_seed":false,"campfire_upgraded":8,"win_rate":0.0,"timestamp":1613613005,"path_taken":["M","?","$","M","?","R","M","M","T","M","R","$","?","E","R","BOSS","M","$","?","M","M","R","E","R","T","R","M","R","$","?","R","BOSS","M","M","M","M","M","R","M","E","T","R","?","E","R","E","R","BOSS","R","$","E","BOSS"],"items_purchased_type":["Card","Card","Card","Relic","Potion"],"build_version":"2020-12-22","purchased_purges":3,"victory":true,"max_hp_per_floor":[75,75,75,75,75,75,75,75,75,75,75,75,75,75,75,75,75,75,75,75,75,75,75,75,75,75,75,75,75,75,75,75,75,75,75,75,75,75,75,75,75,75,75,75,75,75,75,75,75,75,75,75,89,89,89],"relic_stats":{"counters":[25,71],"Mummified Hand":[17],"Turnip":[2],"Whetstone":["Meteor Strike","Compile Driver"],"obtain_stats":[{"ReplayTheSpireMod:Ninjato":42,"Blue Doll":26,"Mango":53,"aspiration:PoetsPen_weak":0,"Omamori":13,"Whetstone":43,"reliquary:ThirdArm":34,"Replay:Rubber Ducky":54,"aspiration:EnhancedActuators":14,"Mummified Hand":46,"aspiration:SilentSkillbook":17,"Turnip":24,"reliquary:Stiletto":48,"Replay:Bottled Flurry":45,"Cracked Core":0},{"ReplayTheSpireMod:Ninjato":20,"Blue Doll":11,"Mango":23,"aspiration:PoetsPen_weak":0,"Omamori":5,"Whetstone":20,"reliquary:ThirdArm":13,"Replay:Rubber Ducky":24,"aspiration:EnhancedActuators":6,"Mummified Hand":21,"aspiration:SilentSkillbook":7,"Turnip":11,"reliquary:Stiletto":22,"Replay:Bottled Flurry":20,"Cracked Core":0},{"ReplayTheSpireMod:Ninjato":61,"Blue Doll":32,"Mango":66,"aspiration:PoetsPen_weak":0,"Omamori":11,"Whetstone":61,"reliquary:ThirdArm":39,"Replay:Rubber Ducky":67,"aspiration:EnhancedActuators":15,"Mummified Hand":62,"aspiration:SilentSkillbook":20,"Turnip":32,"reliquary:Stiletto":64,"Replay:Bottled Flurry":61,"Cracked Core":0}]},"card_choices":[{"not_picked":["Conserve Battery","Static Discharge"],"picked":"Compile Driver","floor":1},{"not_picked":["Melter","Conserve Battery"],"picked":"Coolheaded","floor":4},{"not_picked":["BootSequence","Capacitor"],"picked":"Gash","floor":7},{"not_picked":["Defragment","Panic Button","ReplayGash"],"picked":"SKIP","floor":8},{"not_picked":["BasicCrystalCard","Lockon","Steam"],"picked":"SKIP","floor":10},{"not_picked":["Thunder Strike","Beam Cell"],"picked":"Cold Snap","floor":13},{"not_picked":["Steam","Panic Button","Time Bomb"],"picked":"SKIP","floor":14},{"not_picked":["Biased Cognition","Amplify"],"picked":"Reboot","floor":16},{"not_picked":["Prepared+1","Setup","Hologram","Bane"],"picked":"SKIP","floor":18},{"not_picked":["Flechettes","Fluid Movement","Caltrops"],"picked":"Reinforced Body+1","floor":21},{"not_picked":["Coolheaded","Streamline","Blade Dance","Redo+1"],"picked":"SKIP","floor":22},{"not_picked":["Riddle With Holes","Time Bomb","Steam","Blade Dance"],"picked":"SKIP","floor":24},{"not_picked":["Wraith Form v2","Conserve Battery","Reinforced Body"],"picked":"Gash+1","floor":28},{"not_picked":["ReplayTheSpireMod:Omega Cannon","Phantasmal Killer","Corpse Explosion"],"picked":"Meteor Strike","floor":33},{"not_picked":["Concentrate+1","Dagger Throw","Quick Slash","Compile Driver"],"picked":"SKIP","floor":35},{"not_picked":["Hidden Blade","Noxious Fumes","Eviscerate","Blur"],"picked":"SKIP","floor":36},{"not_picked":["Riddle With Holes","Sunder","Turbo","Coolheaded+1"],"picked":"SKIP","floor":37},{"not_picked":["Steam","Setup","Stack","Dagger Throw+1"],"picked":"SKIP","floor":38},{"not_picked":["Compile Driver","Calculated Gamble+1","Fission","Reprogram+1"],"picked":"SKIP","floor":39},{"not_picked":["Sweeping Beam+1","Tempest+1","Distraction+1"],"picked":"Gash+1","floor":41},{"not_picked":["Conserve Battery","Barrage+1","ReplayTheSpireMod:GoodbyeWorld+1","Amplify"],"picked":"SKIP","floor":42},{"not_picked":["ReplaySort","Poisoned Stab+1","Underhanded Strike+1"],"picked":"Creative AI","floor":46},{"not_picked":["Reprogram+1","Streamline","Dagger Spray","ReplayTheSpireMod:System Scan+1"],"picked":"SKIP","floor":48},{"not_picked":["Hidden Blade","Outmaneuver+1","Riddle With Holes","Coolheaded"],"picked":"SKIP","floor":54}],"player_experience":1999799,"relics_obtained":[{"floor":13,"key":"Omamori"},{"floor":14,"key":"aspiration:EnhancedActuators"},{"floor":24,"key":"Turnip"},{"floor":26,"key":"Blue Doll"},{"floor":42,"key":"ReplayTheSpireMod:Ninjato"},{"floor":43,"key":"Whetstone"},{"floor":45,"key":"Replay:Bottled Flurry"},{"floor":46,"key":"Mummified Hand"},{"floor":48,"key":"reliquary:Stiletto"},{"floor":54,"key":"Replay:Rubber Ducky"}],"event_choices":[],"is_beta":false,"boss_relics":[{"not_picked":["Snecko Heart","Runic Pyramid"],"picked":"aspiration:SilentSkillbook"},{"not_picked":["Replay:Drink Me","Velvet Choker"],"picked":"reliquary:ThirdArm"}],"items_purged_floors":[19,30,53],"is_endless":false,"potions_floor_spawned":[4,14,16,22,24,28,37,38,46,54],"ascension_level":9}}