{"host":"zmr8u29ebzxwermy","time":1613631059,"event":{"mods":["AchievementEnabler","BaseMod","BetterRewards","Colored Map","DeckTracker","Hermit","Minty Spire (QoL Compilation)","Quick Restart","Relic Filter","Replay The Spire","Shop Mod","StSLib","SuperFastMode","everything is the same but u backflip on backflip"],"gold_per_floor":[1000012,998796,998820,998770,998786,998818,998818,998858,998936,998952,998968,998437,998512,998512,998512,998609,998609,998630,998630,997638,997656,997007,997045,997045,997062,997062,997002,997002,997031,997031,997049,997049,997153,997253,997274,997329,997329,997340,997355,997355,997387,997387,997465,997465,996829,996857,0,22,22,22,22,27,1027,1000,101,136,141,141],"floor_reached":57,"language":"KOR","playtime":2041,"items_purged":["hermit:Defend_Hermit","hermit:Defend_Hermit","hermit:Strike_Hermit","Replay:Hysterical Blindness","hermit:Strike_Hermit","Voices"],"score":981,"play_id":"06f610c7-86a3-4159-a3cf-170d0cd75f73","local_time":"20210218155059","is_ascension_mode":false,"campfire_choices":[{"data":"hermit:CursedWeapon","floor":7.0,"key":"SMITH"},{"floor":15.0,"key":"REST"},{"data":"hermit:TakeCover","floor":28.0,"key":"SMITH"},{"floor":32.0,"key":"DIG"},{"data":"hermit:Headshot","floor":40.0,"key":"SMITH"},{"floor":44.0,"key":"RECALL"}],"circlet_count":0,"master_deck":["hermit:Strike_Hermit","hermit:Defend_Hermit","hermit:Snapshot","hermit:Covet","hermit:Scavenge","ReplayTheSpireMod:Private Reserves+1","hermit:ShadowCloak","hermit:Dive","hermit:GhostlyPresence","hermit:Headshot+1","hermit:CursedWeapon+1","hermit:TakeCover+1","hermit:Misfire","hermit:Midnight","hermit:Magnum","hermit:CursedWeapon+1","hermit:Enervate+1","hermit:Glare","hermit:Quickdraw+1","Injury","hermit:BlackWind+1","hermit:Roughhouse+1","hermit:BlackWind+1","hermit:Feint+1","Delirium","hermit:Deadeye+1","Flash of Steel+1","Secret Technique"],"relics":["hermit:Momento","Replay:Multitool","Centennial Puzzle","Sling","Garlic","Pear","Blue Candle","Meat on the Bone","Du-Vu Doll","Replay:Baseball","Cursed Key","TungstenRod","hermit:PetGhost","Molten Egg 2","ReplayTheSpireMod:CursedCoin","Chameleon Ring","Unceasing Top","Ancient Tea Set","Nloth\u0027s Gift","Prayer Wheel","Potion Belt","Frozen Egg 2","Replay:Wanted Poster","Ice Cream","Quantum Egg","StoneCalendar","ReplayTheSpireMod:TigerMarble","Replay:Rubber Ducky","Red Mask","ReplayTheSpireMod:Ring of Collecting","Ring of Fangs","Lizard Tail","Cauldron","Kunai"],"acts_visited":["TheCity","TheBeyond","TheEnding"],"potions_floor_usage":[52,57,57,57,57],"damage_taken":[{"damage":1.0,"enemies":"Cultist","floor":1.0,"turns":3.0},{"damage":4.0,"enemies":"Jaw Worm","floor":3.0,"turns":4.0},{"damage":3.0,"enemies":"Small Slimes","floor":5.0,"turns":3.0},{"damage":6.0,"enemies":"Lagavulin","floor":6.0,"turns":4.0},{"damage":46.0,"enemies":"Gremlin Nob","floor":8.0,"turns":5.0},{"damage":2.0,"enemies":"3 Louse","floor":10.0,"turns":5.0},{"damage":3.0,"enemies":"2 Fungi Beasts","floor":11.0,"turns":2.0},{"damage":7.0,"enemies":"The Guardian","floor":16.0,"turns":10.0},{"damage":3.0,"enemies":"Spheric Guardian","floor":18.0,"turns":3.0},{"damage":2.0,"enemies":"Chosen","floor":21.0,"turns":3.0},{"damage":10.0,"enemies":"Slavers","floor":23.0,"turns":2.0},{"damage":2.0,"enemies":"Snecko","floor":25.0,"turns":4.0},{"damage":1.0,"enemies":"Replay:Snechameleon","floor":29.0,"turns":1.0},{"damage":1.0,"enemies":"Sentry and Sphere","floor":31.0,"turns":2.0},{"damage":8.0,"enemies":"Pondfish","floor":33.0,"turns":12.0},{"damage":1.0,"enemies":"Orb Walker","floor":35.0,"turns":1.0},{"damage":2.0,"enemies":"2 Orb Walkers","floor":36.0,"turns":3.0},{"damage":6.0,"enemies":"3 Shapes","floor":38.0,"turns":2.0},{"damage":1.0,"enemies":"Jaw Worm Horde","floor":39.0,"turns":3.0},{"damage":1.0,"enemies":"Nemesis","floor":41.0,"turns":1.0},{"damage":2.0,"enemies":"R_Hoarder","floor":46.0,"turns":3.0},{"damage":2.0,"enemies":"Maw","floor":48.0,"turns":7.0},{"damage":62,"enemies":"Replay:Hell Engine","floor":52,"turns":10},{"damage":4,"enemies":"Shield and Spear","floor":56,"turns":3},{"damage":100293,"enemies":"The Heart","floor":57,"turns":10}],"seed_played":"6597806616466678867","potions_obtained":[{"floor":1.0,"key":"Explosive Potion"},{"floor":10.0,"key":"FearPotion"},{"floor":11.0,"key":"Regen Potion"},{"floor":18.0,"key":"SteroidPotion"},{"floor":23.0,"key":"Block Potion"},{"floor":39.0,"key":"Energy Potion"},{"floor":41.0,"key":"Cursed Concoction"},{"floor":46.0,"key":"Block Potion"},{"floor":55,"key":"LifebloodPotion"},{"floor":55,"key":"BlessingOfTheForge"},{"floor":55,"key":"Languid Potion"},{"floor":55,"key":"hermit:BlackBile"}],"is_trial":false,"path_per_floor":["M","$","M","?","M","E","R","E","T","M","M","$","?","?","R","B",null,"M","?","$","M","$","E","?","M","T","?","R","E","T","M","R_BF","B",null,"M","?","?","M","M","R","E","?","T","R","$","E","?","M","PTL","PTL","R_BF","B",null,"R","$","E","B"],"character_chosen":"HERMIT","items_purchased":["Centennial Puzzle","MerchantsRug","Sling","Garlic","ReplayTheSpireMod:Private Reserves","hermit:ShadowCloak","hermit:Dive","hermit:GhostlyPresence","DistilledChaos","Adrenaline Potion","Du-Vu Doll","Replay:Baseball","TungstenRod","hermit:PetGhost","Molten Egg 2","hermit:CursedWeapon+1","Fruit Juice","ReplayTheSpireMod:CursedCoin","Chameleon Ring","Unceasing Top","hermit:Glare","hermit:Quickdraw+1","StoneCalendar","ReplayTheSpireMod:TigerMarble","Lizard Tail","Cauldron","Flash of Steel+1","Secret Technique"],"campfire_rested":1,"item_purchase_floors":[2,2,2,2,2,2,2,2,2,2,12,12,20,20,20,20,20,22,22,22,22,22,45,45,55,55,55,55],"current_hp_per_floor":[74,74,70,70,67,71,71,25,25,35,44,44,33,26,51,59,85,82,82,87,85,85,75,75,73,73,73,73,72,72,71,71,63,90,89,87,87,81,80,80,79,79,79,79,79,85,85,83,83,83,85,35,85,85,85,81,0,0],"gold":141,"neow_bonus":"ONE_RARE_RELIC","is_daily":false,"chose_seed":false,"campfire_upgraded":3,"win_rate":0.0,"timestamp":1613631059,"path_taken":["M","$","?","?","M","E","R","E","T","M","M","$","?","?","R","BOSS","M","?","$","M","$","E","?","?","T","?","R","E","?","M","R_BF","BOSS","M","?","?","?","M","R","E","?","T","R","$","E","?","M","PTL","PTL","R_BF","BOSS","R","$","E","BOSS"],"items_purchased_type":["Relic","Relic","Relic","Relic","Card","Card","Card","Card","Potion","Potion","Relic","Relic","Relic","Relic","Relic","Card","Potion","Relic","Relic","Relic","Card","Card","Relic","Relic","Relic","Relic","Card","Card"],"build_version":"2020-12-22","purchased_purges":6,"victory":false,"max_hp_per_floor":[75,75,75,75,75,85,85,85,85,85,85,85,85,85,85,85,85,85,85,90,90,90,90,90,90,90,90,90,90,90,90,90,90,90,90,90,90,90,90,90,90,85,85,85,85,85,85,85,85,85,85,85,85,85,85,85,85,85],"card_choices":[{"not_picked":["hermit:EyeOfTheStorm","hermit:Coalescence"],"picked":"hermit:Scavenge","floor":1.0},{"not_picked":["hermit:CursedWeapon","hermit:Maintenance"],"picked":"hermit:Headshot","floor":5.0},{"not_picked":["hermit:Quickdraw","hermit:Manifest"],"picked":"hermit:CursedWeapon","floor":6.0},{"not_picked":["hermit:Glare","hermit:LoneWolf"],"picked":"hermit:TakeCover","floor":8.0},{"not_picked":["hermit:Gambit","hermit:PistolWhip"],"picked":"hermit:Misfire","floor":10.0},{"not_picked":["hermit:Showdown","hermit:Vantage"],"picked":"hermit:Midnight","floor":11.0},{"not_picked":["hermit:Purgatory","hermit:RoundhouseKick"],"picked":"hermit:Magnum","floor":16.0},{"not_picked":["hermit:TrackingShot","hermit:Gestalt","hermit:Spite"],"picked":"SKIP","floor":18.0},{"not_picked":["hermit:CursedWeapon+1","hermit:Determination"],"picked":"hermit:Enervate+1","floor":21.0},{"not_picked":["hermit:Adapt","hermit:Determination","hermit:Grudge+1"],"picked":"SKIP","floor":23.0},{"not_picked":["hermit:BodyArmor","hermit:LowProfile"],"picked":"hermit:BlackWind+1","floor":29.0},{"not_picked":["hermit:FromBeyond","hermit:Purgatory+1"],"picked":"hermit:Roughhouse+1","floor":33.0},{"not_picked":["hermit:Misfire+1","hermit:Maintenance+1"],"picked":"hermit:BlackWind+1","floor":35.0},{"not_picked":["hermit:CalledShot+1","hermit:Virtue+1","hermit:Brawl+1"],"picked":"SKIP","floor":35.0},{"not_picked":["hermit:Gestalt","hermit:Dive+1","hermit:TrackingShot+1"],"picked":"SKIP","floor":38.0},{"not_picked":["hermit:Coalescence+1","hermit:TrackingShot+1","hermit:ShadowCloak+1"],"picked":"SKIP","floor":38.0},{"not_picked":["hermit:Headshot+1","hermit:SprayPray+1","hermit:OverwhelmingPower+1"],"picked":"SKIP","floor":39.0},{"not_picked":["hermit:Glare+1","hermit:Shortfuse+1","hermit:FromBeyond"],"picked":"SKIP","floor":39.0},{"not_picked":["hermit:LuckOfTheDraw+1","hermit:FullyLoaded"],"picked":"hermit:Feint","floor":41.0},{"not_picked":["hermit:Cheat","hermit:Quickdraw+1"],"picked":"hermit:Deadeye+1","floor":48.0},{"not_picked":["hermit:CursedWeapon+1","hermit:Reprieve","hermit:Showdown+1"],"picked":"SKIP","floor":56}],"player_experience":395223,"relics_obtained":[{"floor":6.0,"key":"Pear"},{"floor":8.0,"key":"Blue Candle"},{"floor":9.0,"key":"Meat on the Bone"},{"floor":23.0,"key":"Ancient Tea Set"},{"floor":26.0,"key":"Prayer Wheel"},{"floor":29.0,"key":"Potion Belt"},{"floor":30.0,"key":"Frozen Egg 2"},{"floor":32.0,"key":"Dead Branch"},{"floor":36.0,"key":"Ice Cream"},{"floor":41.0,"key":"Quantum Egg"},{"floor":46.0,"key":"Replay:Rubber Ducky"},{"floor":54,"key":"ReplayTheSpireMod:Ring of Collecting"},{"floor":54,"key":"Ring of Fangs"},{"floor":56,"key":"Kunai"}],"event_choices":[{"cards_removed":["hermit:Strike_Hermit"],"damage_healed":0.0,"max_hp_gain":0.0,"max_hp_loss":0.0,"gold_gain":0.0,"event_name":"The Cleric","player_choice":"Card Removal","floor":4.0,"gold_loss":50.0,"damage_taken":0.0},{"damage_healed":0.0,"max_hp_gain":0.0,"max_hp_loss":0.0,"gold_gain":75.0,"event_name":"World of Goop","player_choice":"Gather Gold","floor":13.0,"gold_loss":0.0,"damage_taken":11.0},{"cards_removed":["hermit:Defend_Hermit"],"damage_healed":0.0,"max_hp_gain":0.0,"max_hp_loss":0.0,"gold_gain":0.0,"event_name":"Golden Wing","player_choice":"Card Removal","floor":14.0,"gold_loss":0.0,"damage_taken":7.0},{"damage_healed":0.0,"max_hp_gain":0.0,"max_hp_loss":0.0,"gold_gain":0.0,"event_name":"Vampires","player_choice":"Ignored","floor":19.0,"gold_loss":0.0,"damage_taken":0.0},{"damage_healed":0.0,"max_hp_gain":0.0,"max_hp_loss":0.0,"gold_gain":0.0,"event_name":"N\u0027loth","player_choice":"Traded Relic","floor":24.0,"relics_lost":["MerchantsRug"],"gold_loss":0.0,"damage_taken":0.0,"relics_obtained":["Nloth\u0027s Gift"]},{"damage_healed":0.0,"max_hp_gain":0.0,"max_hp_loss":0.0,"gold_gain":0.0,"event_name":"Mysterious Sphere","player_choice":"Fight","floor":36.0,"gold_loss":0.0,"damage_taken":0.0},{"damage_healed":0.0,"max_hp_gain":0.0,"max_hp_loss":0.0,"gold_gain":0.0,"event_name":"Upgrade Shrine","player_choice":"Upgraded","floor":37.0,"gold_loss":0.0,"damage_taken":0.0,"cards_upgraded":["ReplayTheSpireMod:Private Reserves"]},{"damage_healed":0.0,"max_hp_gain":0.0,"max_hp_loss":5.0,"gold_gain":0.0,"event_name":"Winding Halls","player_choice":"Max HP","floor":42.0,"gold_loss":0.0,"damage_taken":0.0},{"damage_healed":0.0,"max_hp_gain":0.0,"max_hp_loss":0.0,"gold_gain":0.0,"event_name":"Tomb of Lord Red Mask","player_choice":"Paid","floor":47.0,"gold_loss":996857.0,"damage_taken":0.0,"relics_obtained":["Red Mask"]}],"is_beta":false,"boss_relics":[{"not_picked":["Ring of Chaos","hermit:ClaspedLocket"],"picked":"Cursed Key"},{"not_picked":["Black Star","SacredBark"],"picked":"Replay:Wanted Poster"}],"items_purged_floors":[2,12,20,22,45,55],"is_endless":false,"potions_floor_spawned":[1,5,10,11,18,23,39,41,46,56],"killed_by":"The Heart","ascension_level":0}}