{"host":"onfdonezo2qmaex3","time":1613677475,"event":{"mods":["2.2 Compatiblity","AchievementEnabler","Act Like it!","Aspiration","BaseMod","Colored Powertips","Downfall","Friendly Minions","Gensokyo","Hallownest","Hermit","Highlight Path","Jorbs\u0027s Wanderer Trilogy","Marisa????????","Marked Mod","Minty Spire (QoL Compilation)","Quick Restart","Reliquary","Shop Mod","StSLib","The Disciple","The Hayseed","The Hierophant","The Marked","The Runesmith"],"gold_per_floor":[116,127,52,52,33,33,46,46,69,69,69,69,383,401,401,401,401],"floor_reached":16,"language":"ENG","playtime":724,"items_purged":["hermit:Strike_Hermit"],"score":90,"play_id":"6e47c1fb-dc43-4d48-8ce5-20625106620f","local_time":"20210218204435","is_ascension_mode":false,"campfire_choices":[{"data":"hermit:Glare","floor":6,"key":"SMITH"},{"data":"hermit:TakeCover","floor":8,"key":"SMITH"},{"data":"hermit:FlashPowder","floor":10,"key":"SMITH"},{"data":"hermit:FlashPowder","floor":15,"key":"SMITH"}],"circlet_count":0,"master_deck":["hermit:Strike_Hermit","hermit:Defend_Hermit","hermit:Covet","hermit:Glare+1","hermit:FlashPowder+1","hermit:TakeCover+1","Burst","Quick Slash","PiercingWail","hermit:FlashPowder+1"],"relics":["hermit:Momento","Gensokyo:Mercy","reliquary:Spinner"],"acts_visited":["Gensokyo:Gensokyo"],"potions_floor_usage":[16],"damage_taken":[{"damage":4,"enemies":"Gensokyo:Gryphon","floor":1,"turns":3},{"damage":4,"enemies":"Gensokyo:Python","floor":2,"turns":3},{"damage":5,"enemies":"Gensokyo:3_Fairies","floor":7,"turns":7},{"damage":0,"enemies":"Gensokyo:2_Rabbits","floor":13,"turns":7},{"damage":11,"enemies":"Gensokyo:LivingMonolith","floor":14,"turns":8},{"damage":52,"enemies":"Gensokyo:Kokoro","floor":16,"turns":13}],"seed_played":"8187965346547065220","potions_obtained":[{"floor":1,"key":"Slimebound:ThreeZeroPotion"},{"floor":2,"key":"Regen Potion"}],"is_trial":false,"path_per_floor":["M","M","$","?","COS","R","M","R","T","R","?","?","M","M","R","B"],"character_chosen":"HERMIT","items_purchased":[],"campfire_rested":0,"item_purchase_floors":[],"current_hp_per_floor":[64,60,60,60,60,60,55,55,55,55,42,42,42,31,31,0,0],"gold":401,"neow_bonus":"REMOVE_TWO","is_daily":false,"chose_seed":false,"campfire_upgraded":4,"win_rate":0.0,"timestamp":1613677475,"path_taken":["M","M","?","?","COS","R","M","R","T","R","?","?","M","M","R","BOSS"],"items_purchased_type":[],"build_version":"2020-12-22","purchased_purges":1,"victory":false,"max_hp_per_floor":[68,68,68,68,68,68,68,68,68,68,68,68,68,68,68,68,68],"card_choices":[{"not_picked":["hermit:Showdown","hermit:FullyLoaded"],"picked":"hermit:Glare","floor":1},{"not_picked":["hermit:Manifest","hermit:ItchyTrigger"],"picked":"hermit:FlashPowder","floor":2},{"not_picked":["hermit:HoleUp","hermit:Combo"],"picked":"hermit:TakeCover","floor":7},{"not_picked":["hermit:Snipe","hermit:Glare","hermit:DeadMansHand"],"picked":"SKIP","floor":13},{"not_picked":["hermit:CalledShot","hermit:Manifest"],"picked":"hermit:FlashPowder","floor":14}],"player_experience":201088,"relics_obtained":[],"event_choices":[],"is_beta":false,"boss_relics":[],"items_purged_floors":[3],"is_endless":false,"potions_floor_spawned":[1,2],"killed_by":"Gensokyo:Kokoro","ascension_level":0}}