{"host":"p0hktren06injwdf","time":1613632691,"event":{"mods":["AchievementEnabler","BaseMod","Colored Map","DeckTracker","Minty Spire (QoL Compilation)","Permanent Neow","StSLib","SuperFastMode"],"gold_per_floor":[115,125,142,160,160,160,160,178,224,259,259,272,288,73,73,73,73],"floor_reached":16,"language":"KOR","playtime":248,"items_purged":[],"score":208,"play_id":"fac35409-3bf5-46f6-b721-3937752ddc02","local_time":"20210218161811","is_ascension_mode":true,"campfire_choices":[{"data":"Hologram","floor":6,"key":"SMITH"},{"floor":11,"key":"REST"},{"data":"Sweeping Beam","floor":15,"key":"SMITH"}],"circlet_count":0,"master_deck":["AscendersBane","Strike_B","Strike_B+1","Strike_B","Strike_B","Defend_B","Defend_B","Defend_B","Defend_B","Zap+1","Dualcast","Ball Lightning+1","Chill","Hologram+1","Conserve Battery","Capacitor","Sweeping Beam+1","Gash"],"relics":["Cracked Core","Golden Idol","Whetstone","Mercury Hourglass","Runic Capacitor"],"acts_visited":["Exordium"],"potions_floor_usage":[10,10,15,16],"damage_taken":[{"damage":2,"enemies":"Jaw Worm","floor":1,"turns":3},{"damage":9,"enemies":"2 Louse","floor":2,"turns":2},{"damage":0,"enemies":"Small Slimes","floor":3,"turns":3},{"damage":0,"enemies":"3 Louse","floor":4,"turns":4},{"damage":8,"enemies":"Blue Slaver","floor":8,"turns":3},{"damage":12,"enemies":"3 Sentries","floor":10,"turns":4},{"damage":8,"enemies":"Gremlin Gang","floor":12,"turns":4},{"damage":0,"enemies":"2 Fungi Beasts","floor":13,"turns":3},{"damage":36,"enemies":"Slime Boss","floor":16,"turns":6}],"seed_played":"-3595615637803900913","potions_obtained":[{"floor":3,"key":"AttackPotion"},{"floor":4,"key":"DuplicationPotion"},{"floor":8,"key":"LiquidMemories"},{"floor":10,"key":"EssenceOfSteel"},{"floor":13,"key":"Fruit Juice"}],"is_trial":false,"path_per_floor":["M","M","M","M","?","R","?","M","T","E","R","M","M","$","R","B"],"character_chosen":"DEFECT","items_purchased":["Runic Capacitor","Gash"],"campfire_rested":1,"item_purchase_floors":[14,14],"current_hp_per_floor":[69,60,60,60,60,60,33,25,25,13,36,28,28,28,33,0,0],"gold":73,"neow_bonus":"TEN_PERCENT_HP_BONUS","is_daily":false,"chose_seed":false,"campfire_upgraded":2,"win_rate":0.0,"timestamp":1613632691,"path_taken":["M","M","M","M","?","R","?","M","T","E","R","M","M","$","R","BOSS"],"items_purchased_type":["Relic","Card"],"build_version":"2020-12-22","purchased_purges":0,"victory":false,"max_hp_per_floor":[78,78,78,78,78,78,78,78,78,78,78,78,78,78,83,83,83],"card_choices":[{"not_picked":["Hologram","Coolheaded"],"picked":"Ball Lightning","floor":1},{"not_picked":["Gash","Hologram"],"picked":"Chill","floor":2},{"not_picked":["Go for the Eyes","Compile Driver"],"picked":"Hologram","floor":3},{"not_picked":["Redo","Auto Shields"],"picked":"Conserve Battery","floor":4},{"not_picked":["Rebound","Gash"],"picked":"Capacitor","floor":8},{"not_picked":["Rebound","Blizzard","Capacitor"],"picked":"SKIP","floor":10},{"not_picked":["Sunder","Turbo"],"picked":"Sweeping Beam","floor":12},{"not_picked":["Hologram","Scrape","Meteor Strike"],"picked":"SKIP","floor":13}],"player_experience":1083913,"relics_obtained":[{"floor":9,"key":"Whetstone"},{"floor":10,"key":"Mercury Hourglass"}],"event_choices":[{"damage_healed":0,"gold_gain":0,"player_choice":"Grow","damage_taken":0,"max_hp_gain":0,"max_hp_loss":0,"event_name":"Living Wall","floor":5,"gold_loss":0,"cards_upgraded":["Zap"]},{"damage_healed":0,"gold_gain":0,"player_choice":"Take Damage","damage_taken":27,"relics_obtained":["Golden Idol"],"max_hp_gain":0,"max_hp_loss":0,"event_name":"Golden Idol","floor":7,"gold_loss":0}],"is_beta":false,"boss_relics":[],"items_purged_floors":[],"is_endless":false,"potions_floor_spawned":[3,4,8,10,13],"killed_by":"Slime Boss","ascension_level":20}}