{"host":"72n3jwtrlpjobydj","time":1613669592,"event":{"mods":["AchievementEnabler","BaseMod","CapriCore","DeckTracker","Hermit","Koishi","KomeijiMod","Lobotomy","Marisa£¨Ùöéë¡¡Øª×âÞÞ£©","Minty Spire (QoL Compilation)","Permanent Neow","StSLib","SuperFastMode","The Cursed","The Hierophant","The Immortal"],"gold_per_floor":[111,111,124,13,33,62,62,74,97,97,97,127,148,48,48,179,179,198,73,88,106,126,126,51,51,123,123,136,136,136,155,155,155,155],"floor_reached":33,"language":"KOR","playtime":982,"items_purged":["Strike_P","Strike_P","Defend_P"],"score":247,"play_id":"4387e863-8692-4d04-85b7-54a3dcd8b0e2","local_time":"20210219023312","is_ascension_mode":false,"campfire_choices":[{"floor":7,"key":"REST"},{"floor":11,"key":"REST"},{"data":"Eruption","floor":15,"key":"SMITH"},{"floor":23,"key":"REST"},{"floor":25,"key":"REST"},{"floor":32,"key":"REST"}],"circlet_count":0,"master_deck":["Strike_P","Strike_P","Defend_P","Defend_P","Eruption+1","Vigilance","Halt","TalkToTheHand","FearNoEvil","Tantrum"],"relics":["PureWater","NeowsBlessing","Bag of Preparation","Oddly Smooth Stone","Golden Idol","VioletLotus","Blue Candle","Nilry\u0027s Codex"],"acts_visited":["Exordium","TheCity"],"potions_floor_usage":[16,22,22,28,31,33,33],"damage_taken":[{"damage":0,"enemies":"2 Louse","floor":1,"turns":1},{"damage":0,"enemies":"Jaw Worm","floor":3,"turns":1},{"damage":0,"enemies":"Small Slimes","floor":5,"turns":2},{"damage":16,"enemies":"Gremlin Nob","floor":6,"turns":4},{"damage":0,"enemies":"2 Fungi Beasts","floor":8,"turns":3},{"damage":0,"enemies":"Blue Slaver","floor":13,"turns":3},{"damage":53,"enemies":"Hexaghost","floor":16,"turns":12},{"damage":11,"enemies":"Spheric Guardian","floor":18,"turns":4},{"damage":0,"enemies":"3 Byrds","floor":20,"turns":5},{"damage":24,"enemies":"Centurion and Healer","floor":21,"turns":4},{"damage":16,"enemies":"Chosen and Byrds","floor":22,"turns":5},{"damage":15,"enemies":"Shelled Parasite and Fungi","floor":28,"turns":3},{"damage":26,"enemies":"Snecko","floor":31,"turns":4},{"damage":64,"enemies":"Collector","floor":33,"turns":3}],"seed_played":"-3777155902995755890","potions_obtained":[{"floor":3,"key":"SpeedPotion"},{"floor":8,"key":"BottledMiracle"},{"floor":20,"key":"SpeedPotion"},{"floor":21,"key":"AttackPotion"},{"floor":28,"key":"Energy Potion"},{"floor":30,"key":"SpeedPotion"},{"floor":30,"key":"FairyPotion"},{"floor":31,"key":"BottledMiracle"}],"is_trial":false,"path_per_floor":["M","?","M","$","M","E","R","M","T","?","R","?","M","$","R","B",null,"M","$","M","M","M","R","?","R","T","$","M","?","?","M","R","B"],"character_chosen":"WATCHER","items_purchased":["TalkToTheHand"],"campfire_rested":5,"item_purchase_floors":[4],"current_hp_per_floor":[72,72,72,72,72,56,72,72,72,54,72,72,72,72,72,19,72,61,61,61,37,21,42,42,63,63,63,48,32,32,6,27,0,0],"gold":155,"neow_bonus":"THREE_ENEMY_KILL","is_daily":false,"chose_seed":false,"campfire_upgraded":1,"win_rate":0.0,"timestamp":1613669592,"path_taken":["M","?","M","$","M","E","R","M","T","?","R","?","M","$","R","BOSS","M","$","M","M","M","R","?","R","T","$","M","?","?","M","R","BOSS"],"items_purchased_type":["Card"],"build_version":"2020-12-22","purchased_purges":3,"victory":false,"max_hp_per_floor":[72,72,72,72,72,72,72,72,72,72,72,72,72,72,72,72,72,72,72,72,72,72,72,72,72,72,72,72,72,72,72,72,72,72],"card_choices":[{"not_picked":["CrushJoints","Indignation","Prostrate"],"picked":"SKIP","floor":1},{"not_picked":["FollowUp","JustLucky"],"picked":"Halt","floor":3},{"not_picked":["CarveReality","WreathOfFlame"],"picked":"FearNoEvil","floor":5},{"not_picked":["ThirdEye","EmptyBody","Sanctity"],"picked":"SKIP","floor":6},{"not_picked":["FlyingSleeves","DevaForm","CutThroughFate"],"picked":"SKIP","floor":8},{"not_picked":["ClearTheMind","SashWhip"],"picked":"Tantrum","floor":13},{"not_picked":["ClearTheMind+1","EmptyFist","SashWhip"],"picked":"SKIP","floor":18},{"not_picked":["Prostrate","CrushJoints","Wallop"],"picked":"SKIP","floor":20},{"not_picked":["BattleHymn","CutThroughFate","Evaluate"],"picked":"SKIP","floor":21},{"not_picked":["Protect","Weave","ReachHeaven+1"],"picked":"SKIP","floor":22},{"not_picked":["Wallop","SashWhip+1","ClearTheMind"],"picked":"SKIP","floor":28},{"not_picked":["Protect","ClearTheMind","Weave+1"],"picked":"SKIP","floor":31}],"player_experience":80903,"relics_obtained":[{"floor":6,"key":"Bag of Preparation"},{"floor":9,"key":"Oddly Smooth Stone"},{"floor":26,"key":"Blue Candle"},{"floor":29,"key":"Nilry\u0027s Codex"}],"event_choices":[{"damage_healed":0,"gold_gain":0,"player_choice":"Take Damage","damage_taken":18,"relics_obtained":["Golden Idol"],"max_hp_gain":0,"max_hp_loss":0,"event_name":"Golden Idol","floor":10,"gold_loss":0},{"damage_healed":0,"gold_gain":30,"player_choice":"Searched \u00271\u0027 times","damage_taken":0,"max_hp_gain":0,"max_hp_loss":0,"event_name":"Dead Adventurer","floor":12,"gold_loss":0},{"cards_removed":["Defend_P"],"damage_healed":0,"gold_gain":0,"player_choice":"Gave Gold","damage_taken":0,"max_hp_gain":0,"max_hp_loss":0,"event_name":"Beggar","floor":24,"gold_loss":75},{"damage_healed":0,"gold_gain":0,"player_choice":"Obtained Book","damage_taken":16,"max_hp_gain":0,"max_hp_loss":0,"event_name":"Cursed Tome","floor":29,"gold_loss":0},{"damage_healed":0,"gold_gain":0,"player_choice":"Got Potions","damage_taken":0,"max_hp_gain":0,"max_hp_loss":0,"event_name":"Lab","floor":30,"gold_loss":0}],"is_beta":false,"boss_relics":[{"not_picked":["Astrolabe","Busted Crown"],"picked":"VioletLotus"}],"items_purged_floors":[4,14,19],"is_endless":false,"potions_floor_spawned":[3,8,20,21,28,31],"killed_by":"Collector","ascension_level":0}}