{"host":"i9z6y8pcdeu2qxnx","time":1613620799,"event":{"mods":["BaseMod","Colored Map","Googly Eyes","Highlight Path","Minty Spire (QoL Compilation)","Replay The Spire","StSLib"],"gold_per_floor":[114,114,133,83,34,72,72,72,97,116,135,135,154,173,173,298,298,317,336,355,374,374,374,412,412,487,502,517,532,58,73,73,173,173,188,203,253,268,283,283,7,7,7,22,37,37,67,82,82,82],"floor_reached":51,"language":"ENG","playtime":2243,"items_purged":[],"score":757,"play_id":"735665fc-200c-47bd-845c-e14ca03a287b","local_time":"20210217225959","daily_mods":["Cursed Run","Uncertain Future","Lethality"],"is_ascension_mode":false,"campfire_choices":[{"data":"Seeing Red","floor":7,"key":"SMITH"},{"data":"Sword Boomerang","floor":12,"key":"SMITH"},{"data":"ReplayTheSpireMod:Limb From Limb","floor":15,"key":"SMITH"},{"floor":23,"key":"REST"},{"data":"Replay:Many Hands","floor":32,"key":"SMITH"},{"floor":40,"key":"REST"},{"floor":46,"key":"REST"},{"data":"True Grit","floor":49,"key":"SMITH"}],"circlet_count":0,"master_deck":["Strike_R+1","Strike_R","Strike_R","Strike_R","Defend_R+1","Defend_R","Defend_R","Bash","Shockwave","Injury","Sword Boomerang+1","Thunderclap","Seeing Red+1","CommonCold","Replay:Hysterical Blindness","Wild Strike","ReplayTheSpireMod:Limb From Limb+1","Uppercut","Amnesia","Replay:Many Hands+1","Spot Weakness","Armaments+1","ReplayTheSpireMod:Limb From Limb+1","Iron Wave+1","Hallucinations","Reaper","Pommel Strike","Sword Boomerang+1","True Grit+1","Replay:Undeath\u0027s Touch","Replay:Undeath\u0027s Touch","Voices","Double Tap","AbeCurse","Heavy Blade","Battle Trance","Ghostly Armor+1","Flex+1","Bloodletting","CommonCold","Flame Barrier+1","Twin Strike","Havoc+1","Heavy Blade+1","Overencumbered"],"relics":["Cursed Key","Darkstone Periapt","Du-Vu Doll","Bloody Idol","Bottled Flame","ReplayTheSpireMod:Ring of Addiction","Chameleon Ring","Toy Ornithopter","Vajra","Black Star","Simple Rune","Matryoshka","Replay:Bottled Eggs","Abe\u0027s Treasure","Champion Belt","Golden Egg","Lantern","Nunchaku","Sundial","Mirror"],"acts_visited":["Exordium","TheCity","TheBeyond"],"potions_floor_usage":[11,16,19,24,24,29,31,33,33,36,39,45,48],"damage_taken":[{"damage":4,"enemies":"Jaw Worm","floor":1,"turns":2},{"damage":0,"enemies":"2 Louse","floor":3,"turns":2},{"damage":2,"enemies":"Replay:BlueRogue","floor":6,"turns":3},{"damage":0,"enemies":"Cultist","floor":10,"turns":1},{"damage":0,"enemies":"Looter","floor":11,"turns":1},{"damage":0,"enemies":"Blue Slaver","floor":13,"turns":1},{"damage":0,"enemies":"Exordium Wildlife","floor":14,"turns":1},{"damage":50,"enemies":"The Guardian","floor":16,"turns":7},{"damage":18,"enemies":"Shell Parasite","floor":18,"turns":3},{"damage":40,"enemies":"3 Byrds","floor":19,"turns":2},{"damage":0,"enemies":"3 Cultists","floor":20,"turns":2},{"damage":0,"enemies":"Shelled Parasite and Fungi","floor":21,"turns":1},{"damage":0,"enemies":"Book of Stabbing","floor":24,"turns":1},{"damage":22,"enemies":"Snake Plant","floor":27,"turns":2},{"damage":11,"enemies":"Cultist and Chosen","floor":28,"turns":2},{"damage":8,"enemies":"Chosen and Byrds","floor":29,"turns":2},{"damage":0,"enemies":"Snake Plant","floor":31,"turns":1},{"damage":29,"enemies":"Automaton","floor":33,"turns":5},{"damage":0,"enemies":"Orb Walker","floor":35,"turns":1},{"damage":18,"enemies":"3 Shapes","floor":36,"turns":1},{"damage":78,"enemies":"Mind Bloom Boss Battle","floor":37,"turns":3},{"damage":24,"enemies":"Writhing Mass","floor":38,"turns":3},{"damage":12,"enemies":"3 Darklings","floor":39,"turns":4},{"damage":14,"enemies":"Spire Growth","floor":44,"turns":3},{"damage":0,"enemies":"Jaw Worm Horde","floor":45,"turns":2},{"damage":11,"enemies":"Giant Head","floor":47,"turns":4},{"damage":0,"enemies":"4 Shapes","floor":48,"turns":1},{"damage":81,"enemies":"Replay:Hell Engine","floor":50,"turns":5}],"seed_played":"-4060160915487772418","potions_obtained":[{"floor":1,"key":"SteroidPotion"},{"floor":3,"key":"PowerPotion"},{"floor":8,"key":"Adrenaline Potion"},{"floor":10,"key":"BloodPotion"},{"floor":14,"key":"LiquidBronze"},{"floor":18,"key":"SteroidPotion"},{"floor":21,"key":"Energy Potion"},{"floor":24,"key":"LiquidBronze"},{"floor":28,"key":"SteroidPotion"},{"floor":33,"key":"Fruit Juice"},{"floor":37,"key":"CultistPotion"},{"floor":38,"key":"Block Potion"},{"floor":39,"key":"FairyPotion"},{"floor":47,"key":"Block Potion"},{"floor":48,"key":"BlessingOfTheForge"}],"is_trial":false,"path_per_floor":["M","?","M","?","$","E","R","?","T","M","M","R","M","M","R","B",null,"M","M","M","M","?","R","E","?","T","M","M","M","$","M","R","B",null,"M","M","?","M","M","R","$","?","T","M","M","R","E","M","R","B",null],"character_chosen":"IRONCLAD","items_purchased":["Thunderclap","Replay:Bottled Eggs","Sword Boomerang","True Grit","Replay:Undeath\u0027s Touch","Regen Potion","Golden Egg","Flex"],"campfire_rested":3,"item_purchase_floors":[5,30,30,30,30,30,41,41],"current_hp_per_floor":[76,82,82,82,82,80,80,86,92,92,98,98,98,98,96,52,102,84,49,49,49,49,79,89,89,100,83,85,87,87,97,97,89,116,116,110,37,18,16,52,52,52,58,68,78,116,110,120,120,45],"gold":82,"neow_bonus":"","is_daily":true,"chose_seed":false,"campfire_upgraded":5,"win_rate":0.0,"timestamp":1613620799,"path_taken":["M","?","M","?","$","E","R","?","T","M","M","R","M","M","R","BOSS","M","M","M","M","?","R","E","?","T","M","M","?","$","M","R","BOSS","M","M","?","M","M","R","$","?","T","?","M","R","E","M","R","BOSS"],"items_purchased_type":["Card","Relic","Card","Card","Card","Potion","Relic","Card"],"build_version":"2020-12-22","purchased_purges":0,"victory":true,"max_hp_per_floor":[80,86,86,86,86,86,86,92,98,98,98,98,98,98,96,102,102,102,102,102,102,102,100,100,100,106,106,104,104,104,104,104,110,116,116,123,123,123,123,123,123,123,127,127,127,127,127,127,127,133],"card_choices":[{"not_picked":["Bloodletting","Havoc"],"picked":"Shockwave","floor":1},{"not_picked":["Havoc","Sentinel"],"picked":"Sword Boomerang","floor":3},{"not_picked":["ReplayTheSpireMod:Corrosion Curse","Havoc"],"picked":"Seeing Red","floor":6},{"not_picked":["Shockwave","Warcry","Sever Soul"],"picked":"SKIP","floor":10},{"not_picked":["Bloodletting","Armaments"],"picked":"Wild Strike","floor":11},{"not_picked":["ReplayTheSpireMod:Strike From Hell","Sever Soul"],"picked":"ReplayTheSpireMod:Limb From Limb","floor":13},{"not_picked":["Thunderclap","Abandon"],"picked":"Uppercut","floor":14},{"not_picked":["Fiend Fire","Barricade"],"picked":"Replay:Many Hands","floor":16},{"not_picked":["Evolve","Life Link+1"],"picked":"Spot Weakness","floor":18},{"not_picked":["True Grit+1","Cleave"],"picked":"Armaments+1","floor":19},{"not_picked":["Combust","Cleave"],"picked":"ReplayTheSpireMod:Limb From Limb+1","floor":20},{"not_picked":["Dual Wield","Abandon","ReplayTheSpireMod:Strike From Hell"],"picked":"SKIP","floor":21},{"not_picked":["Clash","Dark Embrace"],"picked":"Iron Wave+1","floor":24},{"not_picked":["Armaments","Anger+1"],"picked":"Reaper","floor":27},{"not_picked":["Uppercut+1","Anger","Warcry"],"picked":"SKIP","floor":28},{"not_picked":["Clothesline","Clash"],"picked":"Pommel Strike","floor":29},{"not_picked":["Perfected Strike","Thunderclap+1"],"picked":"Replay:Undeath\u0027s Touch","floor":31},{"not_picked":["Demonic Infusion","Bludgeon"],"picked":"Double Tap","floor":33},{"not_picked":["Warcry+1","Wild Strike"],"picked":"Heavy Blade","floor":35},{"not_picked":["Wild Strike+1","Rupture+1"],"picked":"Battle Trance","floor":36},{"not_picked":["ReplayTheSpireMod:Strike From Hell","Dark Embrace","Fire Breathing+1"],"picked":"SKIP","floor":38},{"not_picked":["Pommel Strike+1","Fire Breathing"],"picked":"Ghostly Armor+1","floor":39},{"not_picked":["Headbutt","Rupture+1"],"picked":"Flame Barrier+1","floor":44},{"not_picked":["Flame Barrier","Battle Trance"],"picked":"Twin Strike","floor":45},{"not_picked":["Perfected Strike","Twin Strike"],"picked":"Havoc+1","floor":47},{"not_picked":["Armaments+1","ReplayTheSpireMod:Muscle Training"],"picked":"Heavy Blade+1","floor":48}],"player_experience":1033177,"relics_obtained":[{"floor":6,"key":"Bottled Flame"},{"floor":8,"key":"ReplayTheSpireMod:Ring of Addiction"},{"floor":8,"key":"Chameleon Ring"},{"floor":8,"key":"Toy Ornithopter"},{"floor":9,"key":"Vajra"},{"floor":24,"key":"Simple Rune"},{"floor":26,"key":"Matryoshka"},{"floor":37,"key":"Champion Belt"},{"floor":43,"key":"Lantern"},{"floor":43,"key":"Nunchaku"},{"floor":47,"key":"Sundial"},{"floor":47,"key":"Mirror"}],"event_choices":[{"damage_healed":0,"gold_gain":0,"player_choice":"Take Wound","damage_taken":0,"relics_obtained":["Golden Idol"],"max_hp_gain":0,"max_hp_loss":0,"event_name":"Golden Idol","floor":2,"gold_loss":0,"cards_obtained":["Injury"]},{"cards_removed":["Defend_R"],"damage_healed":0,"gold_gain":0,"player_choice":"Card Removal","damage_taken":0,"max_hp_gain":0,"max_hp_loss":0,"event_name":"The Cleric","floor":4,"gold_loss":50},{"damage_healed":0,"gold_gain":0,"player_choice":"Ignored","damage_taken":0,"max_hp_gain":0,"max_hp_loss":0,"event_name":"Vampires","floor":22,"gold_loss":0},{"damage_healed":0,"gold_gain":0,"player_choice":"Gave Idol","damage_taken":0,"relics_obtained":["Bloody Idol"],"max_hp_gain":0,"max_hp_loss":0,"event_name":"Forgotten Altar","floor":25,"relics_lost":["Golden Idol"],"gold_loss":0},{"damage_healed":0,"gold_gain":0,"player_choice":"Fight","damage_taken":0,"max_hp_gain":0,"max_hp_loss":0,"event_name":"MindBloom","floor":37,"gold_loss":0},{"damage_healed":0,"gold_gain":0,"cards_transformed":["Strike_R"],"player_choice":"Transformed","damage_taken":0,"max_hp_gain":0,"max_hp_loss":0,"event_name":"Transmorgrifier","floor":42,"gold_loss":0,"cards_obtained":["Bloodletting"]}],"is_beta":false,"boss_relics":[{"not_picked":["Replay:Wanted Poster","Runic Dome"],"picked":"Black Star"},{"not_picked":["Sozu","Coffee Dripper"],"picked":"Abe\u0027s Treasure"}],"items_purged_floors":[],"is_endless":false,"potions_floor_spawned":[1,3,10,14,18,21,24,28,33,37,38,39,47,48],"ascension_level":0}}