{"host":"x52zk6e1f2bye2h7","time":1613648579,"event":{"mods":["AchievementEnabler","BaseMod","Highlight Path","Minty Spire (QoL Compilation)","everything is the same but u backflip on backflip"],"gold_per_floor":[117,117,42,54,67,106,106,148,173,173,189,189,224,248,248,348,348,371,125,125,145,145,145,177,206,215,250,26,26,26,51,51,162,162,176,202,172,172,194,194,194],"floor_reached":40,"language":"ENG","playtime":2016,"items_purged":["Strike_R","Strike_R"],"score":538,"play_id":"68314d6f-8bd7-4d6b-afe1-f07e8ff3ff1c","local_time":"20210218114259","is_ascension_mode":true,"campfire_choices":[{"data":"Bash","floor":10,"key":"SMITH"},{"data":"Pommel Strike","floor":12,"key":"SMITH"},{"floor":15,"key":"REST"},{"data":"Burning Pact","floor":23,"key":"SMITH"},{"data":"Corruption","floor":29,"key":"SMITH"},{"floor":32,"key":"RECALL"}],"circlet_count":0,"master_deck":["Strike_R","Strike_R","Strike_R","Defend_R","Defend_R","Defend_R","Defend_R","Bash+1","Burning Pact+1","Iron Wave","Ghostly Armor","Pommel Strike+1","Dropkick","Dropkick+1","True Grit+1","Decay","Corruption+1","Bandage Up","Berserk","True Grit","True Grit+1"],"relics":["Burning Blood","Boot","CeramicFish","PreservedInsect","Ancient Tea Set","Matryoshka","Cursed Key","Bag of Marbles","Toy Ornithopter","Vajra","Letter Opener","MealTicket","Happy Flower"],"acts_visited":["Exordium","TheCity","TheBeyond"],"potions_floor_usage":[6,6,8,11,12,13,13,16,16,25,27,36,36,38,39],"damage_taken":[{"damage":8,"enemies":"Small Slimes","floor":1,"turns":4},{"damage":15,"enemies":"Cultist","floor":4,"turns":5},{"damage":9,"enemies":"2 Louse","floor":5,"turns":3},{"damage":25,"enemies":"3 Sentries","floor":6,"turns":10},{"damage":19,"enemies":"Gremlin Nob","floor":8,"turns":5},{"damage":13,"enemies":"Lots of Slimes","floor":11,"turns":4},{"damage":13,"enemies":"Lagavulin","floor":13,"turns":3},{"damage":7,"enemies":"Exordium Wildlife","floor":14,"turns":4},{"damage":46,"enemies":"Slime Boss","floor":16,"turns":10},{"damage":23,"enemies":"Chosen","floor":18,"turns":6},{"damage":28,"enemies":"Spheric Guardian","floor":21,"turns":6},{"damage":24,"enemies":"Book of Stabbing","floor":24,"turns":4},{"damage":27,"enemies":"Snecko","floor":25,"turns":4},{"damage":17,"enemies":"Gremlin Leader","floor":27,"turns":4},{"damage":4,"enemies":"Book of Stabbing","floor":31,"turns":4},{"damage":8,"enemies":"Champ","floor":33,"turns":4},{"damage":46,"enemies":"3 Darklings","floor":35,"turns":6},{"damage":26,"enemies":"3 Shapes","floor":36,"turns":10},{"damage":0,"enemies":"3 Darklings","floor":38,"turns":1},{"damage":54,"enemies":"Writhing Mass","floor":39,"turns":6},{"damage":25,"enemies":"Reptomancer","floor":40,"turns":2}],"seed_played":"-4235521738915808653","potions_obtained":[{"floor":1,"key":"PowerPotion"},{"floor":4,"key":"Fire Potion"},{"floor":7,"key":"SneckoOil"},{"floor":7,"key":"EntropicBrew"},{"floor":7,"key":"BloodPotion"},{"floor":14,"key":"AttackPotion"},{"floor":21,"key":"LiquidMemories"},{"floor":24,"key":"Fire Potion"},{"floor":25,"key":"BlessingOfTheForge"},{"floor":35,"key":"ColorlessPotion"},{"floor":37,"key":"SmokeBomb"},{"floor":37,"key":"AttackPotion"}],"is_trial":false,"path_per_floor":["M","?","$","M","M","E","?","E","T","R","M","R","E","M","R","B",null,"M","$","?","M","?","R","E","M","T","E","$","R","$","E","R","B",null,"M","M","?","M","M","E"],"character_chosen":"IRONCLAD","items_purchased":["Bag of Marbles","Corruption","Bandage Up"],"campfire_rested":1,"item_purchase_floors":[19,28,28],"current_hp_per_floor":[78,70,70,61,58,39,39,42,42,42,35,35,28,27,51,11,80,63,63,63,41,80,80,62,46,46,40,55,55,70,76,76,78,80,44,38,38,53,14,0,0],"gold":194,"neow_bonus":"RANDOM_COMMON_RELIC","is_daily":false,"chose_seed":false,"campfire_upgraded":4,"win_rate":0.0,"timestamp":1613648579,"path_taken":["M","?","$","M","?","E","?","E","T","R","M","R","E","M","R","BOSS","M","?","?","M","?","R","E","?","T","E","$","R","$","E","R","BOSS","M","M","?","M","M","E"],"items_purchased_type":["Relic","Card","Card"],"build_version":"2020-12-22","purchased_purges":2,"victory":false,"max_hp_per_floor":[80,80,80,80,80,80,80,80,80,80,80,80,80,80,80,80,80,80,80,80,80,80,80,80,80,80,80,80,80,80,80,80,80,80,80,80,80,80,80,80,80],"card_choices":[{"not_picked":["Rampage","Sever Soul"],"picked":"Burning Pact","floor":1},{"not_picked":["Entrench","Thunderclap"],"picked":"Iron Wave","floor":4},{"not_picked":["Warcry","Body Slam","Clothesline"],"picked":"SKIP","floor":5},{"not_picked":["Seeing Red","Impervious"],"picked":"Ghostly Armor","floor":6},{"not_picked":["Iron Wave","Anger"],"picked":"Pommel Strike","floor":8},{"not_picked":["Fire Breathing","Twin Strike","Wild Strike"],"picked":"SKIP","floor":11},{"not_picked":["Sword Boomerang","Perfected Strike","Flex"],"picked":"SKIP","floor":13},{"not_picked":["Headbutt","Armaments"],"picked":"Dropkick","floor":14},{"not_picked":["Clothesline","True Grit"],"picked":"Dropkick+1","floor":18},{"not_picked":["Combust","Shrug It Off","Sever Soul"],"picked":"SKIP","floor":21},{"not_picked":["Iron Wave","Perfected Strike","Headbutt+1"],"picked":"SKIP","floor":24},{"not_picked":["Hemokinesis","Intimidate"],"picked":"True Grit+1","floor":25},{"not_picked":["Rampage","Iron Wave","Anger"],"picked":"SKIP","floor":27},{"not_picked":["Warcry","Impervious","Blood for Blood+1"],"picked":"SKIP","floor":31},{"not_picked":["Juggernaut","Double Tap"],"picked":"Berserk","floor":33},{"not_picked":["Rampage","Disarm","Sword Boomerang"],"picked":"SKIP","floor":35},{"not_picked":["Warcry","Rampage"],"picked":"True Grit","floor":36},{"not_picked":["Body Slam","Pummel"],"picked":"True Grit+1","floor":39}],"player_experience":134545,"relics_obtained":[{"floor":6,"key":"CeramicFish"},{"floor":8,"key":"PreservedInsect"},{"floor":9,"key":"Ancient Tea Set"},{"floor":13,"key":"Matryoshka"},{"floor":24,"key":"Toy Ornithopter"},{"floor":26,"key":"Vajra"},{"floor":26,"key":"Letter Opener"},{"floor":27,"key":"MealTicket"},{"floor":31,"key":"Happy Flower"}],"event_choices":[{"damage_healed":0,"gold_gain":0,"player_choice":"Damaged","damage_taken":8,"max_hp_gain":0,"max_hp_loss":0,"event_name":"Wheel of Change","floor":2,"gold_loss":0},{"damage_healed":0,"gold_gain":0,"player_choice":"Got Potions","damage_taken":0,"max_hp_gain":0,"max_hp_loss":0,"event_name":"Lab","floor":7,"gold_loss":0},{"damage_healed":0,"gold_gain":0,"player_choice":"Ignored","damage_taken":0,"max_hp_gain":0,"max_hp_loss":0,"event_name":"Vampires","floor":20,"gold_loss":0},{"damage_healed":39,"gold_gain":0,"player_choice":"Full Heal","damage_taken":0,"max_hp_gain":0,"max_hp_loss":0,"event_name":"Wheel of Change","floor":22,"gold_loss":0},{"damage_healed":0,"gold_gain":0,"player_choice":"Bought 2 Potions","damage_taken":0,"max_hp_gain":0,"max_hp_loss":0,"event_name":"The Woman in Blue","floor":37,"gold_loss":0}],"is_beta":false,"boss_relics":[{"not_picked":["Tiny House","Runic Cube"],"picked":"Cursed Key"},{"not_picked":["Fusion Hammer","Runic Dome","Busted Crown"]}],"items_purged_floors":[3,19],"is_endless":false,"potions_floor_spawned":[1,4,14,21,24,25,35,38],"killed_by":"Reptomancer","ascension_level":2}}