{"host":"nbofzmb1hl9rnais","time":1614312951,"event":{"mods":["BaseMod","Colored Map","Minty Spire (QoL Compilation)","StSLib","The Bug Knight","The Disciple","The Runesmith"],"gold_per_floor":[118,118,37,54,54,82,82,112,112,132,194,194,211,83,83,186,186,197,197,48,48,60,60,87,87,135,10,10,35,35,49,49,145,145,161,161,161,172,22,22,22,22,69,69,69,69],"floor_reached":45,"language":"ENG","playtime":2880,"items_purged":["Runesmith:Strike_RS","Runesmith:Defend_RS","Runesmith:CreatorForm","Runesmith:HeatedChisel"],"score":528,"play_id":"95a4cd06-22f5-42dc-a549-b87cc9471e1c","local_time":"20210225201551","is_ascension_mode":false,"campfire_choices":[{"data":"Runesmith:CraftSpiculum","floor":7,"key":"SMITH"},{"data":"Runesmith:Repurpose","floor":15,"key":"SMITH"},{"data":"Runesmith:EnergizedChisel","floor":23,"key":"SMITH"},{"data":"Runesmith:CraftMagma","floor":25,"key":"SMITH"},{"data":"Runesmith:CraftFirestone","floor":28,"key":"SMITH"},{"data":"Runesmith:Firestorm","floor":32,"key":"SMITH"},{"data":"Runesmith:Fortify","floor":40,"key":"SMITH"},{"data":"Runesmith:GoWithTheFlow","floor":42,"key":"SMITH"}],"circlet_count":0,"master_deck":["Runesmith:Strike_RS","Runesmith:Defend_RS","Runesmith:Defend_RS","Runesmith:CraftFirestone+1","Runesmith:Fortify+1","Runesmith:Repurpose+1","Runesmith:EnergizedChisel+1","Runesmith:GoWithTheFlow+1","Runesmith:CraftMagma+1","Parasite","Runesmith:EarthShield","Runesmith:StaticCage","Runesmith:Firestorm+1","Runesmith:CraftIndustria","Runesmith:GrandSlam","Runesmith:Permafrost+1"],"relics":["Runesmith:BrokenRuby","NeowsBlessing","Pantograph","Eternal Feather","Blood Vial","Singing Bowl","SlaversCollar","Nilry\u0027s Codex","WingedGreaves","Lantern","Runesmith:MiniCore","Black Star"],"acts_visited":["Exordium","TheCity","TheBeyond"],"potions_floor_usage":[11,11,29,33,35,45],"damage_taken":[{"damage":0,"enemies":"Small Slimes","floor":1,"turns":1},{"damage":0,"enemies":"2 Louse","floor":4,"turns":1},{"damage":0,"enemies":"3 Sentries","floor":6,"turns":2},{"damage":37,"enemies":"Gremlin Nob","floor":8,"turns":5},{"damage":5,"enemies":"Jaw Worm","floor":10,"turns":4},{"damage":29,"enemies":"Lagavulin Event","floor":11,"turns":7},{"damage":2,"enemies":"Exordium Thugs","floor":13,"turns":4},{"damage":17,"enemies":"The Guardian","floor":16,"turns":10},{"damage":8,"enemies":"3 Byrds","floor":18,"turns":3},{"damage":16,"enemies":"Spheric Guardian","floor":22,"turns":5},{"damage":29,"enemies":"Book of Stabbing","floor":24,"turns":6},{"damage":5,"enemies":"HollowMod:Nosk","floor":29,"turns":9},{"damage":10,"enemies":"Centurion and Healer","floor":31,"turns":8},{"damage":28,"enemies":"Champ","floor":33,"turns":12},{"damage":43,"enemies":"3 Shapes","floor":35,"turns":4},{"damage":22,"enemies":"3 Darklings","floor":38,"turns":6},{"damage":46,"enemies":"Reptomancer","floor":45,"turns":2}],"seed_played":"6684431796589724435","potions_obtained":[{"floor":8,"key":"EssenceOfSteel"},{"floor":10,"key":"SpeedPotion"},{"floor":13,"key":"Explosive Potion"},{"floor":18,"key":"SpeedPotion"},{"floor":24,"key":"Regen Potion"},{"floor":38,"key":"SkillPotion"}],"is_trial":false,"path_per_floor":["M","?","$","M","?","E","R","E","T","M","?","?","M","$","R","B",null,"M","?","$","?","M","R","E","R","T","$","R","E","?","M","R","B",null,"M","?","?","M","$","R","?","R","T","?","E"],"character_chosen":"RUNESMITH_CLASS","items_purchased":["Runesmith:CraftSpiculum","Runesmith:EarthShield","Runesmith:StaticCage"],"campfire_rested":0,"item_purchase_floors":[3,14,20],"current_hp_per_floor":[70,70,70,70,75,75,75,38,38,35,8,26,28,28,37,49,79,73,73,73,57,43,52,27,36,36,36,45,59,59,51,60,57,85,44,46,46,26,26,35,35,44,44,44,0,0],"gold":69,"neow_bonus":"THREE_ENEMY_KILL","is_daily":false,"chose_seed":false,"campfire_upgraded":8,"win_rate":0.0,"timestamp":1614312951,"path_taken":["M","?","$","M","?","E","R","E","T","M","?","?","?","?","R","BOSS","M","?","?","?","M","R","E","R","T","$","R","E","?","M","R","BOSS","M","?","?","?","$","R","?","R","T","?","E"],"items_purchased_type":["Card","Card","Card"],"build_version":"2020-12-22","purchased_purges":4,"victory":false,"max_hp_per_floor":[70,70,70,70,75,75,75,75,75,75,75,75,77,77,77,79,79,81,81,81,81,81,81,83,83,83,83,83,85,85,85,85,85,85,87,89,89,89,89,89,85,85,85,85,85,85],"card_choices":[{"not_picked":["Runesmith:ShiftingStrike","Runesmith:StaticCage"],"picked":"Runesmith:Repurpose","floor":1},{"not_picked":["Runesmith:Repurpose","Runesmith:Malloc"],"picked":"Runesmith:EnergizedChisel","floor":4},{"not_picked":["Runesmith:DoubleUp","Runesmith:CraftProtectio","Runesmith:RuneHurl"],"picked":"SKIP","floor":6},{"not_picked":["Runesmith:Grindstone","Runesmith:EnergizedChisel","Runesmith:CraftPrismatica"],"picked":"SKIP","floor":8},{"not_picked":["Runesmith:HammerAndChisel","Runesmith:StaticCage"],"picked":"Runesmith:GoWithTheFlow","floor":10},{"not_picked":["Runesmith:ShiftingStrike","Runesmith:NegativeSpace"],"picked":"Runesmith:CraftMagma","floor":11},{"not_picked":["Runesmith:HammerThrow","Runesmith:ShiftingStrike","Runesmith:CraftProtectio"],"picked":"Singing Bowl","floor":13},{"not_picked":["Runesmith:Duplicate","Runesmith:LightningRod","Runesmith:CraftPrismatica"],"picked":"Singing Bowl","floor":16},{"not_picked":["Runesmith:PoweredAnvil+1","Runesmith:EnergizedChisel","Runesmith:UnstableHammer"],"picked":"Singing Bowl","floor":18},{"not_picked":["Runesmith:CraftReservo","Runesmith:EarthShield"],"picked":"Runesmith:HeatedChisel","floor":22},{"not_picked":["Runesmith:ShiftingStrike+1","Runesmith:ChaoticBlast","Runesmith:EnergizedChisel"],"picked":"Singing Bowl","floor":24},{"not_picked":["Runesmith:PerfectChisel","Runesmith:UnstableHammer","Runesmith:Grindstone"],"picked":"Singing Bowl","floor":29},{"not_picked":["Runesmith:ChiselStab","Runesmith:MakeshiftArmor"],"picked":"Runesmith:Firestorm","floor":31},{"not_picked":["Runesmith:GenerateForcefield","Runesmith:CraftPrismatica"],"picked":"Runesmith:CraftIndustria","floor":33},{"not_picked":["Runesmith:OneForEveryone","Runesmith:ChargedHammer","Runesmith:HammerThrow"],"picked":"Singing Bowl","floor":35},{"not_picked":["Jack Of All Trades","Enlightenment","Panacea"],"picked":"Singing Bowl","floor":36},{"not_picked":["Runesmith:Terraform","Runesmith:Augment+1"],"picked":"Runesmith:Permafrost+1","floor":38}],"player_experience":218627,"relics_obtained":[{"floor":6,"key":"Pantograph"},{"floor":8,"key":"Eternal Feather"},{"floor":9,"key":"Blood Vial"},{"floor":11,"key":"Singing Bowl"},{"floor":21,"key":"Nilry\u0027s Codex"},{"floor":24,"key":"WingedGreaves"},{"floor":26,"key":"Lantern"},{"floor":29,"key":"Runesmith:MiniCore"}],"event_choices":[{"cards_removed":["Runesmith:Defend_RS"],"damage_healed":0,"gold_gain":0,"player_choice":"Forget","damage_taken":0,"max_hp_gain":0,"max_hp_loss":0,"event_name":"Living Wall","floor":2,"gold_loss":0},{"damage_healed":0,"gold_gain":0,"player_choice":"Donut","damage_taken":0,"max_hp_gain":5,"max_hp_loss":0,"event_name":"Big Fish","floor":5,"gold_loss":0},{"damage_healed":0,"gold_gain":0,"player_choice":"Searched \u00271\u0027 times","damage_taken":0,"max_hp_gain":0,"max_hp_loss":0,"event_name":"Dead Adventurer","floor":11,"gold_loss":0},{"damage_healed":18,"gold_gain":0,"player_choice":"Healed and dodged fight","damage_taken":0,"max_hp_gain":0,"max_hp_loss":0,"event_name":"Mushrooms","floor":12,"gold_loss":0,"cards_obtained":["Parasite"]},{"damage_healed":0,"gold_gain":0,"cards_transformed":["Runesmith:Strike_RS"],"player_choice":"Transformed","damage_taken":0,"max_hp_gain":0,"max_hp_loss":0,"event_name":"Transmorgrifier","floor":19,"gold_loss":0,"cards_obtained":["Runesmith:CreatorForm"]},{"damage_healed":0,"gold_gain":0,"player_choice":"Obtained Book","damage_taken":16,"max_hp_gain":0,"max_hp_loss":0,"event_name":"Cursed Tome","floor":21,"gold_loss":0},{"damage_healed":0,"gold_gain":0,"player_choice":"Ignored","damage_taken":0,"max_hp_gain":0,"max_hp_loss":0,"event_name":"Ghosts","floor":30,"gold_loss":0},{"damage_healed":0,"gold_gain":0,"player_choice":"Memory 1","damage_taken":0,"max_hp_gain":0,"max_hp_loss":0,"event_name":"SensoryStone","floor":36,"gold_loss":0},{"damage_healed":0,"gold_gain":0,"cards_transformed":["Runesmith:Strike_RS"],"player_choice":"Transformed","damage_taken":0,"max_hp_gain":0,"max_hp_loss":0,"event_name":"Transmorgrifier","floor":37,"gold_loss":0,"cards_obtained":["Runesmith:GrandSlam"]},{"damage_healed":0,"gold_gain":0,"player_choice":"Max HP","damage_taken":0,"max_hp_gain":0,"max_hp_loss":4,"event_name":"Winding Halls","floor":41,"gold_loss":0},{"cards_removed":["Runesmith:CraftSpiculum"],"damage_healed":0,"gold_gain":0,"player_choice":"Removed Skill","damage_taken":0,"max_hp_gain":0,"max_hp_loss":0,"event_name":"Falling","floor":44,"gold_loss":0}],"is_beta":false,"boss_relics":[{"not_picked":["Sozu","Fusion Hammer"],"picked":"SlaversCollar"},{"not_picked":["Velvet Choker","Busted Crown"],"picked":"Black Star"}],"items_purged_floors":[14,20,27,39],"is_endless":false,"potions_floor_spawned":[8,10,13,18,24,38],"killed_by":"Reptomancer","ascension_level":0}}