{"host":"jataeauilzhk57es","time":1614334326,"event":{"mods":["BaseMod","Minty Spire (QoL Compilation)","StSLib","The Problem Sleuth"],"gold_per_floor":[117,5,80,4,17,17,17,36,36,110,110,30,30,49,49,49,49,49],"floor_reached":16,"language":"ENG","playtime":1570,"items_purged":[],"score":88,"play_id":"0bfd2a32-01fb-4f5d-817c-d8155ca3517a","local_time":"20210226021206","is_ascension_mode":false,"campfire_choices":[{"floor":6,"key":"REST"},{"data":"theSleuth:WizardSudoku","floor":11,"key":"SMITH"},{"data":"theSleuth:FairShake","floor":13,"key":"SMITH"},{"floor":15,"key":"REST"}],"circlet_count":0,"master_deck":["theSleuth:Strike","theSleuth:Strike","theSleuth:Strike","theSleuth:Strike","theSleuth:Defend","theSleuth:Defend","theSleuth:Defend","theSleuth:KeyHandgun+1","theSleuth:TakeInventory","theSleuth:Diplomacy","theSleuth:CharismaBlast","Flash of Steel","theSleuth:BellyOTheWhale","theSleuth:Parry","theSleuth:WizardSudoku+1","theSleuth:HeartStab","theSleuth:FairShake+1","theSleuth:Pepperminthryl"],"relics":["theSleuth:Typewriter","Letter Opener"],"acts_visited":["Exordium"],"potions_floor_usage":[16,16],"damage_taken":[{"damage":13,"enemies":"2 Louse","floor":1,"turns":3},{"damage":0,"enemies":"Jaw Worm","floor":5,"turns":7},{"damage":0,"enemies":"Cultist","floor":8,"turns":4},{"damage":11,"enemies":"Exordium Wildlife","floor":14,"turns":8},{"damage":76,"enemies":"The Guardian","floor":16,"turns":23}],"seed_played":"-7676401583495871850","potions_obtained":[{"floor":1,"key":"Fire Potion"},{"floor":5,"key":"SpeedPotion"}],"is_trial":false,"path_per_floor":["M","$","?","$","M","R","?","M","T","?","R","$","R","M","R","B"],"character_chosen":"THE_sleuth","items_purchased":["Flash of Steel","theSleuth:BellyOTheWhale","theSleuth:Parry","theSleuth:FairShake"],"campfire_rested":2,"item_purchase_floors":[2,2,4,12],"current_hp_per_floor":[60,60,49,49,49,70,70,70,70,70,70,70,70,59,73,0,0,0],"gold":49,"neow_bonus":"UPGRADE_CARD","is_daily":false,"chose_seed":false,"campfire_upgraded":2,"win_rate":0.0,"timestamp":1614334326,"path_taken":["M","$","?","$","M","R","?","M","T","?","R","$","R","M","R","BOSS"],"items_purchased_type":["Card","Card","Card","Card"],"build_version":"2020-12-22","purchased_purges":0,"victory":false,"max_hp_per_floor":[73,73,73,73,73,73,73,73,73,73,73,73,73,73,73,73,73,73],"card_choices":[{"not_picked":["theSleuth:FairShake","theSleuth:BellyOTheWhale"],"picked":"theSleuth:CharismaBlast","floor":1},{"not_picked":["theSleuth:FudgeDeck","theSleuth:Fortify"],"picked":"theSleuth:WizardSudoku","floor":5},{"not_picked":["theSleuth:BellyOTheWhale","theSleuth:Ogle"],"picked":"theSleuth:HeartStab","floor":8},{"not_picked":["theSleuth:TruffleShuffle","theSleuth:OpportunityCost"],"picked":"theSleuth:Pepperminthryl","floor":14}],"player_experience":260352,"relics_obtained":[{"floor":9,"key":"Letter Opener"}],"event_choices":[{"damage_healed":0,"gold_gain":75,"player_choice":"Gather Gold","damage_taken":11,"max_hp_gain":0,"max_hp_loss":0,"event_name":"World of Goop","floor":3,"gold_loss":0},{"damage_healed":0,"gold_gain":74,"player_choice":"Gained Gold","damage_taken":0,"max_hp_gain":0,"max_hp_loss":0,"event_name":"Golden Wing","floor":10,"gold_loss":0}],"is_beta":false,"boss_relics":[],"items_purged_floors":[],"is_endless":false,"potions_floor_spawned":[1,5],"killed_by":"The Guardian","ascension_level":0}}