{"host":"bvr4vhlu71s3njyz","time":1614317344,"event":{"mods":["2.2 Compatiblity","AchievementEnabler","Act Like it!","Aspiration","Astrologer","Bard","BaseMod","Beaked The Cultist","Better Altar","Better Match","Better Note","Better Sensory Stone","Better Skull","Better Third Choice","CCEM2","Conjunction","Downfall","Fiend Mod","Friendly Minions","Gremlin Mod","GungeonMod","Hallownest","Hermit","Hubris","Infinite Spire","Jorbs\u0027s Wanderer Trilogy","Library of Ruina","Mad Scientist","Mimic Mod","Minty Spire (QoL Compilation)","Potionbrewer","Quarter Circle Forward PUNCH!","QueenMod","Replay The Spire","Robot Space Explorer","Shade Mod","Shedinja","Slumbering Mod","Spire Arcade","StSLib","The Blackbeard","The Bladedancer","The Bug Knight","The Caster","The Clintock","The Construct","The Cursed","The Dragon Tamer","The Dragonkin","The Exalted","The Forsaken","The Hayseed","The Hierophant","The Judge","The Marked","The Mystic","The Necromancer","The Poker Player","The Runesmith","The Sage","The Showman","TheFirefly","TheSurvivalist","TheVacant","Trackpad","Wandering Minibosses","thorton"],"gold_per_floor":[113,132,83,100,100,129,129,139,139,139,103,137,152,152,152,255,255,265,265,276,25,25,25],"floor_reached":22,"language":"ENG","playtime":1607,"items_purged":["Burn"],"score":194,"play_id":"13c1186d-847a-4fa1-9541-6a6a87fd5573","local_time":"20210226002904","is_ascension_mode":false,"campfire_choices":[{"data":"survmod:Sprint","floor":7,"key":"SMITH"},{"floor":15,"key":"REST"}],"circlet_count":0,"master_deck":["survmod:Strike","survmod:Strike","survmod:Strike","survmod:Strike","survmod:Defend","survmod:Defend","survmod:Defend","survmod:Defend","survmod:VersatileOffense","survmod:Sprint+1","survmod:MarkTrap","survmod:AcidTrap+1","survmod:GoForFace+1","survmod:SurpriseTrap","hexamod:NightmareGuise","survmod:FlashbangTrap","survmod:DuckAndFlare+1","hexamod:PowerFromBeyond","survmod:BendAndBow+1","Burn","survmod:Decoy","survmod:TacticalManeuver","survmod:Sprint+1","survmod:QuickDash","survmod:NockAnArrow","survmod:MarkedShot","survmod:Adaptability"],"relics":["survmod:InnateMutation","aspiration:Nostalgia","m_DevilBlood","Bromod:ArcanePistoleer","PageOfBloodbath","Art of War","qcfpunch:Wrestler\u0027s_Cloak","Fiend:Scarf"],"acts_visited":["Exordium","TheCity"],"potions_floor_usage":[6,12,12,12],"damage_taken":[{"damage":0,"enemies":"Cultist","floor":1,"turns":4},{"damage":1,"enemies":"2 Louse","floor":2,"turns":4},{"damage":0,"enemies":"Jaw Worm","floor":4,"turns":5},{"damage":9,"enemies":"Lagavulin","floor":6,"turns":8},{"damage":0,"enemies":"Looter","floor":8,"turns":4},{"damage":16,"enemies":"Gremlin Nob","floor":12,"turns":5},{"damage":0,"enemies":"3 Louse","floor":13,"turns":3},{"damage":23,"enemies":"Hexaghost","floor":16,"turns":12},{"damage":20,"enemies":"3 Byrds","floor":18,"turns":8},{"damage":0,"enemies":"Spheric Guardian","floor":20,"turns":5}],"seed_played":"-4108720528903494556","potions_obtained":[{"floor":1,"key":"hexamod:SoulburnPotion"},{"floor":2,"key":"potionbrewer:AcidPotion"},{"floor":6,"key":"Adrenaline Potion"},{"floor":8,"key":"potionbrewer:SplittingPotion"},{"floor":20,"key":"AttackPotion"}],"is_trial":false,"path_per_floor":["M","M","$","M","?","E","R","M","T","?","$","E","M","?","R","B",null,"M","?","M","$","M"],"character_chosen":"THE_SURVIVOR","items_purchased":["survmod:GoForFace","survmod:DuckAndFlare+1","survmod:NockAnArrow","survmod:MarkedShot","survmod:Adaptability"],"campfire_rested":1,"item_purchase_floors":[3,11,21,21,21],"current_hp_per_floor":[50,49,49,49,49,40,40,40,40,40,40,24,24,24,39,16,50,30,30,30,30,7,7],"gold":25,"neow_bonus":"NOSTALGIA","is_daily":false,"chose_seed":false,"campfire_upgraded":1,"win_rate":0.0,"timestamp":1614317344,"path_taken":["M","M","?","M","?","E","R","M","T","?","?","E","M","?","R","BOSS","M","?","M","?","M"],"items_purchased_type":["Card","Card","Card","Card","Card"],"build_version":"2020-12-22","purchased_purges":1,"victory":false,"max_hp_per_floor":[50,50,50,50,50,50,50,50,50,50,50,50,50,50,50,50,50,50,50,50,50,50,50],"card_choices":[{"not_picked":["survmod:VersatileDefense","hexamod:SpectersWail"],"picked":"survmod:MarkTrap","floor":1},{"not_picked":["survmod:NockAnArrow","survmod:Adaptability"],"picked":"survmod:AcidTrap","floor":2},{"not_picked":["survmod:PinningSnipe","hexamod:Hexaguard"],"picked":"survmod:SurpriseTrap","floor":4},{"not_picked":["hexamod:GhostShield","Ghostly Armor"],"picked":"hexamod:NightmareGuise","floor":6},{"not_picked":["Warcry","survmod:TrickShot"],"picked":"survmod:FlashbangTrap","floor":8},{"not_picked":["survmod:ExpertSniper","survmod:MarkTrap"],"picked":"hexamod:PowerFromBeyond","floor":12},{"not_picked":["survmod:KnowThyEnemy","hexamod:NightmareStrike"],"picked":"survmod:BendAndBow","floor":13},{"not_picked":["Exhume","survmod:DesperateAmbush"],"picked":"survmod:Decoy","floor":16},{"not_picked":["survmod:PinningSnipe","survmod:FindCover"],"picked":"survmod:TacticalManeuver","floor":18},{"not_picked":["survmod:MarkTrap+1","survmod:GoForFace"],"picked":"survmod:QuickDash","floor":20}],"player_experience":1301929,"relics_obtained":[{"floor":5,"key":"Bromod:ArcanePistoleer"},{"floor":6,"key":"PageOfBloodbath"},{"floor":9,"key":"Art of War"},{"floor":12,"key":"qcfpunch:Wrestler\u0027s_Cloak"}],"event_choices":[{"damage_healed":0,"gold_gain":0,"player_choice":"Grow","damage_taken":0,"max_hp_gain":0,"max_hp_loss":0,"event_name":"Living Wall","floor":10,"gold_loss":0,"cards_upgraded":["survmod:GoForFace"]},{"damage_healed":0,"gold_gain":0,"player_choice":"Copied","damage_taken":0,"max_hp_gain":0,"max_hp_loss":0,"event_name":"Duplicator","floor":19,"gold_loss":0,"cards_obtained":["survmod:Sprint"]}],"is_beta":false,"boss_relics":[{"not_picked":["Runic Pyramid","aspiration:WatcherSkillbook"],"picked":"Fiend:Scarf"}],"items_purged_floors":[21],"is_endless":false,"potions_floor_spawned":[1,2,6,8,20],"killed_by":"Shelled Parasite and Fungi","ascension_level":0}}