{"host":"gzk4gkgy3zij1c51","time":1614332412,"event":{"mods":["BaseMod","Colored Map","Downfall","Highlight Path","Marked Mod","Minty Spire (QoL Compilation)","Relic Stats","StSLib","The Cursed","everything is the same but u backflip on backflip"],"gold_per_floor":[99,113,113,113,20,20,88,105,122,152,52,2,27,44,59,136,136,36,56,56,68,68,68,92,92,92,92],"floor_reached":25,"language":"ENG","playtime":1576,"items_purged":[],"score":452,"play_id":"a5089073-fcc3-4540-bae1-e4e3ba1f6fa7","local_time":"20210226094012","is_ascension_mode":true,"campfire_choices":[{"floor":1,"key":"RECALL"},{"data":"Guardian:FuturePlans","floor":6,"key":"SMITH"},{"data":"Guardian:SentryBeam","floor":18,"key":"SMITH"},{"data":"Guardian:DecasProtection","floor":23,"key":"SMITH"}],"circlet_count":0,"master_deck":["AscendersBane","Guardian:Strike_Guardian","Guardian:Strike_Guardian","Guardian:Strike_Guardian","Guardian:Strike_Guardian","Guardian:Defend_Guardian","Guardian:Defend_Guardian","Guardian:Defend_Guardian","Guardian:Defend_Guardian","Guardian:CurlUp","Guardian:TwinSlam","Guardian:ExploitGems","Guardian:BodySlam","Guardian:FuturePlans+1","Guardian:PolyBeam","Guardian:ArmoredProtocol","Guardian:Gem_Crimson","Guardian:GemFinder","Guardian:SpikerProtocol","Guardian:SentryBeam+1","Guardian:DecasProtection+1","Guardian:FierceBash","Guardian:BronzeArmor","Guardian:StasisEngine"],"relics":["Guardian:ModeShifter","Guardian:PickAxe","Singing Bowl","InkBottle","downfall:HeartBlessingRed","Question Card","SlaversCollar","downfall:HeartBlessingGreen","WarpedTongs"],"acts_visited":["Exordium","TheCity"],"potions_floor_usage":[12,15,16,25],"damage_taken":[{"damage":8,"enemies":"2 Louse","floor":2,"turns":3},{"damage":25,"enemies":"2 Louse","floor":4,"turns":7},{"damage":5,"enemies":"downfall:FleeingMerchant","floor":5,"turns":4},{"damage":7,"enemies":"Jaw Worm","floor":8,"turns":3},{"damage":0,"enemies":"Cultist","floor":9,"turns":3},{"damage":5,"enemies":"Lagavulin","floor":10,"turns":6},{"damage":1,"enemies":"downfall:FleeingMerchant","floor":12,"turns":4},{"damage":17,"enemies":"Gremlin Nob","floor":13,"turns":4},{"damage":6,"enemies":"3 Louse","floor":14,"turns":2},{"damage":4,"enemies":"downfall:LooterAlt","floor":15,"turns":3},{"damage":0,"enemies":"SI_SHIV_ARCHETYPE","floor":16,"turns":6},{"damage":39,"enemies":"downfall:LooterAlt2","floor":19,"turns":5},{"damage":9,"enemies":"3 Byrds","floor":21,"turns":4},{"damage":28,"enemies":"Slavers","floor":25,"turns":1}],"seed_played":"5765972936593024532","potions_obtained":[{"floor":8,"key":"sneckomod:MuddlingPotion"},{"floor":10,"key":"Dexterity Potion"},{"floor":13,"key":"PowerPotion"},{"floor":14,"key":"SkillPotion"},{"floor":21,"key":"hexamod:SoulburnPotion"}],"is_trial":false,"path_per_floor":["R","M","?","?","$","R","T","M","M","E","R","$","E","M","M","B",null,"R","M","?","M","?","R","T","E"],"character_chosen":"GUARDIAN","items_purchased":["Guardian:FuturePlans","Guardian:SpikerProtocol"],"campfire_rested":0,"item_purchase_floors":[5,12],"current_hp_per_floor":[72,64,69,44,39,39,39,32,32,29,29,28,13,9,7,9,74,74,35,35,28,28,28,28,0,0,0],"gold":92,"neow_bonus":"ONE_RANDOM_RARE_CARD","is_daily":false,"chose_seed":false,"campfire_upgraded":3,"win_rate":0.0,"timestamp":1614332412,"path_taken":["R","M","?","?","$","R","T","M","M","E","R","$","E","M","M","BOSS","R","M","?","?","?","R","T","E"],"items_purchased_type":["Card","Card"],"build_version":"2020-12-22","purchased_purges":0,"victory":false,"max_hp_per_floor":[80,80,85,85,85,85,85,85,85,87,87,87,89,91,93,95,95,95,95,95,97,97,97,97,97,97,97],"relic_stats":{"Singing Bowl":12,"counters":[14,55],"Question Card":8,"obtain_stats":[{"Guardian:PickAxe":4,"SlaversCollar":17,"Singing Bowl":7,"downfall:HeartBlessingRed":11,"Guardian:ModeShifter":0,"downfall:HeartBlessingGreen":18,"Question Card":13,"InkBottle":10,"WarpedTongs":20},{"Guardian:PickAxe":2,"SlaversCollar":11,"Singing Bowl":3,"downfall:HeartBlessingRed":6,"Guardian:ModeShifter":0,"downfall:HeartBlessingGreen":11,"Question Card":8,"InkBottle":6,"WarpedTongs":12},{"Guardian:PickAxe":10,"SlaversCollar":45,"Singing Bowl":14,"downfall:HeartBlessingRed":26,"Guardian:ModeShifter":0,"downfall:HeartBlessingGreen":45,"Question Card":34,"InkBottle":26,"WarpedTongs":50}],"InkBottle":[13],"WarpedTongs":[5]},"card_choices":[{"not_picked":["Guardian:Planning","Guardian:ChargeUp"],"picked":"Guardian:BodySlam","floor":2},{"not_picked":["Guardian:TemporalShield","Guardian:Reroute"],"picked":"Guardian:Gem_Lightblue","floor":5},{"not_picked":["Guardian:TemporalShield","Guardian:WalkerClaw"],"picked":"Guardian:PolyBeam","floor":8},{"not_picked":["Guardian:CrystalBeam","Guardian:TemporalShield"],"picked":"Guardian:ArmoredProtocol","floor":9},{"not_picked":["Guardian:PrismaticBeam","Guardian:WalkerClaw","Guardian:Gem_Yellow"],"picked":"Singing Bowl","floor":10},{"not_picked":["Guardian:Gem_Crimson","Guardian:ShieldCharger"],"picked":"Guardian:GemFinder","floor":12},{"not_picked":["Guardian:Gem_Cyan","Guardian:Gem_Red","Guardian:Gem_Lightblue"],"picked":"Singing Bowl","floor":13},{"not_picked":["Guardian:VentSteam","Guardian:CrystalBeam"],"picked":"Guardian:SentryBeam","floor":13},{"not_picked":["Guardian:GuardianWhirl","Guardian:Recover","Guardian:Gem_Red","Guardian:CrystalBeam"],"picked":"Singing Bowl","floor":14},{"not_picked":["Guardian:Gem_Red","Guardian:Gem_Lightblue","Guardian:Gem_Cyan"],"picked":"Singing Bowl","floor":15},{"not_picked":["Guardian:PrimingBeam","Guardian:Suspension","Guardian:Gem_Blue"],"picked":"Guardian:DecasProtection","floor":15},{"not_picked":["Guardian:StasisEngine","Guardian:Gem_Orange","Guardian:GemFinder"],"picked":"Guardian:FierceBash","floor":16},{"not_picked":["Guardian:Gem_Lightblue","Guardian:Gem_Red","Guardian:Gem_Green"],"picked":"Singing Bowl","floor":16},{"not_picked":["Guardian:Incinerate","Guardian:Gem_Blue","Guardian:VentSteam"],"picked":"Guardian:BronzeArmor","floor":19},{"not_picked":["Guardian:Gem_Red","Guardian:Gem_Lightblue","Guardian:Gem_Green"],"picked":"Singing Bowl","floor":21},{"not_picked":["Guardian:Gem_White","Guardian:ChargeCore","Guardian:Gem_Lightblue"],"picked":"Guardian:StasisEngine","floor":21}],"player_experience":1265745,"relics_obtained":[{"floor":7,"key":"Singing Bowl"},{"floor":10,"key":"InkBottle"},{"floor":13,"key":"Question Card"}],"event_choices":[{"damage_healed":0,"gold_gain":0,"player_choice":"Donut","damage_taken":0,"max_hp_gain":5,"max_hp_loss":0,"event_name":"Big Fish","floor":3,"gold_loss":0}],"is_beta":false,"boss_relics":[{"not_picked":["Calling Bell","Runic Pyramid"],"picked":"SlaversCollar"}],"items_purged_floors":[],"is_endless":false,"potions_floor_spawned":[8,10,13,14,21],"killed_by":"Slavers","ascension_level":13}}