{"host":"75zu4da7xyji8683","time":1614314373,"event":{"mods":["AchievementEnabler","BaseMod","Colored Map","Colored Powertips","Hero for Fun","Infinite Spire","Minty Spire (QoL Compilation)","Random Character Button","Relic Stats","Replay The Spire","StSLib"],"gold_per_floor":[15,33,48,66,85,113,113,131,155,155,217,237,271,285,285,382,382,401,76,94,94,108,108,120,148,174,202,219,238,338,364,364,467,467,486,496,512,530,541,541,569,581,581,598,608,608,628,180,180,180,180,180,180,209,209],"floor_reached":56,"language":"ENG","playtime":1052,"items_purged":[],"score":1636,"play_id":"39abedf3-886c-43fe-909c-4bc4b8ba9c11","local_time":"20210225223933","is_ascension_mode":false,"campfire_choices":[{"floor":10,"key":"RECALL"},{"data":"Wear_Disguise","floor":15,"key":"SMITH"},{"data":"infinitespire:NeuralNetwork","floor":23,"key":"SMITH"},{"data":"Ignore","floor":32,"key":"SMITH"},{"data":"Oh","floor":40,"key":"SMITH"},{"data":"Strike_Y","floor":49,"key":"SMITH"},{"data":"Strike_Y","floor":52,"key":"SMITH"}],"circlet_count":0,"master_deck":["Strike_Y","Strike_Y","Strike_Y+2","Strike_Y","Strike_Y","Defend_Y","Defend_Y","Defend_Y","Defend_Y","Defend_Y","Normal_Punch+1","Slap+1","Hop+1","Wear_Disguise+1","infinitespire:NeuralNetwork+1","Oh+1","Side_Hop+1","Slap+1","Toss_Stone+1","Serious_Punch+1","Normal_Punch+1","Consecutive_Normal_Punch+1","Do_Nothing+1","Consecutive_Normal_Punch+1","Wear_Disguise+1","Get_Hopes_Up+1","Serious_Punch+1","Serious_Punch+1","Consecutive_Normal_Punch+1","Hip_Strike+1","Terrifying_Presence+1"],"relics":["Cape","NeowsBlessing","Oddly Smooth Stone","Simple Rune","Gremlin Food","Coffee Dripper","Toxic Egg 2","SlaversCollar","infinitespire:ShieldingShard","Bag of Marbles","Nunchaku","infinitespire:Lucky Rock","Gambling Chip","Pear","Happy Flower","Replay:Drink Me","Replay:Bottled Eggs","Golden Egg","Mark of the Bloom","Sling","Strawberry","Replay:Mystery Machine","Replay:Towering Pillar of Hats"],"acts_visited":["Exordium","TheCity","TheBeyond","TheEnding"],"potions_floor_usage":[],"damage_taken":[{"damage":0,"enemies":"2 Louse","floor":1,"turns":1},{"damage":0,"enemies":"Jaw Worm","floor":2,"turns":1},{"damage":0,"enemies":"Small Slimes","floor":3,"turns":1},{"damage":0,"enemies":"Exordium Thugs","floor":4,"turns":1},{"damage":0,"enemies":"3 Louse","floor":5,"turns":2},{"damage":0,"enemies":"Lagavulin","floor":6,"turns":1},{"damage":0,"enemies":"Looter","floor":8,"turns":1},{"damage":0,"enemies":"3 Sentries","floor":11,"turns":1},{"damage":0,"enemies":"2 Fungi Beasts","floor":12,"turns":1},{"damage":0,"enemies":"Replay:BlueRogue","floor":13,"turns":1},{"damage":0,"enemies":"Exordium Wildlife","floor":14,"turns":1},{"damage":0,"enemies":"Fading Forest","floor":16,"turns":2},{"damage":0,"enemies":"Spheric Guardian","floor":18,"turns":1},{"damage":0,"enemies":"Shell Parasite","floor":20,"turns":1},{"damage":0,"enemies":"3 Cultists","floor":22,"turns":1},{"damage":0,"enemies":"Cultist and Chosen","floor":24,"turns":1},{"damage":0,"enemies":"Gremlin Leader","floor":25,"turns":1},{"damage":0,"enemies":"Replay:Snechameleon","floor":27,"turns":1},{"damage":0,"enemies":"Snake Plant","floor":28,"turns":1},{"damage":0,"enemies":"Shelled Parasite and Fungi","floor":29,"turns":1},{"damage":0,"enemies":"Colosseum Slavers","floor":30,"turns":2},{"damage":0,"enemies":"Colosseum Nobs","floor":30,"turns":1},{"damage":0,"enemies":"Book of Stabbing","floor":31,"turns":1},{"damage":0,"enemies":"Automaton","floor":33,"turns":1},{"damage":0,"enemies":"Orb Walker","floor":35,"turns":1},{"damage":0,"enemies":"3 Darklings","floor":36,"turns":1},{"damage":0,"enemies":"Spire Growth","floor":37,"turns":1},{"damage":0,"enemies":"Maw","floor":38,"turns":1},{"damage":0,"enemies":"Jaw Worm Horde","floor":39,"turns":1},{"damage":0,"enemies":"R_Hoarder","floor":41,"turns":1},{"damage":0,"enemies":"Writhing Mass","floor":42,"turns":1},{"damage":0,"enemies":"Transient","floor":44,"turns":1},{"damage":0,"enemies":"Spire Growth","floor":45,"turns":1},{"damage":0,"enemies":"Sphere and 2 Shapes","floor":47,"turns":1},{"damage":0,"enemies":"infinitespire:MassOfShapes","floor":50,"turns":1},{"damage":0,"enemies":"Shield and Spear","floor":54,"turns":1},{"damage":0,"enemies":"The Heart","floor":55,"turns":1}],"seed_played":"5081943662290612693","potions_obtained":[{"floor":3,"key":"Strength Potion"},{"floor":4,"key":"Weak Potion"},{"floor":8,"key":"Weak Potion"}],"is_trial":false,"path_per_floor":["M","M","M","M","M","E","?","M","T","R","?","M","E","M","R","B",null,"M","$","M","AVR","M","R","M","E","T","E","M","M","?","E","R","B",null,"M","M","M","M","M","R","E","M","T","M","M","?","M","$","R","B",null,"R","$","E","B",null],"character_chosen":"OPM","items_purchased":["Toxic Egg 2","Consecutive_Normal_Punch","Sling","Strawberry","Replay:Mystery Machine"],"campfire_rested":0,"item_purchase_floors":[19,19,48,48,48],"current_hp_per_floor":[999,999,999,999,999,999,999,999,999,999,999,999,999,999,999,999,999,999,999,999,999,999,999,999,999,999,999,999,999,1009,1009,1009,1009,757,757,757,757,757,757,757,757,757,757,757,757,757,757,757,757,757,757,757,757,757,757],"gold":209,"neow_bonus":"THREE_ENEMY_KILL","is_daily":false,"chose_seed":false,"campfire_upgraded":6,"win_rate":0.0,"timestamp":1614314373,"path_taken":["M","M","M","M","M","E","?","M","T","R","?","M","E","M","R","BOSS","M","$","M","AVR","M","R","M","E","T","E","M","M","?","E","R","BOSS","M","M","M","M","M","R","E","M","T","M","M","?","M","$","R","BOSS","R","$","E","BOSS"],"items_purchased_type":["Relic","Card","Relic","Relic","Relic"],"build_version":"2020-12-22","purchased_purges":0,"victory":true,"max_hp_per_floor":[999,999,999,999,999,999,999,999,999,999,999,999,999,999,999,999,999,999,999,999,999,999,999,999,999,999,999,999,999,1009,1009,1009,1009,757,757,757,757,757,757,757,757,757,757,757,757,757,757,764,764,764,764,764,764,764,764],"relic_stats":{"Nunchaku":[3],"Mark of the Bloom":771,"Happy Flower":[4],"counters":[37,40],"Gambling Chip":[8],"obtain_stats":[{"Gremlin Food":13,"Golden Egg":43,"Mark of the Bloom":46,"Pear":30,"NeowsBlessing":0,"Happy Flower":31,"Replay:Towering Pillar of Hats":54,"Oddly Smooth Stone":6,"infinitespire:Lucky Rock":27,"Cape":0,"Replay:Mystery Machine":48,"Sling":48,"SlaversCollar":21,"Nunchaku":26,"infinitespire:ShieldingShard":21,"Gambling Chip":30,"Strawberry":48,"Simple Rune":11,"Coffee Dripper":17,"Bag of Marbles":25,"Toxic Egg 2":19,"Replay:Bottled Eggs":41,"Replay:Drink Me":34},{"Gremlin Food":10,"Golden Egg":31,"Mark of the Bloom":33,"Pear":22,"NeowsBlessing":0,"Happy Flower":23,"Replay:Towering Pillar of Hats":36,"Oddly Smooth Stone":6,"infinitespire:Lucky Rock":18,"Cape":0,"Replay:Mystery Machine":34,"Sling":34,"SlaversCollar":14,"Nunchaku":17,"infinitespire:ShieldingShard":14,"Gambling Chip":22,"Strawberry":34,"Simple Rune":8,"Coffee Dripper":12,"Bag of Marbles":17,"Toxic Egg 2":13,"Replay:Bottled Eggs":30,"Replay:Drink Me":24},{"Gremlin Food":11,"Golden Egg":34,"Mark of the Bloom":36,"Pear":25,"NeowsBlessing":0,"Happy Flower":26,"Replay:Towering Pillar of Hats":39,"Oddly Smooth Stone":7,"infinitespire:Lucky Rock":20,"Cape":0,"Replay:Mystery Machine":37,"Sling":37,"SlaversCollar":16,"Nunchaku":19,"infinitespire:ShieldingShard":16,"Gambling Chip":25,"Strawberry":37,"Simple Rune":9,"Coffee Dripper":14,"Bag of Marbles":19,"Toxic Egg 2":15,"Replay:Bottled Eggs":33,"Replay:Drink Me":27}]},"card_choices":[{"not_picked":["Hop","Yawn"],"picked":"Do_Nothing","floor":1},{"not_picked":["Hop","Side_Hop"],"picked":"Normal_Punch","floor":2},{"not_picked":["Do_Nothing","Side_Hop"],"picked":"Slap","floor":3},{"not_picked":["Hop","Slap"],"picked":"Yawn","floor":4},{"not_picked":["Ignore","Side_Hop"],"picked":"Hop","floor":5},{"not_picked":["Do_Nothing","Ignore"],"picked":"Wear_Disguise","floor":6},{"not_picked":["infinitespire:Menacing","Replay:Fractal Strike"],"picked":"infinitespire:NeuralNetwork","floor":7},{"not_picked":["Slap","Ignore"],"picked":"Oh","floor":8},{"not_picked":["Yawn","Hop"],"picked":"Side_Hop","floor":11},{"not_picked":["Do_Nothing","Hop"],"picked":"Slap","floor":12},{"not_picked":["Yawn","Slap"],"picked":"Toss_Stone","floor":13},{"not_picked":["Do_Nothing","Yawn"],"picked":"Ignore","floor":14},{"not_picked":["Terrifying_Presence","Hip_Strike"],"picked":"Serious_Punch","floor":16},{"not_picked":["Ignore","Yawn"],"picked":"Normal_Punch","floor":18},{"not_picked":["Normal_Punch","Hop+1"],"picked":"Do_Nothing+1","floor":20},{"not_picked":["Yawn+1","Normal_Punch+1"],"picked":"Consecutive_Normal_Punch","floor":22},{"not_picked":["Ignore+1","Yawn+1","Side_Hop+1"],"picked":"SKIP","floor":24},{"not_picked":["Ignore+1","Yawn+1","Side_Hop+1"],"picked":"SKIP","floor":24},{"not_picked":["Side_Hop+1","Do_Nothing+1"],"picked":"Wear_Disguise","floor":25},{"not_picked":["Side_Hop+1","Toss_Stone","Normal_Punch"],"picked":"SKIP","floor":27},{"not_picked":["Normal_Punch+1","Ignore+1"],"picked":"Get_Hopes_Up+1","floor":28},{"not_picked":["Wear_Disguise","Slap+1","Ignore+1"],"picked":"SKIP","floor":29},{"not_picked":["Wear_Disguise","Slap+1","Ignore+1"],"picked":"SKIP","floor":29},{"not_picked":["Toss_Stone","Slap"],"picked":"Serious_Punch","floor":31},{"not_picked":["Get_Hopes_Up+1","Hip_Strike"],"picked":"Serious_Punch","floor":33},{"not_picked":["Normal_Punch","Toss_Stone+1","Side_Hop+1"],"picked":"SKIP","floor":35},{"not_picked":["Side_Hop+1","Ignore+1","Yawn+1"],"picked":"SKIP","floor":36},{"not_picked":["Hop+1","Ignore+1","Slap"],"picked":"SKIP","floor":37},{"not_picked":["Normal_Punch","Side_Hop+1"],"picked":"Consecutive_Normal_Punch+1","floor":38},{"not_picked":["Yawn+1","Wear_Disguise"],"picked":"Hip_Strike","floor":39},{"not_picked":["Yawn+1","Slap","Side_Hop+1"],"picked":"SKIP","floor":41},{"not_picked":["Normal_Punch+1","Consecutive_Normal_Punch"],"picked":"Terrifying_Presence","floor":42},{"not_picked":["Slap+1","Toss_Stone+1","Ignore+1"],"picked":"SKIP","floor":44},{"not_picked":["Hop+1","Ignore+1","Yawn+1"],"picked":"SKIP","floor":45},{"not_picked":["Side_Hop+1","Hop+1","Normal_Punch+1"],"picked":"SKIP","floor":47},{"not_picked":["Ignore+1","Side_Hop+1","Hop+1"],"picked":"SKIP","floor":54}],"player_experience":82125,"relics_obtained":[{"floor":6,"key":"Oddly Smooth Stone"},{"floor":11,"key":"Simple Rune"},{"floor":13,"key":"Gremlin Food"},{"floor":25,"key":"Bag of Marbles"},{"floor":26,"key":"Nunchaku"},{"floor":27,"key":"infinitespire:Lucky Rock"},{"floor":30,"key":"Gambling Chip"},{"floor":30,"key":"Pear"},{"floor":31,"key":"Happy Flower"},{"floor":41,"key":"Replay:Bottled Eggs"},{"floor":43,"key":"Golden Egg"},{"floor":54,"key":"Replay:Towering Pillar of Hats"}],"event_choices":[{"damage_healed":0,"gold_gain":0,"player_choice":"Searched \u00271\u0027 times","damage_taken":0,"max_hp_gain":0,"max_hp_loss":0,"event_name":"Dead Adventurer","floor":11,"gold_loss":0},{"damage_healed":0,"gold_gain":0,"player_choice":"Fight","damage_taken":0,"max_hp_gain":0,"max_hp_loss":0,"event_name":"Colosseum","floor":30,"gold_loss":0},{"damage_healed":0,"gold_gain":0,"player_choice":"Fought Nobs","damage_taken":0,"max_hp_gain":0,"max_hp_loss":0,"event_name":"Colosseum","floor":30,"gold_loss":0},{"damage_healed":0,"gold_gain":0,"player_choice":"Upgrade","damage_taken":0,"relics_obtained":["Mark of the Bloom"],"max_hp_gain":0,"max_hp_loss":0,"event_name":"MindBloom","floor":46,"gold_loss":0,"cards_upgraded":["Strike_Y","Strike_Y","Strike_Y","Strike_Y","Strike_Y","Defend_Y","Defend_Y","Defend_Y","Defend_Y","Defend_Y","Normal_Punch","Slap","Hop","Side_Hop","Slap","Toss_Stone","Normal_Punch","Consecutive_Normal_Punch","Consecutive_Normal_Punch","Wear_Disguise","Hip_Strike","Terrifying_Presence"]}],"is_beta":false,"boss_relics":[{"not_picked":["Snecko Eye","Astrolabe"],"picked":"Coffee Dripper"},{"not_picked":["ReplayTheSpireMod:SealedPack","SacredBark"],"picked":"Replay:Drink Me"}],"items_purged_floors":[],"is_endless":false,"potions_floor_spawned":[3,4,8,13,14,16,20,25,27,30,33,38,39,41,44,45],"ascension_level":0}}