{"host":"b3fp0sgzld04crtx","time":1614319049,"event":{"mods":["AchievementEnabler","BaseMod","Colored Map","Colored Powertips","Highlight Path","Minty Spire (QoL Compilation)","Quick Restart","StSLib"],"gold_per_floor":[13,24,24,38,38,38,63,63,88,115,132,152,152,168,168,269,269,289,289,96,96,111,111,61,93,117,117,217,217,247,247,247,344,344,360,371,45,94,104,104,14,14,14,47,47,57,84,95,95,95,95,95,4,34,34],"floor_reached":56,"language":"ENG","playtime":5869,"items_purged":["Strike_P","Defend_P+1","Bite+1"],"score":1379,"play_id":"d279a631-fd46-4b9b-b671-51ca225b4dd7","local_time":"20210225235729","is_ascension_mode":true,"campfire_choices":[{"floor":6.0,"key":"RECALL"},{"floor":8.0,"key":"REST"},{"floor":13,"key":"REST"},{"data":"Crescendo","floor":15,"key":"SMITH"},{"floor":23,"key":"REST"},{"floor":27,"key":"REST"},{"floor":29,"key":"REST"},{"floor":32,"key":"REST"},{"floor":40,"key":"REST"},{"data":"1","floor":45,"key":"LIFT"},{"data":"2","floor":49,"key":"LIFT"},{"data":"3","floor":52,"key":"LIFT"}],"circlet_count":0,"master_deck":["Defend_P+1","Defend_P+1","Eruption+1","Vigilance+1","LessonLearned+1","SandsOfTime+1","Protect+1","Evaluate+1","CutThroughFate+1","CrushJoints+1","Crescendo+1","Evaluate+1","Conclude+1","Blasphemy+1","Wireheading+1","Protect+1","EmptyFist+1","Bite+1","Bite+1","Bite+1","Bite+1","Establishment+1","FlurryOfBlows+1","Vault+1","FlurryOfBlows+1","Wallop+1","Fasting2+1","FlurryOfBlows+1","Protect+1","EmptyFist+1","Nirvana+1"],"relics":["PureWater","Centennial Puzzle","Fusion Hammer","Membership Card","Nloth\u0027s Gift","Singing Bowl","Blood Vial","Ice Cream","Shuriken","Molten Egg 2","Busted Crown","Sundial","Incense Burner","Medical Kit","Girya","Pantograph","Strawberry","Toy Ornithopter"],"acts_visited":["Exordium","TheCity","TheBeyond","TheEnding"],"potions_floor_usage":[25,25,25,33,38,55],"damage_taken":[{"damage":7.0,"enemies":"Jaw Worm","floor":1.0,"turns":3.0},{"damage":0.0,"enemies":"2 Louse","floor":2.0,"turns":2.0},{"damage":1.0,"enemies":"Cultist","floor":4.0,"turns":4.0},{"damage":5.0,"enemies":"3 Sentries","floor":7.0,"turns":7.0},{"damage":0.0,"enemies":"Lagavulin","floor":10.0,"turns":6.0},{"damage":0.0,"enemies":"Red Slaver","floor":11.0,"turns":6.0},{"damage":0,"enemies":"Blue Slaver","floor":12,"turns":6},{"damage":0,"enemies":"2 Fungi Beasts","floor":14,"turns":3},{"damage":45,"enemies":"Hexaghost","floor":16,"turns":11},{"damage":0,"enemies":"2 Thieves","floor":18,"turns":2},{"damage":0,"enemies":"Shell Parasite","floor":22,"turns":8},{"damage":0,"enemies":"Gremlin Leader","floor":25,"turns":4},{"damage":9,"enemies":"Colosseum Slavers","floor":28,"turns":3},{"damage":14,"enemies":"Colosseum Nobs","floor":28,"turns":5},{"damage":11,"enemies":"Book of Stabbing","floor":30,"turns":6},{"damage":8,"enemies":"Automaton","floor":33,"turns":8},{"damage":17,"enemies":"3 Darklings","floor":35,"turns":4},{"damage":16,"enemies":"Orb Walker","floor":36,"turns":5},{"damage":15,"enemies":"2 Orb Walkers","floor":38,"turns":6},{"damage":0,"enemies":"Jaw Worm Horde","floor":39,"turns":4},{"damage":0,"enemies":"Giant Head","floor":44,"turns":8},{"damage":10,"enemies":"Sphere and 2 Shapes","floor":46,"turns":6},{"damage":0,"enemies":"Reptomancer","floor":47,"turns":4},{"damage":4,"enemies":"Spire Growth","floor":48,"turns":3},{"damage":7,"enemies":"Awakened One","floor":50,"turns":9},{"damage":28,"enemies":"Shield and Spear","floor":54,"turns":6},{"damage":38,"enemies":"The Heart","floor":55,"turns":9}],"seed_played":"-5601157179153373872","potions_obtained":[{"floor":1.0,"key":"LiquidMemories"},{"floor":2.0,"key":"SpeedPotion"},{"floor":4.0,"key":"Fire Potion"},{"floor":12,"key":"AttackPotion"},{"floor":28,"key":"Energy Potion"},{"floor":30,"key":"DistilledChaos"},{"floor":36,"key":"AttackPotion"},{"floor":38,"key":"Fire Potion"}],"is_trial":false,"path_per_floor":["M","M","?","M","?","R","E","R","T","E","M","M","R","M","R","B",null,"M","?","$","?","M","R","$","E","T","R","?","R","E","?","R","B",null,"M","M","$","?","M","R","$","?","T","E","R","M","E","M","R","B",null,"R","$","E","B",null],"character_chosen":"WATCHER","items_purchased":["Membership Card","Vault","FlurryOfBlows+1","Sundial","DuplicationPotion","Medical Kit","Fasting2","PowerPotion","EmptyFist+1","Nirvana"],"campfire_rested":7,"item_purchase_floors":[20,37,37,37,37,41,41,53,53,53],"current_hp_per_floor":[65,65,65,64,50,50,45,66,66,66,66,66,72,72,72,27,72,72,72,72,72,72,72,72,74,74,74,53,74,63,51,51,51,51,48,40,40,42,55,55,55,55,55,55,55,54,64,65,65,66,66,66,66,52,43],"gold":34,"neow_bonus":"THREE_RARE_CARDS","is_daily":false,"chose_seed":false,"campfire_upgraded":1,"win_rate":0.0,"timestamp":1614319049,"path_taken":["M","M","?","M","?","R","E","R","T","E","M","M","R","M","R","BOSS","M","?","$","?","?","R","?","E","T","R","?","R","E","?","R","BOSS","M","M","$","?","M","R","$","?","T","E","R","M","E","?","R","BOSS","R","$","E","BOSS"],"items_purchased_type":["Relic","Card","Card","Relic","Potion","Relic","Card","Potion","Card","Card"],"build_version":"2020-12-22","purchased_purges":3,"victory":true,"max_hp_per_floor":[72,72,72,72,72,72,72,72,72,72,72,72,72,72,72,72,72,72,72,72,72,72,72,72,74,74,74,74,74,74,51,51,51,51,53,53,53,53,55,55,55,55,55,55,55,55,64,66,66,66,66,66,66,68,68],"card_choices":[{"not_picked":["Alpha","Vault"],"picked":"LessonLearned","floor":0.0},{"not_picked":["Crescendo","SignatureMove"],"picked":"SandsOfTime","floor":1.0},{"not_picked":["Halt","Adaptation","PathToVictory"],"picked":"SKIP","floor":2.0},{"not_picked":["Meditate","FlyingSleeves"],"picked":"Protect","floor":4.0},{"not_picked":["Halt","WheelKick"],"picked":"Evaluate","floor":7.0},{"not_picked":["FollowUp","Indignation"],"picked":"CutThroughFate","floor":10.0},{"not_picked":["Weave","EmptyBody"],"picked":"CrushJoints","floor":11.0},{"not_picked":["WaveOfTheHand","Meditate"],"picked":"Crescendo","floor":12},{"not_picked":["MentalFortress","Halt"],"picked":"Evaluate","floor":13},{"not_picked":["Evaluate","CrushJoints"],"picked":"Conclude","floor":14},{"not_picked":["Ragnarok","Brilliance"],"picked":"Blasphemy","floor":16},{"not_picked":["FlyingSleeves","Halt","Tantrum"],"picked":"SKIP","floor":18},{"not_picked":["MentalFortress","PathToVictory"],"picked":"Wireheading+1","floor":22},{"not_picked":["DeceiveReality","Blasphemy","Indignation+1"],"picked":"SKIP","floor":25},{"not_picked":["DeceiveReality","Blasphemy","Indignation+1"],"picked":"Singing Bowl","floor":25},{"not_picked":["CutThroughFate","SignatureMove"],"picked":"Protect+1","floor":28},{"not_picked":["Indignation","Sanctity"],"picked":"EmptyFist+1","floor":30},{"not_picked":["Judgement","LessonLearned+1"],"picked":"Establishment","floor":33},{"not_picked":["EmptyFist+1"],"picked":"Singing Bowl","floor":35},{"not_picked":[],"picked":"FlurryOfBlows+1","floor":36},{"not_picked":[],"picked":"Wallop+1","floor":38},{"not_picked":["SashWhip+1"],"picked":"Singing Bowl","floor":39},{"not_picked":[],"picked":"FlurryOfBlows+1","floor":44},{"not_picked":[],"picked":"Protect+1","floor":46},{"not_picked":["Blasphemy"],"picked":"Singing Bowl","floor":47},{"not_picked":["Crescendo+1"],"picked":"Singing Bowl","floor":48},{"not_picked":["EmptyFist+1"],"picked":"Singing Bowl","floor":54}],"player_experience":378363,"relics_obtained":[{"floor":7.0,"key":"Centennial Puzzle"},{"floor":10.0,"key":"Dream Catcher"},{"floor":25,"key":"Singing Bowl"},{"floor":26,"key":"Blood Vial"},{"floor":28,"key":"Ice Cream"},{"floor":28,"key":"Shuriken"},{"floor":30,"key":"Molten Egg 2"},{"floor":38,"key":"Incense Burner"},{"floor":43,"key":"Girya"},{"floor":44,"key":"Pantograph"},{"floor":47,"key":"Strawberry"},{"floor":54,"key":"Toy Ornithopter"}],"event_choices":[{"cards_removed":["Strike_P"],"damage_healed":0.0,"max_hp_gain":0.0,"max_hp_loss":0.0,"gold_gain":0.0,"event_name":"Living Wall","player_choice":"Forget","floor":3.0,"gold_loss":0.0,"damage_taken":0.0},{"damage_healed":0.0,"max_hp_gain":0.0,"max_hp_loss":0.0,"gold_gain":0.0,"event_name":"Shining Light","player_choice":"Entered Light","floor":5.0,"gold_loss":0.0,"damage_taken":14.0,"cards_upgraded":["Strike_P","SandsOfTime"]},{"cards_removed":["Defend_P"],"damage_healed":0,"gold_gain":0,"player_choice":"Elegance","damage_taken":0,"max_hp_gain":0,"max_hp_loss":0,"event_name":"Back to Basics","floor":19,"gold_loss":0},{"damage_healed":0,"gold_gain":0,"player_choice":"Traded Relic","damage_taken":0,"relics_obtained":["Nloth\u0027s Gift"],"max_hp_gain":0,"max_hp_loss":0,"event_name":"N\u0027loth","floor":21,"relics_lost":["Dream Catcher"],"gold_loss":0},{"damage_healed":0,"gold_gain":0,"player_choice":"Fight","damage_taken":0,"max_hp_gain":0,"max_hp_loss":0,"event_name":"Colosseum","floor":28,"gold_loss":0},{"damage_healed":0,"gold_gain":0,"player_choice":"Fought Nobs","damage_taken":0,"max_hp_gain":0,"max_hp_loss":0,"event_name":"Colosseum","floor":28,"gold_loss":0},{"damage_healed":0,"gold_gain":0,"player_choice":"Became a vampire","damage_taken":0,"max_hp_gain":0,"max_hp_loss":23,"event_name":"Vampires","floor":31,"gold_loss":0,"cards_obtained":["Bite","Bite","Bite","Bite","Bite"]},{"damage_healed":0,"gold_gain":0,"player_choice":"Fight","damage_taken":0,"max_hp_gain":0,"max_hp_loss":0,"event_name":"Mysterious Sphere","floor":38,"gold_loss":0},{"damage_healed":0,"gold_gain":0,"player_choice":"0 cards matched","damage_taken":0,"max_hp_gain":0,"max_hp_loss":0,"event_name":"Match and Keep!","floor":42,"gold_loss":0,"cards_obtained":[]}],"is_beta":false,"boss_relics":[{"not_picked":["Velvet Choker","Pandora\u0027s Box"],"picked":"Fusion Hammer"},{"not_picked":["Coffee Dripper","Tiny House"],"picked":"Busted Crown"}],"items_purged_floors":[20,24,37],"is_endless":false,"potions_floor_spawned":[1,2,4,12,14,22,28,30,36,38,46,54],"ascension_level":1}}