{"host":"cbu6enf2xtq4r7r3","time":1614354585,"event":{"mods":["2.2 Compatiblity","AlwaysNeverKeys","BaseMod","Better Match","Better Note","Better Sensory Stone","Better Skull","Better Third Choice","Colored Map","Colored Powertips","Defuse TimeMaze Blight","Emptier Cage","Minty Spire (QoL Compilation)","Permanent Neow","Quick Restart","Random Character Button","Relic Sorter","Reorder Act Four","Shop Mod","StSLib"],"gold_per_floor":[112,124,142,142,142,173,173,216,216,216,260,260,276,296,296,424,424,440,453,453,477,498,536,536,570,570,603,703,743,762,98,98,228,228,253,267,286,305,328,364,404,439,439,453,468,507,507,507,507,507,507,150,150,181,181],"floor_reached":56,"language":"ENG","playtime":3243,"items_purged":["Strike_G","Strike_G"],"score":1684,"play_id":"3c6602c2-26a6-419b-8a32-8c7b9bc41e68","local_time":"20210226164945","is_ascension_mode":true,"campfire_choices":[{"data":"Neutralize","floor":7.0,"key":"SMITH"},{"data":"Poisoned Stab","floor":10.0,"key":"SMITH"},{"data":"Bane","floor":15.0,"key":"SMITH"},{"data":"Bane","floor":24.0,"key":"SMITH"},{"data":"Flash of Steel","floor":32.0,"key":"SMITH"},{"data":"Endless Agony","floor":49,"key":"SMITH"},{"data":"Footwork","floor":53,"key":"SMITH"}],"circlet_count":0,"master_deck":["Strike_G","Strike_G","Strike_G","Defend_G","Defend_G","Defend_G","Defend_G","Defend_G","Survivor","Neutralize+1","Dagger Throw","Poisoned Stab+1","Bane+1","Deadly Poison+1","Endless Agony+1","Bane+1","Die Die Die","Cloak And Dagger+1","PiercingWail+1","White Noise+1","Deflect+1","Bouncing Flask+1","Catalyst+1","Blur+1","Leg Sweep+1","Backflip+1","Leg Sweep+1","Apotheosis+1","Flash of Steel+1","Venomology+1","Cloak And Dagger+1","Escape Plan+1","Blur+1","Catalyst+1","Deflect+1","Dodge and Roll+1","Cloak And Dagger+1","Bandage Up+1","Finesse+1","Footwork+1","Dodge and Roll+1","Dark Shackles+1","Blur+1"],"relics":["SacredBark","Toxic Egg 2","HornCleat","Calipers","Paper Crane","Coffee Dripper","StoneCalendar","Mercury Hourglass","Gremlin Horn","MerchantsRug","Cursed Key","Potion Belt","FossilizedHelix","Akabeko","Pen Nib","Sling","Vajra"],"acts_visited":["Exordium","TheCity","TheBeyond","TheEnding"],"potions_floor_usage":[37,38,38,38,40,40,44,54,54,55,55,55,55,55],"damage_taken":[{"damage":0.0,"enemies":"Jaw Worm","floor":1.0,"turns":2.0},{"damage":0.0,"enemies":"Cultist","floor":2.0,"turns":3.0},{"damage":2.0,"enemies":"Small Slimes","floor":3.0,"turns":4.0},{"damage":6.0,"enemies":"3 Sentries","floor":6.0,"turns":6.0},{"damage":0.0,"enemies":"Lagavulin","floor":8.0,"turns":2.0},{"damage":0.0,"enemies":"Gremlin Nob","floor":11.0,"turns":3.0},{"damage":1.0,"enemies":"Gremlin Gang","floor":13.0,"turns":5.0},{"damage":6.0,"enemies":"Large Slime","floor":14.0,"turns":7.0},{"damage":30.0,"enemies":"The Guardian","floor":16.0,"turns":9.0},{"damage":8.0,"enemies":"Spheric Guardian","floor":18.0,"turns":4.0},{"damage":1.0,"enemies":"Chosen","floor":19.0,"turns":4.0},{"damage":0.0,"enemies":"Snake Plant","floor":21.0,"turns":3.0},{"damage":0.0,"enemies":"Centurion and Healer","floor":22.0,"turns":7.0},{"damage":2.0,"enemies":"Gremlin Leader","floor":23.0,"turns":8.0},{"damage":7.0,"enemies":"Book of Stabbing","floor":25.0,"turns":4.0},{"damage":10.0,"enemies":"Slavers","floor":27.0,"turns":4.0},{"damage":10.0,"enemies":"Gremlin Leader","floor":29.0,"turns":4.0},{"damage":0.0,"enemies":"Snecko","floor":30.0,"turns":4.0},{"damage":0.0,"enemies":"Automaton","floor":33.0,"turns":9.0},{"damage":1.0,"enemies":"3 Shapes","floor":35.0,"turns":3.0},{"damage":0.0,"enemies":"3 Darklings","floor":36.0,"turns":1.0},{"damage":1,"enemies":"Spire Growth","floor":37,"turns":6},{"damage":0,"enemies":"Sphere and 2 Shapes","floor":38,"turns":4},{"damage":1,"enemies":"Jaw Worm Horde","floor":39,"turns":1},{"damage":0,"enemies":"Reptomancer","floor":40,"turns":6},{"damage":7,"enemies":"Giant Head","floor":41,"turns":8},{"damage":0,"enemies":"Reptomancer","floor":42,"turns":6},{"damage":0,"enemies":"Transient","floor":44,"turns":5},{"damage":0,"enemies":"Writhing Mass","floor":45,"turns":1},{"damage":0,"enemies":"Giant Head","floor":46,"turns":4},{"damage":35,"enemies":"Donu and Deca","floor":50,"turns":12},{"damage":7,"enemies":"Shield and Spear","floor":54,"turns":7},{"damage":0,"enemies":"The Heart","floor":55,"turns":8}],"seed_played":"-843201576496035398","potions_obtained":[{"floor":2.0,"key":"Explosive Potion"},{"floor":8.0,"key":"DuplicationPotion"},{"floor":14.0,"key":"Regen Potion"},{"floor":19.0,"key":"AttackPotion"},{"floor":22.0,"key":"LiquidMemories"},{"floor":23.0,"key":"SteroidPotion"},{"floor":30.0,"key":"LiquidMemories"},{"floor":36,"key":"AttackPotion"},{"floor":37,"key":"BlessingOfTheForge"},{"floor":39,"key":"SkillPotion"},{"floor":45,"key":"Explosive Potion"}],"is_trial":false,"path_per_floor":["M","M","M","?","?","E","R","E","T","R","E","T","M","M","R","B",null,"M","M","?","M","M","E","R","E","T","E","?","E","M","$","R","B",null,"M","M","M","M","M","E","E","E","T","M","M","E","?","?","R","B",null,"$","R","E","B",null],"character_chosen":"THE_SILENT","items_purchased":["Apotheosis+1","MerchantsRug","WingedGreaves","Flash of Steel","Footwork","Dodge and Roll+1","Dark Shackles+1","Sling"],"campfire_rested":0,"item_purchase_floors":[31,31,31,31,52,52,52,52],"current_hp_per_floor":[70,70,68,73,69,63,63,63,63,63,63,63,62,56,56,26,69,61,60,60,60,60,58,58,51,61,51,51,41,41,41,41,41,79,78,78,77,77,76,76,69,69,69,69,69,69,69,69,69,40,79,79,79,72,79],"gold":181,"neow_bonus":"BOSS_RELIC","is_daily":false,"chose_seed":false,"campfire_upgraded":7,"win_rate":0.0,"timestamp":1614354585,"path_taken":["M","M","M","?","?","E","R","E","T","R","E","?","?","M","R","BOSS","M","M","?","M","M","E","R","E","T","E","?","E","M","$","R","BOSS","M","M","M","?","M","E","E","E","T","M","M","E","?","?","R","BOSS","$","R","E","BOSS"],"items_purchased_type":["Card","Relic","Relic","Card","Card","Card","Card","Relic"],"build_version":"2020-12-22","purchased_purges":2,"victory":true,"max_hp_per_floor":[70,70,70,75,69,69,69,69,69,69,69,69,69,69,69,69,69,69,69,69,69,69,69,69,69,79,79,79,79,79,79,79,79,79,79,79,79,79,79,79,79,79,79,79,79,79,79,79,79,79,79,79,79,79,79],"card_choices":[{"not_picked":["Dash","Sucker Punch"],"picked":"Dagger Throw","floor":1.0},{"not_picked":["Deadly Poison","Flying Knee"],"picked":"Poisoned Stab","floor":2.0},{"not_picked":["Bane","Wraith Form v2","Predator"],"picked":"SKIP","floor":3.0},{"not_picked":["Bane","Dagger Throw","Well Laid Plans"],"picked":"SKIP","floor":6.0},{"not_picked":["Caltrops","Tactician+1"],"picked":"Bane","floor":8.0},{"not_picked":["Eviscerate","Dagger Spray"],"picked":"Deadly Poison+1","floor":11.0},{"not_picked":["Sucker Punch","Masterful Stab"],"picked":"Endless Agony","floor":13.0},{"not_picked":["Prepared+1","Well Laid Plans"],"picked":"Bane","floor":14.0},{"not_picked":["Wraith Form v2","Doppelganger+1"],"picked":"Die Die Die","floor":16.0},{"not_picked":["Underhanded Strike","Dagger Throw"],"picked":"Cloak And Dagger+1","floor":18.0},{"not_picked":["Crippling Poison+1","Infinite Blades+1"],"picked":"PiercingWail+1","floor":19.0},{"not_picked":["Reflex+1","Dagger Spray"],"picked":"Deflect+1","floor":21.0},{"not_picked":["Finisher","Dagger Throw"],"picked":"Bouncing Flask+1","floor":22.0},{"not_picked":["Caltrops","Wraith Form v2"],"picked":"Catalyst+1","floor":23.0},{"not_picked":["Flying Knee","PiercingWail+1"],"picked":"Blur+1","floor":25.0},{"not_picked":["Masterful Stab","Flying Knee+1"],"picked":"Leg Sweep+1","floor":27.0},{"not_picked":["Underhanded Strike","Deflect+1"],"picked":"Backflip+1","floor":29.0},{"not_picked":["Bouncing Flask+1","Heel Hook"],"picked":"Leg Sweep+1","floor":30.0},{"not_picked":["Wraith Form v2","Burst+1"],"picked":"Venomology+1","floor":33.0},{"not_picked":["Calculated Gamble+1","Bane+1","Choke"],"picked":"SKIP","floor":35.0},{"not_picked":["Infinite Blades","Deadly Poison+1"],"picked":"Cloak And Dagger+1","floor":36},{"not_picked":["Endless Agony+1","Sucker Punch+1","Bane+1"],"picked":"SKIP","floor":37},{"not_picked":["Flying Knee+1","Bane+1"],"picked":"Escape Plan+1","floor":38},{"not_picked":["Outmaneuver+1","Flying Knee","Bane"],"picked":"SKIP","floor":39},{"not_picked":["Blade Dance+1","Bane"],"picked":"Blur+1","floor":40},{"not_picked":["Concentrate+1","Outmaneuver+1"],"picked":"Catalyst+1","floor":41},{"not_picked":["Heel Hook","Well Laid Plans","Bane"],"picked":"SKIP","floor":42},{"not_picked":["Backstab","Underhanded Strike"],"picked":"Deflect+1","floor":44},{"not_picked":["Slice+1","Sucker Punch"],"picked":"Dodge and Roll+1","floor":45},{"not_picked":["Finisher","Dagger Throw"],"picked":"Cloak And Dagger+1","floor":46},{"not_picked":["Magnetism","The Bomb+1"],"picked":"Bandage Up+1","floor":47},{"not_picked":["Flash of Steel","Dark Shackles+1"],"picked":"Finesse+1","floor":47},{"not_picked":["Acrobatics+1","Die Die Die"],"picked":"Blur+1","floor":54}],"player_experience":168045,"relics_obtained":[{"floor":6.0,"key":"Toxic Egg 2"},{"floor":8.0,"key":"HornCleat"},{"floor":9.0,"key":"Bottled Flame"},{"floor":11.0,"key":"Calipers"},{"floor":12.0,"key":"Paper Crane"},{"floor":23.0,"key":"StoneCalendar"},{"floor":25.0,"key":"Mercury Hourglass"},{"floor":26.0,"key":"Pear"},{"floor":27.0,"key":"Gremlin Horn"},{"floor":29.0,"key":"StrikeDummy"},{"floor":40,"key":"Potion Belt"},{"floor":41,"key":"FossilizedHelix"},{"floor":42,"key":"Akabeko"},{"floor":46,"key":"Pen Nib"},{"floor":54,"key":"Vajra"}],"event_choices":[{"damage_healed":0.0,"max_hp_gain":5.0,"max_hp_loss":0.0,"gold_gain":0.0,"event_name":"Big Fish","player_choice":"Donut","floor":4.0,"gold_loss":0.0,"damage_taken":0.0},{"damage_healed":0.0,"max_hp_gain":0.0,"max_hp_loss":6.0,"gold_gain":0.0,"event_name":"Golden Idol","player_choice":"Lose Max HP","floor":5.0,"gold_loss":0.0,"damage_taken":0.0,"relics_obtained":["Golden Idol"]},{"cards_removed":["Die Die Die"],"damage_healed":0.0,"max_hp_gain":0.0,"max_hp_loss":0.0,"gold_gain":0.0,"event_name":"betterNote:BetterNote","player_choice":"Take \u0026 Give","floor":20.0,"gold_loss":0.0,"damage_taken":0.0,"cards_obtained":["White Noise"]},{"damage_healed":0.0,"max_hp_gain":0.0,"max_hp_loss":0.0,"gold_gain":100.0,"event_name":"Golden Shrine","player_choice":"Pray","floor":28.0,"gold_loss":0.0,"damage_taken":0.0},{"damage_healed":0,"gold_gain":3,"player_choice":"1","damage_taken":0,"max_hp_gain":0,"max_hp_loss":0,"event_name":"betterStone:BetterStone","floor":47,"gold_loss":0},{"damage_healed":0,"gold_gain":0,"player_choice":"Ignored","damage_taken":0,"max_hp_gain":0,"max_hp_loss":0,"event_name":"Tomb of Lord Red Mask","floor":48,"gold_loss":0}],"is_beta":false,"boss_relics":[{"not_picked":["Fusion Hammer","Astrolabe"],"picked":"Coffee Dripper"},{"not_picked":["WristBlade","Busted Crown"],"picked":"Cursed Key"}],"items_purged_floors":[31,52],"is_endless":false,"potions_floor_spawned":[2,8,14,19,22,23,30,36,37,39,45],"ascension_level":1}}