{"host":"w2kjv12xyhtt0cv2","time":1614321690,"event":{"mods":["10 clothes from DAL","100% Spire Juice","Act Like it!","BaseMod","Colored Map","Friendly Minions","Gensokyo","GifTheSpireLib","Highlight Path","Hubris","Library of Ruina","Minty Spire (QoL Compilation)","Quick Restart","Relic Stats","Reliquary","Replay The Spire","Ring Of Destiny","Robot Space Explorer","Shop Mod","Spicy Shops","StSLib","The Dragon Tamer","UnlockEverythingMod","Waifu the Spire","[IsaacMod]以撒尖塔","[功能]功能增强和修复MOD","【功能Mod】Neow奖励","【功能Mod】聪明的最终Boss","【遗物卡牌】REMEMod","没有小屋子和绿帽子啦"],"gold_per_floor":[114,214,214,233,109,135,135,165,165,192,207,233,0,134,134,267,267,285,330,355,68,68,107,107,145,170,205,219,243,272,292,292,400,400,423,423,9,113,183,224,224,275,345,376,308,338,351,367,367,394,394,394,544,569,590],"floor_reached":56,"language":"ZHS","playtime":4664,"items_purged":["Writhe","RingOfDestiny:Strike_SF","Parasite","Pain"],"score":2200,"play_id":"0f2b758b-dc31-4036-9e7b-b140287af36c","local_time":"20210226144130","is_ascension_mode":true,"campfire_choices":[{"data":"DoctorFetus","floor":15.0,"key":"SMITH"},{"data":"RingOfDestiny:Premeditate","floor":32.0,"key":"SMITH"},{"data":"RingOfDestiny:FallenFlower","floor":41.0,"key":"SMITH"},{"floor":49,"key":"RECALL"},{"data":"RingOfDestiny:FallenFlower","floor":52,"key":"SMITH"}],"circlet_count":0,"master_deck":["RingOfDestiny:Defend_SF","RingOfDestiny:Defend_SF","RingOfDestiny:Defend_SF","RingOfDestiny:Strike_SF","RingOfDestiny:Strike_SF+1","RingOfDestiny:ShadowCard","RingOfDestiny:PoisonedShiv","RingOfDestiny:FallenFlower","RingOfDestiny:RattanBeetle+1","DoctorFetus+1","Omniscience+1","RingOfDestiny:WoodRelease","RingOfDestiny:ForbiddenArts+1","CurseOfTheBell","RingOfDestiny:WoodRelease","RingOfDestiny:Premeditate+1","RingOfDestiny:WorldOfFloweringTree+1","RingOfDestiny:FinalAttack+1","RingOfDestiny:ShadowBlossom+1","RingOfDestiny:Spur+1","RingOfDestiny:FinalAttack+1","RingOfDestiny:ButaMudra","RingOfDestiny:FallenFlower+1","RingOfDestiny:Premeditate+1","RingOfDestiny:FallenFlower+1","RingOfDestiny:PerfectExecution+1","RingOfDestiny:FallenFlower+1","DoctorFetus+1","RingOfDestiny:EthMudra+1","RingOfDestiny:Belt+1","RingOfDestiny:EthMudra+1","RingOfDestiny:NonMudra+1","RingOfDestiny:DeadlyArts+1","RingOfDestiny:SneakAttack","RingOfDestiny:FallenFlower+1","RingOfDestiny:ShadowRose+1","REME_AllRoundStrike+1","RingOfDestiny:Belt+1","RingOfDestiny:Agile+1","RingOfDestiny:KunaiSpray+1","RingOfDestiny:DecaMudra+1","HandOfGreedLower+1","RingOfDestiny:PropMudra+1","RingOfDestiny:HexaMudra","RingOfDestiny:Onikiri+1","Sadistic Nature+1","RingOfDestiny:PoisonedShiv+1","RingOfDestiny:HexaMudra+1","RingOfDestiny:Agile+1","RingOfDestiny:StaminaBook+1","RingOfDestiny:WoodRelease+1","Deep Breath+1","RingOfDestiny:ButaMudra+1"],"relics":["RingOfDestiny:ShadowKunai","REME_ComplimentaryCards","HushsDoor","MaYiHuaBei","Pondfish Scales","hubris:Towel","REME_HandOfSuture","Golden Egg","PageOfAspirationHeart","reliquary:TridentHead","SalivaCoin","REME_ArchaeologicalTools","hubris:SlimyHat","reliquary:FingerTrap","Letter Opener","BloodDonationMachine","Calling Bell","Toy Ornithopter","HornCleat","DALC_EIGHT","Bronze Scales","Orrery","reliquary:PorcupineQuills","reliquary:Buckler","reliquary:RosewoodLute","ReplayFunnel","reliquary:Boomerang","hubris:BlackHole","GuppysTail","RottenBaby","hubris:Icosahedron","Membership Card","DollysMirror","ReplayTheSpireMod:Shallot","reliquary:Knoch","DALC_FOUR","PageOfTodaysShyLook","PageOfApocalypseBird","PageOfFreischutz","SteamSale","Lee\u0027s Waffle","StrikeDummy","PillsDrop","UnicornStump","Regal Pillow","Ice Cream","Medical Kit","reliquary:TuningFork","Replay:WaspNest","SharpPlug","hubris:Teleporter","ReplayTheSpireMod:CursedCoin","PageOfMercenary"],"acts_visited":["Exordium","Gensokyo:Gensokyoer","TheBeyond","TheEnding"],"potions_floor_usage":[50,55,55],"damage_taken":[{"damage":0.0,"enemies":"Jaw Worm","floor":1.0,"turns":3.0},{"damage":0.0,"enemies":"Cultist","floor":4.0,"turns":3.0},{"damage":0.0,"enemies":"Lagavulin","floor":6.0,"turns":6.0},{"damage":1.0,"enemies":"3 Sentries","floor":8.0,"turns":6.0},{"damage":18.0,"enemies":"Gremlin Nob","floor":10.0,"turns":4.0},{"damage":0.0,"enemies":"2 Louse","floor":11.0,"turns":1.0},{"damage":0.0,"enemies":"Lagavulin","floor":12.0,"turns":5.0},{"damage":9.0,"enemies":"3 Sentries","floor":14.0,"turns":6.0},{"damage":6.0,"enemies":"Hexaghost","floor":16.0,"turns":4.0},{"damage":0.0,"enemies":"Gensokyo:2_Gloops","floor":18.0,"turns":3.0},{"damage":8.0,"enemies":"Gensokyo:AngelMirror","floor":19.0,"turns":6.0},{"damage":0.0,"enemies":"Gensokyo:3_Gloops","floor":20.0,"turns":3.0},{"damage":0.0,"enemies":"Gensokyo:Reisen","floor":23.0,"turns":2.0},{"damage":2.0,"enemies":"Gensokyo:Tenshi","floor":25.0,"turns":3.0},{"damage":0.0,"enemies":"Gensokyo:Reisen","floor":27.0,"turns":3.0},{"damage":0.0,"enemies":"Gensokyo:Monolith_and_Dog","floor":28.0,"turns":3.0},{"damage":0.0,"enemies":"Gensokyo:Slime_Group","floor":29.0,"turns":2.0},{"damage":0.0,"enemies":"Gensokyo:Tenshi","floor":30.0,"turns":2.0},{"damage":0.0,"enemies":"Gensokyo:3_Gloops","floor":31.0,"turns":1.0},{"damage":0.0,"enemies":"Gensokyo:Eiki","floor":33.0,"turns":4.0},{"damage":0.0,"enemies":"3 Darklings","floor":35.0,"turns":1.0},{"damage":0.0,"enemies":"Nemesis","floor":40.0,"turns":3.0},{"damage":0.0,"enemies":"R_Hoarder","floor":42.0,"turns":3.0},{"damage":0.0,"enemies":"Giant Head","floor":44.0,"turns":3.0},{"damage":0,"enemies":"Nemesis","floor":46,"turns":1},{"damage":0,"enemies":"3 Shapes","floor":47,"turns":1},{"damage":0,"enemies":"Transient","floor":48,"turns":2},{"damage":0,"enemies":"Donu and Deca","floor":50,"turns":5},{"damage":0,"enemies":"Shield and Spear","floor":54,"turns":1},{"damage":0,"enemies":"Delirium","floor":55,"turns":8}],"seed_played":"-2706353304491961614","potions_obtained":[{"floor":1.0,"key":"Block Potion"},{"floor":6.0,"key":"BlessingOfTheForge"},{"floor":10.0,"key":"Fire Potion"},{"floor":11.0,"key":"Energy Potion"},{"floor":14.0,"key":"Fire Potion"},{"floor":16.0,"key":"FearPotion"},{"floor":28.0,"key":"DistilledChaos"},{"floor":29.0,"key":"BlessingOfTheForge"},{"floor":40.0,"key":"Block Potion"}],"is_trial":false,"path_per_floor":["M","?","?","M","$","E","?","E","T","E","M","E","$","E","R","B",null,"M","M","M","$","?","E","?","E","T","E","M","M","E","M","R","B",null,"M","?","$","?","T","E","R","E","T","E","$","E","M","M","R","B",null,"R","$","E","B",null],"character_chosen":"ShadowFlower","items_purchased":["REME_HandOfSuture","hubris:SlimyHat","reliquary:FingerTrap","Letter Opener","Bronze Scales","Orrery","GuppysTail","RottenBaby","Membership Card","DollysMirror","RingOfDestiny:EthMudra+1","RingOfDestiny:Belt","ReplayTheSpireMod:Shallot","reliquary:Knoch","SteamSale","Lee\u0027s Waffle","StrikeDummy","PillsDrop","UnicornStump","REME_AllRoundStrike","SkillPotion","RingOfDestiny:Belt","RingOfDestiny:Agile","RingOfDestiny:KunaiSpray","RingOfDestiny:DecaMudra","HandOfGreedLower","Regal Pillow","ColorlessPotion","Medical Kit","Sadistic Nature","reliquary:TuningFork","Replay:WaspNest","SharpPlug","hubris:Teleporter","ReplayTheSpireMod:CursedCoin","RingOfDestiny:PoisonedShiv","RingOfDestiny:HexaMudra","RingOfDestiny:Agile","RingOfDestiny:StaminaBook","RingOfDestiny:WoodRelease","Deep Breath","Strength Potion"],"campfire_rested":0,"item_purchase_floors":[5,13,13,13,21,21,34,34,37,37,37,37,37,37,45,45,45,45,45,45,45,45,45,45,45,45,45,45,53,53,53,53,53,53,53,53,53,53,53,53,53,53],"current_hp_per_floor":[64,64,64,67,67,69,52,67,67,50,54,55,55,57,57,58,98,98,90,94,94,94,98,98,97,97,98,98,98,98,98,98,98,72,72,72,72,72,72,72,72,72,72,72,76,76,76,76,76,76,76,76,76,76,76],"gold":590,"neow_bonus":"ONE_RARE_RELIC","is_daily":false,"chose_seed":false,"campfire_upgraded":4,"win_rate":0.0,"timestamp":1614321690,"path_taken":["M","?","?","?","$","E","?","E","T","E","?","E","?","E","R","BOSS","M","M","M","$","?","E","?","E","T","E","M","?","E","M","R","BOSS","M","?","$","?","?","E","R","E","T","E","$","E","M","M","R","BOSS","R","$","E","BOSS"],"items_purchased_type":["Relic","Relic","Relic","Relic","Relic","Relic","Relic","Relic","Relic","Relic","Card","Card","Relic","Relic","Relic","Relic","Relic","Relic","Relic","Card","Potion","Card","Card","Card","Card","Card","Relic","Potion","Relic","Card","Relic","Relic","Relic","Relic","Relic","Card","Card","Card","Card","Card","Card","Potion"],"build_version":"2020-12-22","purchased_purges":4,"victory":true,"max_hp_per_floor":[86,86,86,86,86,86,86,98,98,98,98,98,98,98,98,98,98,98,98,98,98,98,98,98,98,98,98,98,98,98,98,98,98,72,72,72,72,72,72,72,72,72,72,72,76,76,76,76,76,76,76,76,76,76,76],"relic_stats":{"Lee\u0027s Waffle":7,"Regal Pillow":0,"counters":[30,98],"Bronze Scales":[108],"Letter Opener":[505],"Medical Kit":[0],"obtain_stats":[{"Ice Cream":46,"Golden Egg":6,"HornCleat":17,"DollysMirror":37,"REME_ArchaeologicalTools":12,"reliquary:FingerTrap":13,"PageOfApocalypseBird":43,"PageOfTodaysShyLook":42,"KeepersGift":0,"hubris:Teleporter":53,"ReplayTheSpireMod:CursedCoin":53,"Letter Opener":13,"DALC_EIGHT":17,"SteamSale":45,"DALC_FOUR":40,"reliquary:PorcupineQuills":23,"ReplayTheSpireMod:Shallot":37,"Bronze Scales":21,"reliquary:Knoch":37,"HushsDoor":0,"StrikeDummy":45,"BloodDonationMachine":14,"MaYiHuaBei":0,"ReplayFunnel":27,"GuppysTail":34,"UnicornStump":45,"Regal Pillow":45,"reliquary:Boomerang":30,"SharpPlug":53,"hubris:SlimyHat":13,"hubris:BlackHole":34,"reliquary:TridentHead":9,"hubris:Icosahedron":36,"PageOfMercenary":54,"PageOfFreischutz":44,"PillsDrop":45,"reliquary:Buckler":25,"Lee\u0027s Waffle":45,"RingOfDestiny:ShadowKunai":0,"RottenBaby":34,"Replay:WaspNest":53,"hubris:Towel":3,"reliquary:RosewoodLute":26,"Medical Kit":53,"Calling Bell":17,"PageOfAspirationHeart":8,"Pondfish Scales":0,"Orrery":21,"REME_HandOfSuture":5,"SalivaCoin":10,"reliquary:TuningFork":53,"Membership Card":37,"Toy Ornithopter":17,"REME_ComplimentaryCards":0},{"Ice Cream":25,"Golden Egg":3,"HornCleat":9,"DollysMirror":21,"REME_ArchaeologicalTools":7,"reliquary:FingerTrap":7,"PageOfApocalypseBird":23,"PageOfTodaysShyLook":23,"KeepersGift":0,"hubris:Teleporter":28,"ReplayTheSpireMod:CursedCoin":28,"Letter Opener":7,"DALC_EIGHT":9,"SteamSale":24,"DALC_FOUR":22,"reliquary:PorcupineQuills":13,"ReplayTheSpireMod:Shallot":21,"Bronze Scales":12,"reliquary:Knoch":21,"HushsDoor":0,"StrikeDummy":24,"BloodDonationMachine":8,"MaYiHuaBei":0,"ReplayFunnel":15,"GuppysTail":20,"UnicornStump":24,"Regal Pillow":24,"reliquary:Boomerang":18,"SharpPlug":28,"hubris:SlimyHat":7,"hubris:BlackHole":20,"reliquary:TridentHead":4,"hubris:Icosahedron":21,"PageOfMercenary":29,"PageOfFreischutz":24,"PillsDrop":24,"reliquary:Buckler":14,"Lee\u0027s Waffle":24,"RingOfDestiny:ShadowKunai":0,"RottenBaby":20,"Replay:WaspNest":28,"hubris:Towel":1,"reliquary:RosewoodLute":14,"Medical Kit":28,"Calling Bell":9,"PageOfAspirationHeart":4,"Pondfish Scales":0,"Orrery":12,"REME_HandOfSuture":2,"SalivaCoin":5,"reliquary:TuningFork":28,"Membership Card":21,"Toy Ornithopter":9,"REME_ComplimentaryCards":0},{"Ice Cream":81,"Golden Egg":12,"HornCleat":38,"DollysMirror":71,"REME_ArchaeologicalTools":28,"reliquary:FingerTrap":28,"PageOfApocalypseBird":77,"PageOfTodaysShyLook":77,"KeepersGift":0,"hubris:Teleporter":89,"ReplayTheSpireMod:CursedCoin":89,"Letter Opener":28,"DALC_EIGHT":38,"SteamSale":80,"DALC_FOUR":74,"reliquary:PorcupineQuills":52,"ReplayTheSpireMod:Shallot":71,"Bronze Scales":50,"reliquary:Knoch":71,"HushsDoor":0,"StrikeDummy":80,"BloodDonationMachine":34,"MaYiHuaBei":0,"ReplayFunnel":58,"GuppysTail":70,"UnicornStump":80,"Regal Pillow":80,"reliquary:Boomerang":65,"SharpPlug":89,"hubris:SlimyHat":28,"hubris:BlackHole":70,"reliquary:TridentHead":18,"hubris:Icosahedron":71,"PageOfMercenary":90,"PageOfFreischutz":80,"PillsDrop":80,"reliquary:Buckler":55,"Lee\u0027s Waffle":80,"RingOfDestiny:ShadowKunai":0,"RottenBaby":70,"Replay:WaspNest":89,"hubris:Towel":3,"reliquary:RosewoodLute":55,"Medical Kit":89,"Calling Bell":38,"PageOfAspirationHeart":18,"Pondfish Scales":0,"Orrery":50,"REME_HandOfSuture":6,"SalivaCoin":22,"reliquary:TuningFork":89,"Membership Card":71,"Toy Ornithopter":38,"REME_ComplimentaryCards":0}],"Toy Ornithopter":0},"card_choices":[{"not_picked":[],"picked":"DoctorFetus","floor":0.0},{"not_picked":["RingOfDestiny:ShadowCorrosion","RingOfDestiny:ShadowCutter","RingOfDestiny:WristBlade"],"picked":"SKIP","floor":1.0},{"not_picked":["RingOfDestiny:ButaMudra","RingOfDestiny:ShadowMark","RingOfDestiny:ShadowBlossom"],"picked":"SKIP","floor":4.0},{"not_picked":["RingOfDestiny:ShadowCorrosion","RingOfDestiny:Agile","RingOfDestiny:FrozenDark"],"picked":"SKIP","floor":6.0},{"not_picked":["RingOfDestiny:HexaMudra","RingOfDestiny:EarthRelease","RingOfDestiny:OctMudra"],"picked":"SKIP","floor":8.0},{"not_picked":["RingOfDestiny:EarthRelease","RingOfDestiny:Conspiracy","RingOfDestiny:DeadlyShadow"],"picked":"SKIP","floor":10.0},{"not_picked":["RingOfDestiny:DecaMudra","RingOfDestiny:Ridicule"],"picked":"RingOfDestiny:WoodRelease","floor":11.0},{"not_picked":["RingOfDestiny:ShadowStab","RingOfDestiny:HexaMudra","RingOfDestiny:DecaMudra"],"picked":"SKIP","floor":12.0},{"not_picked":["RingOfDestiny:SneakAttack","RingOfDestiny:WaterRelease","RingOfDestiny:PentMudra"],"picked":"SKIP","floor":14.0},{"not_picked":["RingOfDestiny:BottlePoison","RingOfDestiny:ShadowMark"],"picked":"RingOfDestiny:ForbiddenArts","floor":16.0},{"not_picked":["RingOfDestiny:ShadowStab+1","RingOfDestiny:ShadowShackles","RingOfDestiny:ShadowRose+1"],"picked":"SKIP","floor":18.0},{"not_picked":["RingOfDestiny:DecaMudra","RingOfDestiny:DeadlyArts","RingOfDestiny:HeptMudra"],"picked":"SKIP","floor":19.0},{"not_picked":["RingOfDestiny:MetalRelease+1","RingOfDestiny:Spur"],"picked":"RingOfDestiny:WoodRelease","floor":20.0},{"not_picked":["RingOfDestiny:ShadowStab","RingOfDestiny:Conspiracy+1"],"picked":"RingOfDestiny:Premeditate","floor":21.0},{"not_picked":["RingOfDestiny:FallenFlower","RingOfDestiny:WoodRelease"],"picked":"RingOfDestiny:WorldOfFloweringTree","floor":21.0},{"not_picked":["RingOfDestiny:Agile+1","RingOfDestiny:OctMudra"],"picked":"RingOfDestiny:FinalAttack","floor":21.0},{"not_picked":["RingOfDestiny:Conspiracy","RingOfDestiny:WaterRelease+1"],"picked":"RingOfDestiny:ShadowBlossom+1","floor":21.0},{"not_picked":["RingOfDestiny:ShadowRose","RingOfDestiny:HeptMudra"],"picked":"RingOfDestiny:Spur+1","floor":23.0},{"not_picked":["RingOfDestiny:Agile","RingOfDestiny:ShadowCorrosion"],"picked":"RingOfDestiny:FinalAttack","floor":25.0},{"not_picked":["RingOfDestiny:UndecMudra","RingOfDestiny:DodeMudra","RingOfDestiny:Conspiracy"],"picked":"SKIP","floor":27.0},{"not_picked":["RingOfDestiny:UndecMudra","RingOfDestiny:DodeMudra","RingOfDestiny:Conspiracy"],"picked":"SKIP","floor":27.0},{"not_picked":["RingOfDestiny:MetalRelease+1","RingOfDestiny:ButaMudra","RingOfDestiny:HeptMudra"],"picked":"SKIP","floor":28.0},{"not_picked":["RingOfDestiny:MetalRelease+1","RingOfDestiny:HeptMudra"],"picked":"RingOfDestiny:ButaMudra","floor":28.0},{"not_picked":["RingOfDestiny:PoisonedShiv","RingOfDestiny:ShadowCutter+1"],"picked":"RingOfDestiny:FallenFlower","floor":29.0},{"not_picked":["RingOfDestiny:MetalRelease","RingOfDestiny:WoodRelease"],"picked":"RingOfDestiny:Premeditate","floor":30.0},{"not_picked":["RingOfDestiny:ShadowBlossom","RingOfDestiny:NonMudra"],"picked":"RingOfDestiny:FallenFlower","floor":31.0},{"not_picked":["RingOfDestiny:BottlePoison","RingOfDestiny:ShadowMark"],"picked":"RingOfDestiny:PerfectExecution","floor":33.0},{"not_picked":["RingOfDestiny:PoisonedShiv+1","RingOfDestiny:ShadowStab+1"],"picked":"RingOfDestiny:FallenFlower+1","floor":35.0},{"not_picked":["RingOfDestiny:MetalRelease","RingOfDestiny:DecaMudra"],"picked":"RingOfDestiny:EthMudra+1","floor":38.0},{"not_picked":["RingOfDestiny:PoisonedShiv","RingOfDestiny:DarkLight+1"],"picked":"RingOfDestiny:NonMudra+1","floor":38.0},{"not_picked":["RingOfDestiny:ShurikenFlip+1","RingOfDestiny:ButaMudra"],"picked":"RingOfDestiny:DeadlyArts+1","floor":38.0},{"not_picked":["RingOfDestiny:HexaMudra+1","RingOfDestiny:Spur"],"picked":"RingOfDestiny:SneakAttack","floor":40.0},{"not_picked":["RingOfDestiny:DodeMudra","RingOfDestiny:DarkLight"],"picked":"RingOfDestiny:FallenFlower+1","floor":42.0},{"not_picked":["RingOfDestiny:EarthRelease","RingOfDestiny:DarkLight"],"picked":"RingOfDestiny:ShadowRose+1","floor":44.0},{"not_picked":["RingOfDestiny:FrozenDark+1","RingOfDestiny:HeptMudra"],"picked":"RingOfDestiny:PropMudra","floor":46},{"not_picked":["RingOfDestiny:OctMudra","RingOfDestiny:Conspiracy"],"picked":"RingOfDestiny:HexaMudra","floor":47},{"not_picked":["RingOfDestiny:EarthRelease","RingOfDestiny:DarkLight"],"picked":"RingOfDestiny:Onikiri+1","floor":48},{"not_picked":["RingOfDestiny:Conspiracy","RingOfDestiny:WoodRelease"],"picked":"RingOfDestiny:ButaMudra+1","floor":54}],"player_experience":72930,"relics_obtained":[{"floor":6.0,"key":"Golden Egg"},{"floor":8.0,"key":"PageOfAspirationHeart"},{"floor":9.0,"key":"reliquary:TridentHead"},{"floor":10.0,"key":"SalivaCoin"},{"floor":12.0,"key":"REME_ArchaeologicalTools"},{"floor":14.0,"key":"BloodDonationMachine"},{"floor":17.0,"key":"Toy Ornithopter"},{"floor":17.0,"key":"HornCleat"},{"floor":17.0,"key":"DALC_EIGHT"},{"floor":23.0,"key":"reliquary:PorcupineQuills"},{"floor":25.0,"key":"reliquary:Buckler"},{"floor":26.0,"key":"reliquary:RosewoodLute"},{"floor":27.0,"key":"ReplayFunnel"},{"floor":30.0,"key":"reliquary:Boomerang"},{"floor":40.0,"key":"DALC_FOUR"},{"floor":42.0,"key":"PageOfTodaysShyLook"},{"floor":43.0,"key":"PageOfApocalypseBird"},{"floor":44.0,"key":"PageOfFreischutz"},{"floor":46,"key":"Ice Cream"},{"floor":54,"key":"PageOfMercenary"}],"event_choices":[{"damage_healed":0.0,"max_hp_gain":0.0,"max_hp_loss":0.0,"gold_gain":0.0,"event_name":"Shining Light","player_choice":"Entered Light","floor":7.0,"gold_loss":0.0,"damage_taken":17.0,"cards_upgraded":["Omniscience","RingOfDestiny:Strike_SF"]}],"is_beta":false,"boss_relics":[{"not_picked":["Replay:Wanted Poster","Runic Dome"],"picked":"Calling Bell"},{"not_picked":[]},{"not_picked":["reliquary:ThirdArm","Empty Cage"],"picked":"hubris:BlackHole"},{"not_picked":[]}],"items_purged_floors":[5,21,45,53],"is_endless":false,"potions_floor_spawned":[1,6,10,11,14,16,20,23,25,28,29,31,40,46,54],"ascension_level":3}}