{"host":"qwb18rbrg3wnmsho","time":1614353488,"event":{"mods":["ATMod(°¢èªMod)","Act Like it!","BaseMod","BetterRewards","Gensokyo","Minty Spire (QoL Compilation)","Potion Indicator Mod","Quarter Circle Forward PUNCH!","Reliquary","Remilia£¨ÀÙÃ×ÀòÑÇ£©","Replay The Spire","StSLib","Wide Potions","[IsaacMod]ÒÔÈö¼âËþ"],"gold_per_floor":[113,113,126,126,140,140,175,175,175,205,205,19,32,61,61,137,137,156,174,191,44,59,59,152,182,235,235,262,290,310,324,324,395,395,408,408,420,436,436,436,436],"floor_reached":40,"language":"ZHS","playtime":2666,"items_purged":["Defend_RM","Defend_RM"],"score":983,"play_id":"595b55eb-2348-4b10-ac4b-c152510a3301","local_time":"20210226233128","is_ascension_mode":true,"campfire_choices":[{"floor":8.0,"key":"DIG"},{"data":"SuperhumanBloodyKnife","floor":11,"key":"SMITH"}],"circlet_count":0,"master_deck":["AscendersBane","Strike_RM+1","Strike_RM","Defend_RM","Defend_RM","RedMoon","ScarletShoot+1","AT_ChampionStep+1","SuperhumanBloodyKnife+1","CharismaGuard","ScarletSymphony","UnstableMagic","TransientEternity","BloodySeventeenLaser","VampireFantasy","ScarletGensokyo","Stigmanizer","BloodAndWine","BombardNight","KillingBlow","Replay:Bootleg Shield Generator"],"relics":["ScarletHat","HushsDoor","AT_ATBox","Replay:Baseball","D6","Replay:Multitool","UnicornStump","AT_BladeRuinedKing","BookOfRevelations","qcfpunch:White_Boots","SteamSale","Replay:Wax Seal","qcfpunch:Dark_Gi","AT_SunfireAegis","Whetstone","Pet Ghost","Vajra","qcfpunch:Red_Headband","Red Mask","qcfpunch:Extra_Skeleton","Cursed Key"],"acts_visited":["Exordium","TheCity","TheBeyond"],"potions_floor_usage":[14,16,22,38],"damage_taken":[{"damage":1.0,"enemies":"Small Slimes","floor":1.0,"turns":4.0},{"damage":3.0,"enemies":"Jaw Worm","floor":3.0,"turns":5.0},{"damage":4.0,"enemies":"Cultist","floor":5.0,"turns":5.0},{"damage":20.0,"enemies":"Lagavulin","floor":7.0,"turns":4.0},{"damage":0,"enemies":"Gremlin Nob","floor":10,"turns":5},{"damage":0,"enemies":"Looter","floor":13,"turns":2},{"damage":0,"enemies":"Lagavulin","floor":14,"turns":5},{"damage":0,"enemies":"The Guardian","floor":16,"turns":7},{"damage":0,"enemies":"Spheric Guardian","floor":18,"turns":3},{"damage":0,"enemies":"3 Byrds","floor":19,"turns":4},{"damage":0,"enemies":"3 Cultists","floor":20,"turns":6},{"damage":0,"enemies":"Snake Plant","floor":22,"turns":4},{"damage":0,"enemies":"Gremlin Leader","floor":25,"turns":2},{"damage":0,"enemies":"Replay:Snechameleon","floor":28,"turns":4},{"damage":0,"enemies":"Masked Bandits","floor":29,"turns":2},{"damage":0,"enemies":"Centurion and Healer","floor":30,"turns":2},{"damage":3,"enemies":"3 Cultists","floor":31,"turns":2},{"damage":0,"enemies":"3 Cultists","floor":32,"turns":2},{"damage":5,"enemies":"Collector","floor":33,"turns":3},{"damage":7,"enemies":"3 Darklings","floor":35,"turns":3},{"damage":0,"enemies":"Orb Walker","floor":37,"turns":1},{"damage":5,"enemies":"Spire Growth","floor":38,"turns":2},{"damage":72,"enemies":"R_Hoarder","floor":40,"turns":4}],"seed_played":"8164914314489023950","potions_obtained":[{"floor":3.0,"key":"FearPotion"},{"floor":14,"key":"Venom Potion"},{"floor":18,"key":"Block Potion"},{"floor":25,"key":"Explosive Potion"},{"floor":28,"key":"LifebloodPotion"},{"floor":31,"key":"Swift Potion"},{"floor":38,"key":"Fruit Juice"}],"is_trial":false,"path_per_floor":["M","?","M","?","M","R","E","R","T","E","R","$","M","E","R","B",null,"M","M","M","$","M","R","?","E","T","?","E","?","M","M","R","B",null,"M","?","M","M","?","E"],"character_chosen":"REMILIA","items_purchased":["SteamSale","Stigmanizer","AT_SunfireAegis"],"campfire_rested":0,"item_purchase_floors":[12,21,21],"current_hp_per_floor":[67,60,59,41,37,59,44,44,44,47,47,47,47,54,54,60,49,49,49,49,49,49,42,27,33,33,33,39,45,50,48,50,50,53,47,47,50,51,51,0,0],"gold":436,"neow_bonus":"RANDOM_COMMON_RELIC","is_daily":false,"chose_seed":false,"campfire_upgraded":1,"win_rate":0.0,"timestamp":1614353488,"path_taken":["M","?","M","?","M","R","E","R","T","E","R","$","M","E","R","BOSS","M","M","?","$","M","R","?","E","T","?","E","?","M","M","R","BOSS","M","?","M","M","?","E"],"items_purchased_type":["Relic","Card","Relic"],"build_version":"2020-12-22","purchased_purges":2,"victory":false,"max_hp_per_floor":[75,75,75,75,75,75,75,75,75,75,75,75,75,75,75,75,49,49,49,49,49,49,54,54,54,54,54,54,54,54,54,54,54,54,54,54,54,59,59,59,59],"card_choices":[{"not_picked":[],"picked":"Bomb","floor":0.0},{"not_picked":["ForbiddenFruit","EquivalentExchange"],"picked":"SuperhumanBloodyKnife","floor":1.0},{"not_picked":["ChainGang","VampireKiss"],"picked":"Bomb","floor":3.0},{"not_picked":["EndlessAdversity","BlasphemousPunishment","ForbiddenFruit"],"picked":"SKIP","floor":5.0},{"not_picked":["BombardNight","LeisurelyOfLord"],"picked":"CharismaGuard","floor":7.0},{"not_picked":["MastersStateliness","RedRainbow"],"picked":"ScarletSymphony","floor":10},{"not_picked":["ScarletDevil","FavorOfDestiny","TwelveNightmare"],"picked":"SKIP","floor":13},{"not_picked":["DevilSight","RedRainbow"],"picked":"UnstableMagic","floor":14},{"not_picked":["CurseOfVladTepes","TricksterDevil"],"picked":"BloodySeventeenLaser","floor":16},{"not_picked":["ScarletDevil","SuperhumanBloodyKnife"],"picked":"VampireFantasy","floor":18},{"not_picked":["VampireKiss","VampireSweep+1"],"picked":"ScarletGensokyo","floor":19},{"not_picked":["FavorOfDestiny","MastersStateliness","AfternoonTea"],"picked":"SKIP","floor":20},{"not_picked":["BloodyMagicSquare","VampireFantasy"],"picked":"BloodAndWine","floor":22},{"not_picked":["BlasphemousPunishment","ScarletDevil"],"picked":"BombardNight","floor":25},{"not_picked":["VampireKiss","ScarletSymphony","EmergencyRegeneration"],"picked":"SKIP","floor":28},{"not_picked":["DiffusionOfMisfortune","BlasphemousPunishment","Maim+1"],"picked":"SKIP","floor":30},{"not_picked":["AfternoonTea","BombardNight","UnstableMagic"],"picked":"SKIP","floor":31},{"not_picked":["ChaoticDestiny","CurseOfVladTepes"],"picked":"KillingBlow","floor":33},{"not_picked":["EmergencyRegeneration","NightLord","ScarletDevil"],"picked":"SKIP","floor":35},{"not_picked":["HandOfGreed","AT_LightSaberMaster"],"picked":"Replay:Bootleg Shield Generator","floor":36},{"not_picked":["RedRainbow","UnstableMagic"],"picked":"ScarletImprint","floor":37},{"not_picked":["BombardNight","BlasphemousPunishment","TwelveNightmare"],"picked":"SKIP","floor":38}],"player_experience":304632,"relics_obtained":[{"floor":7.0,"key":"UnicornStump"},{"floor":8.0,"key":"AT_BladeRuinedKing"},{"floor":9.0,"key":"BookOfRevelations"},{"floor":10,"key":"qcfpunch:White_Boots"},{"floor":14,"key":"Replay:Wax Seal"},{"floor":25,"key":"Whetstone"},{"floor":26,"key":"Pet Ghost"},{"floor":28,"key":"qcfpunch:Red_Headband"},{"floor":29,"key":"Red Mask"}],"event_choices":[{"cards_removed":["Strike_RM"],"damage_healed":0.0,"max_hp_gain":0.0,"max_hp_loss":0.0,"gold_gain":0.0,"event_name":"Golden Wing","player_choice":"Card Removal","floor":2.0,"gold_loss":0.0,"damage_taken":7.0},{"damage_healed":0.0,"max_hp_gain":0.0,"max_hp_loss":0.0,"gold_gain":0.0,"event_name":"Scrap Ooze","player_choice":"Success","floor":4.0,"gold_loss":0.0,"damage_taken":18.0,"relics_obtained":["Replay:Multitool"]},{"damage_healed":0,"gold_gain":0,"player_choice":"Shed Blood","damage_taken":12,"max_hp_gain":5,"max_hp_loss":0,"event_name":"Forgotten Altar","floor":23,"gold_loss":0},{"damage_healed":0,"gold_gain":0,"player_choice":"Gave Potion","damage_taken":0,"relics_obtained":["Vajra"],"max_hp_gain":0,"max_hp_loss":0,"event_name":"WeMeetAgain","floor":27,"gold_loss":0},{"damage_healed":0,"gold_gain":0,"player_choice":"Fought Bandits","damage_taken":0,"max_hp_gain":0,"max_hp_loss":0,"event_name":"Masked Bandits","floor":29,"gold_loss":0},{"damage_healed":0,"gold_gain":0,"player_choice":"Memory 1","damage_taken":0,"max_hp_gain":0,"max_hp_loss":0,"event_name":"SensoryStone","floor":36,"gold_loss":0},{"cards_removed":["ScarletImprint"],"damage_healed":0,"gold_gain":0,"player_choice":"Removed Attack","damage_taken":0,"max_hp_gain":0,"max_hp_loss":0,"event_name":"Falling","floor":39,"gold_loss":0}],"is_beta":false,"boss_relics":[{"not_picked":["Replay:Grab Bag","Replay:Drink Me"],"picked":"qcfpunch:Dark_Gi"},{"not_picked":[]},{"not_picked":["Calling Bell","Astrolabe"],"picked":"Cursed Key"},{"not_picked":[]}],"items_purged_floors":[12,21],"is_endless":false,"potions_floor_spawned":[3,7,14,18,20,25,28,29,31,33,38],"killed_by":"R_Hoarder","ascension_level":13}}