{"host":"gkh5j5k5w4qf7k7n","time":1614306559,"event":{"mods":["2.2 Compatiblity","AchievementEnabler","BaseMod","Colored Map","Colored Powertips","Duelist Mod","GifTheSpireLib","Keyboard Shortcuts","Minty Spire (QoL Compilation)","Quick Restart","Replay The Spire","StSLib","SuperFastMode","¡¼?Úª?ø«¡½REMEMod"],"gold_per_floor":[141,141,66,86,86,86,29,29,29,29,64,130,210,210,210,237,237,363,363,395,380,270,333,370,370,423,423,474,474,310,310,365,365,365,531,531,586,292,321,321,333,333],"floor_reached":41,"language":"KOR","playtime":3507,"items_purged":["theDuelist:Sparks","theDuelist:MightyWarrior","theDuelist:SuperheavySoulbuster"],"score":782,"play_id":"5bd902be-31b5-48d4-a463-eac1cc2506a1","local_time":"20210226112919","is_ascension_mode":true,"campfire_choices":[{"data":"theDuelist:WeaponChange","floor":6.0,"key":"SMITH"},{"data":"theDuelist:HardArmor","floor":10.0,"key":"SMITH"},{"floor":17.0,"key":"DIG"},{"data":"Deep Breath","floor":25.0,"key":"SMITH"},{"data":"theDuelist:WeaponChange","floor":27.0,"key":"SMITH"},{"data":"theDuelist:ImperialOrder","floor":31.0,"key":"SMITH"},{"data":"theDuelist:ImperialOrder","floor":34.0,"key":"SMITH"}],"circlet_count":0,"master_deck":["theDuelist:FeedbackWarrior+1","theDuelist:ImperialOrder+1","theDuelist:AgainstTheWind+1","theDuelist:FeedbackWarrior+1","theDuelist:HardArmor+1","theDuelist:SpiritForce+1","theDuelist:SuperheavySoulhorns","theDuelist:DarkCrusader","theDuelist:CommandKnight+1","theDuelist:CubicKarma","Deep Breath+1","theDuelist:MillenniumShield","theDuelist:WeaponChange+1","theDuelist:GoyoKing","AscendersBane","theDuelist:ImperialOrder+1","theDuelist:WeaponChange+1","theDuelist:CrystalBlessing+1"],"relics":["theDuelist:MillenniumPuzzle","theDuelist:CardPoolRelic","theDuelist:CardPoolBasicRelic","theDuelist:BoosterPackPoolRelic","theDuelist:CardPoolAddRelic","theDuelist:CardPoolMinusRelic","theDuelist:CardPoolSaveRelic","theDuelist:CardPoolOptionsRelic","REME_ComplimentaryCards","theDuelist:MillenniumPrayerbook","FossilizedHelix","REME_ArchaeologicalTools","Ice Cream","Kunai","Empty Cage","Nunchaku","MutagenicStrength","Ooze Armor","Medical Kit"],"acts_visited":["Exordium","TheCity","TheBeyond"],"potions_floor_usage":[35,37,41,41],"damage_taken":[{"damage":0.0,"enemies":"2 Louse","floor":1.0,"turns":1.0},{"damage":0.0,"enemies":"Cultist","floor":4.0,"turns":3.0},{"damage":0.0,"enemies":"Jaw Worm","floor":11.0,"turns":1.0},{"damage":0.0,"enemies":"Exordium Wildlife","floor":12.0,"turns":3.0},{"damage":3.0,"enemies":"3 Sentries","floor":13.0,"turns":4.0},{"damage":0.0,"enemies":"Blue Slaver","floor":16.0,"turns":3.0},{"damage":14.0,"enemies":"Fading Forest","floor":18.0,"turns":13.0},{"damage":15.0,"enemies":"3 Byrds","floor":20.0,"turns":4.0},{"damage":15.0,"enemies":"2 Thieves","floor":21.0,"turns":4.0},{"damage":2.0,"enemies":"Chosen and Byrds","floor":23.0,"turns":6.0},{"damage":0.0,"enemies":"Snecko","floor":24.0,"turns":7.0},{"damage":0.0,"enemies":"Centurion and Healer","floor":26.0,"turns":19.0},{"damage":10.0,"enemies":"Cultist and Chosen","floor":32.0,"turns":5.0},{"damage":15,"enemies":"Collector","floor":35,"turns":17},{"damage":6,"enemies":"3 Shapes","floor":37,"turns":6},{"damage":15,"enemies":"3 Darklings","floor":39,"turns":10},{"damage":34,"enemies":"Transient","floor":41,"turns":3}],"seed_played":"-5057791258963791270","potions_obtained":[{"floor":11.0,"key":"theDuelist:DebuffFuryPotion"},{"floor":12.0,"key":"theDuelist:SummonArmorPotion"},{"floor":23.0,"key":"StancePotion"},{"floor":37,"key":"Fire Potion"},{"floor":39,"key":"theDuelist:VampireVial"}],"is_trial":false,"path_per_floor":["M","?","$","M","?","R","$","T","T","R","M","M","E","PTL","PTL","M","R_BF","B",null,"M","M","?","M","M","R","M","R","T","?","$","R","M","?","R","B",null,"M","$","M","$","M"],"character_chosen":"THE_DUELIST","items_purchased":["theDuelist:HardArmor","theDuelist:ImperialOrder","Medical Kit"],"campfire_rested":0,"item_purchase_floors":[7,30,38],"current_hp_per_floor":[63,63,63,63,55,55,55,55,55,55,55,55,52,52,52,52,52,38,62,47,32,32,30,30,30,30,30,30,30,30,30,20,20,20,5,54,48,48,33,33,0,0],"gold":333,"neow_bonus":"UPGRADE_CARD","is_daily":false,"chose_seed":false,"campfire_upgraded":6,"win_rate":0.0,"timestamp":1614306559,"path_taken":["M","?","$","?","?","R","?","?","T","R","M","M","E","PTL","PTL","M","R_BF","BOSS","M","M","?","M","?","R","M","R","T","?","$","R","M","?","R","BOSS","M","$","M","$","M"],"items_purchased_type":["Card","Card","Relic"],"build_version":"2020-12-22","purchased_purges":3,"victory":false,"max_hp_per_floor":[70,70,70,70,70,70,70,70,70,70,70,70,70,70,70,70,70,70,70,70,70,70,70,70,70,70,70,70,70,70,70,70,70,70,70,70,70,70,70,70,70,70],"card_choices":[{"not_picked":["theDuelist:BullBlader","theDuelist:MightyWarrior","theDuelist:MeteorDestruction","theDuelist:GauntletWarrior"],"picked":"theDuelist:SuperheavySoulhorns","floor":1.0},{"not_picked":["theDuelist:ImperialOrder","theDuelist:ReinforceTruth","theDuelist:SuperheavySoulshield"],"picked":"theDuelist:WeaponChange","floor":4.0},{"not_picked":["theDuelist:GaiaFierce","theDuelist:FeedbackWarrior","theDuelist:Downbeat","theDuelist:Mudballman"],"picked":"theDuelist:AgainstTheWind","floor":11.0},{"not_picked":["theDuelist:GaiaFierce","theDuelist:GuardianOrder","theDuelist:ArmorBreaker","theDuelist:AssaultArmor","theDuelist:CommanderSwords"],"picked":"SKIP","floor":12.0},{"not_picked":["theDuelist:FeedbackWarrior","theDuelist:OnslaughtFireKings","theDuelist:CyberRaider","theDuelist:JudgeMan","theDuelist:ComboFighter"],"picked":"SKIP","floor":13.0},{"not_picked":["theDuelist:Hayate","theDuelist:SuperheavySwordsman","theDuelist:SuperheavySoulhorns","theDuelist:GauntletWarrior"],"picked":"theDuelist:DarkCrusader","floor":16.0},{"not_picked":["theDuelist:BrilliantSpark","theDuelist:HerculeanPower","theDuelist:GoyoKing","theDuelist:SuperheavyBenkei"],"picked":"theDuelist:MillenniumShield","floor":18.0},{"not_picked":["theDuelist:LightningBlade","theDuelist:BrilliantSpark","theDuelist:ValkMagnet","theDuelist:GridRod","theDuelist:ComboMaster"],"picked":"SKIP","floor":20.0},{"not_picked":["theDuelist:Sogen","theDuelist:CubicKarma","theDuelist:CommanderSwords+1"],"picked":"theDuelist:WeaponChange","floor":21.0},{"not_picked":["theDuelist:FightingSpirit","theDuelist:CrystalTree+1","theDuelist:LightningBlade","theDuelist:HeartUnderdog"],"picked":"theDuelist:SpiritForce+1","floor":23.0},{"not_picked":["Blind","HandOfGreed","Purity"],"picked":"Deep Breath","floor":24.0},{"not_picked":["theDuelist:SoldierLady+1","theDuelist:FeedbackWarrior","theDuelist:Hayate","theDuelist:SuperheavySoulbuster","theDuelist:MeteorDestruction"],"picked":"SKIP","floor":26.0},{"not_picked":["theDuelist:Sogen+1","theDuelist:CommanderSwords","theDuelist:SuperheavySoulshield"],"picked":"theDuelist:CubicKarma","floor":32.0},{"not_picked":["theDuelist:HeroRing","theDuelist:GlowingCrossbow","theDuelist:ElfLight","theDuelist:SuperheavyBenkei"],"picked":"theDuelist:GoyoKing","floor":35},{"not_picked":["theDuelist:LegendarySword","theDuelist:AssaultArmor+1","theDuelist:HerculeanPower+1","theDuelist:GlowingCrossbow+1"],"picked":"theDuelist:CrystalBlessing+1","floor":37},{"not_picked":["theDuelist:GoyoChaser","theDuelist:SuperheavyMagnet+1","theDuelist:SoldierLady","theDuelist:MeteorDestruction+1","theDuelist:CelticGuardian"],"picked":"SKIP","floor":39}],"player_experience":854273,"relics_obtained":[{"floor":8.0,"key":"FossilizedHelix"},{"floor":9.0,"key":"REME_ArchaeologicalTools"},{"floor":13.0,"key":"Ice Cream"},{"floor":17.0,"key":"Kunai"},{"floor":28.0,"key":"Nunchaku"}],"event_choices":[{"damage_healed":0.0,"max_hp_gain":0.0,"max_hp_loss":0.0,"gold_gain":0.0,"event_name":"Tomb of the Nameless","player_choice":"Leave","duelist":true,"floor":2.0,"gold_loss":0.0,"damage_taken":0.0},{"damage_healed":0.0,"max_hp_gain":0.0,"max_hp_loss":0.0,"gold_gain":0.0,"event_name":"Aknamkanon\u0027s Tomb","player_choice":"Dig - random Duelist relic","duelist":true,"floor":5.0,"gold_loss":0.0,"damage_taken":0.0},{"cards_removed":["theDuelist:CastleWalls"],"damage_healed":0.0,"max_hp_gain":0.0,"max_hp_loss":0.0,"gold_gain":0.0,"event_name":"Designer","player_choice":"Upgrade and Remove","floor":22.0,"gold_loss":110.0,"damage_taken":0.0,"cards_upgraded":["theDuelist:AgainstTheWind"]},{"cards_removed":["theDuelist:ColossalFighter"],"damage_healed":0.0,"max_hp_gain":0.0,"max_hp_loss":0.0,"gold_gain":0.0,"event_name":"Back to Basics","player_choice":"Elegance","floor":29.0,"gold_loss":0.0,"damage_taken":0.0},{"damage_healed":0.0,"max_hp_gain":0.0,"max_hp_loss":0.0,"gold_gain":0.0,"event_name":"Drug Dealer","player_choice":"Inject Mutagens","floor":33.0,"gold_loss":0.0,"damage_taken":0.0,"relics_obtained":["MutagenicStrength"]}],"is_beta":false,"boss_relics":[{"not_picked":["ChewingGum","Velvet Choker"],"picked":"Empty Cage"},{"not_picked":["Pandora\u0027s Box","Replay:Bronze Core"],"picked":"Ooze Armor"}],"items_purged_floors":[3,30,38],"is_endless":false,"potions_floor_spawned":[11,12,23,24,26,37,39],"killed_by":"Transient","ascension_level":20}}