{"host":"cykg0g4pphyxjwkn","time":1614370128,"event":{"mods":["AchievementEnabler","BaseMod","Bestiary","Colored Map","Colored Powertips","Curses Come First","Highlight Path","Minty Spire (QoL Compilation)","Relic Stats","StSLib","SuperFastMode"],"gold_per_floor":[114,114,132,143,155,180,180,180,180,180,197,215,230,230,230,334,334,353,16,26,26,26,59,25,39,39,39,39],"floor_reached":27,"language":"ENG","playtime":1240,"items_purged":["Strike_B"],"score":235,"play_id":"ae219962-6cf7-40d1-86a8-1293ea7575ec","local_time":"20210226150848","is_ascension_mode":false,"campfire_choices":[{"data":"Darkness","floor":7,"key":"SMITH"},{"data":"Redo","floor":10,"key":"SMITH"},{"floor":15,"key":"REST"}],"circlet_count":0,"master_deck":["Strike_B","Strike_B","Strike_B","Defend_B","Defend_B","Defend_B","Defend_B","Zap","Dualcast","Capacitor","Hologram","Redo+1","Conserve Battery","Sweeping Beam","Darkness+1","Compile Driver+1","Conserve Battery","Genetic Algorithm","Loop","Core Surge+1","Glacier","Barrage+1","Defragment","Chill+1"],"relics":["Cracked Core","Eternal Feather","Molten Egg 2","Bottled Tornado","Nuclear Battery","Toxic Egg 2","Shuriken","Smiling Mask","PreservedInsect"],"acts_visited":["Exordium","TheCity"],"potions_floor_usage":[4,13,16,23,23],"damage_taken":[{"damage":0.0,"enemies":"Small Slimes","floor":1.0,"turns":3.0},{"damage":0.0,"enemies":"Cultist","floor":3.0,"turns":4.0},{"damage":5,"enemies":"Jaw Worm","floor":4,"turns":4},{"damage":13,"enemies":"Red Slaver","floor":5,"turns":4},{"damage":33,"enemies":"Gremlin Nob","floor":6,"turns":4},{"damage":19,"enemies":"Exordium Thugs","floor":11,"turns":4},{"damage":9,"enemies":"Exordium Wildlife","floor":12,"turns":4},{"damage":12,"enemies":"Gremlin Gang","floor":13,"turns":4},{"damage":41,"enemies":"The Guardian","floor":16,"turns":8},{"damage":16,"enemies":"Chosen","floor":18,"turns":6},{"damage":10,"enemies":"Shell Parasite","floor":20,"turns":6},{"damage":37,"enemies":"Book of Stabbing","floor":23,"turns":7},{"damage":4,"enemies":"Sentry and Sphere","floor":25,"turns":6},{"damage":18,"enemies":"Shelled Parasite and Fungi","floor":27,"turns":3}],"seed_played":"-6002117460867756370","potions_obtained":[{"floor":1.0,"key":"AttackPotion"},{"floor":3.0,"key":"DuplicationPotion"},{"floor":6,"key":"Fruit Juice"},{"floor":11,"key":"Strength Potion"},{"floor":16,"key":"SkillPotion"},{"floor":20,"key":"LiquidBronze"}],"is_trial":false,"path_per_floor":["M","?","M","M","M","E","R","?","T","R","M","M","M","?","R","B",null,"M","$","M","$","T","E","$","M","T","M"],"character_chosen":"DEFECT","items_purchased":["Toxic Egg 2","Chill+1"],"campfire_rested":1,"item_purchase_floors":[19,24],"current_hp_per_floor":[75,80,80,75,62,29,38,38,38,47,28,19,7,7,43,2,80,64,64,54,54,54,17,17,13,13,0,0],"gold":39,"neow_bonus":"THREE_CARDS","is_daily":false,"chose_seed":false,"campfire_upgraded":2,"win_rate":0.0,"timestamp":1614370128,"path_taken":["M","?","M","M","M","E","R","?","T","R","M","?","M","?","R","BOSS","M","$","M","?","?","E","?","?","T","M"],"items_purchased_type":["Relic","Card"],"build_version":"2020-12-22","purchased_purges":1,"victory":false,"max_hp_per_floor":[75,80,80,80,80,80,80,80,80,80,80,80,80,80,80,80,80,80,80,80,80,80,80,80,80,80,80,80],"relic_stats":{"counters":[14,66],"Shuriken":[2],"Eternal Feather":30,"PreservedInsect":0,"Smiling Mask":0,"obtain_stats":[{"Shuriken":22,"Eternal Feather":6,"Molten Egg 2":8,"PreservedInsect":26,"Bottled Tornado":9,"Toxic Egg 2":19,"Cracked Core":0,"Smiling Mask":23,"Nuclear Battery":17},{"Shuriken":11,"Eternal Feather":5,"Molten Egg 2":5,"PreservedInsect":13,"Bottled Tornado":5,"Toxic Egg 2":10,"Cracked Core":0,"Smiling Mask":12,"Nuclear Battery":9},{"Shuriken":50,"Eternal Feather":19,"Molten Egg 2":19,"PreservedInsect":63,"Bottled Tornado":19,"Toxic Egg 2":44,"Cracked Core":0,"Smiling Mask":57,"Nuclear Battery":39}]},"card_choices":[{"not_picked":["Recycle","Consume"],"picked":"Capacitor","floor":0.0},{"not_picked":["Storm","Go for the Eyes"],"picked":"Hologram","floor":1.0},{"not_picked":["Capacitor","Aggregate"],"picked":"Redo","floor":3.0},{"not_picked":["Stack","Multi-Cast"],"picked":"Conserve Battery","floor":4},{"not_picked":["Streamline","Lockon"],"picked":"Sweeping Beam","floor":5},{"not_picked":["Ball Lightning","Recycle"],"picked":"Darkness","floor":6},{"not_picked":["Chill","Auto Shields"],"picked":"Compile Driver+1","floor":11},{"not_picked":["Lockon+1","Auto Shields"],"picked":"Conserve Battery","floor":12},{"not_picked":["Gash+1","Beam Cell+1"],"picked":"Genetic Algorithm","floor":13},{"not_picked":["Thunder Strike+1","Hyperbeam+1"],"picked":"Core Surge+1","floor":16},{"not_picked":["Barrage+1","Go for the Eyes+1"],"picked":"Glacier","floor":18},{"not_picked":["Steam+1","Sweeping Beam+1"],"picked":"Barrage+1","floor":20},{"not_picked":["Skim+1","FTL+1"],"picked":"Defragment","floor":23},{"not_picked":["Steam+1","Reprogram+1","Conserve Battery+1"],"picked":"SKIP","floor":25}],"player_experience":50841,"relics_obtained":[{"floor":6,"key":"Eternal Feather"},{"floor":9,"key":"Bottled Tornado"},{"floor":22,"key":"Shuriken"},{"floor":23,"key":"Smiling Mask"},{"floor":26,"key":"PreservedInsect"}],"event_choices":[{"damage_healed":0.0,"max_hp_gain":5.0,"max_hp_loss":0.0,"gold_gain":0.0,"event_name":"Big Fish","player_choice":"Donut","floor":2.0,"gold_loss":0.0,"damage_taken":0.0},{"damage_healed":0,"gold_gain":0,"player_choice":"Gave Potion","damage_taken":0,"relics_obtained":["Molten Egg 2"],"max_hp_gain":0,"max_hp_loss":0,"event_name":"WeMeetAgain","floor":8,"gold_loss":0},{"damage_healed":0,"gold_gain":0,"player_choice":"1 cards matched","damage_taken":0,"max_hp_gain":0,"max_hp_loss":0,"event_name":"Match and Keep!","floor":14,"gold_loss":0,"cards_obtained":["Loop"]}],"is_beta":false,"boss_relics":[{"not_picked":["Black Star","Coffee Dripper"],"picked":"Nuclear Battery"}],"items_purged_floors":[19],"is_endless":false,"potions_floor_spawned":[1,3,6,11,16,20],"killed_by":"Shelled Parasite and Fungi","ascension_level":0}}