{"host":"w11d5xug8ost5klq","time":1614372035,"event":{"mods":["100% Spire Juice","2.2 Compatiblity","BaseMod","Better Third Choice","Emptier Cage","Highlight Path","KinomotoSakuraMod(????)","Minty Spire (QoL Compilation)","Quick Restart","Reliquary","Shapeshifter Mod","Spicy Shops","StSLib","The Alterego","The Hierophant","WarShipGirlsR/????R mod"],"gold_per_floor":[111,129,142,158,1,45,45,83,110,158,158,158,158],"floor_reached":12,"language":"ENG","playtime":604,"items_purged":[],"score":111,"play_id":"30f61814-45de-4aaa-992b-d44b55036c63","local_time":"20210226144035","is_ascension_mode":true,"campfire_choices":[{"data":"hierophant:Punish","floor":7,"key":"SMITH"},{"data":"hierophant:Refuge","floor":11,"key":"SMITH"}],"circlet_count":0,"master_deck":["hierophant:Strike_Hierophant","hierophant:Strike_Hierophant","hierophant:Strike_Hierophant","hierophant:Strike_Hierophant","hierophant:Punish+1","hierophant:Defend_Hierophant","hierophant:Defend_Hierophant","hierophant:Defend_Hierophant","hierophant:Defend_Hierophant","hierophant:ChurchCoffers+1","hierophant:PassingBell","hierophant:OrnateBuckler","hierophant:MintersHammer","hierophant:RustyCrate","hierophant:Doubloon+1","hierophant:Doubloon+1","hierophant:Refuge+1","hierophant:Doubloon+1","hierophant:Doubloon+1"],"relics":["hierophant:PropheticMaskRelic","Girya","reliquary:ExpiredCoupon"],"acts_visited":["Exordium"],"potions_floor_usage":[3,8,12,12],"damage_taken":[{"damage":1,"enemies":"Cultist","floor":1,"turns":3},{"damage":0,"enemies":"Jaw Worm","floor":2,"turns":3},{"damage":0,"enemies":"2 Louse","floor":3,"turns":2},{"damage":18,"enemies":"Large Slime","floor":4,"turns":9},{"damage":9,"enemies":"3 Sentries","floor":6,"turns":6},{"damage":3,"enemies":"2 Fungi Beasts","floor":8,"turns":2},{"damage":5,"enemies":"Looter","floor":10,"turns":2},{"damage":55,"enemies":"Lagavulin","floor":12,"turns":11}],"seed_played":"-5471376960147563134","potions_obtained":[{"floor":2,"key":"EssenceOfSteel"},{"floor":3,"key":"Fruit Juice"},{"floor":8,"key":"GamblersBrew"},{"floor":10,"key":"Energy Potion"}],"is_trial":false,"path_per_floor":["M","M","M","M","$","E","R","M","T","M","R","E"],"character_chosen":"HIEROPHANT","items_purchased":["hierophant:RustyCrate","hierophant:Refuge"],"campfire_rested":0,"item_purchase_floors":[5,5],"current_hp_per_floor":[74,74,79,61,61,52,52,49,49,44,44,0,0],"gold":158,"neow_bonus":"UPGRADE_CARD","is_daily":false,"chose_seed":false,"campfire_upgraded":2,"win_rate":0.0,"timestamp":1614372035,"path_taken":["M","?","M","M","$","E","R","M","T","M","R","E"],"items_purchased_type":["Card","Card"],"build_version":"2020-12-22","purchased_purges":0,"victory":false,"max_hp_per_floor":[75,75,80,80,80,80,80,80,80,80,80,80,80],"card_choices":[{"not_picked":["hierophant:FieryStrike","hierophant:Encroach"],"picked":"hierophant:PassingBell","floor":1},{"not_picked":["hierophant:HammerAndAnvil","hierophant:Flagellation","hierophant:Smite"],"picked":"SKIP","floor":2},{"not_picked":["hierophant:Sermon","hierophant:SealAway"],"picked":"hierophant:OrnateBuckler","floor":3},{"not_picked":["hierophant:Bribe","hierophant:HammerAndAnvil"],"picked":"hierophant:MintersHammer","floor":4},{"not_picked":["hierophant:Prophecy","hierophant:Patience","hierophant:Encroach"],"picked":"SKIP","floor":6},{"not_picked":["hierophant:Bribe","hierophant:Glossolalia"],"picked":"hierophant:Doubloon","floor":8},{"not_picked":["hierophant:Smite","hierophant:Sermon","hierophant:HolyVerse"],"picked":"SKIP","floor":10}],"player_experience":145747,"relics_obtained":[{"floor":6,"key":"Girya"},{"floor":9,"key":"reliquary:ExpiredCoupon"}],"event_choices":[],"is_beta":false,"boss_relics":[],"items_purged_floors":[],"is_endless":false,"potions_floor_spawned":[2,3,8,10],"killed_by":"Lagavulin","ascension_level":1}}