{"host":"wq0pzln9h9r005f2","time":1614368782,"event":{"mods":["AchievementEnabler","BaseMod","BetterRewards","Googly Eyes","Highlight Path","Minty Spire (QoL Compilation)","Permanent Neow","Quick Restart","Rare Cards Sparkle","Relic Stats","StSLib","SuperFastMode","The IronCluck","egg"],"gold_per_floor":[133,164,164,203,203,234,234,234,234,12,22,64,64,64,64,165,165,204,215,229,144,155,155,155,155],"floor_reached":24,"language":"ENG","playtime":637,"items_purged":["Defend_G"],"score":218,"play_id":"9d040d77-4310-4b4b-ac63-44fe649032be","local_time":"20210226124622","is_ascension_mode":true,"campfire_choices":[{"floor":8,"key":"REST"},{"floor":15,"key":"DIG"},{"floor":23,"key":"DIG"}],"circlet_count":0,"master_deck":["Strike_G","Strike_G","Strike_G","Strike_G","Strike_G","Defend_G","Defend_G","Defend_G","Defend_G","Survivor","Neutralize","HandOfGreed+1","Deadly Poison","Bouncing Flask","Calculated Gamble","Acrobatics","Corpse Explosion","Noxious Fumes","Adrenaline","Blur+1","Backflip+1"],"relics":["Ring of the Serpent","Tough Bandages","Shovel","Pantograph","Boot","MealTicket"],"acts_visited":["Exordium","TheCity"],"potions_floor_usage":[6,16,18,24,24,24],"damage_taken":[{"damage":1,"enemies":"Cultist","floor":1,"turns":3},{"damage":1,"enemies":"2 Louse","floor":2,"turns":2},{"damage":3,"enemies":"Jaw Worm","floor":4,"turns":4},{"damage":38,"enemies":"Gremlin Nob","floor":6,"turns":5},{"damage":2,"enemies":"2 Fungi Beasts","floor":11,"turns":3},{"damage":12,"enemies":"Lots of Slimes","floor":12,"turns":2},{"damage":17,"enemies":"Slime Boss","floor":16,"turns":6},{"damage":0,"enemies":"3 Byrds","floor":18,"turns":3},{"damage":1,"enemies":"Spheric Guardian","floor":19,"turns":4},{"damage":12,"enemies":"Snake Plant","floor":20,"turns":4},{"damage":16,"enemies":"Centurion and Healer","floor":22,"turns":4},{"damage":52,"enemies":"Slavers","floor":24,"turns":3}],"seed_played":"-6308619835074118651","potions_obtained":[{"floor":4,"key":"Block Potion"},{"floor":11,"key":"Swift Potion"},{"floor":12,"key":"Strength Potion"},{"floor":16,"key":"Block Potion"},{"floor":19,"key":"Ancient Potion"},{"floor":20,"key":"SkillPotion"}],"is_trial":false,"path_per_floor":["M","M","?","M","?","E","?","R","T","$","M","M","?","$","R","B",null,"M","M","M","?","M","R","E"],"character_chosen":"THE_SILENT","items_purchased":["Corpse Explosion"],"campfire_rested":1,"item_purchase_floors":[10],"current_hp_per_floor":[69,68,68,65,65,27,27,48,48,48,46,34,39,39,39,47,75,75,74,62,62,46,46,0,0],"gold":155,"neow_bonus":"RANDOM_COLORLESS_2","is_daily":false,"chose_seed":false,"campfire_upgraded":0,"win_rate":0.0,"timestamp":1614368782,"path_taken":["M","?","?","M","?","E","?","R","T","$","?","M","?","?","R","BOSS","M","M","?","?","M","R","E"],"items_purchased_type":["Card"],"build_version":"2020-12-22","purchased_purges":1,"victory":false,"max_hp_per_floor":[70,70,70,70,70,70,70,70,70,70,70,70,75,75,75,75,75,75,75,75,75,75,75,75,75],"relic_stats":{"Tough Bandages":[120],"Shovel":2,"counters":[12,43],"Pantograph":25,"MealTicket":0,"Boot":[6],"obtain_stats":[{"Tough Bandages":6,"Shovel":9,"Pantograph":15,"MealTicket":23,"Boot":21,"Ring of the Serpent":17,"Ring of the Snake":0},{"Tough Bandages":4,"Shovel":4,"Pantograph":6,"MealTicket":11,"Boot":10,"Ring of the Serpent":7,"Ring of the Snake":0},{"Tough Bandages":14,"Shovel":14,"Pantograph":19,"MealTicket":40,"Boot":36,"Ring of the Serpent":25,"Ring of the Snake":0}]},"card_choices":[{"not_picked":["Magnetism","Secret Weapon"],"picked":"HandOfGreed","floor":0},{"not_picked":["Underhanded Strike","Escape Plan"],"picked":"Deadly Poison","floor":1},{"not_picked":["Deadly Poison","Caltrops"],"picked":"Bouncing Flask","floor":2},{"not_picked":["Footwork","Deadly Poison"],"picked":"Calculated Gamble","floor":4},{"not_picked":["Deadly Poison","Poisoned Stab"],"picked":"Acrobatics","floor":6},{"not_picked":["Bane","Prepared"],"picked":"Noxious Fumes","floor":11},{"not_picked":["Dodge and Roll","Deadly Poison","Dagger Spray"],"picked":"SKIP","floor":12},{"not_picked":["Doppelganger","A Thousand Cuts"],"picked":"Adrenaline","floor":16},{"not_picked":["Skewer","Dash","Dagger Throw+1"],"picked":"SKIP","floor":18},{"not_picked":["Dagger Throw+1","Finisher"],"picked":"Blur+1","floor":19},{"not_picked":["Endless Agony","Deflect"],"picked":"Backflip+1","floor":20},{"not_picked":["Deflect","Flying Knee","Bane"],"picked":"SKIP","floor":22}],"player_experience":13145,"relics_obtained":[{"floor":6,"key":"Tough Bandages"},{"floor":9,"key":"Shovel"},{"floor":15,"key":"Pantograph"},{"floor":23,"key":"MealTicket"}],"event_choices":[{"cards_removed":["Shame"],"damage_healed":0,"gold_gain":0,"player_choice":"Forget","damage_taken":0,"max_hp_gain":0,"max_hp_loss":0,"event_name":"Living Wall","floor":3,"gold_loss":0},{"damage_healed":0,"gold_gain":0,"player_choice":"Ignored","damage_taken":0,"max_hp_gain":0,"max_hp_loss":0,"event_name":"Golden Idol","floor":5,"gold_loss":0},{"damage_healed":0,"gold_gain":0,"player_choice":"Upgraded","damage_taken":0,"max_hp_gain":0,"max_hp_loss":0,"event_name":"Upgrade Shrine","floor":7,"gold_loss":0,"cards_upgraded":["HandOfGreed"]},{"damage_healed":0,"gold_gain":0,"player_choice":"Donut","damage_taken":0,"max_hp_gain":5,"max_hp_loss":0,"event_name":"Big Fish","floor":13,"gold_loss":0},{"damage_healed":0,"gold_gain":0,"player_choice":"Obtained Relic","damage_taken":0,"relics_obtained":["Boot"],"max_hp_gain":0,"max_hp_loss":0,"event_name":"Addict","floor":21,"gold_loss":85}],"is_beta":false,"boss_relics":[{"not_picked":["Velvet Choker","Coffee Dripper"],"picked":"Ring of the Serpent"}],"items_purged_floors":[10],"is_endless":false,"potions_floor_spawned":[4,11,12,16,19,20],"killed_by":"Slavers","ascension_level":2}}