{"host":"ggy1mjjy92c62u6a","time":1614316707,"event":{"mods":["10 clothes from DAL","ATMod(阿瑾Mod)","Act Like it!","BaseMod","Colored Powertips","GifTheSpireLib","Infinite Spire","Library of Ruina","Library of Ruina Extra","Lobotomy","LobotomyExtend","Marisa（F雨　魔理沙）","Minty Spire (QoL Compilation)","Quick Restart","Relic Filter Mod","Relic Stats","Reliquary","Remilia（蕾米莉亚）","Replay The Spire","RumiaBox-露米娅的神秘盒子","Shop Mod","Spicy Shops","StSLib","SuperFastMode","Youmu（魂魄妖梦）","[功能]功能增强和修复MOD","【功能Mod】混沌之环修复补丁","【遗物Mod】死灵法师NEW","【遗物卡牌】REMEMod"],"gold_per_floor":[119,119,18,7,7,7,40,42,42,42,60,88,88,121,121,121,121],"floor_reached":16,"language":"ZHS","playtime":391,"items_purged":[],"score":157,"play_id":"07375471-3d3c-4b18-9c4b-ca72c861d01b","local_time":"20210226131827","is_ascension_mode":true,"campfire_choices":[{"data":"ChainGang","floor":6.0,"key":"SMITH"},{"floor":13,"key":"REST"},{"data":"Strike_RM","floor":15,"key":"PURGE"}],"circlet_count":0,"master_deck":["Strike_RM","Strike_RM","Strike_RM","Defend_RM","Defend_RM","Defend_RM","RedMoon","ScarletShoot","AT_ChampionStep","ForbiddenFruit","Defend_RM","ChainGang+1","EmergencyRegeneration","NightDance","EternalNight","RedMagic","DemonKingCradle","NightDance","ScarletDevilSign","ReincarnationDial"],"relics":["ScarletHat","REME_ComplimentaryCards","AT_ATBox","CogitoBucket","Baka","Orrery","LetterFromLob","PageOfTheQueenOfHatred","PageOfTheKnightOfDespair","PageOfGreed","PageOfWrath"],"acts_visited":["Exordium"],"potions_floor_usage":[16,16],"damage_taken":[{"damage":0.0,"enemies":"2 Louse","floor":1.0,"turns":3.0},{"damage":4.0,"enemies":"Small Slimes","floor":4.0,"turns":2.0},{"damage":14.0,"enemies":"3 Sentries","floor":7.0,"turns":4.0},{"damage":5.0,"enemies":"Jaw Worm","floor":8.0,"turns":2.0},{"damage":11,"enemies":"Large Slime","floor":11,"turns":3},{"damage":30,"enemies":"Gremlin Nob","floor":12,"turns":5},{"damage":55,"enemies":"3 Sentries","floor":14,"turns":2},{"damage":122,"enemies":"The Guardian","floor":16,"turns":4}],"seed_played":"-7247160005403079179","potions_obtained":[{"floor":7.0,"key":"Regen Potion"},{"floor":11,"key":"DuplicationPotion"}],"is_trial":false,"path_per_floor":["M","?","$","M","?","R","E","M","T","?","M","E","R","E","R","B"],"character_chosen":"REMILIA","items_purchased":["Orrery"],"campfire_rested":1,"item_purchase_floors":[3],"current_hp_per_floor":[75,68,68,64,64,64,52,47,47,47,37,8,30,25,25,0,0],"gold":121,"neow_bonus":"","is_daily":false,"chose_seed":false,"campfire_upgraded":1,"win_rate":0.0,"timestamp":1614316707,"path_taken":["M","?","$","M","?","R","E","M","T","?","M","E","R","E","R","BOSS"],"items_purchased_type":["Relic"],"build_version":"2020-12-22","purchased_purges":0,"victory":false,"max_hp_per_floor":[75,75,75,75,75,75,75,75,75,75,75,75,75,75,75,75,75],"relic_stats":{"counters":[8,25],"obtain_stats":[{"PageOfGreed":12,"PageOfWrath":14,"PageOfTheQueenOfHatred":7,"CogitoBucket":0,"AT_ATBox":0,"PageOfTheKnightOfDespair":9,"Orrery":3,"Baka":1,"LetterFromLob":4,"ScarletHat":0,"REME_ComplimentaryCards":0},{"PageOfGreed":6,"PageOfWrath":7,"PageOfTheQueenOfHatred":3,"CogitoBucket":0,"AT_ATBox":0,"PageOfTheKnightOfDespair":4,"Orrery":1,"Baka":1,"LetterFromLob":2,"ScarletHat":0,"REME_ComplimentaryCards":0},{"PageOfGreed":19,"PageOfWrath":21,"PageOfTheQueenOfHatred":9,"CogitoBucket":0,"AT_ATBox":0,"PageOfTheKnightOfDespair":11,"Orrery":3,"Baka":3,"LetterFromLob":5,"ScarletHat":0,"REME_ComplimentaryCards":0}]},"card_choices":[{"not_picked":["StarOfDavid","MiserableFate"],"picked":"ForbiddenFruit","floor":1.0},{"not_picked":["RedRainbow","VampirishNight"],"picked":"ChainGang","floor":3.0},{"not_picked":["KillingBlow","StarOfDavid"],"picked":"EmergencyRegeneration","floor":3.0},{"not_picked":["ForbiddenFruit","RedRainbow"],"picked":"NightDance","floor":3.0},{"not_picked":["BloodHunter","VampireKiss"],"picked":"EternalNight","floor":3.0},{"not_picked":["DiffusionOfMisfortune","RedRainbow"],"picked":"RedMagic","floor":4.0},{"not_picked":["UnstableMagic","UnderTheZenith"],"picked":"DemonKingCradle","floor":7.0},{"not_picked":["UnderTheZenith","StarOfDavid","BombardNight"],"picked":"SKIP","floor":8.0},{"not_picked":["UnderTheZenith","RedRainbow"],"picked":"NightDance","floor":11},{"not_picked":["VampireSweep","NightLord"],"picked":"ScarletDevilSign","floor":12},{"not_picked":["MastersStateliness","VampireClaw"],"picked":"ReincarnationDial","floor":14}],"player_experience":162154,"relics_obtained":[{"floor":1.0,"key":"Baka"},{"floor":4.0,"key":"LetterFromLob"},{"floor":7.0,"key":"PageOfTheQueenOfHatred"},{"floor":9.0,"key":"PageOfTheKnightOfDespair"},{"floor":12,"key":"PageOfGreed"},{"floor":14,"key":"PageOfWrath"}],"event_choices":[],"is_beta":false,"boss_relics":[],"items_purged_floors":[],"is_endless":false,"potions_floor_spawned":[4,7,11],"killed_by":"The Guardian","ascension_level":2}}