{"host":"cbu6enf2xtq4r7r3","time":1614355637,"event":{"mods":["2.2 Compatiblity","AlwaysNeverKeys","BaseMod","Better Match","Better Note","Better Sensory Stone","Better Skull","Better Third Choice","Colored Map","Colored Powertips","Defuse TimeMaze Blight","Emptier Cage","Minty Spire (QoL Compilation)","Permanent Neow","Quick Restart","Random Character Button","Relic Sorter","Reorder Act Four","Shop Mod","StSLib"],"gold_per_floor":[109,109,209,223,239,274,291,335,360,404,422,464,489,513,513,625,625,649,668,686,173,187,223,223,260,260,260,260],"floor_reached":27,"language":"ENG","playtime":941,"items_purged":["Strike_B"],"score":328,"play_id":"1bdde20f-daab-46d0-8ebf-afbd524833c3","local_time":"20210226170717","is_ascension_mode":true,"campfire_choices":[{"data":"Defragment","floor":15,"key":"SMITH"}],"circlet_count":0,"master_deck":["Strike_B+1","Strike_B+1","Strike_B","Defend_B","Defend_B","Defend_B","Defend_B","Zap","Undo","Barrage","Ball Lightning","Ball Lightning","BootSequence","Capacitor","Conserve Battery","Defragment+1","Force Field","Leap","Biased Cognition","Coolheaded+1","Genetic Algorithm+1","Cold Snap"],"relics":["Cracked Core","Ancient Tea Set","CeramicFish","Lantern","Bag of Preparation","Bottled Tornado","Sozu","DataDisk","OrangePellets","MerchantsRug","Mercury Hourglass","Whetstone","Dead Branch"],"acts_visited":["Exordium","TheCity"],"potions_floor_usage":[16],"damage_taken":[{"damage":0,"enemies":"Cultist","floor":1,"turns":4},{"damage":0,"enemies":"Small Slimes","floor":4,"turns":4},{"damage":0,"enemies":"2 Louse","floor":5,"turns":4},{"damage":3,"enemies":"Gremlin Nob","floor":6,"turns":3},{"damage":0,"enemies":"Lots of Slimes","floor":7,"turns":1},{"damage":18,"enemies":"3 Sentries","floor":8,"turns":5},{"damage":18,"enemies":"Lagavulin","floor":10,"turns":7},{"damage":0,"enemies":"2 Fungi Beasts","floor":11,"turns":2},{"damage":14,"enemies":"Gremlin Nob","floor":12,"turns":3},{"damage":0,"enemies":"3 Louse","floor":13,"turns":3},{"damage":0,"enemies":"Looter","floor":14,"turns":2},{"damage":6,"enemies":"Hexaghost","floor":16,"turns":8},{"damage":18,"enemies":"Shell Parasite","floor":18,"turns":5},{"damage":0,"enemies":"Chosen","floor":19,"turns":3},{"damage":0,"enemies":"3 Cultists","floor":20,"turns":5},{"damage":0,"enemies":"Snake Plant","floor":22,"turns":3},{"damage":35,"enemies":"Gremlin Leader","floor":23,"turns":5},{"damage":11,"enemies":"Book of Stabbing","floor":25,"turns":5}],"seed_played":"8545144513126956734","potions_obtained":[{"floor":1,"key":"Regen Potion"},{"floor":7,"key":"Ancient Potion"},{"floor":13,"key":"CultistPotion"},{"floor":14,"key":"FocusPotion"},{"floor":16,"key":"EntropicBrew"}],"is_trial":false,"path_per_floor":["M","?","?","M","M","E","M","E","T","E","M","E","M","M","R","B",null,"M","M","M","$","M","E","?","E","T","?"],"character_chosen":"DEFECT","items_purchased":["DataDisk","OrangePellets","MerchantsRug"],"campfire_rested":0,"item_purchase_floors":[21,21,21],"current_hp_per_floor":[82,75,75,75,75,72,72,54,54,36,36,22,22,22,22,31,82,64,64,64,64,64,29,29,18,18,2,2],"gold":260,"neow_bonus":"TEN_PERCENT_HP_BONUS","is_daily":false,"chose_seed":false,"campfire_upgraded":1,"win_rate":0.0,"timestamp":1614355637,"path_taken":["M","?","?","M","M","E","M","E","T","E","?","E","M","M","R","BOSS","M","M","?","$","M","E","?","E","T","?"],"items_purchased_type":["Relic","Relic","Relic"],"build_version":"2020-12-22","purchased_purges":1,"victory":false,"max_hp_per_floor":[82,82,82,82,82,82,82,82,82,82,82,82,82,82,82,82,82,82,82,82,82,82,82,82,82,82,87,87],"card_choices":[{"not_picked":["Auto Shields","Chill"],"picked":"Undo","floor":1},{"not_picked":["Redo","Sweeping Beam"],"picked":"Barrage","floor":4},{"not_picked":["Beam Cell","Compile Driver","Stack"],"picked":"SKIP","floor":5},{"not_picked":["Coolheaded","Stack"],"picked":"Gash","floor":6},{"not_picked":["Capacitor","Turbo"],"picked":"BootSequence","floor":7},{"not_picked":["Coolheaded","Sunder"],"picked":"Capacitor","floor":8},{"not_picked":["Capacitor","Darkness"],"picked":"Conserve Battery","floor":10},{"not_picked":["Darkness","Stack","Tempest"],"picked":"SKIP","floor":11},{"not_picked":["Coolheaded","Double Energy"],"picked":"Defragment","floor":12},{"not_picked":["Compile Driver","Coolheaded"],"picked":"Force Field","floor":13},{"not_picked":["Hologram","Beam Cell"],"picked":"Leap","floor":14},{"not_picked":["Machine Learning","Hyperbeam"],"picked":"Biased Cognition","floor":16},{"not_picked":["Conserve Battery","Ball Lightning"],"picked":"Coolheaded+1","floor":18},{"not_picked":["Compile Driver","Ball Lightning","Darkness"],"picked":"SKIP","floor":19},{"not_picked":["Sweeping Beam","Barrage","Double Energy"],"picked":"SKIP","floor":20},{"not_picked":["Hologram","Beam Cell","Gash+1"],"picked":"SKIP","floor":22},{"not_picked":["Leap","Hyperbeam"],"picked":"Genetic Algorithm+1","floor":23},{"not_picked":["Scrape","Lockon"],"picked":"Cold Snap","floor":25}],"player_experience":171288,"relics_obtained":[{"floor":6,"key":"Ancient Tea Set"},{"floor":8,"key":"CeramicFish"},{"floor":9,"key":"Lantern"},{"floor":10,"key":"Bag of Preparation"},{"floor":12,"key":"Bottled Tornado"},{"floor":23,"key":"Mercury Hourglass"},{"floor":25,"key":"Whetstone"},{"floor":26,"key":"Dead Branch"}],"event_choices":[{"cards_removed":["Dualcast"],"damage_healed":0,"gold_gain":0,"player_choice":"Card Removal","damage_taken":7,"max_hp_gain":0,"max_hp_loss":0,"event_name":"Golden Wing","floor":2,"gold_loss":0},{"damage_healed":0,"gold_gain":100,"player_choice":"Pray","damage_taken":0,"max_hp_gain":0,"max_hp_loss":0,"event_name":"Golden Shrine","floor":3,"gold_loss":0},{"damage_healed":0,"gold_gain":0,"player_choice":"Ignored","damage_taken":0,"max_hp_gain":0,"max_hp_loss":0,"event_name":"betterNote:BetterNote","floor":24,"gold_loss":0,"cards_obtained":["Die Die Die"]},{"damage_healed":0,"gold_gain":0,"player_choice":"Shed Blood","damage_taken":21,"max_hp_gain":5,"max_hp_loss":0,"event_name":"Forgotten Altar","floor":27,"gold_loss":0}],"is_beta":false,"boss_relics":[{"not_picked":["Snecko Eye","Runic Dome","Black Star"]}],"items_purged_floors":[21],"is_endless":false,"potions_floor_spawned":[1,7,13,14,16,20,22],"ascension_level":1}}