{"host":"13ii7kifcsv20hya","time":1614347504,"event":{"mods":["BaseMod","Minty Spire (QoL Compilation)","Replay The Spire","StSLib"],"gold_per_floor":[118,118,132,132,82,116,116,134,134,169,181,181,199,234,234,333,333,345,345,345,362,372,372,397,326,380,410,25,25,40,40,40,145,145,162,216,216,245,261,289,289,321,321,321,333,26,37,37,37,37],"floor_reached":51,"language":"ENG","playtime":3328,"items_purged":[],"score":1393,"play_id":"eb009e59-be50-43ad-832d-060cafb7ad83","local_time":"20210226145144","is_ascension_mode":true,"campfire_choices":[{"data":"Redo","floor":7.0,"key":"SMITH"},{"data":"Tempest","floor":12.0,"key":"SMITH"},{"data":"ReplayTheSpireMod:Calculation Training","floor":15.0,"key":"SMITH"},{"data":"Seek","floor":23.0,"key":"SMITH"},{"data":"Storm","floor":32.0,"key":"SMITH"},{"floor":49,"key":"DIG"}],"circlet_count":0,"master_deck":["Defend_B","Defend_B+1","Dualcast","Redo+1","Storm","Leap","Ball Lightning","Tempest+1","Static Discharge","ReplayTheSpireMod:Calculation Training+1","Machine Learning+1","Languid","Languid","Voices","Reboot+1","Static Discharge","Seek+1","Storm+1","Shame","Electrodynamics","ReplayTheSpireMod:Splinters","Loop","ReplayTheSpireMod:IOU"],"relics":["Cracked Core","NeowsBlessing","Ring of Peace","Ring of Misfortune","Simple Rune","Orichalcum","Gremlin Horn","Kintsugi","InkBottle","Bag of Preparation","ReplayTheSpireMod:TigerMarble","Incense Burner","Quantum Egg","Guide Book","Pet Ghost","Coffee Dripper","Lizard Tail","Replay:Multitool","Eternal Feather","Replay:Wax Seal","Shovel","Iron Hammer","Geode","Replay:Ringing Soul","StrikeDummy"],"acts_visited":["Exordium","TheCity","TheBeyond"],"potions_floor_usage":[50,50],"damage_taken":[{"damage":0.0,"enemies":"Cultist","floor":1.0,"turns":1.0},{"damage":0.0,"enemies":"Small Slimes","floor":3.0,"turns":1.0},{"damage":0.0,"enemies":"Lagavulin","floor":6.0,"turns":1.0},{"damage":0.0,"enemies":"Jaw Worm","floor":8.0,"turns":4.0},{"damage":3.0,"enemies":"3 Sentries","floor":10.0,"turns":7.0},{"damage":0.0,"enemies":"Looter","floor":11.0,"turns":2.0},{"damage":0.0,"enemies":"Gremlin Gang","floor":13.0,"turns":4.0},{"damage":0.0,"enemies":"Lagavulin","floor":14.0,"turns":5.0},{"damage":11.0,"enemies":"The Guardian","floor":16.0,"turns":8.0},{"damage":7.0,"enemies":"2 Thieves","floor":18.0,"turns":4.0},{"damage":0.0,"enemies":"Shell Parasite","floor":21.0,"turns":5.0},{"damage":0.0,"enemies":"Centurion and Healer","floor":22.0,"turns":6.0},{"damage":0.0,"enemies":"Slavers","floor":24.0,"turns":5.0},{"damage":8.0,"enemies":"Gremlin Leader","floor":27.0,"turns":7.0},{"damage":0.0,"enemies":"Snake Plant","floor":30.0,"turns":2.0},{"damage":0.0,"enemies":"Pondfish","floor":33.0,"turns":13.0},{"damage":0.0,"enemies":"3 Shapes","floor":35.0,"turns":1.0},{"damage":0.0,"enemies":"2 Orb Walkers","floor":36.0,"turns":1.0},{"damage":0.0,"enemies":"3 Darklings","floor":39.0,"turns":1.0},{"damage":0.0,"enemies":"Reptomancer","floor":40.0,"turns":3.0},{"damage":0.0,"enemies":"Nemesis","floor":42.0,"turns":3.0},{"damage":0.0,"enemies":"Writhing Mass","floor":45.0,"turns":2.0},{"damage":0.0,"enemies":"Sphere and 2 Shapes","floor":47.0,"turns":2.0},{"damage":34,"enemies":"Time Eater","floor":50,"turns":11}],"seed_played":"3454401983837987462","potions_obtained":[{"floor":6.0,"key":"Elixir"},{"floor":10.0,"key":"LiquidBronze"},{"floor":11.0,"key":"Venom Potion"},{"floor":16.0,"key":"BlessingOfTheForge"},{"floor":18.0,"key":"SkillPotion"},{"floor":21.0,"key":"Regen Potion"},{"floor":39.0,"key":"Venom Potion"},{"floor":42.0,"key":"Dexterity Potion"}],"is_trial":false,"path_per_floor":["M","?","M","?","?","E","R","M","T","E","M","R","M","E","R","B",null,"M","?","?","M","M","R","E","$","T","E","$","$","M","?","R","B",null,"M","?","?","?","M","E","?","E","T","?","M","$","M","T","R","B",null],"character_chosen":"DEFECT","items_purchased":["Storm","Quantum Egg","Guide Book","Iron Hammer","Geode"],"campfire_rested":0,"item_purchase_floors":[25,28,28,46,46],"current_hp_per_floor":[75,75,75,75,75,75,75,75,75,72,72,72,72,72,72,61,75,68,68,68,68,68,68,68,68,68,60,60,60,60,60,60,60,75,75,75,75,75,75,75,71,71,71,71,71,71,71,71,71,46],"gold":37,"neow_bonus":"THREE_ENEMY_KILL","is_daily":false,"chose_seed":false,"campfire_upgraded":5,"win_rate":0.0,"timestamp":1614347504,"path_taken":["M","?","?","?","?","E","R","M","T","E","M","R","M","E","R","BOSS","M","?","?","M","M","R","E","$","T","E","?","$","?","?","R","BOSS","M","?","?","?","?","E","?","E","T","?","M","$","M","?","R","BOSS"],"items_purchased_type":["Card","Relic","Relic","Relic","Relic"],"build_version":"2020-12-22","purchased_purges":0,"victory":true,"max_hp_per_floor":[75,75,75,75,75,75,75,75,75,75,75,75,75,75,75,75,75,75,75,75,75,75,75,75,75,75,75,75,75,75,75,75,75,75,75,75,75,75,75,75,71,71,71,71,71,71,71,71,71,71],"card_choices":[{"not_picked":["Barrage","Steam"],"picked":"Redo","floor":1.0},{"not_picked":["Self Repair","Hello World"],"picked":"Storm","floor":3.0},{"not_picked":["Barrage","FIFO Queue"],"picked":"Leap","floor":6.0},{"not_picked":["Core Surge","Aggregate"],"picked":"Ball Lightning","floor":8.0},{"not_picked":["Fusion","Stack"],"picked":"Tempest","floor":10.0},{"not_picked":["Darkness","Sweeping Beam"],"picked":"Static Discharge","floor":11.0},{"not_picked":["Gash","Reinforced Body","Rebound"],"picked":"SKIP","floor":13.0},{"not_picked":["Turbo","Sunder"],"picked":"ReplayTheSpireMod:Calculation Training","floor":14.0},{"not_picked":["Buffer","Reboot"],"picked":"Machine Learning","floor":16.0},{"not_picked":["Barrage","Ball Lightning","Hologram"],"picked":"SKIP","floor":18.0},{"not_picked":["BasicCrystalCard","Coolheaded+1"],"picked":"Static Discharge","floor":21.0},{"not_picked":["Coolheaded","BasicCrystalCard"],"picked":"Seek","floor":22.0},{"not_picked":["ReplaySort","ReplayTheSpireMod:GoodbyeWorld","Fusion+1"],"picked":"SKIP","floor":24.0},{"not_picked":["Doom and Gloom","ReplaySort","Go for the Eyes"],"picked":"SKIP","floor":27.0},{"not_picked":["Steam+1","Auto Shields","ReplayTheSpireMod:GoodbyeWorld"],"picked":"SKIP","floor":30.0},{"not_picked":["Thunder Strike","Core Surge"],"picked":"Electrodynamics","floor":33.0},{"not_picked":["Self Repair+1","Sweeping Beam+1","Streamline+1"],"picked":"SKIP","floor":35.0},{"not_picked":["BasicCrystalCard+1","Steam Power+1"],"picked":"Loop","floor":39.0},{"not_picked":["Aggregate","Genetic Algorithm","FIFO Queue"],"picked":"SKIP","floor":40.0},{"not_picked":["Conserve Battery+1","Panic Button+1","Auto Shields"],"picked":"SKIP","floor":42.0},{"not_picked":["Hologram","Beam Cell+1","ReplaySort+1"],"picked":"SKIP","floor":45.0},{"not_picked":["Turbo+1","Fusion+1","Lockon"],"picked":"SKIP","floor":47.0}],"player_experience":148294,"relics_obtained":[{"floor":4.0,"key":"Ring of Peace"},{"floor":4.0,"key":"Ring of Misfortune"},{"floor":9.0,"key":"Simple Rune"},{"floor":10.0,"key":"Orichalcum"},{"floor":14.0,"key":"Gremlin Horn"},{"floor":24.0,"key":"Bag of Preparation"},{"floor":26.0,"key":"ReplayTheSpireMod:TigerMarble"},{"floor":27.0,"key":"Incense Burner"},{"floor":36.0,"key":"Lizard Tail"},{"floor":38.0,"key":"Replay:Multitool"},{"floor":40.0,"key":"Eternal Feather"},{"floor":42.0,"key":"Replay:Wax Seal"},{"floor":43.0,"key":"Shovel"},{"floor":48.0,"key":"Replay:Ringing Soul"},{"floor":49,"key":"StrikeDummy"}],"event_choices":[{"cards_removed":["Strike_B"],"damage_healed":0.0,"max_hp_gain":0.0,"max_hp_loss":0.0,"gold_gain":0.0,"event_name":"Bonfire Elementals","player_choice":"Offered Basic","floor":2.0,"gold_loss":0.0,"damage_taken":0.0},{"cards_removed":["Delirium"],"damage_healed":0.0,"max_hp_gain":0.0,"max_hp_loss":0.0,"gold_gain":0.0,"event_name":"The Cleric","player_choice":"Card Removal","floor":5.0,"gold_loss":50.0,"damage_taken":0.0},{"damage_healed":0.0,"max_hp_gain":0.0,"max_hp_loss":0.0,"gold_gain":0.0,"cards_transformed":["Pain","Zap"],"event_name":"Drug Dealer","player_choice":"Became Test Subject","floor":20.0,"gold_loss":0.0,"damage_taken":0.0,"cards_obtained":["Voices","Reboot"]},{"damage_healed":0.0,"max_hp_gain":0.0,"max_hp_loss":0.0,"gold_gain":0.0,"event_name":"Addict","player_choice":"Stole Relic","floor":31.0,"gold_loss":0.0,"damage_taken":0.0,"relics_obtained":["Pet Ghost"],"cards_obtained":["Shame"]},{"damage_healed":0.0,"max_hp_gain":0.0,"max_hp_loss":0.0,"gold_gain":0.0,"event_name":"Mysterious Sphere","player_choice":"Fight","floor":36.0,"gold_loss":0.0,"damage_taken":0.0},{"damage_healed":0.0,"max_hp_gain":0.0,"max_hp_loss":0.0,"gold_gain":0.0,"event_name":"Tomb of Lord Red Mask","player_choice":"Ignored","floor":37.0,"gold_loss":0.0,"damage_taken":0.0},{"damage_healed":0.0,"max_hp_gain":0.0,"max_hp_loss":4.0,"gold_gain":0.0,"event_name":"Winding Halls","player_choice":"Max HP","floor":41.0,"gold_loss":0.0,"damage_taken":0.0},{"damage_healed":0.0,"max_hp_gain":0.0,"max_hp_loss":0.0,"gold_gain":0.0,"event_name":"SensoryStone","player_choice":"Memory 1","floor":44.0,"gold_loss":0.0,"damage_taken":0.0}],"is_beta":false,"boss_relics":[{"not_picked":["Astrolabe","Honey Jar"],"picked":"Kintsugi"},{"not_picked":["ChewingGum","Replay:Bronze Core"],"picked":"Coffee Dripper"}],"items_purged_floors":[],"is_endless":false,"potions_floor_spawned":[6,10,11,16,18,21,27,30,39,42,47],"ascension_level":1}}