{"host":"onfdonezo2qmaex3","time":1614365894,"event":{"mods":["2.2 Compatiblity","AchievementEnabler","Act Like it!","Aspiration","Bard","BaseMod","Colored Powertips","Downfall","Elementarium","Friendly Minions","Gensokyo","Hallownest","Hermit","Highlight Path","Jorbs\u0027s Wanderer Trilogy","Marisa????????","Marked Mod","Menagerie","Minty Spire (QoL Compilation)","Pale of the Ancients","Permanent Neow","Quick Restart","Reliquary","Ruina","Shop Mod","StSLib","The Bug Knight","The Disciple","The Hayseed","The Hierophant","The Marked","The Runesmith"],"gold_per_floor":[114,114,114,129,155,185,185],"floor_reached":6,"language":"ENG","playtime":207,"items_purged":[],"score":46,"play_id":"2f85762a-9950-4da5-9ac2-16976b1614d8","local_time":"20210226195814","is_ascension_mode":true,"campfire_choices":[],"circlet_count":0,"master_deck":["Strike_R","Strike_R","Strike_R+1","Strike_R","Strike_R","Defend_R","Defend_R","Defend_R","Defend_R","Bash","Armaments"],"relics":["Runic Pyramid","Menagerie:GhostlyEgg","Vajra","reliquary:Spinner"],"acts_visited":["Menagerie:Menagerie"],"potions_floor_usage":[6],"damage_taken":[{"damage":1,"enemies":"Menagerie:WhisperingWraith","floor":1,"turns":4},{"damage":1,"enemies":"Menagerie:StygianBoar","floor":4,"turns":3},{"damage":36,"enemies":"Menagerie:Hydra","floor":6,"turns":8}],"seed_played":"8143028122399196023","potions_obtained":[{"floor":4,"key":"BloodPotion"}],"is_trial":false,"path_per_floor":["M","?","?","M","T","E"],"character_chosen":"IRONCLAD","items_purchased":[],"campfire_rested":0,"item_purchase_floors":[],"current_hp_per_floor":[79,70,65,64,64,44,44],"gold":185,"neow_bonus":"BOSS_RELIC","is_daily":false,"chose_seed":false,"campfire_upgraded":0,"win_rate":0.0,"timestamp":1614365894,"path_taken":["M","?","?","M","?","E"],"items_purchased_type":[],"build_version":"2020-12-22","purchased_purges":0,"victory":false,"max_hp_per_floor":[80,80,80,80,80,80,80],"card_choices":[{"not_picked":["Second Wind","Thunderclap"],"picked":"Armaments","floor":1},{"not_picked":["Sentinel","Clothesline","Sword Boomerang"],"picked":"SKIP","floor":4},{"not_picked":["Flex","Power Through","Immolate"],"picked":"SKIP","floor":6}],"player_experience":250469,"relics_obtained":[{"floor":5,"key":"Vajra"},{"floor":6,"key":"reliquary:Spinner"}],"event_choices":[{"damage_healed":0,"gold_gain":0,"player_choice":"Explore","damage_taken":9,"relics_obtained":["Menagerie:GhostlyEgg"],"max_hp_gain":0,"max_hp_loss":0,"event_name":"Menagerie:Silence","floor":2,"gold_loss":0},{"damage_healed":0,"gold_gain":0,"player_choice":"Accept","damage_taken":0,"max_hp_gain":0,"max_hp_loss":5,"event_name":"Menagerie:HarrowingRitual","floor":3,"gold_loss":0,"cards_upgraded":["Strike_R"]}],"is_beta":false,"boss_relics":[],"items_purged_floors":[],"is_endless":false,"potions_floor_spawned":[4],"killed_by":"Menagerie:Hydra","ascension_level":1}}