{"host":"tubmkv2g6v9d0kjw","time":1614303523,"event":{"mods":["2.2 Compatiblity","BaseMod","Conspire","Downfall","Hubris","Minty Spire (QoL Compilation)","Relic Stats","Spire Arcade","StSLib"],"gold_per_floor":[99,115,115,128,228,241,292,320,420,448,465,496,496,507,524,622,622,522,541,95,115,215,115,115,15,41,55,55,65,65,65,81,184,184,184,195,205,205,205,237,237,237,251,261,2,34,34,62,74,74,74,99,99,99,99,99],"floor_reached":57,"language":"ENG","playtime":4273,"items_purged":["downfall:Malfunctioning","downfall:Icky"],"score":1644,"play_id":"40c4a362-f8cd-4af7-8f6c-d9a47654e2ad","local_time":"20210225193843","is_ascension_mode":true,"campfire_choices":[{"data":"Slimebound:Split","floor":1,"key":"SMITH"},{"data":"Slimebound:SelfFormingGoo","floor":13,"key":"SMITH"},{"floor":18,"key":"RECALL"},{"data":"Slimebound:SlimeBarrage","floor":23,"key":"SMITH"},{"data":"Slimebound:Repurpose","floor":25,"key":"SMITH"},{"data":"Slimebound:MinionMaster","floor":35,"key":"SMITH"},{"data":"Slimebound:Darklings","floor":42,"key":"SMITH"},{"data":"Slimebound:FormOfPuddle","floor":47,"key":"SMITH"},{"floor":54,"key":"REST"}],"circlet_count":0,"master_deck":["Slimebound:Teamwork+1","Slimebound:Strike_Slimebound","Slimebound:Strike_Slimebound","Slimebound:Strike_Slimebound","Slimebound:Tackle","Slimebound:Defend_Slimebound","Slimebound:Defend_Slimebound","Slimebound:Defend_Slimebound","Slimebound:Defend_Slimebound","Slimebound:Split+1","Slimebound:CorrosiveSpit","Slimebound:SplitLeeching","Slimebound:Teamwork+1","Slimebound:LivingWall+1","CurseOfTheBell","CurseOfTheBell","Shame","Slimebound:GoopSpray+1","Slimebound:SelfFormingGoo+1","Slimebound:SplitSpecialist","Slimebound:Repurpose+1","Slimebound:SplitMire","Slimebound:HauntingLick","Slimebound:MassFeed","Slimebound:SlimeBarrage+1","Slimebound:FirmFortitude","Slimebound:Grow+1","Slimebound:Equalize","Slimebound:SplitBruiser","Slimebound:OozeBath","Slimebound:RainOfGoop","Slimebound:MinionMaster+1","Slimebound:LeadByExample","Slimebound:SplitSpecialist","Slimebound:Darklings+1","Slimebound:FormOfPuddle+1","Slimebound:OneTwoCombo"],"relics":["Slimebound:AbsorbEndCombat","Lantern","downfall:ExtraCursedBell","Anchor","Letter Opener","Pocketwatch","War Paint","Prayer Wheel","conspire:Flyswatter","hubris:Reverence","conspire:SlowCooker","downfall:HeartBlessingGreen","PreservedInsect","Sling","Du-Vu Doll","hubris:Metronome","downfall:HeartBlessingRed","downfall:HeartBlessingBlue","hubris:PeanutButter","Busted Crown","Question Card","Slimebound:SlimedTailRelic","Lee\u0027s Waffle","Centennial Puzzle","Omamori","Mercury Hourglass"],"acts_visited":["Exordium","TheCity","TheBeyond","TheEnding"],"potions_floor_usage":[16,29,33,33,33,33,33,43,56],"damage_taken":[{"damage":1,"enemies":"Cultist","floor":2,"turns":4},{"damage":0,"enemies":"Small Slimes","floor":4,"turns":4},{"damage":9,"enemies":"2 Louse","floor":6,"turns":6},{"damage":34,"enemies":"3 Sentries","floor":8,"turns":7},{"damage":2,"enemies":"Lagavulin","floor":10,"turns":7},{"damage":0,"enemies":"Red Slaver","floor":11,"turns":5},{"damage":5,"enemies":"3 Sentries","floor":12,"turns":6},{"damage":2,"enemies":"downfall:LooterAlt","floor":14,"turns":4},{"damage":0,"enemies":"Large Slime","floor":15,"turns":7},{"damage":18,"enemies":"SI_SHIV_ARCHETYPE","floor":16,"turns":7},{"damage":5,"enemies":"3 Byrds","floor":19,"turns":4},{"damage":2,"enemies":"downfall:FleeingMerchant","floor":20,"turns":4},{"damage":2,"enemies":"Chosen","floor":21,"turns":4},{"damage":26,"enemies":"IC_STATUS_ARCHETYPE","floor":22,"turns":4},{"damage":11,"enemies":"Book of Stabbing","floor":26,"turns":5},{"damage":4,"enemies":"Snake Plant","floor":27,"turns":5},{"damage":0,"enemies":"Snecko","floor":29,"turns":5},{"damage":17,"enemies":"Sentry and Sphere","floor":32,"turns":6},{"damage":43,"enemies":"DF_ARCHETYPE_CLAW","floor":33,"turns":7},{"damage":10,"enemies":"3 Darklings","floor":36,"turns":5},{"damage":7,"enemies":"3 Shapes","floor":37,"turns":4},{"damage":22,"enemies":"Nemesis","floor":40,"turns":5},{"damage":4,"enemies":"3 Darklings","floor":43,"turns":4},{"damage":0,"enemies":"Jaw Worm Horde","floor":44,"turns":3},{"damage":0,"enemies":"downfall:FleeingMerchant","floor":45,"turns":4},{"damage":2,"enemies":"Giant Head","floor":46,"turns":6},{"damage":5,"enemies":"Reptomancer","floor":48,"turns":3},{"damage":34,"enemies":"Maw","floor":49,"turns":5},{"damage":25,"enemies":"IC_BLOCK_ARCHETYPE","floor":50,"turns":9},{"damage":36,"enemies":"downfall:CharBossMerchant","floor":52,"turns":7},{"damage":11,"enemies":"downfall:NeowBoss","floor":55,"turns":14},{"damage":72,"enemies":"downfall:NeowBossFinal","floor":56,"turns":10}],"seed_played":"5426293648858830618","potions_obtained":[{"floor":10,"key":"DistilledChaos"},{"floor":11,"key":"Strength Potion"},{"floor":12,"key":"FearPotion"},{"floor":16,"key":"Slimebound:SlimyTonguePotion"},{"floor":21,"key":"EntropicBrew"},{"floor":29,"key":"Fruit Juice"},{"floor":37,"key":"ColorlessPotion"},{"floor":44,"key":"sneckomod:MuddlingPotion"},{"floor":48,"key":"Energy Potion"}],"is_trial":false,"path_per_floor":["R","M","?","M","?","M","T","E","?","E","M","E","R","M","M","B",null,"R","M","$","M","?","R","T","R","E","M","?","M","?","?","M","B",null,"R","M","M","?","?","E","T","R","M","M","$","E","R","E","M","B",null,"E","$","R","B","B",null],"character_chosen":"SLIMEBOUND","items_purchased":["PreservedInsect","Sling","Slimebound:SplitBruiser","Lee\u0027s Waffle"],"campfire_rested":1,"item_purchase_floors":[20,20,20,45],"current_hp_per_floor":[59,62,62,64,69,60,60,28,28,26,30,25,25,27,27,17,57,57,59,59,59,37,37,37,47,46,52,52,69,69,69,57,28,75,75,71,64,64,64,56,56,56,56,60,98,101,101,98,75,66,95,67,67,98,95,35],"gold":99,"neow_bonus":"RANDOM_COMMON_RELIC","is_daily":false,"chose_seed":false,"campfire_upgraded":7,"win_rate":0.0,"timestamp":1614303523,"path_taken":["R","M","?","?","?","M","T","E","?","E","M","E","R","M","M","BOSS","R","M","$","M","?","R","T","R","E","M","?","M","?","?","M","BOSS","R","M","M","?","?","E","T","R","M","?","$","E","R","E","M","BOSS","E","$","R","BOSS","BOSS"],"items_purchased_type":["Relic","Relic","Card","Relic"],"build_version":"2020-12-22","purchased_purges":2,"victory":true,"max_hp_per_floor":[65,65,65,65,70,70,70,70,70,70,70,70,70,70,70,70,70,70,73,73,73,73,73,73,83,83,83,83,88,88,88,91,91,91,91,91,91,91,91,91,91,91,91,91,98,101,101,101,104,104,104,104,104,104,104,104],"relic_stats":{"Lee\u0027s Waffle":36,"Centennial Puzzle":[18],"Busted Crown":30,"counters":[32,173],"Prayer Wheel":13,"PreservedInsect":453,"Letter Opener":[345],"War Paint":["Slimebound:LivingWall","Slimebound:GoopSpray"],"Question Card":10,"obtain_stats":[{"Lantern":0,"hubris:Metronome":22,"downfall:HeartBlessingGreen":18,"Sling":20,"Centennial Puzzle":46,"downfall:HeartBlessingBlue":25,"Prayer Wheel":8,"downfall:ExtraCursedBell":5,"Lee\u0027s Waffle":45,"downfall:HeartBlessingRed":23,"conspire:SlowCooker":17,"PreservedInsect":20,"Omamori":48,"Letter Opener":5,"War Paint":7,"Question Card":40,"Mercury Hourglass":52,"Du-Vu Doll":22,"Anchor":5,"Busted Crown":34,"hubris:PeanutButter":26,"Slimebound:AbsorbEndCombat":0,"Slimebound:SlimedTailRelic":41,"Pocketwatch":5,"conspire:Flyswatter":10,"hubris:Reverence":12},{"Lantern":0,"hubris:Metronome":14,"downfall:HeartBlessingGreen":10,"Sling":12,"Centennial Puzzle":26,"downfall:HeartBlessingBlue":14,"Prayer Wheel":4,"downfall:ExtraCursedBell":2,"Lee\u0027s Waffle":25,"downfall:HeartBlessingRed":14,"conspire:SlowCooker":10,"PreservedInsect":12,"Omamori":27,"Letter Opener":2,"War Paint":3,"Question Card":22,"Mercury Hourglass":30,"Du-Vu Doll":14,"Anchor":2,"Busted Crown":19,"hubris:PeanutButter":15,"Slimebound:AbsorbEndCombat":0,"Slimebound:SlimedTailRelic":22,"Pocketwatch":2,"conspire:Flyswatter":5,"hubris:Reverence":7},{"Lantern":0,"hubris:Metronome":69,"downfall:HeartBlessingGreen":53,"Sling":61,"Centennial Puzzle":125,"downfall:HeartBlessingBlue":69,"Prayer Wheel":19,"downfall:ExtraCursedBell":8,"Lee\u0027s Waffle":119,"downfall:HeartBlessingRed":69,"conspire:SlowCooker":53,"PreservedInsect":61,"Omamori":128,"Letter Opener":8,"War Paint":13,"Question Card":108,"Mercury Hourglass":149,"Du-Vu Doll":69,"Anchor":8,"Busted Crown":95,"hubris:PeanutButter":74,"Slimebound:AbsorbEndCombat":0,"Slimebound:SlimedTailRelic":108,"Pocketwatch":8,"conspire:Flyswatter":26,"hubris:Reverence":37}],"Pocketwatch":[244],"Mercury Hourglass":[34]},"card_choices":[{"not_picked":["Slimebound:FinishingTackle","Slimebound:DisruptingSlam"],"picked":"Slimebound:SplitLeeching","floor":2},{"not_picked":["Slimebound:ProtectTheBoss","Slimebound:Nibble"],"picked":"Slimebound:LivingWall","floor":4},{"not_picked":["Slimebound:HauntingLick","Slimebound:GrowthPunch"],"picked":"Slimebound:GoopSpray","floor":6},{"not_picked":["Slimebound:RollThrough","Slimebound:TongueLash"],"picked":"Slimebound:SelfFormingGoo","floor":8},{"not_picked":["Slimebound:SplitLeeching","Slimebound:ComboTackle","Slimebound:LeechingTouch"],"picked":"SKIP","floor":10},{"not_picked":["Slimebound:SplitAcid","Slimebound:Schlurp"],"picked":"Slimebound:SplitSpecialist","floor":11},{"not_picked":["Slimebound:CheckThePlaybook","Slimebound:ItLooksTasty"],"picked":"Slimebound:Repurpose","floor":11},{"not_picked":["Slimebound:GrowthPunch","Slimebound:TongueLash"],"picked":"Slimebound:SplitMire","floor":12},{"not_picked":["Slimebound:SplitAcid","Slimebound:GoopTackle"],"picked":"Slimebound:HauntingLick","floor":14},{"not_picked":["Slimebound:Schlurp","Slimebound:SplitMire"],"picked":"Slimebound:MassFeed","floor":14},{"not_picked":["Slimebound:Schlurp","Slimebound:HauntingLick"],"picked":"Slimebound:SlimeBarrage","floor":15},{"not_picked":["Slimebound:GrowthPunch","Slimebound:SplitLeeching","Slimebound:ComboTackle"],"picked":"SKIP","floor":15},{"not_picked":["Slimebound:DuplicatedForm","Slimebound:PrepareCrush"],"picked":"Slimebound:FirmFortitude","floor":16},{"not_picked":["Slimebound:RollThrough","Slimebound:Nibble"],"picked":"Slimebound:Grow+1","floor":19},{"not_picked":["Slimebound:PressTheAttack","Slimebound:ComboTackle","Slimebound:FinishingTackle+1"],"picked":"SKIP","floor":19},{"not_picked":["Slimebound:PressTheAttack","Slimebound:FlameTackle+1"],"picked":"Slimebound:Equalize","floor":20},{"not_picked":["Slimebound:Chomp","Slimebound:ItLooksTasty+1"],"picked":"Slimebound:OozeBath","floor":21},{"not_picked":["Slimebound:SamplingLick+1","Slimebound:Prepare","Slimebound:Grow+1"],"picked":"SKIP","floor":21},{"not_picked":["Slimebound:SplitMire","Slimebound:GoopTackle"],"picked":"Slimebound:RainOfGoop","floor":22},{"not_picked":["Slimebound:ViciousTackle","Slimebound:RollThrough"],"picked":"Slimebound:MinionMaster","floor":26},{"not_picked":["Slimebound:LivingWall","Slimebound:RollThrough","Slimebound:LeechEnergy"],"picked":"SKIP","floor":27},{"not_picked":["Slimebound:Schlurp","Slimebound:Prepare","Slimebound:SplitAcid+1"],"picked":"SKIP","floor":27},{"not_picked":["Slimebound:SplitMire+1","Slimebound:FlameTackle"],"picked":"Slimebound:LeadByExample","floor":29},{"not_picked":["Slimebound:SlimeTap","Slimebound:HungryTackle","Slimebound:Equalize+1"],"picked":"SKIP","floor":29},{"not_picked":["Slimebound:Grow","Slimebound:LevelUp","Slimebound:GoopSpray"],"picked":"SKIP","floor":32},{"not_picked":["Slimebound:FlameTackle","Slimebound:FinishingTackle","Slimebound:CheckThePlaybook"],"picked":"SKIP","floor":32},{"not_picked":["Slimebound:DuplicatedForm","Slimebound:MassFeed"],"picked":"Slimebound:Darklings","floor":33},{"not_picked":["Slimebound:Prepare+1"],"picked":"SKIP","floor":36},{"not_picked":["Slimebound:Prepare+1"],"picked":"SKIP","floor":36},{"not_picked":[],"picked":"Slimebound:FormOfPuddle","floor":37},{"not_picked":["Slimebound:SplitMire"],"picked":"SKIP","floor":37},{"not_picked":["Slimebound:AcidTongue"],"picked":"SKIP","floor":40},{"not_picked":["Slimebound:Chomp","Slimebound:LeadByExample+1"],"picked":"SKIP","floor":43},{"not_picked":["Slimebound:Overexert","Slimebound:ComboTackle+1"],"picked":"SKIP","floor":43},{"not_picked":["Slimebound:HauntingLick","Slimebound:Schlurp"],"picked":"SKIP","floor":44},{"not_picked":["Slimebound:RollThrough","Slimebound:PressTheAttack+1"],"picked":"SKIP","floor":44},{"not_picked":["Slimebound:LivingWall","Slimebound:ViciousTackle"],"picked":"SKIP","floor":45},{"not_picked":["Slimebound:FormOfPuddle","Slimebound:SlimeSpikes"],"picked":"SKIP","floor":46},{"not_picked":["Slimebound:GoopTackle+1","Slimebound:RejuvenatingLick+1"],"picked":"SKIP","floor":48},{"not_picked":["Slimebound:RollThrough+1","Slimebound:HungryTackle"],"picked":"SKIP","floor":49},{"not_picked":["Slimebound:MassFeed","Slimebound:ComboTackle"],"picked":"SKIP","floor":49},{"not_picked":["Slimebound:AcidTongue+1","Slimebound:LeechingTouch+1"],"picked":"SKIP","floor":52}],"player_experience":570546,"relics_obtained":[{"floor":5,"key":"Anchor"},{"floor":5,"key":"Letter Opener"},{"floor":5,"key":"Pocketwatch"},{"floor":7,"key":"War Paint"},{"floor":8,"key":"Prayer Wheel"},{"floor":10,"key":"conspire:Flyswatter"},{"floor":12,"key":"hubris:Reverence"},{"floor":22,"key":"Du-Vu Doll"},{"floor":22,"key":"hubris:Metronome"},{"floor":26,"key":"hubris:PeanutButter"},{"floor":40,"key":"Question Card"},{"floor":41,"key":"Slimebound:SlimedTailRelic"},{"floor":46,"key":"Centennial Puzzle"},{"floor":48,"key":"Omamori"},{"floor":52,"key":"Mercury Hourglass"}],"event_choices":[{"damage_healed":0,"gold_gain":100,"player_choice":"Gold","damage_taken":0,"max_hp_gain":0,"max_hp_loss":0,"event_name":"Wheel of Change","floor":9,"gold_loss":0},{"damage_healed":0,"gold_gain":0,"player_choice":"Ignored","damage_taken":0,"max_hp_gain":0,"max_hp_loss":0,"event_name":"Ghosts","floor":28,"gold_loss":0},{"damage_healed":0,"gold_gain":0,"player_choice":"Read","damage_taken":0,"max_hp_gain":0,"max_hp_loss":0,"event_name":"The Library","floor":30,"gold_loss":0,"cards_obtained":["Slimebound:SplitSpecialist"]},{"damage_healed":0,"gold_gain":0,"player_choice":"Leave","damage_taken":0,"max_hp_gain":0,"max_hp_loss":0,"event_name":"conspire:Investor","floor":38,"gold_loss":0}],"is_beta":false,"boss_relics":[{"not_picked":["hubris:HollowSoul","SacredBark"],"picked":"conspire:SlowCooker"},{"not_picked":["Snecko Eye","Coffee Dripper"],"picked":"Busted Crown"}],"items_purged_floors":[20,45],"is_endless":false,"potions_floor_spawned":[10,11,12,16,21,27,29,37,44,48],"ascension_level":6}}