{"host":"50per11302020","time":1614321164,"event":{"mods":["AchievementEnabler","BaseMod","Colored Map","Minty Spire (QoL Compilation)","Relic Stats","StSLib"],"gold_per_floor":[118,118,118,132,13,13,13,13,38,38,52,67,67,98,98,98,98],"floor_reached":16,"language":"ENG","playtime":391,"items_purged":[],"score":103,"play_id":"be6172ad-4256-4856-aa1d-cdecfefe8a5f","local_time":"20210225223244","is_ascension_mode":true,"campfire_choices":[{"data":"Armaments","floor":6,"key":"SMITH"},{"data":"Uppercut","floor":8,"key":"SMITH"},{"data":"Bash","floor":10,"key":"SMITH"},{"floor":13,"key":"REST"},{"data":"Rage","floor":15,"key":"SMITH"}],"circlet_count":0,"master_deck":["Strike_R+1","Strike_R","Strike_R","Strike_R","Strike_R","Defend_R","Defend_R+1","Defend_R","Defend_R","Bash+1","Armaments+1","Uppercut+1","Shrug It Off","Iron Wave","Rage+1","Seeing Red"],"relics":["Runic Pyramid","Lizard Tail","PreservedInsect","Bag of Marbles"],"acts_visited":["Exordium"],"potions_floor_usage":[16],"damage_taken":[{"damage":1,"enemies":"Cultist","floor":1,"turns":3},{"damage":0,"enemies":"Small Slimes","floor":4,"turns":3},{"damage":0,"enemies":"2 Louse","floor":11,"turns":3},{"damage":2,"enemies":"Looter","floor":12,"turns":3},{"damage":6,"enemies":"Gremlin Nob","floor":14,"turns":4},{"damage":175,"enemies":"Slime Boss","floor":16,"turns":15}],"seed_played":"-4290060692428962202","potions_obtained":[{"floor":11,"key":"AttackPotion"}],"is_trial":false,"path_per_floor":["M","T","?","M","$","R","$","R","T","R","M","M","R","E","R","B"],"character_chosen":"IRONCLAD","items_purchased":["Uppercut","Shrug It Off"],"campfire_rested":1,"item_purchase_floors":[5,5],"current_hp_per_floor":[79,79,63,63,63,63,63,63,63,63,63,61,80,74,74,0,0],"gold":98,"neow_bonus":"BOSS_RELIC","is_daily":false,"chose_seed":false,"campfire_upgraded":4,"win_rate":0.0,"timestamp":1614321164,"path_taken":["M","?","?","M","$","R","$","R","T","R","M","M","R","E","R","BOSS"],"items_purchased_type":["Card","Card"],"build_version":"2020-12-18","purchased_purges":0,"victory":false,"max_hp_per_floor":[80,80,80,80,80,80,80,80,80,80,80,80,80,80,80,80,80],"relic_stats":{"Lizard Tail":40,"counters":[6,31],"PreservedInsect":22,"obtain_stats":[{"Lizard Tail":2,"PreservedInsect":9,"Bag of Marbles":14,"Burning Blood":0,"Runic Pyramid":0},{"Lizard Tail":1,"PreservedInsect":2,"Bag of Marbles":5,"Burning Blood":0,"Runic Pyramid":0},{"Lizard Tail":3,"PreservedInsect":6,"Bag of Marbles":16,"Burning Blood":0,"Runic Pyramid":0}]},"card_choices":[{"not_picked":["Body Slam","Heavy Blade","Clash"],"picked":"SKIP","floor":1},{"not_picked":["True Grit","Searing Blow"],"picked":"Armaments","floor":4},{"not_picked":["Heavy Blade","Wild Strike"],"picked":"Iron Wave","floor":11},{"not_picked":["Corruption","Dual Wield"],"picked":"Rage","floor":12},{"not_picked":["Clash","Body Slam"],"picked":"Seeing Red","floor":14}],"player_experience":464570,"relics_obtained":[{"floor":2,"key":"Lizard Tail"},{"floor":9,"key":"PreservedInsect"},{"floor":14,"key":"Bag of Marbles"}],"event_choices":[{"damage_healed":0,"gold_gain":0,"player_choice":"Entered Light","damage_taken":16,"max_hp_gain":0,"max_hp_loss":0,"event_name":"Shining Light","floor":3,"gold_loss":0,"cards_upgraded":["Defend_R","Strike_R"]}],"is_beta":true,"boss_relics":[],"items_purged_floors":[],"is_endless":false,"potions_floor_spawned":[11],"killed_by":"Slime Boss","ascension_level":1}}