{"host":"2vsfvi9pm0ilma55","time":1614354886,"event":{"mods":["BaseMod","Bestiary","Highlight Path","Minty Spire (QoL Compilation)","Relic Stats","StSLib","The Marked","The Warlock"],"gold_per_floor":[19,39,54,1,19,19,19,19,46,46,57,57,88,105,105,177,177,195,215,229,242,7,7,24,24,49,67,67,85,85,85,85,163,163,163,163],"floor_reached":35,"language":"ENG","playtime":2894,"items_purged":["Ritualist:StrikeMagenta"],"score":772,"play_id":"007c0970-f2ea-48a0-bef3-5b1fe3a6e9c7","local_time":"20210226075446","is_ascension_mode":true,"campfire_choices":[{"floor":6.0,"key":"DIG"},{"floor":8.0,"key":"DIG"},{"floor":10.0,"key":"DIG"},{"floor":15.0,"key":"DIG"},{"floor":23.0,"key":"DIG"},{"floor":25.0,"key":"DIG"},{"floor":28.0,"key":"REST"},{"floor":30.0,"key":"DIG"},{"floor":32.0,"key":"DIG"}],"circlet_count":0,"master_deck":["AscendersBane","Ritualist:StrikeMagenta","Ritualist:StrikeMagenta","Ritualist:DefendMagenta","Ritualist:DefendMagenta","Ritualist:DefendMagenta","Ritualist:DefendMagenta","Ritualist:InitiationRite","Ritualist:SummonAgiel","Ritualist:ScaryShank","Ritualist:PrepareHost","Ritualist:IndKnifing","Ritualist:CleanseByBlood","Ritualist:ScoutAhead","Ritualist:CleanseByBlood","Ritualist:Retreat","Ritualist:CutOut","Ritualist:HeavyInfection","Ritualist:Peace","Ritualist:ImpFeast+1","Ritualist:Celerity","Ritualist:CostlyStrength","Ritualist:DarkMasterForm","Ritualist:StygianWellspring","Ritualist:DrainStrength","Ritualist:DeepReserves","Ritualist:Vendetta"],"relics":["Ritualist:StarterRelic","Shovel","Vajra","Bronze Scales","Ancient Tea Set","Kunai","Nunchaku","Happy Flower","Anchor","Sozu","Centennial Puzzle","Lantern","Strawberry","Prayer Wheel","Snecko Eye"],"acts_visited":["Exordium","TheCity","TheBeyond"],"potions_floor_usage":[],"damage_taken":[{"damage":2.0,"enemies":"Cultist","floor":1.0,"turns":4.0},{"damage":6.0,"enemies":"Jaw Worm","floor":2.0,"turns":4.0},{"damage":0.0,"enemies":"2 Louse","floor":3.0,"turns":2.0},{"damage":5.0,"enemies":"Large Slime","floor":5.0,"turns":5.0},{"damage":0.0,"enemies":"2 Fungi Beasts","floor":11.0,"turns":2.0},{"damage":6.0,"enemies":"Gremlin Nob","floor":13.0,"turns":3.0},{"damage":0.0,"enemies":"Blue Slaver","floor":14.0,"turns":2.0},{"damage":2.0,"enemies":"Hexaghost","floor":16.0,"turns":6.0},{"damage":0.0,"enemies":"Chosen","floor":18.0,"turns":4.0},{"damage":4.0,"enemies":"2 Thieves","floor":19.0,"turns":4.0},{"damage":18.0,"enemies":"Centurion and Healer","floor":20.0,"turns":5.0},{"damage":16.0,"enemies":"Snecko","floor":21.0,"turns":5.0},{"damage":4.0,"enemies":"3 Cultists","floor":24.0,"turns":4.0},{"damage":6.0,"enemies":"Snake Plant","floor":27.0,"turns":3.0},{"damage":1.0,"enemies":"Snecko","floor":29.0,"turns":4.0},{"damage":16.0,"enemies":"Collector","floor":33.0,"turns":8.0},{"damage":1,"enemies":"Orb Walker","floor":35,"turns":2}],"seed_played":"1544452323858539355","potions_obtained":[{"floor":2.0,"key":"SneckoOil"},{"floor":3.0,"key":"BlessingOfTheForge"},{"floor":5.0,"key":"EssenceOfSteel"},{"floor":14.0,"key":"Fruit Juice"}],"is_trial":false,"path_per_floor":["M","M","M","$","M","R","?","R","T","R","M","?","E","M","R","B",null,"M","M","M","M","$","R","M","R","T","M","R","M","R","?","R","B",null,"M"],"character_chosen":"RITUALIST","items_purchased":["Ritualist:CleanseByBlood","Ritualist:DarkMasterForm"],"campfire_rested":1,"item_purchase_floors":[4,22],"current_hp_per_floor":[65,59,59,59,54,54,54,54,54,54,54,43,37,45,45,49,72,72,68,53,40,40,40,39,39,39,33,56,58,65,65,65,52,78,80,80],"gold":163,"neow_bonus":"ONE_RARE_RELIC","is_daily":false,"chose_seed":false,"campfire_upgraded":0,"win_rate":0.0,"timestamp":1614354886,"path_taken":["M","M","M","?","M","R","?","R","T","R","M","?","E","M","R","BOSS","M","M","M","M","$","R","M","R","T","M","R","M","R","?","R","BOSS","M"],"items_purchased_type":["Card","Card"],"build_version":"2020-12-22","purchased_purges":1,"victory":false,"max_hp_per_floor":[74,74,74,74,74,74,74,74,74,74,74,74,74,79,79,79,79,79,79,79,79,79,79,79,79,79,79,79,79,86,86,86,86,86,86,86],"relic_stats":{"Sozu":3,"Nunchaku":[9],"Centennial Puzzle":[14],"Shovel":8,"Happy Flower":[15],"counters":[17,67],"Bronze Scales":[158],"Snecko Eye":[0,1,1,1],"Prayer Wheel":0,"Kunai":[19],"obtain_stats":[{"Lantern":25,"Happy Flower":13,"Vajra":6,"Ancient Tea Set":9,"Sozu":17,"Nunchaku":12,"Anchor":15,"Centennial Puzzle":23,"Shovel":0,"Bronze Scales":8,"Strawberry":30,"Snecko Eye":34,"Prayer Wheel":32,"Kunai":10,"Ritualist:StarterRelic":0},{"Lantern":13,"Happy Flower":6,"Vajra":4,"Ancient Tea Set":4,"Sozu":8,"Nunchaku":5,"Anchor":7,"Centennial Puzzle":12,"Shovel":0,"Bronze Scales":4,"Strawberry":15,"Snecko Eye":16,"Prayer Wheel":15,"Kunai":4,"Ritualist:StarterRelic":0},{"Lantern":50,"Happy Flower":20,"Vajra":15,"Ancient Tea Set":15,"Sozu":28,"Nunchaku":17,"Anchor":22,"Centennial Puzzle":46,"Shovel":0,"Bronze Scales":15,"Strawberry":57,"Snecko Eye":65,"Prayer Wheel":57,"Kunai":15,"Ritualist:StarterRelic":0}]},"card_choices":[{"not_picked":["Ritualist:Precognition","Ritualist:Extradition"],"picked":"Ritualist:ScaryShank","floor":1.0},{"not_picked":["Ritualist:EvilIntentions","Ritualist:RitualBloodletter"],"picked":"Ritualist:PrepareHost","floor":2.0},{"not_picked":["Ritualist:SoulOpening","Ritualist:StrategicCut"],"picked":"Ritualist:IndKnifing","floor":3.0},{"not_picked":["Ritualist:Hex","Ritualist:Precognition"],"picked":"Ritualist:ScoutAhead","floor":5.0},{"not_picked":["Ritualist:SoulOpening","Ritualist:DrainStrength"],"picked":"Ritualist:Retreat","floor":11.0},{"not_picked":["Ritualist:Tenderize","Ritualist:Precognition"],"picked":"Ritualist:CutOut","floor":13.0},{"not_picked":["Ritualist:TwinWave","Ritualist:Extradition"],"picked":"Ritualist:HeavyInfection","floor":14.0},{"not_picked":["Ritualist:ViolentFlux","Ritualist:TemporalRites"],"picked":"Ritualist:Peace","floor":16.0},{"not_picked":["Ritualist:Impale","Ritualist:TwinWave","Ritualist:Tenderize"],"picked":"SKIP","floor":18.0},{"not_picked":["Ritualist:EarlyReturn","Ritualist:CleanseByBlood"],"picked":"Ritualist:ImpFeast+1","floor":19.0},{"not_picked":["Ritualist:PowerPact","Ritualist:SummonNergal"],"picked":"Ritualist:Celerity","floor":20.0},{"not_picked":["Ritualist:SmokeRises","Ritualist:DeadlyBlows"],"picked":"Ritualist:CostlyStrength","floor":21.0},{"not_picked":["Ritualist:DarkRitual","Ritualist:ImpFeast"],"picked":"Ritualist:StygianWellspring","floor":24.0},{"not_picked":["Ritualist:SummonRerek","Ritualist:Sabbath+1"],"picked":"Ritualist:DrainStrength","floor":27.0},{"not_picked":["Ritualist:CutOut","Ritualist:ShallowCut"],"picked":"Ritualist:DeepReserves","floor":29.0},{"not_picked":["Ritualist:TwistedEcstasy","Ritualist:GrowingRites"],"picked":"Ritualist:Vendetta","floor":33.0}],"player_experience":633195,"relics_obtained":[{"floor":6.0,"key":"Vajra"},{"floor":8.0,"key":"Bronze Scales"},{"floor":9.0,"key":"Ancient Tea Set"},{"floor":10.0,"key":"Kunai"},{"floor":13.0,"key":"Happy Flower"},{"floor":15.0,"key":"Anchor"},{"floor":23.0,"key":"Centennial Puzzle"},{"floor":25.0,"key":"Lantern"},{"floor":30.0,"key":"Strawberry"},{"floor":32.0,"key":"Prayer Wheel"}],"event_choices":[{"damage_healed":0.0,"max_hp_gain":0.0,"max_hp_loss":0.0,"gold_gain":0.0,"cards_transformed":["Ritualist:StrikeMagenta"],"event_name":"Living Wall","player_choice":"Change","floor":7.0,"gold_loss":0.0,"damage_taken":0.0,"cards_obtained":["Ritualist:CleanseByBlood"]},{"damage_healed":0.0,"max_hp_gain":0.0,"max_hp_loss":0.0,"gold_gain":0.0,"event_name":"Scrap Ooze","player_choice":"Success","floor":12.0,"gold_loss":0.0,"damage_taken":11.0,"relics_obtained":["Nunchaku"]},{"damage_healed":0.0,"max_hp_gain":0.0,"max_hp_loss":0.0,"gold_gain":0.0,"event_name":"Vampires","player_choice":"Ignored","floor":31.0,"gold_loss":0.0,"damage_taken":0.0}],"is_beta":false,"boss_relics":[{"not_picked":["Tiny House","Ectoplasm"],"picked":"Sozu"},{"not_picked":["Calling Bell","Runic Pyramid"],"picked":"Snecko Eye"}],"items_purged_floors":[22],"is_endless":false,"potions_floor_spawned":[2,3,5,14,18,24,27],"killed_by":"Orb Walker","ascension_level":20}}