{"host":"1ie89x0glpq08u84","time":1614304993,"event":{"mods":["AchievementEnabler","BaseMod","Highlight Path","Minty Spire (QoL Compilation)","StSLib","Unceasing Turn Reminder"],"gold_per_floor":[99,99,99,19,19,19,19,19,19,19,19,19,19,19,19,19,19,0,0,0,0,0,0,0,0,0],"floor_reached":25,"language":"ENG","playtime":1239,"items_purged":[],"score":282,"play_id":"3f169de8-e78e-4612-827e-df806d160d71","local_time":"20210225210313","is_ascension_mode":true,"campfire_choices":[{"data":"Defragment","floor":6.0,"key":"SMITH"},{"floor":15.0,"key":"REST"}],"circlet_count":0,"master_deck":["Zap","Dualcast","Doom and Gloom","Ball Lightning","Defragment+1","Beam Cell","Ball Lightning","Doom and Gloom","Conserve Battery","Genetic Algorithm","Gash","Cold Snap","Core Surge","Static Discharge","Skim","Steam","Sweeping Beam","Doom and Gloom","Aggregate","Go for the Eyes","Go for the Eyes","White Noise","Barrage","Ball Lightning+1","Barrage+1","Ghostly","Ghostly","Ghostly","Ghostly","Ghostly","Barrage","Writhe"],"relics":["Ectoplasm","Kunai","MawBank","Turnip","Boot","Pandora\u0027s Box","Thread and Needle","Letter Opener"],"acts_visited":["Exordium","TheCity"],"potions_floor_usage":[25],"damage_taken":[{"damage":0.0,"enemies":"Small Slimes","floor":1.0,"turns":4.0},{"damage":1.0,"enemies":"Jaw Worm","floor":3.0,"turns":3.0},{"damage":0.0,"enemies":"Cultist","floor":5.0,"turns":3.0},{"damage":26.0,"enemies":"Lagavulin","floor":8.0,"turns":5.0},{"damage":17.0,"enemies":"3 Sentries","floor":10.0,"turns":4.0},{"damage":6.0,"enemies":"3 Louse","floor":11.0,"turns":2.0},{"damage":10.0,"enemies":"Lagavulin","floor":12.0,"turns":4.0},{"damage":5.0,"enemies":"Blue Slaver","floor":13.0,"turns":3.0},{"damage":0.0,"enemies":"Large Slime","floor":14.0,"turns":3.0},{"damage":18.0,"enemies":"Hexaghost","floor":16.0,"turns":7.0},{"damage":15.0,"enemies":"2 Thieves","floor":18.0,"turns":2.0},{"damage":6.0,"enemies":"Chosen","floor":19.0,"turns":4.0},{"damage":14.0,"enemies":"Snake Plant","floor":20.0,"turns":4.0},{"damage":32.0,"enemies":"Shelled Parasite and Fungi","floor":21.0,"turns":5.0},{"damage":12.0,"enemies":"Gremlin Leader","floor":23.0,"turns":7.0},{"damage":3,"enemies":"Book of Stabbing","floor":25,"turns":4}],"seed_played":"5873648446078037655","potions_obtained":[{"floor":1.0,"key":"LiquidMemories"},{"floor":8.0,"key":"Swift Potion"},{"floor":11.0,"key":"PowerPotion"},{"floor":12.0,"key":"PowerPotion"},{"floor":21.0,"key":"SpeedPotion"}],"is_trial":false,"path_per_floor":["M","?","M","$","M","R","$","E","T","E","M","E","M","M","R","B",null,"M","M","M","M","?","E","?","E"],"character_chosen":"DEFECT","items_purchased":["Defragment"],"campfire_rested":1,"item_purchase_floors":[4],"current_hp_per_floor":[75,80,79,79,79,79,79,53,53,36,30,20,15,15,39,21,80,65,59,45,13,13,1,1,0,0],"gold":0,"neow_bonus":"BOSS_RELIC","is_daily":false,"chose_seed":false,"campfire_upgraded":1,"win_rate":0.0,"timestamp":1614304993,"path_taken":["M","?","M","?","M","R","$","E","T","E","M","E","M","M","R","BOSS","M","M","M","M","?","E","?","E"],"items_purchased_type":["Card"],"build_version":"2020-12-22","purchased_purges":0,"victory":false,"max_hp_per_floor":[75,80,80,80,80,80,80,80,80,80,80,80,80,80,80,80,80,80,80,80,80,40,40,40,40,40],"card_choices":[{"not_picked":["Scrape","Go for the Eyes"],"picked":"Doom and Gloom","floor":1.0},{"not_picked":["Redo","Steam"],"picked":"Ball Lightning","floor":3.0},{"not_picked":["Heatsinks","Go for the Eyes"],"picked":"Beam Cell","floor":5.0},{"not_picked":["Stack","Gash"],"picked":"Ball Lightning","floor":8.0},{"not_picked":["Reboot","Streamline"],"picked":"Doom and Gloom","floor":10.0},{"not_picked":["Stack","Sweeping Beam"],"picked":"Conserve Battery","floor":11.0},{"not_picked":["Hologram","Beam Cell"],"picked":"Genetic Algorithm","floor":12.0},{"not_picked":["Stack","Turbo"],"picked":"Gash","floor":13.0},{"not_picked":["Sweeping Beam","Steam Power"],"picked":"Cold Snap","floor":14.0},{"not_picked":["Multi-Cast","Machine Learning"],"picked":"Core Surge","floor":16.0},{"not_picked":["Double Energy","Sweeping Beam+1"],"picked":"White Noise","floor":18.0},{"not_picked":["Streamline","Rebound"],"picked":"Barrage","floor":19.0},{"not_picked":["Stack","FTL"],"picked":"Ball Lightning+1","floor":20.0},{"not_picked":["Recycle+1","Leap"],"picked":"Barrage+1","floor":21.0},{"not_picked":["Go for the Eyes","Rip and Tear"],"picked":"Barrage","floor":23.0}],"player_experience":442257,"relics_obtained":[{"floor":8.0,"key":"Kunai"},{"floor":9.0,"key":"MawBank"},{"floor":10.0,"key":"Turnip"},{"floor":12.0,"key":"Boot"},{"floor":23.0,"key":"Thread and Needle"}],"event_choices":[{"damage_healed":0.0,"max_hp_gain":5.0,"max_hp_loss":0.0,"gold_gain":0.0,"event_name":"Big Fish","player_choice":"Donut","floor":2.0,"gold_loss":0.0,"damage_taken":0.0},{"damage_healed":0.0,"max_hp_gain":0.0,"max_hp_loss":40.0,"gold_gain":0.0,"event_name":"Ghosts","player_choice":"Became a Ghost","floor":22.0,"gold_loss":0.0,"damage_taken":0.0,"cards_obtained":["Ghostly","Ghostly","Ghostly","Ghostly","Ghostly"]},{"damage_healed":0.0,"max_hp_gain":0.0,"max_hp_loss":0.0,"gold_gain":0.0,"event_name":"The Mausoleum","player_choice":"Opened","floor":24.0,"gold_loss":0.0,"damage_taken":0.0,"relics_obtained":["Letter Opener"],"cards_obtained":["Writhe"]}],"is_beta":false,"boss_relics":[{"not_picked":["Calling Bell","Tiny House"],"picked":"Pandora\u0027s Box"}],"items_purged_floors":[],"is_endless":false,"potions_floor_spawned":[1,8,11,12,21],"killed_by":"Book of Stabbing","ascension_level":1}}