{"host":"w11d5xug8ost5klq","time":1614367297,"event":{"mods":["100% Spire Juice","2.2 Compatiblity","BaseMod","Better Third Choice","Emptier Cage","Highlight Path","KinomotoSakuraMod(????)","Minty Spire (QoL Compilation)","Quick Restart","Reliquary","Shapeshifter Mod","Spicy Shops","StSLib","The Alterego","The Hierophant","WarShipGirlsR/????R mod"],"gold_per_floor":[110,110,110,130,144,144,165,17,63,63,33,66,66,61,61,31,31],"floor_reached":16,"language":"ENG","playtime":968,"items_purged":["hierophant:Strike_Hierophant"],"score":122,"play_id":"31000fd2-32ee-4771-87a8-3cadc76147b3","local_time":"20210226132137","is_ascension_mode":true,"campfire_choices":[{"data":"hierophant:ChurchCoffers","floor":6,"key":"SMITH"},{"floor":10,"key":"REST"},{"floor":13,"key":"REST"},{"floor":15,"key":"REST"}],"circlet_count":0,"master_deck":["hierophant:Strike_Hierophant+1","hierophant:Strike_Hierophant","hierophant:Strike_Hierophant","hierophant:Punish","hierophant:Defend_Hierophant","hierophant:Defend_Hierophant+1","hierophant:Defend_Hierophant","hierophant:Defend_Hierophant","hierophant:ChurchCoffers+1","hierophant:Doubloon+1","hierophant:Refuge","hierophant:Encroach","hierophant:Endure","hierophant:Invocation","hierophant:MintersHammer","hierophant:Doubloon+1","hierophant:Dazzle","hierophant:BulkyChest"],"relics":["hierophant:PropheticMaskRelic","Lantern","Happy Flower","Tiny Chest","reliquary:RoseTintedGlasses","Pocketwatch"],"acts_visited":["Exordium"],"potions_floor_usage":[12],"damage_taken":[{"damage":0,"enemies":"2 Louse","floor":1,"turns":2},{"damage":0,"enemies":"Small Slimes","floor":4,"turns":3},{"damage":0,"enemies":"Jaw Worm","floor":5,"turns":4},{"damage":45,"enemies":"Lagavulin","floor":7,"turns":11},{"damage":17,"enemies":"Gremlin Nob","floor":12,"turns":4},{"damage":40,"enemies":"Lagavulin","floor":14,"turns":11},{"damage":48,"enemies":"Hexaghost","floor":16,"turns":16}],"seed_played":"8959097549019903473","potions_obtained":[{"floor":1,"key":"FearPotion"},{"floor":5,"key":"FairyPotion"}],"is_trial":false,"path_per_floor":["M","?","$","M","M","R","E","$","T","R","?","E","R","E","R","B"],"character_chosen":"HIEROPHANT","items_purchased":["hierophant:MintersHammer"],"campfire_rested":3,"item_purchase_floors":[8],"current_hp_per_floor":[75,60,60,60,60,60,15,15,15,37,37,20,42,2,24,0,0],"gold":31,"neow_bonus":"RANDOM_COMMON_RELIC","is_daily":false,"chose_seed":false,"campfire_upgraded":1,"win_rate":0.0,"timestamp":1614367297,"path_taken":["M","?","$","M","M","R","E","$","T","R","?","E","R","E","R","BOSS"],"items_purchased_type":["Card"],"build_version":"2020-12-22","purchased_purges":1,"victory":false,"max_hp_per_floor":[75,75,75,75,75,75,75,75,75,75,75,75,75,75,75,75,75],"card_choices":[{"not_picked":["hierophant:Encroach","hierophant:FieryStrike"],"picked":"hierophant:Refuge","floor":1},{"not_picked":["hierophant:ThreeLashes","hierophant:Purify"],"picked":"hierophant:Encroach","floor":4},{"not_picked":["hierophant:TollTheBells","hierophant:HolyVerse"],"picked":"hierophant:Endure","floor":5},{"not_picked":["hierophant:FieryStrike","hierophant:OrnateJavelin"],"picked":"hierophant:Invocation","floor":7},{"not_picked":["hierophant:Flagellation","hierophant:Shelter"],"picked":"hierophant:Dazzle","floor":12},{"not_picked":["hierophant:PassingBell","hierophant:Glossolalia"],"picked":"hierophant:BulkyChest","floor":14}],"player_experience":144779,"relics_obtained":[{"floor":7,"key":"Happy Flower"},{"floor":9,"key":"Tiny Chest"},{"floor":12,"key":"reliquary:RoseTintedGlasses"},{"floor":14,"key":"Pocketwatch"}],"event_choices":[{"damage_healed":75,"gold_gain":0,"player_choice":"Upgrade","damage_taken":15,"max_hp_gain":0,"max_hp_loss":75,"event_name":"betterThird:BetterShining","floor":2,"gold_loss":0,"cards_upgraded":["hierophant:Strike_Hierophant","hierophant:Defend_Hierophant"]}],"is_beta":false,"boss_relics":[],"items_purged_floors":[8],"is_endless":false,"potions_floor_spawned":[1,5],"killed_by":"Hexaghost","ascension_level":1}}