{"host":"hwuw9fxoqh6hcgug","time":1614343345,"event":{"mods":["BaseMod","Downfall","Highlight Path","Minty Spire (QoL Compilation)","StSLib"],"gold_per_floor":[99,114,128,128,38,48,48,81,28,38,64,76,107,119,133,234,234,234,253,272,290,105,118,144,156,176,176,203,0,0,25,42,140,140,140,159,174,174,5,32,100,111,111,61,61,78,107,125,145,145,145,145],"floor_reached":50,"language":"FRA","playtime":2725,"items_purged":["bronze:Strike","bronze:NullPointer","bronze:Defend"],"score":790,"play_id":"f2f62284-3cf8-4bef-bcca-c346d8b1376b","local_time":"20210226134225","is_ascension_mode":true,"campfire_choices":[{"data":"bronze:Replicate","floor":1.0,"key":"SMITH"},{"data":"bronze:TinkerersToolbox","floor":18.0,"key":"SMITH"},{"data":"bronze:Iterate","floor":27.0,"key":"SMITH"},{"data":"bronze:FineTuning","floor":35.0,"key":"SMITH"},{"data":"bronze:BronzeOrb","floor":43.0,"key":"SMITH"}],"circlet_count":0,"master_deck":["bronze:Strike","bronze:Defend","bronze:Defend","bronze:Defend","bronze:Replicate+1","bronze:Goto","bronze:ChosenStrike+1","bronze:DelayedSlice","bronze:FineTuning+1","bronze:DelayedSlice","bronze:MaxOutput+1","bronze:Shell","bronze:Repair","bronze:FineTuning","bronze:Terminator","bronze:Iterate+1","bronze:TinkerersToolbox+1","bronze:BronzeOrb+1","bronze:ClassDefault+1","bronze:Boost","bronze:Optimize+1","bronze:NullPointer+1","bronze:Iterate+1","bronze:Philosophize+1","bronze:Deprecate+1","bronze:Replicate","expansioncontent:DashGenerateEvil","bronze:Terminator+1","bronze:BronzeOrb","bronze:Overheat","bronze:FineTuning"],"relics":["bronze:BronzeCore","Frozen Egg 2","Bag of Preparation","bronze:Timepiece","Juzu Bracelet","Coffee Dripper","Smiling Mask","Ancient Tea Set","Eternal Feather","Thread and Needle","Nilry\u0027s Codex","Pen Nib","bronze:ElectromagneticCoil","Nunchaku","Gremlin Horn","Anchor"],"acts_visited":["Exordium","TheCity","TheBeyond"],"potions_floor_usage":[50,50],"damage_taken":[{"damage":4.0,"enemies":"Jaw Worm","floor":2.0,"turns":3.0},{"damage":1.0,"enemies":"Cultist","floor":3.0,"turns":3.0},{"damage":0.0,"enemies":"downfall:FleeingMerchant","floor":5.0,"turns":4.0},{"damage":2.0,"enemies":"2 Louse","floor":6.0,"turns":2.0},{"damage":21.0,"enemies":"3 Sentries","floor":8.0,"turns":7.0},{"damage":5.0,"enemies":"downfall:FleeingMerchant","floor":9.0,"turns":4.0},{"damage":0.0,"enemies":"Large Slime","floor":10.0,"turns":2.0},{"damage":0.0,"enemies":"Gremlin Nob","floor":11.0,"turns":2.0},{"damage":0.0,"enemies":"Lots of Slimes","floor":12.0,"turns":1.0},{"damage":6.0,"enemies":"Lagavulin","floor":13.0,"turns":4.0},{"damage":0.0,"enemies":"2 Fungi Beasts","floor":14.0,"turns":2.0},{"damage":0.0,"enemies":"downfall:LooterAlt","floor":15.0,"turns":1.0},{"damage":25.0,"enemies":"DF_ARCHETYPE_STREAMLINE","floor":16.0,"turns":8.0},{"damage":0.0,"enemies":"Shell Parasite","floor":19.0,"turns":1.0},{"damage":0.0,"enemies":"Spheric Guardian","floor":20.0,"turns":1.0},{"damage":12.0,"enemies":"Snake Plant","floor":21.0,"turns":2.0},{"damage":0.0,"enemies":"downfall:FleeingMerchant","floor":22.0,"turns":4.0},{"damage":12.0,"enemies":"3 Cultists","floor":23.0,"turns":3.0},{"damage":10.0,"enemies":"Snecko","floor":25.0,"turns":3.0},{"damage":8.0,"enemies":"Shelled Parasite and Fungi","floor":26.0,"turns":3.0},{"damage":6.0,"enemies":"Book of Stabbing","floor":28.0,"turns":2.0},{"damage":0.0,"enemies":"downfall:FleeingMerchant","floor":29.0,"turns":1.0},{"damage":0.0,"enemies":"Slavers","floor":31.0,"turns":2.0},{"damage":0.0,"enemies":"Snake Plant","floor":32.0,"turns":1.0},{"damage":16.0,"enemies":"IC_MUSHROOM_ARCHETYPE","floor":33.0,"turns":4.0},{"damage":12.0,"enemies":"Orb Walker","floor":36.0,"turns":3.0},{"damage":9.0,"enemies":"3 Darklings","floor":37.0,"turns":5.0},{"damage":0.0,"enemies":"Nemesis","floor":40.0,"turns":3.0},{"damage":8.0,"enemies":"Spire Growth","floor":42.0,"turns":2.0},{"damage":0.0,"enemies":"Jaw Worm Horde","floor":46.0,"turns":2.0},{"damage":0.0,"enemies":"Reptomancer","floor":47.0,"turns":2.0},{"damage":20.0,"enemies":"4 Shapes","floor":48.0,"turns":5.0},{"damage":26.0,"enemies":"Writhing Mass","floor":49.0,"turns":3.0},{"damage":52,"enemies":"WA_ARCHETYPE_DIVINITY","floor":50,"turns":5}],"seed_played":"3920689183910309197","potions_obtained":[{"floor":2.0,"key":"SneckoOil"},{"floor":10.0,"key":"LiquidMemories"},{"floor":11.0,"key":"CultistPotion"},{"floor":26.0,"key":"DistilledChaos"},{"floor":28.0,"key":"PowerPotion"},{"floor":32.0,"key":"bronze:FreeFunctionsPotion"},{"floor":33.0,"key":"sneckomod:MuddlingPotion"},{"floor":40.0,"key":"champ:CounterPotion"},{"floor":46.0,"key":"CultistPotion"}],"is_trial":false,"path_per_floor":["R","M","M","?","$","M","T","E","$","M","E","M","E","M","M","B",null,"R","M","M","M","$","M","T","M","M","R","E","$","?","E","M","B",null,"R","M","M","?","$","E","T","M","R","$","?","M","E","M","M","B"],"character_chosen":"THE_AUTOMATON","items_purchased":["bronze:MaxOutput+1","bronze:ClassDefault+1","Eternal Feather","Thread and Needle","expansioncontent:DashGenerateEvil"],"campfire_rested":0,"item_purchase_floors":[9,22,29,29,39],"current_hp_per_floor":[77,73,72,72,72,70,70,49,44,44,44,44,45,53,53,35,77,77,77,77,72,77,65,65,62,54,54,58,68,52,52,52,48,77,77,65,63,63,63,63,63,65,77,77,77,77,77,61,35,0,0,0],"gold":145,"neow_bonus":"TEN_PERCENT_HP_BONUS","is_daily":false,"chose_seed":false,"campfire_upgraded":5,"win_rate":0.0,"timestamp":1614343345,"path_taken":["R","M","M","?","$","M","T","E","?","M","E","?","E","M","M","BOSS","R","M","M","M","$","M","T","M","M","R","E","$","?","E","M","BOSS","R","M","M","?","$","E","T","M","R","$","?","M","E","M","M","BOSS"],"items_purchased_type":["Card","Card","Relic","Relic","Card"],"build_version":"2020-12-22","purchased_purges":3,"victory":false,"max_hp_per_floor":[77,77,77,77,77,77,77,77,77,77,77,77,77,77,77,77,77,77,77,77,77,77,77,77,77,77,77,77,77,77,77,77,77,77,77,77,77,77,77,77,77,77,77,77,77,77,77,77,77,77,77,77],"card_choices":[{"not_picked":["bronze:Backtrace","bronze:Separator"],"picked":"bronze:ChosenStrike","floor":2.0},{"not_picked":["bronze:ChildClass","bronze:BuggyMess","bronze:Deprecate"],"picked":"SKIP","floor":3.0},{"not_picked":["bronze:Mutator","bronze:Return"],"picked":"bronze:DelayedSlice","floor":5.0},{"not_picked":["bronze:DarkDash","bronze:WhirlingStrike"],"picked":"bronze:FineTuning","floor":6.0},{"not_picked":["bronze:Refactor","bronze:BitShift"],"picked":"bronze:DelayedSlice","floor":8.0},{"not_picked":["bronze:HyperBeam","bronze:DelayedGuard"],"picked":"bronze:NullPointer","floor":9.0},{"not_picked":["bronze:BitShift","bronze:Allocate","bronze:Invalidate"],"picked":"SKIP","floor":10.0},{"not_picked":["bronze:Iterate","bronze:OilSpill"],"picked":"bronze:Shell","floor":11.0},{"not_picked":["bronze:BuggyMess","bronze:BugBarrage"],"picked":"bronze:Repair","floor":12.0},{"not_picked":["bronze:WhirlingStrike","bronze:BitShift"],"picked":"bronze:FineTuning","floor":13.0},{"not_picked":["bronze:OilSpill","bronze:DarkDash"],"picked":"bronze:Terminator","floor":14.0},{"not_picked":["bronze:Deprecate","bronze:Boost"],"picked":"bronze:Iterate","floor":15.0},{"not_picked":["bronze:ShipIt","bronze:FindAndReplace"],"picked":"bronze:TinkerersToolbox","floor":16.0},{"not_picked":["bronze:Branch","bronze:DelayedSlice","bronze:BugBarrage"],"picked":"SKIP","floor":19.0},{"not_picked":["bronze:CloningBeam","bronze:DelayedSlice","bronze:Frontload+1"],"picked":"SKIP","floor":20.0},{"not_picked":["bronze:Iterate","bronze:BuggyMess","bronze:CutThrough+1"],"picked":"SKIP","floor":21.0},{"not_picked":["bronze:ChildClass","bronze:Constructor"],"picked":"bronze:BronzeOrb","floor":22.0},{"not_picked":["bronze:Repair","bronze:FollowUp+1"],"picked":"bronze:Boost","floor":23.0},{"not_picked":["bronze:DelayedGuard","bronze:Fortify","bronze:Repulsor+1"],"picked":"SKIP","floor":25.0},{"not_picked":["bronze:BugBarrage+1","bronze:Overheat"],"picked":"bronze:Optimize+1","floor":26.0},{"not_picked":["bronze:DarkDash","bronze:Overheat"],"picked":"bronze:NullPointer+1","floor":28.0},{"not_picked":["bronze:Turbo","bronze:FindAndReplace"],"picked":"bronze:Iterate+1","floor":29.0},{"not_picked":["bronze:WhirlingStrike","bronze:CutThrough+1"],"picked":"bronze:Philosophize+1","floor":31.0},{"not_picked":["bronze:Invalidate","bronze:ChildClass","bronze:Turbo"],"picked":"SKIP","floor":32.0},{"not_picked":["bronze:Constructor","bronze:ChosenStrike","bronze:Iterate"],"picked":"SKIP","floor":36.0},{"not_picked":["bronze:WhirlingStrike","bronze:DelayedSlice+1"],"picked":"bronze:Deprecate+1","floor":37.0},{"not_picked":["bronze:BuggyMess+1","bronze:CutThrough","bronze:BugBarrage+1"],"picked":"SKIP","floor":40.0},{"not_picked":["bronze:Frontload+1","bronze:Invalidate"],"picked":"bronze:Terminator+1","floor":42.0},{"not_picked":["bronze:Invalidate+1","bronze:Return"],"picked":"bronze:BronzeOrb","floor":46.0},{"not_picked":["bronze:Shield+1","bronze:FollowUp+1"],"picked":"bronze:Overheat","floor":47.0},{"not_picked":["bronze:Assembly","bronze:Turbo+1"],"picked":"bronze:FineTuning","floor":48.0},{"not_picked":["bronze:CutThrough+1","bronze:Terminator+1","bronze:Refactor"],"picked":"SKIP","floor":49.0}],"player_experience":832057,"relics_obtained":[{"floor":7.0,"key":"Frozen Egg 2"},{"floor":8.0,"key":"Bag of Preparation"},{"floor":11.0,"key":"bronze:Timepiece"},{"floor":13.0,"key":"Juzu Bracelet"},{"floor":24.0,"key":"Smiling Mask"},{"floor":28.0,"key":"Ancient Tea Set"},{"floor":30.0,"key":"Nilry\u0027s Codex"},{"floor":31.0,"key":"Pen Nib"},{"floor":40.0,"key":"Nunchaku"},{"floor":41.0,"key":"Gremlin Horn"},{"floor":47.0,"key":"Anchor"}],"event_choices":[{"cards_removed":["bronze:Strike"],"damage_healed":0.0,"max_hp_gain":0.0,"max_hp_loss":0.0,"gold_gain":0.0,"event_name":"Falling","player_choice":"Removed Attack","floor":45.0,"gold_loss":0.0,"damage_taken":0.0}],"is_beta":false,"boss_relics":[{"not_picked":["Snecko Eye","Busted Crown"],"picked":"Coffee Dripper"},{"not_picked":["Runic Pyramid","Empty Cage"],"picked":"bronze:ElectromagneticCoil"}],"items_purged_floors":[5,22,44],"is_endless":false,"potions_floor_spawned":[2,10,11,12,13,15,16,21,26,28,32,33,37,40,42,46],"killed_by":"WA_ARCHETYPE_DIVINITY","ascension_level":2}}