{"host":"c35j6tsoy7cxzn43","time":1614380541,"event":{"mods":["BaseMod","Better Third Choice","BetterRewards","Colored Map","Colored Powertips","Conspire","Highlight Path","Hubris","Infinite Spire","Minty Spire (QoL Compilation)","Quick Restart","Replay The Spire","Shop Mod","StSLib"],"gold_per_floor":[113,113,38,58,58,58,91,91,115,115,15,47,60,71,71,176,176,194,44,58,69,69,69],"floor_reached":22,"language":"ENG","playtime":937,"items_purged":["Defend_R","Defend_R"],"score":194,"play_id":"b81b5c60-9116-4ceb-947e-5fb2314c951c","local_time":"20210227000221","is_ascension_mode":false,"campfire_choices":[{"data":"Strike_R+1","floor":6,"key":"SMITH"},{"data":"Bludgeon","floor":8,"key":"SMITH"},{"data":"Strike_R+2","floor":10,"key":"SMITH"}],"circlet_count":0,"master_deck":["Strike_R","Strike_R","Strike_R+3","Strike_R+1","Strike_R","Defend_R","Defend_R","Bash+1","Self Repair+1","Bludgeon+1","Barricade+1","conspire:HitWhereItHurts","Feed"],"relics":["Iron Core","Simple Rune","Frozen Egg 2","Vajra","Pet Ghost","Black Star","HandDrill"],"acts_visited":["Exordium","TheCity"],"potions_floor_usage":[18,21,21,22],"damage_taken":[{"damage":6,"enemies":"Jaw Worm","floor":1,"turns":3},{"damage":17,"enemies":"Small Slimes","floor":4,"turns":5},{"damage":6,"enemies":"Gremlin Nob","floor":7,"turns":3},{"damage":27,"enemies":"3 Sentries","floor":12,"turns":5},{"damage":0,"enemies":"Cultist","floor":13,"turns":2},{"damage":6,"enemies":"Exordium Wildlife","floor":14,"turns":2},{"damage":35,"enemies":"Fading Forest","floor":16,"turns":11},{"damage":43,"enemies":"3 Byrds","floor":18,"turns":5},{"damage":25,"enemies":"Spheric Guardian","floor":20,"turns":4},{"damage":21,"enemies":"Shelled Parasite and Fungi","floor":21,"turns":3},{"damage":37,"enemies":"Chosen and Byrds","floor":22,"turns":4}],"seed_played":"6185550634525010555","potions_obtained":[{"floor":4,"key":"Toxic Potion"},{"floor":7,"key":"Explosive Potion"},{"floor":12,"key":"Strength Potion"},{"floor":20,"key":"Energy Potion"}],"is_trial":false,"path_per_floor":["M","?","$","M","?","R","E","R","T","R","$","E","M","M","R_BF","B",null,"M","$","M","M","M"],"character_chosen":"IRONCLAD","items_purchased":["HandDrill"],"campfire_rested":0,"item_purchase_floors":[19],"current_hp_per_floor":[80,80,80,73,73,73,67,67,67,67,67,50,50,54,78,57,80,47,47,32,21,0,0],"gold":69,"neow_bonus":"UPGRADE_CARD","is_daily":false,"chose_seed":false,"campfire_upgraded":3,"win_rate":0.0,"timestamp":1614380541,"path_taken":["M","?","$","M","?","R","E","R","T","R","$","E","M","M","R_BF","BOSS","M","$","M","M","M"],"items_purchased_type":["Relic"],"build_version":"2020-12-22","purchased_purges":2,"victory":false,"max_hp_per_floor":[80,80,80,80,80,80,80,80,80,80,80,80,80,80,80,80,80,80,80,80,80,80,80],"card_choices":[{"not_picked":["Spot Weakness","Thunderclap","Clothesline"],"picked":"SKIP","floor":1},{"not_picked":["Replay:Undeath\u0027s Touch","Iron Wave","Beam Cell"],"picked":"SKIP","floor":4},{"not_picked":["Heavy Blade","Clash"],"picked":"Bludgeon","floor":7},{"not_picked":["Intimidate","Anger"],"picked":"Barricade+1","floor":12},{"not_picked":["Infernal Blade","Capacitor+1","Hemokinesis"],"picked":"SKIP","floor":13},{"not_picked":["Clash","True Grit","Clothesline"],"picked":"SKIP","floor":14},{"not_picked":["Immolate","Juggernaut+1"],"picked":"conspire:HitWhereItHurts","floor":16},{"not_picked":["Pommel Strike+1","Combust+1","Shockwave"],"picked":"SKIP","floor":18},{"not_picked":["Headbutt+1","Dual Wield","Twin Strike"],"picked":"SKIP","floor":20},{"not_picked":["Shrug It Off","Wild Strike+1"],"picked":"Feed","floor":21}],"player_experience":496383,"relics_obtained":[{"floor":5,"key":"Simple Rune"},{"floor":7,"key":"Frozen Egg 2"},{"floor":9,"key":"Vajra"},{"floor":12,"key":"Pet Ghost"}],"event_choices":[],"is_beta":false,"boss_relics":[{"not_picked":["Fusion Hammer","Ectoplasm"],"picked":"Black Star"}],"items_purged_floors":[3,11],"is_endless":false,"potions_floor_spawned":[4,7,12,16,20],"killed_by":"Chosen and Byrds","ascension_level":0}}