{"host":"z37g2hkgkh2zjyzk","time":1614347379,"event":{"mods":["2.2 Compatiblity","AchievementEnabler","BaseMod","Bestiary","Colored Map","Colored Powertips","Curses Come First","Highlight Path","Keyboard Shortcuts","Minty Spire (QoL Compilation)","Relic Stats","StSLib","SuperFastMode"],"gold_per_floor":[114,64,117,25,37,71,71,71,148,148,179,179,23,50,50,149,149,166,193,193,206,206,241,241,271,283,323,335,380,411,522,534,646,658,684,696,755,767,362,362,377,677,701,701,721,721,741,419,419,419,419,419,36,71,71,71],"floor_reached":55,"language":"ENG","playtime":5086,"items_purged":["Shame","Writhe"],"score":1228,"play_id":"2ba32f42-3aae-4e76-9d57-358207328127","local_time":"20210226144939","is_ascension_mode":true,"campfire_choices":[{"data":"Backstab","floor":7.0,"key":"SMITH"},{"data":"Neutralize","floor":10.0,"key":"SMITH"},{"data":"Predator","floor":12.0,"key":"SMITH"},{"data":"Noxious Fumes","floor":15.0,"key":"SMITH"},{"data":"Noxious Fumes","floor":24.0,"key":"SMITH"},{"data":"Backflip","floor":28.0,"key":"SMITH"},{"data":"Bullet Time","floor":32.0,"key":"SMITH"},{"data":"Wraith Form v2","floor":40,"key":"SMITH"},{"floor":44,"key":"REST"},{"floor":46,"key":"RECALL"},{"data":"Wraith Form v2","floor":49,"key":"SMITH"},{"floor":52,"key":"REST"}],"circlet_count":0,"master_deck":["Defend_G","Defend_G","Defend_G","Defend_G","Defend_G","Survivor","Neutralize+1","Backstab+1","Noxious Fumes+1","Dagger Throw","Caltrops","Predator+1","Deadly Poison","Backstab+1","Backflip+1","Bullet Time+1","Noxious Fumes+1","Deflect+1","Dagger Spray","Bite","Bite","Bite","Bite","Bite","Escape Plan","Outmaneuver+1","Footwork+1","Underhanded Strike+1","Tools of the Trade","Underhanded Strike+1","Secret Technique","Cloak And Dagger+1","Backstab+1","Wraith Form v2+1","PiercingWail+1","Skewer+1","Parasite","Acrobatics+1","Wraith Form v2+1","Backstab+1","Caltrops"],"relics":["Ring of the Snake","NeowsBlessing","Oddly Smooth Stone","Bag of Marbles","Kunai","Peace Pipe","DollysMirror","Ancient Tea Set","Sozu","Red Mask","Juzu Bracelet","Letter Opener","MawBank","Molten Egg 2","Ginger","Cursed Key","Ice Cream","HornCleat","Nunchaku","Blood Vial","Medical Kit","Orichalcum","Mummified Hand"],"acts_visited":["Exordium","TheCity","TheBeyond","TheEnding"],"potions_floor_usage":[],"damage_taken":[{"damage":0.0,"enemies":"2 Louse","floor":1.0,"turns":1.0},{"damage":0.0,"enemies":"Jaw Worm","floor":5.0,"turns":1.0},{"damage":0.0,"enemies":"3 Sentries","floor":6.0,"turns":1.0},{"damage":9.0,"enemies":"Lagavulin","floor":11.0,"turns":8.0},{"damage":3.0,"enemies":"3 Sentries","floor":14.0,"turns":7.0},{"damage":18.0,"enemies":"The Guardian","floor":16.0,"turns":9.0},{"damage":6.0,"enemies":"3 Byrds","floor":18.0,"turns":2.0},{"damage":0.0,"enemies":"Masked Bandits","floor":19.0,"turns":3.0},{"damage":0.0,"enemies":"Spheric Guardian","floor":21.0,"turns":3.0},{"damage":0.0,"enemies":"Slavers","floor":23.0,"turns":5.0},{"damage":10.0,"enemies":"Book of Stabbing","floor":25.0,"turns":3.0},{"damage":17.0,"enemies":"Gremlin Leader","floor":27.0,"turns":6.0},{"damage":2.0,"enemies":"Book of Stabbing","floor":29.0,"turns":4.0},{"damage":0.0,"enemies":"Centurion and Healer","floor":30.0,"turns":4.0},{"damage":57.0,"enemies":"Champ","floor":33.0,"turns":12.0},{"damage":0.0,"enemies":"3 Shapes","floor":35.0,"turns":5.0},{"damage":38,"enemies":"2 Orb Walkers","floor":37,"turns":5},{"damage":0,"enemies":"Orb Walker","floor":41,"turns":1},{"damage":0,"enemies":"Jaw Worm Horde","floor":45,"turns":4},{"damage":12,"enemies":"Writhing Mass","floor":47,"turns":5},{"damage":52,"enemies":"Time Eater","floor":50,"turns":11},{"damage":0,"enemies":"Shield and Spear","floor":54,"turns":6},{"damage":63,"enemies":"The Heart","floor":55,"turns":9}],"seed_played":"-4169499080027831379","potions_obtained":[{"floor":5.0,"key":"LiquidBronze"},{"floor":6.0,"key":"Energy Potion"},{"floor":14.0,"key":"Strength Potion"}],"is_trial":false,"path_per_floor":["M","?","T","$","M","E","R","?","T","R","E","R","$","E","R","B",null,"M","?","?","M","?","E","R","E","T","E","R","E","M","?","R","B",null,"M","?","?","T","$","R","M","?","T","R","M","R","M","$","R","B",null,"R","$","E","B"],"character_chosen":"THE_SILENT","items_purchased":["Noxious Fumes","Dagger Throw","DollysMirror","Backstab+1","Nunchaku","Wraith Form v2","Wraith Form v2","Backstab+1","Medical Kit","Orichalcum","Caltrops"],"campfire_rested":2,"item_purchase_floors":[4,4,13,39,39,39,48,48,53,53,53],"current_hp_per_floor":[63,63,63,63,63,63,63,68,68,68,59,59,59,56,56,38,66,60,60,60,60,52,52,52,48,48,47,47,52,52,52,52,9,41,52,52,20,20,20,20,24,24,24,39,47,47,40,40,40,10,42,52,52,52,0,0],"gold":71,"neow_bonus":"THREE_ENEMY_KILL","is_daily":false,"chose_seed":false,"campfire_upgraded":9,"win_rate":0.0,"timestamp":1614347379,"path_taken":["M","?","?","$","M","E","R","?","T","R","E","R","$","E","R","BOSS","M","?","?","M","?","E","R","E","T","E","R","E","M","?","R","BOSS","M","?","?","?","$","R","M","?","T","R","M","R","M","$","R","BOSS","R","$","E","BOSS"],"items_purchased_type":["Card","Card","Relic","Card","Relic","Card","Card","Card","Relic","Relic","Card"],"build_version":"2020-12-22","purchased_purges":2,"victory":false,"max_hp_per_floor":[70,70,70,70,70,70,70,75,75,75,75,75,75,75,75,75,75,75,75,75,75,52,52,52,52,52,52,52,52,52,52,52,52,52,52,52,52,52,52,52,52,52,52,52,52,52,52,52,52,52,52,52,52,52,52,52],"relic_stats":{"counters":[23,115],"Juzu Bracelet":2,"Letter Opener":[148],"Ginger":[8],"Orichalcum":[24],"MawBank":168,"Cursed Key":2,"Medical Kit":[0],"Peace Pipe":1,"Sozu":8,"Blood Vial":6,"Nunchaku":[10],"Mummified Hand":[7],"Kunai":[51],"obtain_stats":[{"Ice Cream":37,"NeowsBlessing":0,"Oddly Smooth Stone":3,"Juzu Bracelet":20,"Letter Opener":23,"Ginger":29,"Orichalcum":53,"Ancient Tea Set":14,"MawBank":25,"Cursed Key":34,"Medical Kit":53,"Peace Pipe":11,"Sozu":17,"Blood Vial":43,"Nunchaku":39,"HornCleat":38,"DollysMirror":13,"Mummified Hand":54,"Molten Egg 2":27,"Bag of Marbles":6,"Red Mask":19,"Kunai":9,"Ring of the Snake":0},{"Ice Cream":17,"NeowsBlessing":0,"Oddly Smooth Stone":1,"Juzu Bracelet":8,"Letter Opener":10,"Ginger":13,"Orichalcum":21,"Ancient Tea Set":5,"MawBank":11,"Cursed Key":15,"Medical Kit":21,"Peace Pipe":4,"Sozu":6,"Blood Vial":18,"Nunchaku":17,"HornCleat":17,"DollysMirror":4,"Mummified Hand":22,"Molten Egg 2":12,"Bag of Marbles":3,"Red Mask":8,"Kunai":3,"Ring of the Snake":0},{"Ice Cream":79,"NeowsBlessing":0,"Oddly Smooth Stone":1,"Juzu Bracelet":32,"Letter Opener":40,"Ginger":53,"Orichalcum":100,"Ancient Tea Set":18,"MawBank":43,"Cursed Key":69,"Medical Kit":100,"Peace Pipe":11,"Sozu":27,"Blood Vial":80,"Nunchaku":79,"HornCleat":79,"DollysMirror":11,"Mummified Hand":106,"Molten Egg 2":49,"Bag of Marbles":3,"Red Mask":32,"Kunai":3,"Ring of the Snake":0}],"Ring of the Snake":[46]},"card_choices":[{"not_picked":["PiercingWail","Dagger Spray"],"picked":"Backstab","floor":1.0},{"not_picked":["Prepared","Blade Dance"],"picked":"Caltrops","floor":5.0},{"not_picked":["Poisoned Stab","Eviscerate"],"picked":"Predator","floor":6.0},{"not_picked":["Crippling Poison","Cloak And Dagger"],"picked":"Deadly Poison","floor":11.0},{"not_picked":["Blade Dance","Phantasmal Killer"],"picked":"Backflip","floor":14.0},{"not_picked":["Doppelganger","Phantasmal Killer"],"picked":"Bullet Time","floor":16.0},{"not_picked":["Outmaneuver","Deadly Poison"],"picked":"Noxious Fumes","floor":18.0},{"not_picked":["Blade Dance","Quick Slash"],"picked":"Deflect+1","floor":19.0},{"not_picked":["Blade Dance","Deadly Poison"],"picked":"Dagger Spray","floor":21.0},{"not_picked":["Accuracy","Terror"],"picked":"Escape Plan","floor":23.0},{"not_picked":["Infinite Blades","Skewer+1","Poisoned Stab"],"picked":"SKIP","floor":25.0},{"not_picked":["Finisher+1","Heel Hook+1"],"picked":"Outmaneuver+1","floor":27.0},{"not_picked":["Cloak And Dagger+1","Skewer+1"],"picked":"Footwork+1","floor":29.0},{"not_picked":["Setup","Caltrops"],"picked":"Underhanded Strike+1","floor":30.0},{"not_picked":["Grand Finale+1","Phantasmal Killer"],"picked":"Tools of the Trade","floor":33.0},{"not_picked":["Dagger Spray+1","Dodge and Roll"],"picked":"Underhanded Strike+1","floor":35.0},{"not_picked":["PanicButton","Chrysalis"],"picked":"Secret Technique","floor":36.0},{"not_picked":["Endless Agony+1","Dagger Throw+1"],"picked":"Cloak And Dagger+1","floor":37},{"not_picked":["Deadly Poison","Well Laid Plans"],"picked":"PiercingWail+1","floor":41},{"not_picked":["Glass Knife+1","Deadly Poison"],"picked":"Skewer+1","floor":45},{"not_picked":["Slice+1","Cloak And Dagger+1"],"picked":"Acrobatics+1","floor":47},{"not_picked":["Distraction","Sucker Punch+1","Underhanded Strike+1"],"picked":"SKIP","floor":54}],"player_experience":292036,"relics_obtained":[{"floor":3.0,"key":"Oddly Smooth Stone"},{"floor":6.0,"key":"Bag of Marbles"},{"floor":9.0,"key":"Kunai"},{"floor":11.0,"key":"Peace Pipe"},{"floor":14.0,"key":"Ancient Tea Set"},{"floor":19.0,"key":"Red Mask"},{"floor":23.0,"key":"Letter Opener"},{"floor":25.0,"key":"MawBank"},{"floor":27.0,"key":"Molten Egg 2"},{"floor":29.0,"key":"Ginger"},{"floor":37,"key":"Ice Cream"},{"floor":38,"key":"HornCleat"},{"floor":43,"key":"Blood Vial"},{"floor":54,"key":"Mummified Hand"}],"event_choices":[{"cards_removed":["Strike_G"],"damage_healed":0.0,"max_hp_gain":0.0,"max_hp_loss":0.0,"gold_gain":0.0,"event_name":"The Cleric","player_choice":"Card Removal","floor":2.0,"gold_loss":50.0,"damage_taken":0.0},{"damage_healed":0.0,"max_hp_gain":5.0,"max_hp_loss":0.0,"gold_gain":0.0,"event_name":"Big Fish","player_choice":"Donut","floor":8.0,"gold_loss":0.0,"damage_taken":0.0},{"damage_healed":0.0,"max_hp_gain":0.0,"max_hp_loss":0.0,"gold_gain":0.0,"event_name":"Masked Bandits","player_choice":"Fought Bandits","floor":19.0,"gold_loss":0.0,"damage_taken":0.0},{"damage_healed":0.0,"max_hp_gain":0.0,"max_hp_loss":0.0,"gold_gain":0.0,"event_name":"WeMeetAgain","player_choice":"Gave Potion","floor":20.0,"gold_loss":0.0,"damage_taken":0.0,"relics_obtained":["Juzu Bracelet"]},{"damage_healed":0.0,"max_hp_gain":0.0,"max_hp_loss":23.0,"gold_gain":0.0,"event_name":"Vampires","player_choice":"Became a vampire","floor":22.0,"gold_loss":0.0,"damage_taken":0.0,"cards_obtained":["Bite","Bite","Bite","Bite","Bite"]},{"damage_healed":0.0,"max_hp_gain":0.0,"max_hp_loss":0.0,"gold_gain":99.0,"event_name":"Nest","player_choice":"Stole From Cult","floor":31.0,"gold_loss":0.0,"damage_taken":0.0},{"damage_healed":0.0,"max_hp_gain":0.0,"max_hp_loss":0.0,"gold_gain":0.0,"event_name":"SensoryStone","player_choice":"Memory 1","floor":36.0,"gold_loss":0.0,"damage_taken":0.0},{"damage_healed":0,"gold_gain":0,"player_choice":"Fight","damage_taken":0,"max_hp_gain":0,"max_hp_loss":0,"event_name":"Mysterious Sphere","floor":37,"gold_loss":0},{"damage_healed":0,"gold_gain":300,"player_choice":"Gold","damage_taken":0,"max_hp_gain":0,"max_hp_loss":0,"event_name":"Wheel of Change","floor":42,"gold_loss":0}],"is_beta":false,"boss_relics":[{"not_picked":["Pandora\u0027s Box","SlaversCollar"],"picked":"Sozu"},{"not_picked":["HoveringKite","Ring of the Serpent"],"picked":"Cursed Key"}],"items_purged_floors":[39,48],"is_endless":false,"potions_floor_spawned":[5,6,14,18,23,25,27,33,41,47,54],"killed_by":"The Heart","ascension_level":9}}