{"host":"92sjzvcjs9ajt7c7","time":1614319143,"event":{"mods":["Bard","BaseMod","Colored Powertips","DeckTracker","Evolution","Minty Spire (QoL Compilation)","Shapeshifter Mod","Shop Mod","StSLib","The Disciple","The Forsaken","The Hayseed","The Hierophant","The Marked","The Runesmith","The Servant 0.9.4","The Showman","Waifu the Spire","WarShipGirlsR/????R mod","everything is the same but u backflip on backflip"],"gold_per_floor":[118,137,137,157,182,194,221,262,300,387,412,424,448,476,488,597,609,638,355,355,355,368,402,402,132,159,194,194,194,229,247,247,344,344,355,366,366,377,126,126,137,137,137,149,167,167,217,227,227,227],"floor_reached":51,"language":"ENG","playtime":5599,"items_purged":["Defend_R","Defend_R","Defend_R"],"score":734,"play_id":"a1ba2042-3f4e-4f21-8da4-24fb6e17a9be","local_time":"20210225235903","is_ascension_mode":false,"campfire_choices":[{"data":"Armaments","floor":6.0,"key":"SMITH"},{"data":"Berserk","floor":15.0,"key":"SMITH"},{"data":"Heavy Blade","floor":24.0,"key":"SMITH"},{"data":"Brutality","floor":28.0,"key":"SMITH"},{"data":"Rage","floor":32.0,"key":"SMITH"},{"data":"Apotheosis","floor":40.0,"key":"SMITH"},{"data":"Fire Breathing","floor":42.0,"key":"SMITH"},{"data":"Brutality","floor":49,"key":"SMITH"}],"circlet_count":0,"master_deck":["Headbutt","Twin Strike","Headbutt","Bash","Spot Weakness","Armaments+1","Cleave","Berserk+1","Fire Breathing+1","Metallicize","Wild Strike","Reaper","Sword Boomerang","Shrug It Off","Metallicize","Heavy Blade+1","Flash of Steel","Iron Wave+1","Inflame+1","Reckless Charge","Brutality+1","Rage+1","Brutality+1","Flex","Clash","Apotheosis+1","Warcry+1","Battle Trance+1"],"relics":["Burning Blood","EVO:Axolotl","Mummified Hand","Nunchaku","MerchantsRug","Membership Card","InkBottle","Sling","Kunai","Lantern","Bronze Scales","Coffee Dripper","Lee\u0027s Waffle","Ancient Tea Set","Blood Vial","Torii","Bird Faced Urn"],"acts_visited":["Exordium","TheCity","TheBeyond"],"potions_floor_usage":[50,50],"damage_taken":[{"damage":0.0,"enemies":"Small Slimes","floor":1.0,"turns":3.0},{"damage":6.0,"enemies":"Jaw Worm","floor":2.0,"turns":2.0},{"damage":1.0,"enemies":"Cultist","floor":4.0,"turns":3.0},{"damage":10.0,"enemies":"Exordium Thugs","floor":7.0,"turns":3.0},{"damage":25.0,"enemies":"3 Sentries","floor":8.0,"turns":7.0},{"damage":7.0,"enemies":"Large Slime","floor":11.0,"turns":4.0},{"damage":9.0,"enemies":"Blue Slaver","floor":13.0,"turns":3.0},{"damage":10.0,"enemies":"Exordium Thugs","floor":14.0,"turns":4.0},{"damage":28.0,"enemies":"The Guardian","floor":16.0,"turns":8.0},{"damage":17.0,"enemies":"3 Byrds","floor":18.0,"turns":5.0},{"damage":24.0,"enemies":"Shell Parasite","floor":22.0,"turns":5.0},{"damage":29.0,"enemies":"Slavers","floor":23.0,"turns":3.0},{"damage":26.0,"enemies":"Gremlin Leader","floor":27.0,"turns":6.0},{"damage":23.0,"enemies":"Book of Stabbing","floor":30.0,"turns":4.0},{"damage":21.0,"enemies":"3 Cultists","floor":31.0,"turns":4.0},{"damage":53.0,"enemies":"Automaton","floor":33.0,"turns":8.0},{"damage":8.0,"enemies":"Orb Walker","floor":35.0,"turns":3.0},{"damage":10.0,"enemies":"3 Shapes","floor":36.0,"turns":3.0},{"damage":38.0,"enemies":"Jaw Worm Horde","floor":38.0,"turns":3.0},{"damage":31.0,"enemies":"Maw","floor":41.0,"turns":5.0},{"damage":7.0,"enemies":"Transient","floor":44.0,"turns":5.0},{"damage":23.0,"enemies":"3 Darklings","floor":45.0,"turns":3.0},{"damage":24.0,"enemies":"Mind Bloom Boss Battle","floor":47.0,"turns":6.0},{"damage":43,"enemies":"Maw","floor":48,"turns":5},{"damage":51,"enemies":"Donu and Deca","floor":50,"turns":5}],"seed_played":"-3206583908115396284","potions_obtained":[{"floor":1.0,"key":"FearPotion"},{"floor":7.0,"key":"BloodPotion"},{"floor":13.0,"key":"Block Potion"},{"floor":14.0,"key":"Block Potion"},{"floor":18.0,"key":"AttackPotion"},{"floor":22.0,"key":"Explosive Potion"},{"floor":27.0,"key":"Weak Potion"},{"floor":31.0,"key":"SteroidPotion"},{"floor":35.0,"key":"Block Potion"},{"floor":36.0,"key":"HeartOfIron"},{"floor":48,"key":"DuplicationPotion"}],"is_trial":false,"path_per_floor":["M","M","?","M","T","R","M","E","T","?","M","?","M","M","R","B",null,"M","$","?","?","M","E","R","$","T","E","R","?","E","M","R","B",null,"M","M","?","M","$","R","M","R","T","M","M","?","?","M","R","B",null],"character_chosen":"IRONCLAD","items_purchased":["MerchantsRug","Membership Card","Shrug It Off","Metallicize","Sling","Reckless Charge","Kunai","Lee\u0027s Waffle","Ancient Tea Set","Blood Vial"],"campfire_rested":0,"item_purchase_floors":[19,19,19,19,25,25,25,39,39,39],"current_hp_per_floor":[88,88,88,88,88,88,84,65,65,54,53,53,50,63,63,41,88,83,83,83,83,65,66,66,66,66,74,74,55,50,59,59,24,100,100,96,96,64,107,107,82,82,82,95,80,80,82,77,77,89],"gold":227,"neow_bonus":"TEN_PERCENT_HP_BONUS","is_daily":false,"chose_seed":false,"campfire_upgraded":8,"win_rate":0.0,"timestamp":1614319143,"path_taken":["M","M","?","?","?","R","M","E","T","?","M","?","?","M","R","BOSS","M","$","?","?","?","E","R","$","T","E","R","?","E","M","R","BOSS","M","M","?","M","$","R","M","R","T","M","M","?","?","?","R","BOSS"],"items_purchased_type":["Relic","Relic","Card","Card","Relic","Card","Relic","Relic","Relic","Relic"],"build_version":"2020-12-22","purchased_purges":3,"victory":true,"max_hp_per_floor":[88,88,88,88,88,88,88,88,88,88,88,88,88,88,88,88,88,88,88,88,88,88,88,88,88,88,95,95,100,100,100,100,100,100,100,100,100,100,107,107,107,107,107,107,107,107,107,107,107,107],"card_choices":[{"not_picked":["Iron Wave","Twin Strike"],"picked":"Spot Weakness","floor":1.0},{"not_picked":["Warcry","Twin Strike"],"picked":"Armaments","floor":2.0},{"not_picked":["Uppercut","Reckless Charge"],"picked":"Cleave","floor":4.0},{"not_picked":["Anger","Wild Strike"],"picked":"Iron Wave","floor":7.0},{"not_picked":["Infernal Blade","Pommel Strike"],"picked":"Berserk","floor":8.0},{"not_picked":["Perfected Strike","Rage","Wild Strike"],"picked":"SKIP","floor":11.0},{"not_picked":["Wild Strike","Rage"],"picked":"Metallicize","floor":13.0},{"not_picked":["Shockwave","Ghostly Armor"],"picked":"Wild Strike","floor":14.0},{"not_picked":["Double Tap","Brutality"],"picked":"Reaper","floor":16.0},{"not_picked":["Body Slam+1","True Grit"],"picked":"Sword Boomerang","floor":18.0},{"not_picked":["Whirlwind","Pummel"],"picked":"Iron Wave+1","floor":22.0},{"not_picked":["Cleave+1","Clash"],"picked":"Inflame+1","floor":23.0},{"not_picked":["Blood for Blood","Burning Pact+1"],"picked":"Brutality","floor":27.0},{"not_picked":["Sword Boomerang+1","Dropkick","Pommel Strike+1"],"picked":"SKIP","floor":30.0},{"not_picked":["Flex","Wild Strike"],"picked":"Rage","floor":31.0},{"not_picked":["Feed","Berserk"],"picked":"Brutality","floor":33.0},{"not_picked":["Searing Blow","Shrug It Off+1"],"picked":"Flex","floor":35.0},{"not_picked":["Heavy Blade+1","Searing Blow"],"picked":"Clash","floor":36.0},{"not_picked":["Impatience","Mayhem"],"picked":"Apotheosis","floor":37.0},{"not_picked":["Wild Strike+1","Anger","Cleave+1"],"picked":"SKIP","floor":38.0},{"not_picked":["Rage","Clash+1"],"picked":"Warcry+1","floor":41.0},{"not_picked":["Feel No Pain+1","Flex"],"picked":"Battle Trance+1","floor":44.0},{"not_picked":["Burning Pact","Headbutt+1","Shrug It Off+1"],"picked":"SKIP","floor":45.0},{"not_picked":["Sword Boomerang+1","Shrug It Off","Perfected Strike+1"],"picked":"SKIP","floor":48}],"player_experience":53125,"relics_obtained":[{"floor":5.0,"key":"MawBank"},{"floor":8.0,"key":"Mummified Hand"},{"floor":9.0,"key":"Nunchaku"},{"floor":23.0,"key":"InkBottle"},{"floor":26.0,"key":"Lantern"},{"floor":27.0,"key":"Strawberry"},{"floor":30.0,"key":"Bronze Scales"},{"floor":43.0,"key":"Torii"},{"floor":47.0,"key":"Bird Faced Urn"}],"event_choices":[{"damage_healed":0.0,"max_hp_gain":0.0,"max_hp_loss":0.0,"gold_gain":75.0,"event_name":"World of Goop","player_choice":"Gather Gold","floor":10.0,"gold_loss":0.0,"damage_taken":11.0},{"damage_healed":0.0,"max_hp_gain":0.0,"max_hp_loss":0.0,"gold_gain":0.0,"cards_transformed":["Defend_R"],"event_name":"Transmorgrifier","player_choice":"Transformed","floor":12.0,"gold_loss":0.0,"damage_taken":0.0,"cards_obtained":["Fire Breathing"]},{"damage_healed":0.0,"max_hp_gain":0.0,"max_hp_loss":0.0,"gold_gain":0.0,"event_name":"The Library","player_choice":"Read","floor":20.0,"gold_loss":0.0,"damage_taken":0.0,"cards_obtained":["Heavy Blade"]},{"damage_healed":0.0,"max_hp_gain":0.0,"max_hp_loss":0.0,"gold_gain":0.0,"event_name":"Match and Keep!","player_choice":"1 cards matched","floor":21.0,"gold_loss":0.0,"damage_taken":0.0,"cards_obtained":["Flash of Steel"]},{"damage_healed":0.0,"max_hp_gain":5.0,"max_hp_loss":0.0,"gold_gain":0.0,"event_name":"Forgotten Altar","player_choice":"Shed Blood","floor":29.0,"gold_loss":0.0,"damage_taken":24.0},{"damage_healed":0.0,"max_hp_gain":0.0,"max_hp_loss":0.0,"gold_gain":0.0,"event_name":"SensoryStone","player_choice":"Memory 1","floor":37.0,"gold_loss":0.0,"damage_taken":0.0},{"cards_removed":["Iron Wave"],"damage_healed":0.0,"max_hp_gain":0.0,"max_hp_loss":0.0,"gold_gain":0.0,"event_name":"Falling","player_choice":"Removed Attack","floor":46.0,"gold_loss":0.0,"damage_taken":0.0},{"damage_healed":0.0,"max_hp_gain":0.0,"max_hp_loss":0.0,"gold_gain":0.0,"event_name":"MindBloom","player_choice":"Fight","floor":47.0,"gold_loss":0.0,"damage_taken":0.0}],"is_beta":false,"boss_relics":[{"not_picked":["Busted Crown","Runic Cube"],"picked":"Empty Cage"},{"not_picked":["Runesmith:UraniumAnvil","Snecko Eye"],"picked":"Coffee Dripper"}],"items_purged_floors":[19,25,39],"is_endless":false,"potions_floor_spawned":[1,7,13,14,18,22,27,31,35,36,48],"ascension_level":0}}