{"host":"0awa854l6bexpjrv","time":1614374596,"event":{"mods":["BaseMod","Block Reminder","Colored Map","Colored Powertips","Downfall","Highlight Path","Minty Spire (QoL Compilation)","Quick Restart","Rare Cards Sparkle","StSLib","SuperFastMode"],"gold_per_floor":[115,115,126,3,14,14,42,61,85,95,115,115,115,130,130,234,234,249,0,0,17,34,34,45,45,45,45,45,59,86,102,102,202,202,202,217,92,105,118,118,0,0,25,25,25,42,42,59,59,59,59],"floor_reached":50,"language":"ENG","playtime":3649,"items_purged":["Strike_G","Strike_G","Strike_G"],"score":563,"play_id":"59d4858f-1a89-42c1-b801-fcd054d0076a","local_time":"20210226132316","is_ascension_mode":true,"campfire_choices":[{"data":"After Image","floor":6.0,"key":"SMITH"},{"floor":13,"key":"REST"},{"floor":15,"key":"REST"},{"data":"Leg Sweep","floor":23,"key":"SMITH"},{"data":"Predator","floor":27,"key":"SMITH"},{"floor":32,"key":"REST"},{"data":"Phantasmal Killer","floor":40,"key":"SMITH"},{"data":"Leg Sweep","floor":42,"key":"SMITH"},{"data":"A Thousand Cuts","floor":44,"key":"SMITH"},{"data":"A Thousand Cuts","floor":47,"key":"SMITH"},{"data":"Tools of the Trade","floor":49,"key":"SMITH"}],"circlet_count":0,"master_deck":["Strike_G","Defend_G","Defend_G","Defend_G","Defend_G","Defend_G","Survivor","Neutralize","After Image+1","Bane","Predator+1","Sucker Punch","Leg Sweep+1","Bouncing Flask","Crippling Poison","Deadly Poison","Flying Knee","Cloak And Dagger","Cloak And Dagger+1","Leg Sweep+1","Well Laid Plans","Noxious Fumes+1","Quick Slash+1","Caltrops","Phantasmal Killer+1","Backflip","A Thousand Cuts+1","Noxious Fumes","Acrobatics+1","Blade Dance","A Thousand Cuts+1","Clumsy","Terror","Tools of the Trade+1"],"relics":["Ring of the Snake","Snake Skull","Happy Flower","WristBlade","TwistedFunnel","Eternal Feather","Prayer Wheel","Lantern","Cursed Key","Red Mask","Orichalcum"],"acts_visited":["Exordium","TheCity","TheBeyond"],"potions_floor_usage":[7,16,21,30,33,35,50],"damage_taken":[{"damage":0.0,"enemies":"Cultist","floor":1.0,"turns":5.0},{"damage":0.0,"enemies":"Jaw Worm","floor":3.0,"turns":6.0},{"damage":0.0,"enemies":"2 Louse","floor":5.0,"turns":4.0},{"damage":31,"enemies":"Lagavulin","floor":7,"turns":6},{"damage":0,"enemies":"Large Slime","floor":8,"turns":11},{"damage":7,"enemies":"Exordium Wildlife","floor":10,"turns":5},{"damage":2,"enemies":"3 Louse","floor":11,"turns":4},{"damage":0,"enemies":"Looter","floor":14,"turns":3},{"damage":21,"enemies":"Slime Boss","floor":16,"turns":9},{"damage":6,"enemies":"Spheric Guardian","floor":18,"turns":5},{"damage":5,"enemies":"2 Thieves","floor":21,"turns":5},{"damage":11,"enemies":"Snecko","floor":22,"turns":4},{"damage":3,"enemies":"Centurion and Healer","floor":24,"turns":6},{"damage":2,"enemies":"Chosen and Byrds","floor":29,"turns":5},{"damage":25,"enemies":"Slavers","floor":30,"turns":4},{"damage":16,"enemies":"Shelled Parasite and Fungi","floor":31,"turns":5},{"damage":34,"enemies":"Champ","floor":33,"turns":10},{"damage":2,"enemies":"3 Shapes","floor":35,"turns":3},{"damage":3,"enemies":"3 Darklings","floor":36,"turns":4},{"damage":8,"enemies":"Sphere and 2 Shapes","floor":38,"turns":4},{"damage":16,"enemies":"Transient","floor":39,"turns":5},{"damage":15,"enemies":"Jaw Worm Horde","floor":46,"turns":4},{"damage":0,"enemies":"4 Shapes","floor":48,"turns":3},{"damage":93,"enemies":"Time Eater","floor":50,"turns":7}],"seed_played":"2601876060071158673","potions_obtained":[{"floor":8,"key":"LiquidMemories"},{"floor":11,"key":"SmokeBomb"},{"floor":14,"key":"SteroidPotion"},{"floor":16,"key":"Explosive Potion"},{"floor":31,"key":"FearPotion"},{"floor":33,"key":"GamblersBrew"},{"floor":46,"key":"EssenceOfSteel"}],"is_trial":false,"path_per_floor":["M","?","M","$","M","R","E","M","T","M","M","?","R","M","R","B",null,"M","$","?","M","M","R","M","T","T","R","?","M","E","M","R","B",null,"M","M","$","M","M","R","?","R","T","R","?","M","R","M","R","B"],"character_chosen":"THE_SILENT","items_purchased":["Fire Potion","TwistedFunnel"],"campfire_rested":3,"item_purchase_floors":[4,19],"current_hp_per_floor":[70,75,75,75,75,75,44,44,44,37,35,28,50,50,72,51,75,69,69,85,80,69,69,66,66,66,78,78,76,51,35,75,41,85,83,80,80,72,56,74,74,85,85,85,85,70,85,85,85,0,0],"gold":59,"neow_bonus":"ONE_RANDOM_RARE_CARD","is_daily":false,"chose_seed":false,"campfire_upgraded":8,"win_rate":0.0,"timestamp":1614374596,"path_taken":["M","?","M","$","M","R","E","M","T","M","M","?","R","M","R","BOSS","M","$","?","M","?","R","M","?","T","R","?","M","E","M","R","BOSS","M","M","$","M","M","R","?","R","T","R","?","M","R","M","R","BOSS"],"items_purchased_type":["Potion","Relic"],"build_version":"2020-12-22","purchased_purges":3,"victory":false,"max_hp_per_floor":[70,75,75,75,75,75,75,75,75,75,75,75,75,75,75,75,75,75,75,85,85,85,85,85,85,85,85,85,85,85,85,85,85,85,85,85,85,85,85,85,85,85,85,85,85,85,85,85,85,85,85],"card_choices":[{"not_picked":["Deadly Poison","Expertise"],"picked":"Bane","floor":1.0},{"not_picked":["Dodge and Roll","Quick Slash"],"picked":"Predator","floor":3.0},{"not_picked":["Well Laid Plans","Dagger Throw"],"picked":"Sucker Punch","floor":5.0},{"not_picked":["Backflip","Dagger Spray"],"picked":"Leg Sweep","floor":7},{"not_picked":["Expertise","Quick Slash"],"picked":"Bouncing Flask","floor":8},{"not_picked":["All Out Attack","Sucker Punch"],"picked":"Crippling Poison","floor":10},{"not_picked":["Finisher","Doppelganger"],"picked":"Deadly Poison","floor":11},{"not_picked":["Deflect","Poisoned Stab"],"picked":"Flying Knee","floor":14},{"not_picked":["Unload","Doppelganger"],"picked":"Envenom","floor":16},{"not_picked":["Poisoned Stab","Quick Slash"],"picked":"Cloak And Dagger","floor":18},{"not_picked":["Backstab","Acrobatics"],"picked":"Cloak And Dagger+1","floor":21},{"not_picked":["Dagger Throw","Cloak And Dagger"],"picked":"Leg Sweep","floor":22},{"not_picked":["Prepared","Deflect","Dagger Throw"],"picked":"SKIP","floor":24},{"not_picked":["Underhanded Strike+1","Dagger Spray"],"picked":"Noxious Fumes+1","floor":29},{"not_picked":["Underhanded Strike+1","Crippling Poison+1"],"picked":"Quick Slash+1","floor":29},{"not_picked":["Slice","Deadly Poison"],"picked":"Caltrops","floor":30},{"not_picked":["Backflip","Deadly Poison"],"picked":"Phantasmal Killer","floor":31},{"not_picked":["Sucker Punch","Poisoned Stab"],"picked":"Backflip","floor":31},{"not_picked":["Adrenaline","Burst"],"picked":"A Thousand Cuts","floor":33},{"not_picked":["Cloak And Dagger","Dodge and Roll"],"picked":"Noxious Fumes","floor":36},{"not_picked":["Underhanded Strike+1","Deflect","Reflex+1"],"picked":"SKIP","floor":36},{"not_picked":["Bane","Predator"],"picked":"Acrobatics+1","floor":38},{"not_picked":["Flying Knee","Dodge and Roll+1","Outmaneuver"],"picked":"SKIP","floor":38},{"not_picked":["Finisher+1","Bouncing Flask+1"],"picked":"Blade Dance","floor":39},{"not_picked":["Dagger Throw","Deflect"],"picked":"A Thousand Cuts","floor":39},{"not_picked":["Backflip","Deflect+1","Sucker Punch+1"],"picked":"SKIP","floor":46},{"not_picked":["Flechettes+1","Deadly Poison+1","Masterful Stab+1"],"picked":"SKIP","floor":46},{"not_picked":["Skewer","Bane+1"],"picked":"Terror","floor":48},{"not_picked":["Outmaneuver+1","Riddle With Holes+1"],"picked":"Tools of the Trade","floor":48}],"player_experience":812841,"relics_obtained":[{"floor":7,"key":"Snake Skull"},{"floor":9,"key":"Happy Flower"},{"floor":25,"key":"Eternal Feather"},{"floor":26,"key":"Prayer Wheel"},{"floor":30,"key":"Lantern"},{"floor":43,"key":"Orichalcum"}],"event_choices":[{"damage_healed":0.0,"max_hp_gain":5.0,"max_hp_loss":0.0,"gold_gain":0.0,"event_name":"Big Fish","player_choice":"Donut","floor":2.0,"gold_loss":0.0,"damage_taken":0.0},{"cards_removed":["Strike_G"],"damage_healed":0,"gold_gain":0,"player_choice":"Card Removal","damage_taken":7,"max_hp_gain":0,"max_hp_loss":0,"event_name":"Golden Wing","floor":12,"gold_loss":0},{"cards_removed":["Envenom"],"damage_healed":6,"gold_gain":0,"player_choice":"Offered Rare","damage_taken":0,"max_hp_gain":10,"max_hp_loss":0,"event_name":"Bonfire Elementals","floor":20,"gold_loss":0},{"damage_healed":0,"gold_gain":0,"player_choice":"Read","damage_taken":0,"max_hp_gain":0,"max_hp_loss":0,"event_name":"The Library","floor":28,"gold_loss":0,"cards_obtained":["Well Laid Plans"]},{"damage_healed":0,"gold_gain":0,"player_choice":"Paid","damage_taken":0,"relics_obtained":["Red Mask"],"max_hp_gain":0,"max_hp_loss":0,"event_name":"Tomb of Lord Red Mask","floor":41,"gold_loss":118},{"damage_healed":0,"gold_gain":0,"player_choice":"Ignored","damage_taken":0,"max_hp_gain":0,"max_hp_loss":0,"event_name":"Mysterious Sphere","floor":45,"gold_loss":0}],"is_beta":false,"boss_relics":[{"not_picked":["Sozu","Ectoplasm"],"picked":"WristBlade"},{"not_picked":["Empty Cage","Busted Crown"],"picked":"Cursed Key"}],"items_purged_floors":[4,19,37],"is_endless":false,"potions_floor_spawned":[8,11,14,16,18,31,33,46],"killed_by":"Time Eater","ascension_level":3}}