{"host":"bplbr8uekuotory4","time":1614338511,"event":{"mods":["Act Like it!","BaseMod","Custom Start","GungeonMod","Hermit","KinomotoSakuraMod(ƒæ÷Æ±æ”£)","Marisa£®ÏF”Í°°ƒß¿Ì…≥£©","Minty Spire (QoL Compilation)","Prisma Mod","Quick Restart","Reimu£®≤©¿ˆ¡È√Œ£©","SOS£®Àπ∞Õ¥Ô÷Æ◊”£©","Spicy Shops","StSLib","TestMod","The Blackbeard","The Cursed","The Mystic","The Saiyan","The Senshi","The Servant 0.9.4","Yuri Mod","[IsaacMod]“‘»ˆº‚À˛"],"gold_per_floor":[116,123,130,137,157,157,189,189,189,189,201,217,252,271,271,367,367,377,394,135,135,147,175,175,192,240,272,293,326,326,123,123,238,238,255,274,293,308,62,62,78,98,146,32,32,46,0,32,32,37,37,37,37,75,83],"floor_reached":56,"language":"ZHS","playtime":1248,"items_purged":["PrismaMod:MiyuCommonDefend","PrismaMod:MiyuCheapChannelAttack","PrismaMod:MiyuCommonDefend","PrismaMod:MiyuCommonAttack","PrismaMod:MiyuCommonAttack","PrismaMod:MiyuCommonDefend"],"score":2502,"play_id":"2734687c-f54e-4d2a-8bc0-9e0dbf2e57de","local_time":"20210226192151","is_ascension_mode":true,"campfire_choices":[{"data":"PrismaMod:MiyuUncommonPlate","floor":6,"key":"SMITH"},{"data":"PrismaMod:MiyuCheapChannelDefend","floor":8,"key":"SMITH"},{"data":"PrismaMod:MiyuUncommonAttack","floor":15,"key":"SMITH"},{"data":"PrismaMod:MiyuUncommonStrBuff","floor":30,"key":"SMITH"},{"floor":32,"key":"RECALL"},{"data":"PrismaMod:MiyuBride","floor":40,"key":"SMITH"},{"data":"PrismaMod:MiyuCheapDefend2","floor":49,"key":"SMITH"},{"data":"PrismaMod:MiyuCheapDefend1","floor":52,"key":"SMITH"}],"circlet_count":0,"master_deck":["AscendersBane","PrismaMod:MiyuCommonDefend+1","PrismaMod:MiyuCommonAttack","PrismaMod:MiyuCommonAttack+1","PrismaMod:MiyuCheapChannelDefend+1","PrismaMod:MiyuUncommonPlate+1","PrismaMod:MiyuUncommonAttack+1","PrismaMod:MiyuOrbIncreasePerm+1","PrismaMod:MiyuUncommonStrBuff+1","PrismaMod:MiyuBride+1","PrismaMod:MiyuCheapDefend1+1","PrismaMod:MiyuCheapDefend2+1"],"relics":["PrismaMod:PrismaSapphire","testmod-TestBox","HushsDoor","Damocles","testmod-ArcanaOfDestiny","NeowsBlessing","SalivaCoin","DemoMod:AgedBell","DemoMod:GlassGuonStoneRelic","Leech","testmod-ConstraintPeriapt","Strawberry","MoneyPower","DeadEye","Bronze Scales","Pear","Pen Nib","DemoMod:WaxWing","GuppysPaw","DeathBook","Damocles","testmod-CasingShield","Mastiff:ReiMu","TuHaoJin","Juzu Bracelet","Membership Card","Prayer Wheel","yuri:PortableGlitches","testmod-Acrobat","DemoMod:GreenGuonStone","TheBible","EdensBlessing","Lantern","Art of War","GuppysHead","Molten Egg 2","DemoMod:SerJunkan","DemoMod:Junk","HowToJump","Boot","Happy Flower","Ancient Tea Set","NineVolt","MagicMushroom","GuppysCollar","BelialBook","Potion Belt","testmod-Nyarlathotep","DemoMod:PinkGuonStone","Smiling Mask","Nunchaku","testmod-Muramasa","testmod-Hope","TheBattery","Ice Cream","Akabeko","DemoMod:MeltedRock","Omamori","theSenshi:SailorFukuRelic","Red Mask","Frozen Egg 2","White Beast Statue","Tea:ReiMu","testmod-RandomTest","testmod-AssaultLearning"],"acts_visited":["Exordium","TheCity","TheBeyond","TheEnding"],"potions_floor_usage":[16,16,16,16,19,55,55,55,55],"damage_taken":[{"damage":0,"enemies":"2 Louse","floor":1,"turns":1},{"damage":0,"enemies":"Jaw Worm","floor":5,"turns":1},{"damage":0,"enemies":"Lagavulin","floor":7,"turns":1},{"damage":0,"enemies":"Cultist","floor":11,"turns":2},{"damage":0,"enemies":"3 Louse","floor":12,"turns":2},{"damage":0,"enemies":"3 Sentries","floor":13,"turns":2},{"damage":0,"enemies":"Exordium Thugs","floor":14,"turns":1},{"damage":0,"enemies":"Hexaghost","floor":16,"turns":5},{"damage":0,"enemies":"2 Thieves","floor":18,"turns":1},{"damage":0,"enemies":"3 Byrds","floor":19,"turns":2},{"damage":0,"enemies":"Snake Plant","floor":22,"turns":2},{"damage":0,"enemies":"Book of Stabbing","floor":23,"turns":3},{"damage":0,"enemies":"Snecko","floor":25,"turns":3},{"damage":0,"enemies":"Slavers","floor":27,"turns":3},{"damage":0,"enemies":"Shelled Parasite and Fungi","floor":28,"turns":3},{"damage":0,"enemies":"Book of Stabbing","floor":29,"turns":3},{"damage":0,"enemies":"Champ","floor":33,"turns":6},{"damage":0,"enemies":"3 Shapes","floor":35,"turns":1},{"damage":0,"enemies":"3 Darklings","floor":36,"turns":2},{"damage":0,"enemies":"4 Shapes","floor":37,"turns":2},{"damage":0,"enemies":"Jaw Worm Horde","floor":38,"turns":1},{"damage":0,"enemies":"Writhing Mass","floor":41,"turns":1},{"damage":0,"enemies":"Spire Growth","floor":42,"turns":1},{"damage":0,"enemies":"4 Shapes","floor":46,"turns":1},{"damage":0,"enemies":"Giant Head","floor":48,"turns":2},{"damage":0,"enemies":"Time Eater","floor":50,"turns":2},{"damage":0,"enemies":"Shield and Spear","floor":54,"turns":1},{"damage":0,"enemies":"The Heart","floor":55,"turns":2}],"seed_played":"-1742703436876605069","potions_obtained":[{"floor":7,"key":"testmod-TestPotion"},{"floor":11,"key":"EntropicBrew"},{"floor":16,"key":"LiquidBronze"},{"floor":22,"key":"PowerPotion"},{"floor":23,"key":"Ancient Potion"},{"floor":36,"key":"SteroidPotion"},{"floor":38,"key":"Energy Potion"},{"floor":46,"key":"ColorlessPotion"}],"is_trial":false,"path_per_floor":["M","?","?","?","M","R","E","R","T","?","M","M","E","M","R","B",null,"M","M","$","?","M","E","?","M","T","E","M","E","R","$","R","B",null,"M","M","M","M","$","R","M","M","T","$","?","M","?","E","R","B",null,"R","$","E","B",null],"character_chosen":"MIYU","items_purchased":["GuppysPaw","DeathBook","Damocles","Membership Card","Prayer Wheel","Ancient Tea Set","NineVolt","GuppysCollar","BelialBook","testmod-Hope","TheBattery","DemoMod:MeltedRock"],"campfire_rested":0,"item_purchase_floors":[17,17,17,20,20,31,31,34,34,39,39,44],"current_hp_per_floor":[68,65,50,43,43,43,50,50,50,50,53,57,69,69,69,76,57,57,57,57,57,57,57,57,57,57,57,57,57,57,57,57,57,34,34,41,41,41,41,41,41,41,41,41,41,41,41,41,41,41,41,41,41,41,41],"gold":83,"neow_bonus":"THREE_ENEMY_KILL","is_daily":false,"chose_seed":false,"campfire_upgraded":7,"win_rate":0.0,"timestamp":1614338511,"path_taken":["M","?","?","?","M","R","E","R","T","?","M","?","E","M","R","BOSS","M","M","$","?","M","E","?","M","T","E","M","E","R","$","R","BOSS","M","M","M","M","$","R","M","M","T","$","?","M","?","E","R","BOSS","R","$","E","BOSS"],"items_purchased_type":["Relic","Relic","Relic","Relic","Relic","Relic","Relic","Relic","Relic","Relic","Relic","Relic"],"build_version":"2020-12-22","purchased_purges":6,"victory":true,"max_hp_per_floor":[75,75,75,75,75,75,82,82,82,82,82,82,92,92,92,92,57,57,57,57,57,57,57,57,57,57,57,57,57,57,57,57,57,34,34,41,41,41,41,41,41,41,41,41,41,41,41,41,41,41,41,41,41,41,41],"card_choices":[{"not_picked":["PrismaMod:MiyuEvokeAll","PrismaMod:MiyuCheapEvoke"],"picked":"PrismaMod:MiyuUncommonPlate","floor":1},{"not_picked":["PrismaMod:MiyuUncommonPlate","PrismaMod:MiyuCheapEvoke","PrismaMod:MiyuCheapAttack1"],"picked":"SKIP","floor":5},{"not_picked":["PrismaMod:MiyuCheapPlate","PrismaMod:MiyuCheapStrBuff","PrismaMod:MiyuCheapChannelRandom"],"picked":"SKIP","floor":7},{"not_picked":["PrismaMod:MiyuChristmas","PrismaMod:MiyuUncommonDefend"],"picked":"Bomb","floor":11},{"not_picked":["PrismaMod:MiyuCheapAttack1","PrismaMod:MiyuEvokeAllDefend"],"picked":"Bomb","floor":12},{"not_picked":["PrismaMod:MiyuCarnivalAttack","PrismaMod:MiyuChristmas","PrismaMod:MiyuCheapChannelRandom"],"picked":"SKIP","floor":13},{"not_picked":["PrismaMod:MiyuDefenseRemoval","PrismaMod:MiyuEvokeBuffDex"],"picked":"PrismaMod:MiyuUncommonAttack","floor":14},{"not_picked":["PrismaMod:MiyuCheapChannelVul","PrismaMod:MiyuDefenseExplosion","PrismaMod:MiyuEvokeBuffStr"],"picked":"SKIP","floor":18},{"not_picked":["PrismaMod:MiyuCheapChannelVul","PrismaMod:MiyuAttackChannelVul","PrismaMod:MiyuCheapEvoke"],"picked":"SKIP","floor":19},{"not_picked":["PrismaMod:MiyuChannelAttackEvoke","PrismaMod:MiyuUncommonStrBuff"],"picked":"PrismaMod:MiyuOrbIncreasePerm+1","floor":22},{"not_picked":["PrismaMod:MiyuChristmas+1","PrismaMod:MiyuUncommonPlate+1","PrismaMod:MiyuCheapPlate"],"picked":"SKIP","floor":22},{"not_picked":["PrismaMod:MiyuCheapAttack1","PrismaMod:MiyuCommonAOEAttack"],"picked":"PrismaMod:MiyuUncommonStrBuff","floor":23},{"not_picked":["PrismaMod:MiyuDefenseExplosion","PrismaMod:MiyuUncommonAOEAttack","PrismaMod:MiyuEvokeBuffDex"],"picked":"SKIP","floor":25},{"not_picked":["PrismaMod:MiyuCheapChannelRandom","PrismaMod:MiyuUncommonStrBuff","PrismaMod:MiyuDefenseExplosion"],"picked":"SKIP","floor":25},{"not_picked":["PrismaMod:MiyuUncommonAttack+1","PrismaMod:MiyuUncommonDexBuff","PrismaMod:MiyuEvokeBuffDex"],"picked":"SKIP","floor":27},{"not_picked":["PrismaMod:MiyuDefenseAbsorbMinor","PrismaMod:MiyuDefenseRemoval+1","PrismaMod:MiyuOrbIncreasePerm+1"],"picked":"SKIP","floor":28},{"not_picked":["PrismaMod:MiyuCheapChannelWeak+1","PrismaMod:MiyuCheapAttack2+1","PrismaMod:MiyuCheapChannelRandom"],"picked":"SKIP","floor":28},{"not_picked":["PrismaMod:MiyuCarnivalAttack+1","PrismaMod:MiyuDefenseRemoval+1","PrismaMod:MiyuCheapChannelHeal"],"picked":"SKIP","floor":29},{"not_picked":["PrismaMod:MiyuDefenseAbsorbMinor","PrismaMod:MiyuChannelAttackEvoke+1"],"picked":"PrismaMod:MiyuBride","floor":33},{"not_picked":["PrismaMod:MiyuDefenseExplosion+1","PrismaMod:MiyuUncommonDefend","PrismaMod:MiyuEvokeBuffStr+1"],"picked":"SKIP","floor":35},{"not_picked":["PrismaMod:MiyuCheapChannelHeal+1","PrismaMod:MiyuEvokeCheapDefend+1","PrismaMod:MiyuCheapChannelDefend"],"picked":"SKIP","floor":35},{"not_picked":["PrismaMod:MiyuCheapStrBuff+1","PrismaMod:MiyuEvokeBuffDex","PrismaMod:MiyuUberAttack+1"],"picked":"SKIP","floor":36},{"not_picked":["PrismaMod:MiyuEvokeBuffStr+1","PrismaMod:MiyuChannelAttackEvoke+1","PrismaMod:MiyuAttackChannelVul+1"],"picked":"SKIP","floor":36},{"not_picked":["PrismaMod:MiyuCheapChannelVul+1","PrismaMod:MiyuUncommonDexBuff+1"],"picked":"PrismaMod:MiyuCheapDefend1","floor":37},{"not_picked":["PrismaMod:MiyuUncommonDefend+1","PrismaMod:MiyuCheapEvoke+1","PrismaMod:MiyuCheapAttack2+1"],"picked":"SKIP","floor":37},{"not_picked":["PrismaMod:MiyuMaid+1","PrismaMod:MiyuCheapEvoke+1"],"picked":"PrismaMod:MiyuCheapDefend2","floor":38},{"not_picked":["PrismaMod:MiyuAttackChannelVul+1","PrismaMod:MiyuCheapStrBuff+1","PrismaMod:MiyuEvokeBuffStr"],"picked":"SKIP","floor":38},{"not_picked":["PrismaMod:MiyuCheapChannelWeak","PrismaMod:MiyuUncommonDefend+1","PrismaMod:MiyuDefenseRemoval"],"picked":"SKIP","floor":41},{"not_picked":["PrismaMod:MiyuEvokeCheapAttack+1","PrismaMod:MiyuCheapEvoke+1","PrismaMod:MiyuEvokeAllAttack+1"],"picked":"SKIP","floor":41},{"not_picked":["PrismaMod:MiyuCheapAttack2+1","PrismaMod:MiyuUberAOEAttack+1","PrismaMod:MiyuAttackChannelVul+1"],"picked":"SKIP","floor":42},{"not_picked":["PrismaMod:MiyuDevil+1","PrismaMod:MiyuCheapChannelAttack+1","PrismaMod:MiyuEvokeCheapDefend+1"],"picked":"SKIP","floor":42},{"not_picked":["PrismaMod:MiyuCheapEvoke","PrismaMod:MiyuCarnivalAttack+1","PrismaMod:MiyuUncommonAttack+1"],"picked":"SKIP","floor":46},{"not_picked":["PrismaMod:MiyuCheapStrBuff+1","PrismaMod:MiyuAttackChannelVul+1","PrismaMod:MiyuAttackChannelWeak+1"],"picked":"SKIP","floor":46},{"not_picked":["PrismaMod:MiyuCheapAttack2+1","PrismaMod:MiyuCheapChannelAttack","PrismaMod:MiyuCheapAttack1+1"],"picked":"SKIP","floor":48},{"not_picked":["PrismaMod:MiyuEvokeBuffDex","PrismaMod:MiyuCheapChannelVul","PrismaMod:MiyuDefenseAbsorbMinor"],"picked":"SKIP","floor":54}],"player_experience":1198875,"relics_obtained":[{"floor":1,"key":"SalivaCoin"},{"floor":5,"key":"Leech"},{"floor":7,"key":"testmod-ConstraintPeriapt"},{"floor":7,"key":"Strawberry"},{"floor":9,"key":"MoneyPower"},{"floor":11,"key":"DeadEye"},{"floor":12,"key":"Bronze Scales"},{"floor":13,"key":"Pear"},{"floor":14,"key":"Pen Nib"},{"floor":18,"key":"testmod-CasingShield"},{"floor":18,"key":"Mastiff:ReiMu"},{"floor":19,"key":"TuHaoJin"},{"floor":19,"key":"Juzu Bracelet"},{"floor":22,"key":"testmod-Acrobat"},{"floor":23,"key":"DemoMod:GreenGuonStone"},{"floor":23,"key":"TheBible"},{"floor":23,"key":"EdensBlessing"},{"floor":25,"key":"Lantern"},{"floor":25,"key":"Art of War"},{"floor":27,"key":"GuppysHead"},{"floor":27,"key":"Molten Egg 2"},{"floor":27,"key":"DemoMod:SerJunkan"},{"floor":28,"key":"DemoMod:Junk"},{"floor":28,"key":"HowToJump"},{"floor":29,"key":"Boot"},{"floor":29,"key":"Happy Flower"},{"floor":29,"key":"DemoMod:Junk"},{"floor":35,"key":"Potion Belt"},{"floor":35,"key":"testmod-Nyarlathotep"},{"floor":36,"key":"DemoMod:PinkGuonStone"},{"floor":36,"key":"DemoMod:Junk"},{"floor":37,"key":"Smiling Mask"},{"floor":37,"key":"DemoMod:Junk"},{"floor":38,"key":"Nunchaku"},{"floor":38,"key":"testmod-Muramasa"},{"floor":41,"key":"DemoMod:Junk"},{"floor":41,"key":"DemoMod:Junk"},{"floor":42,"key":"Ice Cream"},{"floor":42,"key":"Akabeko"},{"floor":43,"key":"DemoMod:Junk"},{"floor":46,"key":"Omamori"},{"floor":46,"key":"theSenshi:SailorFukuRelic"},{"floor":48,"key":"Frozen Egg 2"},{"floor":48,"key":"White Beast Statue"},{"floor":48,"key":"Tea:ReiMu"},{"floor":54,"key":"testmod-RandomTest"},{"floor":54,"key":"DemoMod:Junk"},{"floor":54,"key":"testmod-AssaultLearning"}],"event_choices":[{"damage_healed":0,"gold_gain":0,"player_choice":"Success","damage_taken":3,"relics_obtained":["DemoMod:AgedBell"],"max_hp_gain":0,"max_hp_loss":0,"event_name":"Scrap Ooze","floor":2,"gold_loss":0},{"damage_healed":0,"gold_gain":0,"player_choice":"Entered Light","damage_taken":15,"max_hp_gain":0,"max_hp_loss":0,"event_name":"Shining Light","floor":3,"gold_loss":0,"cards_upgraded":["PrismaMod:MiyuCommonAttack","PrismaMod:MiyuCommonDefend"]},{"cards_removed":["PrismaMod:MiyuCommonAttack"],"damage_healed":0,"gold_gain":0,"player_choice":"Card Removal","damage_taken":7,"max_hp_gain":0,"max_hp_loss":0,"event_name":"Golden Wing","floor":4,"gold_loss":0},{"cards_removed":["PrismaMod:MiyuCommonDefend"],"damage_healed":0,"gold_gain":0,"player_choice":"Forget","damage_taken":0,"max_hp_gain":0,"max_hp_loss":0,"event_name":"Living Wall","floor":10,"gold_loss":0},{"damage_healed":0,"gold_gain":0,"player_choice":"Stole Relic","damage_taken":0,"relics_obtained":["yuri:PortableGlitches"],"max_hp_gain":0,"max_hp_loss":0,"event_name":"Addict","floor":21,"gold_loss":0,"cards_obtained":["Shame"]},{"cards_removed":["Shame"],"damage_healed":0,"gold_gain":0,"player_choice":"Elegance","damage_taken":0,"max_hp_gain":0,"max_hp_loss":0,"event_name":"Back to Basics","floor":24,"gold_loss":0},{"damage_healed":0,"gold_gain":0,"player_choice":"Paid","damage_taken":0,"relics_obtained":["Red Mask"],"max_hp_gain":0,"max_hp_loss":0,"event_name":"Tomb of Lord Red Mask","floor":47,"gold_loss":46}],"is_beta":false,"boss_relics":[{"not_picked":["testmod-Temperance","PrismaMod:PrismaSapphireUpgrade"],"picked":"DemoMod:WaxWing"},{"not_picked":[]},{"not_picked":["Velvet Choker","RedLine:ReiMu"],"picked":"MagicMushroom"},{"not_picked":[]}],"items_purged_floors":[17,20,31,34,39,44],"is_endless":false,"potions_floor_spawned":[7,11,12,13,16,22,23,28,29,36,38,41,46,54],"ascension_level":11}}