{"host":"3a5itcmwo6ddh3id","time":1614354067,"event":{"mods":["BaseMod","Colored Map","Colored Powertips","Minty Spire (QoL Compilation)","Relic Stats"],"gold_per_floor":[116,132,152,75,89,89,121,121,168,168,168,1,30,44,44,120,120,134,154,73,90,109,109,142,142,194,211,26,26,51,66,66,66,66],"floor_reached":33,"language":"ENG","playtime":2868,"items_purged":["Strike_G","Regret"],"score":594,"play_id":"126a84a9-5345-49d1-9b46-2403a73587a3","local_time":"20210226094107","is_ascension_mode":true,"campfire_choices":[{"data":"Flechettes","floor":6.0,"key":"SMITH"},{"data":"Blade Dance","floor":8.0,"key":"SMITH"},{"data":"Neutralize","floor":10.0,"key":"SMITH"},{"data":"Noxious Fumes","floor":15.0,"key":"SMITH"},{"floor":23.0,"key":"REST"},{"data":"Accuracy","floor":25.0,"key":"SMITH"},{"floor":32.0,"key":"REST"}],"circlet_count":0,"master_deck":["AscendersBane","Strike_G","Strike_G","Strike_G","Strike_G","Defend_G","Defend_G","Defend_G","Defend_G","Defend_G","Survivor","Neutralize+1","Flechettes+1","Blade Dance+1","Blade Dance","Crippling Poison","Quick Slash","PiercingWail","Venomology","Blur","Dodge and Roll","Noxious Fumes+1","Deflect","Corpse Explosion","Blade Dance","Acrobatics","Accuracy+1","Caltrops","Finisher","Well Laid Plans","Finisher","Leg Sweep","PiercingWail"],"relics":["SacredBark","Blue Candle","Art of War","MealTicket","Cursed Key","Strawberry","Bag of Preparation","TungstenRod"],"acts_visited":["Exordium","TheCity"],"potions_floor_usage":[33,33],"damage_taken":[{"damage":6.0,"enemies":"Cultist","floor":1.0,"turns":6.0},{"damage":4.0,"enemies":"Jaw Worm","floor":2.0,"turns":4.0},{"damage":1.0,"enemies":"Small Slimes","floor":3.0,"turns":3.0},{"damage":6.0,"enemies":"Gremlin Gang","floor":5.0,"turns":5.0},{"damage":8.0,"enemies":"Gremlin Nob","floor":7.0,"turns":3.0},{"damage":5.0,"enemies":"3 Sentries","floor":13.0,"turns":13.0},{"damage":0.0,"enemies":"Red Slaver","floor":14.0,"turns":5.0},{"damage":5.0,"enemies":"Hexaghost","floor":16.0,"turns":9.0},{"damage":9.0,"enemies":"2 Thieves","floor":18.0,"turns":4.0},{"damage":16.0,"enemies":"Shell Parasite","floor":19.0,"turns":5.0},{"damage":4.0,"enemies":"Centurion and Healer","floor":21.0,"turns":4.0},{"damage":21.0,"enemies":"Shelled Parasite and Fungi","floor":22.0,"turns":6.0},{"damage":4.0,"enemies":"Gremlin Leader","floor":24.0,"turns":7.0},{"damage":3.0,"enemies":"Chosen and Byrds","floor":27.0,"turns":4.0},{"damage":30.0,"enemies":"Book of Stabbing","floor":30.0,"turns":6.0},{"damage":6.0,"enemies":"Snake Plant","floor":31.0,"turns":2.0},{"damage":37,"enemies":"Collector","floor":33,"turns":6}],"seed_played":"-482620722260461856","potions_obtained":[{"floor":1.0,"key":"Fire Potion"},{"floor":3.0,"key":"Dexterity Potion"},{"floor":7.0,"key":"GamblersBrew"},{"floor":16.0,"key":"DistilledChaos"},{"floor":19.0,"key":"EssenceOfSteel"},{"floor":27.0,"key":"Block Potion"}],"is_trial":false,"path_per_floor":["M","M","M","$","M","R","E","R","T","R","?","$","E","M","R","B",null,"M","M","$","M","M","R","E","R","T","M","$","?","E","M","R","B"],"character_chosen":"THE_SILENT","items_purchased":["Crippling Poison","Blur","Dodge and Roll","Accuracy","Finisher"],"campfire_rested":2,"item_purchase_floors":[4,12,12,20,28],"current_hp_per_floor":[53,49,48,48,42,42,34,34,34,34,34,34,29,29,29,24,56,47,31,46,42,21,40,43,43,43,40,55,49,19,13,34,0,0],"gold":66,"neow_bonus":"BOSS_RELIC","is_daily":false,"chose_seed":false,"campfire_upgraded":5,"win_rate":0.0,"timestamp":1614354067,"path_taken":["M","M","M","$","M","R","E","R","T","R","?","$","E","M","R","BOSS","M","M","$","M","M","R","E","R","T","M","$","?","E","M","R","BOSS"],"items_purchased_type":["Card","Card","Card","Card","Card"],"build_version":"2020-12-22","purchased_purges":2,"victory":false,"max_hp_per_floor":[66,66,66,66,66,66,66,66,66,66,66,66,66,66,66,66,66,66,66,66,66,66,66,73,73,73,73,73,73,73,73,73,73,73],"relic_stats":{"counters":[17,92],"Blue Candle":[2],"MealTicket":30,"Art of War":[13],"Bag of Preparation":[8],"Cursed Key":1,"obtain_stats":[{"SacredBark":0,"Blue Candle":7,"Strawberry":24,"MealTicket":13,"Art of War":9,"Bag of Preparation":26,"Cursed Key":17,"TungstenRod":30,"Ring of the Snake":0},{"SacredBark":0,"Blue Candle":5,"Strawberry":13,"MealTicket":6,"Art of War":5,"Bag of Preparation":13,"Cursed Key":8,"TungstenRod":15,"Ring of the Snake":0},{"SacredBark":0,"Blue Candle":21,"Strawberry":74,"MealTicket":34,"Art of War":21,"Bag of Preparation":74,"Cursed Key":48,"TungstenRod":84,"Ring of the Snake":0}],"TungstenRod":4},"card_choices":[{"not_picked":["Heel Hook","Calculated Gamble"],"picked":"Flechettes","floor":1.0},{"not_picked":["Well Laid Plans","Underhanded Strike"],"picked":"Blade Dance","floor":2.0},{"not_picked":["Quick Slash","Acrobatics"],"picked":"Blade Dance","floor":3.0},{"not_picked":["Acrobatics","Outmaneuver"],"picked":"Quick Slash","floor":5.0},{"not_picked":["Crippling Poison","Eviscerate"],"picked":"PiercingWail","floor":7.0},{"not_picked":["Escape Plan","Backflip"],"picked":"Noxious Fumes","floor":13.0},{"not_picked":["Dagger Throw","All Out Attack"],"picked":"Deflect","floor":14.0},{"not_picked":["Storm of Steel","Venomology"],"picked":"Corpse Explosion","floor":16.0},{"not_picked":["Bouncing Flask","Escape Plan"],"picked":"Blade Dance","floor":18.0},{"not_picked":["Cloak And Dagger","Quick Slash"],"picked":"Acrobatics","floor":19.0},{"not_picked":["Deflect","Quick Slash+1"],"picked":"Caltrops","floor":21.0},{"not_picked":["Calculated Gamble","Deadly Poison"],"picked":"Finisher","floor":22.0},{"not_picked":["Distraction","Masterful Stab","Noxious Fumes"],"picked":"SKIP","floor":24.0},{"not_picked":["Prepared","PiercingWail"],"picked":"Well Laid Plans","floor":27.0},{"not_picked":["Noxious Fumes","Reflex"],"picked":"Leg Sweep","floor":30.0},{"not_picked":["Caltrops","Deflect"],"picked":"PiercingWail","floor":31.0}],"player_experience":1146264,"relics_obtained":[{"floor":7.0,"key":"Blue Candle"},{"floor":9.0,"key":"Art of War"},{"floor":13.0,"key":"MealTicket"},{"floor":24.0,"key":"Strawberry"},{"floor":26.0,"key":"Bag of Preparation"},{"floor":30.0,"key":"TungstenRod"}],"event_choices":[{"damage_healed":0.0,"max_hp_gain":0.0,"max_hp_loss":0.0,"gold_gain":0.0,"event_name":"Match and Keep!","player_choice":"1 cards matched","floor":11.0,"gold_loss":0.0,"damage_taken":0.0,"cards_obtained":["Venomology"]},{"damage_healed":0.0,"max_hp_gain":0.0,"max_hp_loss":0.0,"gold_gain":0.0,"event_name":"Knowing Skull","player_choice":"","floor":29.0,"potions_obtained":[],"gold_loss":0.0,"damage_taken":6.0,"cards_obtained":[]}],"is_beta":false,"boss_relics":[{"not_picked":["Astrolabe","Philosopher\u0027s Stone"],"picked":"Cursed Key"}],"items_purged_floors":[12,28],"is_endless":false,"potions_floor_spawned":[1,3,7,16,19,21,22,27],"killed_by":"Collector","ascension_level":20}}