{"host":"aaqofma31c3gm2hj","time":1614338598,"event":{"mods":["BaseMod","GungeonMod","Minty Spire (QoL Compilation)","Replay The Spire","Spicy Shops","StSLib"],"gold_per_floor":[114,114,128,128,128,128,157,171,171,196,196,216,216,233,268,268,268,341,341,354,368,388,399,399,399,314,339,339,439,466,466,476,309,309,382,382,400,420,446,459,459,459,489,489,514,514,514,534,594,618,618,618,618,618,618,321,352,352],"floor_reached":59,"language":"ZHS","playtime":3328,"items_purged":[],"score":3746,"play_id":"5ffd7fe3-3500-422b-864c-89f0c80c71b4","local_time":"20210226192318","is_ascension_mode":true,"campfire_choices":[{"data":"Sword Boomerang","floor":6.0,"key":"SMITH"},{"data":"True Grit","floor":9.0,"key":"SMITH"},{"data":"Shockwave","floor":13.0,"key":"SMITH"},{"data":"Spot Weakness","floor":16.0,"key":"SMITH"},{"data":"Burning Pact","floor":17.0,"key":"SMITH"},{"data":"Feed","floor":25.0,"key":"SMITH"},{"data":"Demon Form","floor":31.0,"key":"SMITH"},{"data":"Entrench","floor":34.0,"key":"SMITH"},{"floor":42.0,"key":"RECALL"},{"data":"Apotheosis","floor":44.0,"key":"SMITH"},{"data":"Evolve","floor":46.0,"key":"SMITH"},{"data":"Berserk","floor":51.0,"key":"SMITH"},{"data":"Feel No Pain","floor":55,"key":"SMITH"}],"circlet_count":0,"master_deck":["AscendersBane","Sword Boomerang+1","Shockwave+1","Impervious","Shrug It Off","Reaper","Burning Pact+1","Feed+1","Exhume","Evolve+1","Dual Wield","Barricade","Demon Form+1","Entrench+1","Berserk+1","Apotheosis+1","Entrench","Power Through","Second Wind","Dark Embrace","Reaper","Feel No Pain+1"],"relics":["Burning Blood","Replay:PocketPolymizer","Pet Ghost","DemoMod:ClearGuonStone","Happy Flower","Mark of Pain","DemoMod:SuperHotWatch","Tiny Chest","Replay:Bottled Steam","DemoMod:NanoMachines","Shuriken","Red Mask","Medical Kit","Runic Dome","Bronze Scales","ReplayFunnel","Bag of Marbles","Akabeko","Replay:Wax Seal","CaptainsWheel","Eternal Feather"],"acts_visited":["Exordium","TheCity","TheBeyond","TheEnding"],"potions_floor_usage":[],"damage_taken":[{"damage":7.0,"enemies":"Small Slimes","floor":1.0,"turns":4.0},{"damage":13.0,"enemies":"2 Louse","floor":3.0,"turns":3.0},{"damage":38.0,"enemies":"3 Sentries","floor":7.0,"turns":7.0},{"damage":0.0,"enemies":"Cultist","floor":8.0,"turns":3.0},{"damage":1.0,"enemies":"Gremlin Gang","floor":12.0,"turns":4.0},{"damage":14.0,"enemies":"Large Slime","floor":14.0,"turns":8.0},{"damage":0.0,"enemies":"Lagavulin","floor":15.0,"turns":6.0},{"damage":11.0,"enemies":"Fading Forest","floor":18.0,"turns":13.0},{"damage":16.0,"enemies":"3 Byrds","floor":20.0,"turns":5.0},{"damage":20.0,"enemies":"Spheric Guardian","floor":21.0,"turns":8.0},{"damage":5.0,"enemies":"Snecko","floor":22.0,"turns":6.0},{"damage":33.0,"enemies":"Shelled Parasite and Fungi","floor":23.0,"turns":6.0},{"damage":5.0,"enemies":"Gremlin Leader","floor":27.0,"turns":11.0},{"damage":13.0,"enemies":"Colosseum Slavers","floor":29.0,"turns":7.0},{"damage":7.0,"enemies":"Colosseum Nobs","floor":29.0,"turns":5.0},{"damage":8.0,"enemies":"Masked Bandits","floor":30.0,"turns":9.0},{"damage":4.0,"enemies":"Snake Plant","floor":32.0,"turns":9.0},{"damage":20.0,"enemies":"Pondfish","floor":35.0,"turns":13.0},{"damage":4.0,"enemies":"3 Darklings","floor":37.0,"turns":11.0},{"damage":6.0,"enemies":"3 Shapes","floor":38.0,"turns":10.0},{"damage":24.0,"enemies":"3 Darklings","floor":40.0,"turns":8.0},{"damage":5.0,"enemies":"Nemesis","floor":43.0,"turns":12.0},{"damage":0.0,"enemies":"Writhing Mass","floor":48.0,"turns":9.0},{"damage":0.0,"enemies":"R_Hoarder","floor":49.0,"turns":20.0},{"damage":0.0,"enemies":"Time Eater","floor":52.0,"turns":12.0},{"damage":11.0,"enemies":"Donu and Deca","floor":53.0,"turns":10.0},{"damage":0,"enemies":"Shield and Spear","floor":57,"turns":8},{"damage":4,"enemies":"The Heart","floor":58,"turns":12}],"seed_played":"-3643913549537592803","potions_obtained":[{"floor":1.0,"key":"LifebloodPotion"},{"floor":7.0,"key":"Fire Potion"},{"floor":14.0,"key":"Fire Potion"},{"floor":18.0,"key":"FearPotion"},{"floor":21.0,"key":"DistilledChaos"},{"floor":27.0,"key":"SteroidPotion"},{"floor":32.0,"key":"PowerPotion"},{"floor":43.0,"key":"Strength Potion"}],"is_trial":false,"path_per_floor":["M","?","M","?","?","R","E","M","R","T","?","M","R","M","E","R","R","B",null,"M","M","M","M","?","R","?","E","T","?","?","R","M","$","R","B",null,"M","M","T","M","?","R","E","R","T","R","?","M","E","T","R","B","B",null,"R","$","E","B",null],"character_chosen":"IRONCLAD","items_purchased":["Medical Kit","Replay:Wax Seal","CaptainsWheel"],"campfire_rested":0,"item_purchase_floors":[33,56,56],"current_hp_per_floor":[67,67,60,60,60,60,28,34,34,34,30,35,35,41,57,57,57,68,68,71,60,65,55,55,55,55,77,77,85,89,89,93,93,93,97,97,97,105,105,109,99,99,113,113,113,113,113,117,121,121,121,125,129,129,129,129,133,133],"gold":352,"neow_bonus":"ONE_RARE_RELIC","is_daily":false,"chose_seed":false,"campfire_upgraded":12,"win_rate":0.0,"timestamp":1614338598,"path_taken":["M","?","M","?","?","R","E","M","R","T","?","?","R","M","E","R","R","BOSS","M","M","?","M","?","R","?","E","T","?","?","R","M","?","R","BOSS","M","M","?","?","?","R","E","R","T","R","?","M","E","?","R","BOSS","BOSS","R","$","E","BOSS"],"items_purchased_type":["Relic","Relic","Relic"],"build_version":"2020-12-22","purchased_purges":0,"victory":true,"max_hp_per_floor":[68,68,68,68,68,68,68,68,68,68,68,68,68,68,68,68,68,68,68,71,74,74,77,77,77,77,77,77,85,89,89,93,93,93,97,97,97,105,105,109,109,109,113,113,113,113,113,117,121,121,121,125,129,129,129,129,133,133],"card_choices":[{"not_picked":["Hemokinesis","Run Through"],"picked":"Sword Boomerang","floor":1.0},{"not_picked":["Thunderclap","Cleave"],"picked":"Spot Weakness","floor":3.0},{"not_picked":["Pummel","Headbutt","DemoMod:WhiteBlade"],"picked":"SKIP","floor":7.0},{"not_picked":["Defy Death","Inflame"],"picked":"True Grit","floor":8.0},{"not_picked":["Body Slam","Iron Wave"],"picked":"Shrug It Off","floor":12.0},{"not_picked":["Sword Boomerang","Heavy Blade","Hemokinesis"],"picked":"SKIP","floor":14.0},{"not_picked":["Flex","Entrench"],"picked":"Brutality","floor":15.0},{"not_picked":["Reaper","Juggernaut"],"picked":"Feed","floor":18.0},{"not_picked":["Heavy Blade+1","Metallicize","Shrug It Off"],"picked":"SKIP","floor":20.0},{"not_picked":["Anger","Infernal Blade","Wild Strike+1"],"picked":"SKIP","floor":21.0},{"not_picked":["Defy Death","Rage","Clash"],"picked":"SKIP","floor":22.0},{"not_picked":["Headbutt","Havoc","Clothesline"],"picked":"SKIP","floor":23.0},{"not_picked":["Perfected Strike","Dropkick"],"picked":"Evolve","floor":27.0},{"not_picked":["Warcry","Clash"],"picked":"Dual Wield","floor":29.0},{"not_picked":["Iron Wave","Armaments"],"picked":"Barricade","floor":30.0},{"not_picked":["Sentinel","Havoc","Seeing Red"],"picked":"SKIP","floor":32.0},{"not_picked":["Hemogenesis","Demon Form"],"picked":"Berserk","floor":35.0},{"not_picked":["Havoc+1","Seeing Red","ReplayTheSpireMod:Strike From Hell"],"picked":"SKIP","floor":37.0},{"not_picked":["Battle Trance","ReplayTheSpireMod:Strike From Hell+1","DemoMod:BlackBlade"],"picked":"SKIP","floor":38.0},{"not_picked":["Clothesline","Intimidate+1","Havoc"],"picked":"SKIP","floor":40.0},{"not_picked":["Panacea","Replay:Bootleg Shield Generator"],"picked":"Apotheosis","floor":41.0},{"not_picked":["ReplayTheSpireMod:Strike From Hell","Exhume","Dropkick"],"picked":"SKIP","floor":43.0},{"not_picked":["Rupture","Wild Strike+1","ReplayTheSpireMod:Strike From Hell"],"picked":"SKIP","floor":48.0},{"not_picked":["Clash","ReplayTheSpireMod:Stacked"],"picked":"Dark Embrace","floor":49.0},{"not_picked":["Flame Barrier+1","Armaments+1","Fiend Fire"],"picked":"SKIP","floor":57}],"player_experience":708071,"relics_obtained":[{"floor":7.0,"key":"Pet Ghost"},{"floor":10.0,"key":"DemoMod:ClearGuonStone"},{"floor":15.0,"key":"Happy Flower"},{"floor":27.0,"key":"Tiny Chest"},{"floor":28.0,"key":"Replay:Bottled Steam"},{"floor":29.0,"key":"DemoMod:NanoMachines"},{"floor":29.0,"key":"Shuriken"},{"floor":30.0,"key":"Red Mask"},{"floor":43.0,"key":"Bronze Scales"},{"floor":45.0,"key":"ReplayFunnel"},{"floor":49.0,"key":"Bag of Marbles"},{"floor":50.0,"key":"Akabeko"},{"floor":57,"key":"Eternal Feather"}],"event_choices":[{"damage_healed":0.0,"max_hp_gain":0.0,"max_hp_loss":0.0,"gold_gain":0.0,"event_name":"Shining Light","player_choice":"Ignored","floor":4.0,"gold_loss":0.0,"damage_taken":0.0},{"damage_healed":0.0,"max_hp_gain":0.0,"max_hp_loss":0.0,"gold_gain":0.0,"event_name":"Liars Game","player_choice":"Ignored","floor":5.0,"gold_loss":0.0,"damage_taken":0.0},{"damage_healed":0.0,"max_hp_gain":0.0,"max_hp_loss":0.0,"gold_gain":0.0,"event_name":"The Woman in Blue","player_choice":"Bought 0 Potions","floor":11.0,"gold_loss":0.0,"damage_taken":0.0},{"cards_removed":["Defend_R"],"damage_healed":0.0,"max_hp_gain":0.0,"max_hp_loss":0.0,"gold_gain":0.0,"event_name":"Back to Basics","player_choice":"Elegance","floor":24.0,"gold_loss":0.0,"damage_taken":0.0},{"damage_healed":0.0,"max_hp_gain":0.0,"max_hp_loss":0.0,"gold_gain":0.0,"event_name":"Addict","player_choice":"Obtained Relic","floor":26.0,"gold_loss":85.0,"damage_taken":0.0,"relics_obtained":["DemoMod:SuperHotWatch"]},{"damage_healed":0.0,"max_hp_gain":0.0,"max_hp_loss":0.0,"gold_gain":0.0,"event_name":"Colosseum","player_choice":"Fight","floor":29.0,"gold_loss":0.0,"damage_taken":0.0},{"damage_healed":0.0,"max_hp_gain":0.0,"max_hp_loss":0.0,"gold_gain":0.0,"event_name":"Colosseum","player_choice":"Fought Nobs","floor":29.0,"gold_loss":0.0,"damage_taken":0.0},{"damage_healed":0.0,"max_hp_gain":0.0,"max_hp_loss":0.0,"gold_gain":0.0,"event_name":"Masked Bandits","player_choice":"Fought Bandits","floor":30.0,"gold_loss":0.0,"damage_taken":0.0},{"damage_healed":0.0,"max_hp_gain":0.0,"max_hp_loss":0.0,"gold_gain":0.0,"event_name":"SensoryStone","player_choice":"Memory 3","floor":41.0,"gold_loss":0.0,"damage_taken":10.0},{"damage_healed":0.0,"max_hp_gain":0.0,"max_hp_loss":0.0,"gold_gain":0.0,"event_name":"Lab","player_choice":"Got Potions","floor":47.0,"gold_loss":0.0,"damage_taken":0.0}],"is_beta":false,"boss_relics":[{"not_picked":["Velvet Choker","Astrolabe"],"picked":"Mark of Pain"},{"not_picked":["Calling Bell","ReplayTheSpireMod:DimensionalGlitch"],"picked":"Runic Dome"}],"items_purged_floors":[],"is_endless":false,"potions_floor_spawned":[1,7,14,18,21,27,29,32,40,43,48],"ascension_level":20}}