{"host":"or8fr2mp0k3eluj8","time":1614306430,"event":{"mods":["AchievementEnabler","BaseMod","Colored Map","DeckTracker","Keyboard Shortcuts","Minty Spire (QoL Compilation)","StSLib","SuperFastMode","everything is the same but u backflip on backflip"],"gold_per_floor":[112,37,37,57,57,57,113,113,113,133,133,133,94,105,105,206,206,223,86,98,98,117,117,129,139,215,243,118,135,135,234,234,338,338,358,358,375,391,246,258,285,304,330,91,91,91,104,122,122,122,122,122,122,150,150],"floor_reached":56,"language":"KOR","playtime":10301,"items_purged":["Strike_P","Defend_P","WaveOfTheHand"],"score":1214,"play_id":"98444d11-0f70-4ef5-ab9e-b3276bed0d6b","local_time":"20210226112710","is_ascension_mode":false,"campfire_choices":[{"data":"Eruption","floor":6,"key":"SMITH"},{"floor":8,"key":"REST"},{"data":"Adaptation","floor":12,"key":"SMITH"},{"data":"SandsOfTime","floor":15,"key":"SMITH"},{"data":"CrushJoints","floor":23,"key":"SMITH"},{"floor":32,"key":"REST"},{"floor":46,"key":"RECALL"},{"floor":49,"key":"REST"},{"floor":52,"key":"REST"}],"circlet_count":0,"master_deck":["Eruption+1","Vigilance+1","Adaptation+1","SandsOfTime+1","InnerPeace+1","ClearTheMind+1","Adaptation+1","FearNoEvil+1","Consecrate"],"relics":["PureWater","Centennial Puzzle","Toxic Egg 2","Astrolabe","Blue Candle","Regal Pillow","Empty Cage","Vajra","Nunchaku","Ornamental Fan","Art of War"],"acts_visited":["Exordium","TheCity","TheBeyond","TheEnding"],"potions_floor_usage":[7,25,25,33,42,55],"damage_taken":[{"damage":0,"enemies":"Jaw Worm","floor":1,"turns":3},{"damage":7,"enemies":"2 Louse","floor":4,"turns":2},{"damage":32,"enemies":"3 Sentries","floor":7,"turns":4},{"damage":0,"enemies":"Small Slimes","floor":10,"turns":2},{"damage":4,"enemies":"2 Fungi Beasts","floor":14,"turns":2},{"damage":14,"enemies":"The Guardian","floor":16,"turns":9},{"damage":5,"enemies":"3 Byrds","floor":18,"turns":2},{"damage":2,"enemies":"Chosen","floor":20,"turns":2},{"damage":8,"enemies":"Snecko","floor":22,"turns":3},{"damage":0,"enemies":"Sentry and Sphere","floor":24,"turns":1},{"damage":20,"enemies":"Cultist and Chosen","floor":25,"turns":3},{"damage":4,"enemies":"Book of Stabbing","floor":27,"turns":2},{"damage":0,"enemies":"Snecko","floor":29,"turns":2},{"damage":18,"enemies":"Collector","floor":33,"turns":3},{"damage":0,"enemies":"Orb Walker","floor":35,"turns":1},{"damage":27,"enemies":"3 Darklings","floor":37,"turns":2},{"damage":0,"enemies":"Maw","floor":38,"turns":2},{"damage":0,"enemies":"Writhing Mass","floor":40,"turns":1},{"damage":0,"enemies":"Reptomancer","floor":41,"turns":2},{"damage":10,"enemies":"Sphere and 2 Shapes","floor":42,"turns":3},{"damage":0,"enemies":"Transient","floor":47,"turns":1},{"damage":11,"enemies":"4 Shapes","floor":48,"turns":2},{"damage":16,"enemies":"Donu and Deca","floor":50,"turns":3},{"damage":28,"enemies":"Shield and Spear","floor":54,"turns":3},{"damage":33,"enemies":"The Heart","floor":55,"turns":4}],"seed_played":"1976379402214921208","potions_obtained":[{"floor":1,"key":"BottledMiracle"},{"floor":7,"key":"PowerPotion"},{"floor":16,"key":"GamblersBrew"},{"floor":24,"key":"Explosive Potion"},{"floor":25,"key":"FairyPotion"},{"floor":27,"key":"PowerPotion"},{"floor":37,"key":"SpeedPotion"},{"floor":40,"key":"StancePotion"},{"floor":42,"key":"Dexterity Potion"},{"floor":48,"key":"Weak Potion"}],"is_trial":false,"path_per_floor":["M","$","?","M","?","R","?","R","T","M","?","R","$","M","R","B",null,"M","$","M","?","M","R","M","M","T","E","$","M","?","?","R","B",null,"M","?","M","M","$","M","E","M","T","$","?","R","M","M","R","B",null,"R","$","E","B",null],"character_chosen":"WATCHER","items_purchased":["InnerPeace+1","Adaptation","Vajra","Ornamental Fan"],"campfire_rested":4,"item_purchase_floors":[13,19,39,44],"current_hp_per_floor":[51,51,51,44,44,44,12,33,33,33,57,57,57,53,53,39,72,67,67,65,65,57,57,57,37,37,33,33,33,33,33,69,51,72,72,72,45,45,45,45,45,35,35,35,35,35,35,24,60,44,72,72,72,44,11],"gold":150,"neow_bonus":"TRANSFORM_TWO_CARDS","is_daily":false,"chose_seed":false,"campfire_upgraded":4,"win_rate":0.0,"timestamp":1614306430,"path_taken":["M","$","?","M","?","R","?","R","T","M","?","R","?","M","R","BOSS","M","$","?","?","?","R","M","M","T","E","$","M","?","?","R","BOSS","M","?","?","M","$","M","E","M","T","?","?","R","M","M","R","BOSS","R","$","E","BOSS"],"items_purchased_type":["Card","Card","Relic","Relic"],"build_version":"2020-12-22","purchased_purges":3,"victory":true,"max_hp_per_floor":[72,72,72,72,72,72,72,72,72,72,72,72,72,72,72,72,72,72,72,72,72,72,72,72,72,72,72,72,72,72,72,72,72,72,72,72,72,72,72,72,72,72,72,72,72,72,72,72,72,72,72,72,72,72,72],"card_choices":[{"not_picked":["Consecrate","DeceiveReality"],"picked":"SandsOfTime","floor":1},{"not_picked":["PathToVictory","Weave","FlurryOfBlows"],"picked":"SKIP","floor":4},{"not_picked":["ThirdEye+1","CutThroughFate","EmptyBody+1"],"picked":"SKIP","floor":10},{"not_picked":["Crescendo+1","EmptyFist","SandsOfTime"],"picked":"SKIP","floor":14},{"not_picked":["Crescendo+1","ThirdEye+1","FollowUp"],"picked":"SKIP","floor":18},{"not_picked":["FlurryOfBlows+1","Perseverance+1"],"picked":"CrushJoints","floor":20},{"not_picked":["Adaptation","PathToVictory+1","FollowUp"],"picked":"SKIP","floor":22},{"not_picked":["Prostrate+1","CutThroughFate","FollowUp"],"picked":"SKIP","floor":24},{"not_picked":["Protect+1","LikeWater","BowlingBash"],"picked":"SKIP","floor":25},{"not_picked":["LikeWater+1","DevaForm"],"picked":"FearNoEvil","floor":27},{"not_picked":["SashWhip","LikeWater+1","Halt+1"],"picked":"SKIP","floor":29},{"not_picked":["Meditate+1","CutThroughFate","WheelKick"],"picked":"SKIP","floor":35},{"not_picked":["BowlingBash+1","ClearTheMind+1","Halt+1"],"picked":"SKIP","floor":37},{"not_picked":["PathToVictory+1","FollowUp","Consecrate+1"],"picked":"SKIP","floor":38},{"not_picked":["Alpha+1","Evaluate+1","Swivel+1"],"picked":"SKIP","floor":40},{"not_picked":["Protect+1","ClearTheMind+1","ThirdEye+1"],"picked":"SKIP","floor":41},{"not_picked":["Protect+1","ThirdEye+1","FlurryOfBlows"],"picked":"SKIP","floor":42},{"not_picked":["BowlingBash+1","EmptyMind+1","Swivel+1"],"picked":"SKIP","floor":47},{"not_picked":["PathToVictory+1","BowlingBash+1","Pray+1"],"picked":"SKIP","floor":48},{"not_picked":["Wish+1","Meditate+1"],"picked":"Consecrate","floor":54}],"player_experience":452327,"relics_obtained":[{"floor":7,"key":"Centennial Puzzle"},{"floor":9,"key":"Toxic Egg 2"},{"floor":26,"key":"Blue Candle"},{"floor":27,"key":"Regal Pillow"},{"floor":41,"key":"Nunchaku"},{"floor":54,"key":"Art of War"}],"event_choices":[{"damage_healed":0,"gold_gain":0,"player_choice":"Leave","damage_taken":0,"max_hp_gain":0,"max_hp_loss":0,"event_name":"The Cleric","floor":3,"gold_loss":0},{"cards_removed":["Defend_P"],"damage_healed":0,"gold_gain":0,"player_choice":"Forget","damage_taken":0,"max_hp_gain":0,"max_hp_loss":0,"event_name":"Living Wall","floor":5,"gold_loss":0},{"damage_healed":0,"gold_gain":30,"player_choice":"Searched \u00272\u0027 times","damage_taken":0,"max_hp_gain":0,"max_hp_loss":0,"event_name":"Dead Adventurer","floor":7,"gold_loss":0},{"damage_healed":24,"gold_gain":0,"player_choice":"Banana","damage_taken":0,"max_hp_gain":0,"max_hp_loss":0,"event_name":"Big Fish","floor":11,"gold_loss":0},{"damage_healed":0,"gold_gain":0,"player_choice":"Forge","damage_taken":0,"max_hp_gain":0,"max_hp_loss":0,"event_name":"Accursed Blacksmith","floor":21,"gold_loss":0,"cards_upgraded":["Adaptation"]},{"damage_healed":0,"gold_gain":0,"player_choice":"Ignored","damage_taken":0,"max_hp_gain":0,"max_hp_loss":0,"event_name":"Ghosts","floor":30,"gold_loss":0},{"damage_healed":0,"gold_gain":99,"player_choice":"Stole From Cult","damage_taken":0,"max_hp_gain":0,"max_hp_loss":0,"event_name":"Nest","floor":31,"gold_loss":0},{"damage_healed":0,"gold_gain":0,"player_choice":"Ignored","damage_taken":0,"max_hp_gain":0,"max_hp_loss":0,"event_name":"SecretPortal","floor":36,"gold_loss":0},{"cards_removed":["CrushJoints"],"damage_healed":0,"gold_gain":0,"player_choice":"Removed Attack","damage_taken":0,"max_hp_gain":0,"max_hp_loss":0,"event_name":"Falling","floor":45,"gold_loss":0}],"is_beta":false,"boss_relics":[{"not_picked":["SlaversCollar","Sozu"],"picked":"Astrolabe"},{"not_picked":["Pandora\u0027s Box","HolyWater"],"picked":"Empty Cage"}],"items_purged_floors":[2,19,28],"is_endless":false,"potions_floor_spawned":[1,7,16,24,25,27,37,40,42,48],"ascension_level":0}}