{"host":"q4axc00jr2bozlh9","time":1614333489,"event":{"mods":["AchievementEnabler","BaseMod","Bestiary","Colored Map","Colored Powertips","Curses Come First","Minty Spire (QoL Compilation)","Relic Stats","StSLib","SuperFastMode","UnlockEverythingMod"],"gold_per_floor":[116,41,61,72,22,57,57,68,68,94,105,70,96,116,116,214,214,201,201,217,230,38,69,69,83,137,137,137,148,175,100,100,205,205,217,217,53,63,76,76,105,105,179,193,0,0,0,0,0],"floor_reached":48,"language":"ENG","playtime":2612,"items_purged":["Strike_R","Strike_R","Defend_R"],"score":568,"play_id":"1ceee3c0-2fee-47b9-ae66-0449f57ddc95","local_time":"20210226105809","is_ascension_mode":false,"campfire_choices":[{"data":"Armaments","floor":7,"key":"SMITH"},{"floor":15,"key":"REST"},{"floor":24,"key":"RECALL"},{"floor":32,"key":"REST"},{"data":"Dramatic Entrance","floor":40,"key":"SMITH"},{"data":"Searing Blow+1","floor":46,"key":"SMITH"}],"circlet_count":0,"master_deck":["Strike_R","Strike_R","Defend_R","Defend_R","Ghostly Armor","Shockwave","Flex","Armaments+1","Impervious","Fire Breathing","Burning Pact","Spot Weakness","Feed","Dramatic Entrance+1","Shrug It Off+1","Disarm","Exhume","Disarm","Searing Blow+2"],"relics":["Burning Blood","Self Forming Clay","Magic Flower","Torii","Dream Catcher","Odd Mushroom","Sozu","Charon\u0027s Ashes","MutagenicStrength","Boot","Black Star","Toxic Egg 2","Smiling Mask","Kunai","Red Mask"],"acts_visited":["Exordium","TheCity","TheBeyond"],"potions_floor_usage":[6,10,16,41],"damage_taken":[{"damage":8,"enemies":"Small Slimes","floor":1,"turns":4},{"damage":5,"enemies":"Jaw Worm","floor":3,"turns":5},{"damage":0,"enemies":"Cultist","floor":4,"turns":5},{"damage":37,"enemies":"3 Sentries","floor":6,"turns":13},{"damage":6,"enemies":"Exordium Wildlife","floor":8,"turns":5},{"damage":24,"enemies":"Gremlin Nob","floor":10,"turns":5},{"damage":12,"enemies":"Large Slime","floor":11,"turns":9},{"damage":3,"enemies":"3 Sentries","floor":13,"turns":5},{"damage":12,"enemies":"The Mushroom Lair","floor":14,"turns":5},{"damage":20,"enemies":"Hexaghost","floor":16,"turns":15},{"damage":11,"enemies":"2 Thieves","floor":18,"turns":4},{"damage":8,"enemies":"Spheric Guardian","floor":20,"turns":6},{"damage":4,"enemies":"Shelled Parasite and Fungi","floor":21,"turns":10},{"damage":27,"enemies":"Gremlin Leader","floor":23,"turns":11},{"damage":3,"enemies":"Snake Plant","floor":25,"turns":6},{"damage":18,"enemies":"3 Cultists","floor":29,"turns":5},{"damage":27,"enemies":"Slavers","floor":30,"turns":5},{"damage":41,"enemies":"Collector","floor":33,"turns":11},{"damage":0,"enemies":"Orb Walker","floor":35,"turns":5},{"damage":14,"enemies":"3 Darklings","floor":38,"turns":4},{"damage":2,"enemies":"4 Shapes","floor":39,"turns":5},{"damage":11,"enemies":"Reptomancer","floor":41,"turns":12},{"damage":27,"enemies":"Sphere and 2 Shapes","floor":44,"turns":6},{"damage":121,"enemies":"Giant Head","floor":48,"turns":10}],"seed_played":"-6209320941003778751","potions_obtained":[{"floor":1,"key":"ColorlessPotion"},{"floor":4,"key":"DistilledChaos"},{"floor":10,"key":"SteroidPotion"},{"floor":11,"key":"FearPotion"},{"floor":13,"key":"LiquidMemories"},{"floor":14,"key":"SkillPotion"}],"is_trial":false,"path_per_floor":["M","$","M","M","$","E","R","M","T","E","M","?","E","?","R","B",null,"M","?","M","M","$","E","R","M","T","?","?","M","E","?","R","B",null,"M","?","$","M","M","R","E","?","T","M","?","R","$","E"],"character_chosen":"IRONCLAD","items_purchased":["Flex","Dramatic Entrance","Disarm"],"campfire_rested":2,"item_purchase_floors":[5,22,37],"current_hp_per_floor":[70,70,71,77,77,46,46,46,46,31,28,52,58,55,83,72,96,99,99,103,107,107,89,89,100,100,100,100,91,73,73,106,74,110,114,114,114,109,118,118,116,116,116,104,104,104,104,0,0],"gold":0,"neow_bonus":"TWENTY_PERCENT_HP_BONUS","is_daily":false,"chose_seed":false,"campfire_upgraded":3,"win_rate":0.0,"timestamp":1614333489,"path_taken":["M","$","M","M","$","E","R","M","T","E","M","?","E","?","R","BOSS","M","?","M","?","$","E","R","M","T","?","?","M","E","?","R","BOSS","M","?","$","M","M","R","E","?","T","?","?","R","?","E"],"items_purchased_type":["Card","Card","Card"],"build_version":"2020-12-22","purchased_purges":3,"victory":false,"max_hp_per_floor":[96,96,96,96,96,96,96,96,96,96,96,96,96,96,96,96,96,99,99,103,107,107,107,107,110,110,110,110,110,110,110,110,110,110,114,114,114,114,118,118,118,118,118,122,122,122,122,122,122],"relic_stats":{"Torii":76,"counters":[24,171],"Self Forming Clay":[213],"Magic Flower":[54],"Charon\u0027s Ashes":[394],"Boot":[3],"Smiling Mask":0,"Burning Blood":169,"Sozu":4,"Dream Catcher":2,"Black Star":1,"Kunai":[0],"obtain_stats":[{"Torii":10,"Self Forming Clay":6,"Magic Flower":9,"Charon\u0027s Ashes":23,"Odd Mushroom":14,"Boot":30,"Smiling Mask":41,"Burning Blood":0,"Sozu":17,"Dream Catcher":13,"MutagenicStrength":28,"Black Star":34,"Red Mask":45,"Kunai":43,"Toxic Egg 2":41},{"Torii":6,"Self Forming Clay":4,"Magic Flower":5,"Charon\u0027s Ashes":14,"Odd Mushroom":9,"Boot":17,"Smiling Mask":22,"Burning Blood":0,"Sozu":10,"Dream Catcher":8,"MutagenicStrength":15,"Black Star":18,"Red Mask":23,"Kunai":22,"Toxic Egg 2":22},{"Torii":37,"Self Forming Clay":27,"Magic Flower":32,"Charon\u0027s Ashes":102,"Odd Mushroom":56,"Boot":118,"Smiling Mask":155,"Burning Blood":0,"Sozu":71,"Dream Catcher":51,"MutagenicStrength":108,"Black Star":129,"Red Mask":161,"Kunai":155,"Toxic Egg 2":155}]},"card_choices":[{"not_picked":["Shrug It Off","Burning Pact"],"picked":"Ghostly Armor","floor":1},{"not_picked":["Heavy Blade","Perfected Strike"],"picked":"Shockwave","floor":3},{"not_picked":["Sword Boomerang","Perfected Strike"],"picked":"Thunderclap","floor":4},{"not_picked":["Iron Wave","Sword Boomerang"],"picked":"Armaments","floor":6},{"not_picked":["Thunderclap","Sword Boomerang"],"picked":"Impervious","floor":8},{"not_picked":["Twin Strike","Headbutt","Cleave"],"picked":"SKIP","floor":10},{"not_picked":["Evolve","Combust"],"picked":"Fire Breathing","floor":11},{"not_picked":["Rupture","Rage","Anger"],"picked":"SKIP","floor":13},{"not_picked":["Wild Strike","Headbutt"],"picked":"Burning Pact","floor":14},{"not_picked":["Battle Trance","Dropkick"],"picked":"Spot Weakness","floor":15},{"not_picked":["Offering","Double Tap"],"picked":"Feed","floor":16},{"not_picked":["Warcry","Dual Wield","Anger"],"picked":"SKIP","floor":18},{"not_picked":["Clash","Flex","Shrug It Off"],"picked":"SKIP","floor":20},{"not_picked":["Clash","Body Slam","Spot Weakness+1"],"picked":"SKIP","floor":21},{"not_picked":["Second Wind","Sword Boomerang+1","Fire Breathing"],"picked":"SKIP","floor":23},{"not_picked":["Carnage","Shockwave","Iron Wave"],"picked":"SKIP","floor":25},{"not_picked":["Seeing Red","Heavy Blade"],"picked":"Shrug It Off+1","floor":29},{"not_picked":["Armaments+1","Flex","Perfected Strike"],"picked":"SKIP","floor":30},{"not_picked":["Immolate","Ghostly Armor"],"picked":"Disarm","floor":32},{"not_picked":["Juggernaut","Offering"],"picked":"Exhume","floor":33},{"not_picked":["Body Slam","Headbutt+1","Perfected Strike"],"picked":"SKIP","floor":35},{"not_picked":["Burning Pact+1","Armaments+1"],"picked":"Searing Blow+1","floor":38},{"not_picked":["Body Slam+1","Headbutt","Rupture"],"picked":"SKIP","floor":39},{"not_picked":["Pommel Strike","Dual Wield+1","Combust+1"],"picked":"SKIP","floor":41},{"not_picked":["Thunderclap+1","Warcry+1","Anger+1"],"picked":"SKIP","floor":44}],"player_experience":294223,"relics_obtained":[{"floor":6,"key":"Self Forming Clay"},{"floor":9,"key":"Magic Flower"},{"floor":10,"key":"Torii"},{"floor":13,"key":"Dream Catcher"},{"floor":14,"key":"Odd Mushroom"},{"floor":23,"key":"Charon\u0027s Ashes"},{"floor":30,"key":"Boot"},{"floor":41,"key":"Toxic Egg 2"},{"floor":41,"key":"Smiling Mask"},{"floor":43,"key":"Kunai"}],"event_choices":[{"damage_healed":24,"gold_gain":0,"player_choice":"Healed","damage_taken":0,"max_hp_gain":0,"max_hp_loss":0,"event_name":"The Cleric","floor":12,"gold_loss":35},{"damage_healed":0,"gold_gain":0,"player_choice":"Fought Mushrooms","damage_taken":0,"max_hp_gain":0,"max_hp_loss":0,"event_name":"Mushrooms","floor":14,"gold_loss":0},{"cards_removed":["Bash"],"damage_healed":0,"gold_gain":0,"player_choice":"Offered Basic","damage_taken":0,"max_hp_gain":0,"max_hp_loss":0,"event_name":"Bonfire Elementals","floor":19,"gold_loss":0},{"cards_removed":["Strike_R"],"damage_healed":0,"gold_gain":0,"player_choice":"Elegance","damage_taken":0,"max_hp_gain":0,"max_hp_loss":0,"event_name":"Back to Basics","floor":27,"gold_loss":0},{"damage_healed":0,"gold_gain":0,"player_choice":"Inject Mutagens","damage_taken":0,"relics_obtained":["MutagenicStrength"],"max_hp_gain":0,"max_hp_loss":0,"event_name":"Drug Dealer","floor":28,"gold_loss":0},{"cards_removed":["Defend_R"],"damage_healed":0,"gold_gain":0,"player_choice":"Gave Gold","damage_taken":0,"max_hp_gain":0,"max_hp_loss":0,"event_name":"Beggar","floor":31,"gold_loss":75},{"cards_removed":["Thunderclap"],"damage_healed":0,"gold_gain":0,"player_choice":"Removed Attack","damage_taken":0,"max_hp_gain":0,"max_hp_loss":0,"event_name":"Falling","floor":36,"gold_loss":0},{"damage_healed":0,"gold_gain":0,"player_choice":"Bought 0 Potions","damage_taken":0,"max_hp_gain":0,"max_hp_loss":0,"event_name":"The Woman in Blue","floor":42,"gold_loss":0},{"damage_healed":0,"gold_gain":0,"player_choice":"Paid","damage_taken":0,"relics_obtained":["Red Mask"],"max_hp_gain":0,"max_hp_loss":0,"event_name":"Tomb of Lord Red Mask","floor":45,"gold_loss":193}],"is_beta":false,"boss_relics":[{"not_picked":["Runic Cube","Runic Pyramid"],"picked":"Sozu"},{"not_picked":["Astrolabe","SacredBark"],"picked":"Black Star"}],"items_purged_floors":[2,22,37],"is_endless":false,"potions_floor_spawned":[1,4,10,11,13,14,18,33,38,39],"killed_by":"Giant Head","ascension_level":0}}