{"host":"iudiqz5bwex5meyb","time":1614354675,"event":{"mods":["AchievementEnabler","BaseMod","Block Reminder","Colored Map","Minty Spire (QoL Compilation)","StSLib","ojb\u0027s Better Paths Mod","ojb\u0027s Info Mod"],"gold_per_floor":[109,119,119,134,153,153,64,64,64,91,91,127,140,210,210,210,210],"floor_reached":16,"language":"ENG","playtime":1252,"items_purged":[],"score":121,"play_id":"8f1c090e-1794-44de-980b-55cab26b4217","local_time":"20210226095115","is_ascension_mode":true,"campfire_choices":[{"data":"SashWhip","floor":6,"key":"SMITH"},{"data":"CutThroughFate","floor":8,"key":"SMITH"},{"floor":15,"key":"REST"}],"circlet_count":0,"master_deck":["Strike_P","Strike_P","Strike_P","Defend_P","Defend_P","Defend_P","Defend_P","Eruption","Vigilance","Adaptation","CutThroughFate+1","BowlingBash","MentalFortress","SashWhip+1","Flash of Steel","CrushJoints","Meditate","JustLucky","MentalFortress"],"relics":["PureWater","MealTicket","Singing Bowl","Du-Vu Doll","Golden Idol","Blue Candle","Peace Pipe"],"acts_visited":["Exordium"],"potions_floor_usage":[2,13],"damage_taken":[{"damage":0,"enemies":"Cultist","floor":1,"turns":3},{"damage":24,"enemies":"Small Slimes","floor":2,"turns":3},{"damage":4,"enemies":"Jaw Worm","floor":4,"turns":3},{"damage":10,"enemies":"Gremlin Gang","floor":5,"turns":4},{"damage":1,"enemies":"3 Sentries","floor":10,"turns":4},{"damage":14,"enemies":"Gremlin Nob","floor":12,"turns":4},{"damage":5,"enemies":"Blue Slaver","floor":13,"turns":3},{"damage":25,"enemies":"3 Sentries","floor":14,"turns":6},{"damage":30,"enemies":"Hexaghost","floor":16,"turns":4}],"seed_played":"-8627541732091833068","potions_obtained":[{"floor":1,"key":"SkillPotion"},{"floor":10,"key":"FearPotion"},{"floor":12,"key":"SkillPotion"}],"is_trial":false,"path_per_floor":["M","M","?","M","M","R","$","R","T","E","?","E","M","?","R","B"],"character_chosen":"WATCHER","items_purchased":["Flash of Steel"],"campfire_rested":1,"item_purchase_floors":[7],"current_hp_per_floor":[72,48,48,44,34,34,49,49,49,48,48,34,29,4,24,0,0],"gold":210,"neow_bonus":"RANDOM_COMMON_RELIC","is_daily":false,"chose_seed":false,"campfire_upgraded":2,"win_rate":0.0,"timestamp":1614354675,"path_taken":["M","M","?","M","M","R","$","R","T","E","?","E","M","?","R","BOSS"],"items_purchased_type":["Card"],"build_version":"2020-12-22","purchased_purges":0,"victory":false,"max_hp_per_floor":[72,72,72,72,72,72,72,72,72,72,67,67,67,67,67,67,67],"card_choices":[{"not_picked":["WreathOfFlame","ReachHeaven"],"picked":"Adaptation","floor":1},{"not_picked":["Halt","SignatureMove"],"picked":"CutThroughFate","floor":2},{"not_picked":["FlyingSleeves","EmptyBody"],"picked":"MentalFortress","floor":4},{"not_picked":["ForeignInfluence","ClearTheMind"],"picked":"SashWhip","floor":5},{"not_picked":["Evaluate","Collect"],"picked":"CrushJoints","floor":10},{"not_picked":["FollowUp","EmptyBody"],"picked":"Meditate","floor":12},{"not_picked":["Wallop","EmptyBody"],"picked":"JustLucky","floor":13},{"not_picked":["WheelKick","FollowUp"],"picked":"MentalFortress","floor":14}],"player_experience":376287,"relics_obtained":[{"floor":9,"key":"Singing Bowl"},{"floor":10,"key":"Du-Vu Doll"},{"floor":12,"key":"Blue Candle"},{"floor":14,"key":"Peace Pipe"}],"event_choices":[{"damage_healed":0,"gold_gain":0,"cards_transformed":["Strike_P"],"player_choice":"Change","damage_taken":0,"max_hp_gain":0,"max_hp_loss":0,"event_name":"Living Wall","floor":3,"gold_loss":0,"cards_obtained":["BowlingBash"]},{"damage_healed":0,"gold_gain":0,"player_choice":"Lose Max HP","damage_taken":0,"relics_obtained":["Golden Idol"],"max_hp_gain":0,"max_hp_loss":5,"event_name":"Golden Idol","floor":11,"gold_loss":0},{"damage_healed":0,"gold_gain":0,"player_choice":"Searched \u00271\u0027 times","damage_taken":0,"max_hp_gain":0,"max_hp_loss":0,"event_name":"Dead Adventurer","floor":14,"gold_loss":0}],"is_beta":false,"boss_relics":[],"items_purged_floors":[],"is_endless":false,"potions_floor_spawned":[1,10,12],"killed_by":"Hexaghost","ascension_level":2}}