{"host":"9h5iyctwfxwfihmv","time":1614355035,"event":{"mods":["100% Spire Juice","2.2 Compatiblity","Act Like it!","BaseMod","Better Note","Better Third Choice","BetterRewards","Colored Map","Colored Powertips","Custom Start","Defective Defect","Disable Question Mark Monsters","Energized Spire","Friendly Minions","Gensokyo","Hallownest","Ironclad Rager","MarisaÅiñ∂âJÅ@ñÇóùçπÅj","Minty Spire (QoL Compilation)","Permanent Neow","Quick Restart","Random Character Button","Rare Cards Sparkle","Relic Filter","Relic Stats","Ruina","StSLib","Td1madao Mod","The Awakened One except there are too many feathers","The Jungle","The Servant 0.9.4","Transform Curses","Uncapped","Unceasing Turn Reminder","UnlockEverythingMod","Waifu the Spire","egg","everything is the same but u backflip on backflip","slay the spire mod where everything is the same but ironclad has a cowboy hat"],"gold_per_floor":[90,90,90,34,48,74,90,90,113,138,29,43,43,43,55,51,63,94,121,13,35,57,88,100,122,212,224,224],"floor_reached":27,"language":"ENG","playtime":1590,"items_purged":[],"score":227,"play_id":"5896fac9-63c1-48d7-9257-9159916d1e2f","local_time":"20210226105715","is_ascension_mode":false,"campfire_choices":[{"data":"Moonworks:UnpaidWork","floor":8,"key":"SMITH"},{"data":"Moonworks:x16BigRocket","floor":13,"key":"SMITH"},{"data":"Moonworks:x16BigRocket+1","floor":15,"key":"SMITH"}],"circlet_count":0,"master_deck":["Moonworks:Strike","Moonworks:Strike","Moonworks:Strike","Moonworks:Strike","Moonworks:Defend","Moonworks:Defend","Moonworks:Defend","Moonworks:Defend","Moonworks:Ambush","Moonworks:LongDistanceShot","Moonworks:x16BigRocket+2","Moonworks:WindyEnchantment","Moonworks:UnpaidWork+1","Moonworks:Assault","Moonworks:SealedMemories","Fasting2","Moonworks:Heat300Percent+1","Moonworks:Dash","Moonworks:SakisCookie"],"relics":["Moonworks:BrokenBomb","Moonworks:Homemark","Eternal Feather","PreservedInsect","Torii","MawBank","Sozu","Mercury Hourglass"],"acts_visited":["Exordium","TheCity"],"potions_floor_usage":[6,6,6,10,16,16,23],"damage_taken":[{"damage":0,"enemies":"Cultist","floor":1,"turns":5},{"damage":4,"enemies":"Small Slimes","floor":5,"turns":3},{"damage":30,"enemies":"Lagavulin","floor":6,"turns":9},{"damage":0,"enemies":"2 Louse","floor":7,"turns":3},{"damage":14,"enemies":"3 Sentries","floor":10,"turns":8},{"damage":1,"enemies":"Looter","floor":11,"turns":3},{"damage":1,"enemies":"2 Fungi Beasts","floor":12,"turns":4},{"damage":29,"enemies":"Slime Boss","floor":16,"turns":11},{"damage":13,"enemies":"2 Thieves","floor":18,"turns":4},{"damage":0,"enemies":"Spheric Guardian","floor":19,"turns":2},{"damage":8,"enemies":"Centurion and Healer","floor":21,"turns":6},{"damage":2,"enemies":"Cultist and Chosen","floor":22,"turns":6},{"damage":15,"enemies":"Snake Plant","floor":23,"turns":3},{"damage":7,"enemies":"Shelled Parasite and Fungi","floor":25,"turns":4},{"damage":27,"enemies":"Colosseum Slavers","floor":27,"turns":2}],"seed_played":"-6794731208347709268","potions_obtained":[{"floor":2,"key":"Fruit Juice"},{"floor":2,"key":"Ancient Potion"},{"floor":2,"key":"Fruit Juice"},{"floor":6,"key":"Regen Potion"},{"floor":10,"key":"GamblersBrew"},{"floor":12,"key":"AttackPotion"},{"floor":16,"key":"GamblersBrew"}],"is_trial":false,"path_per_floor":["M","?","$","?","M","E","M","R","T","E","M","M","R","?","R","B",null,"M","M","?","M","M","M","?","M","T","?"],"character_chosen":"THE_STARBREAKER","items_purchased":[],"campfire_rested":0,"item_purchase_floors":[],"current_hp_per_floor":[60,60,60,60,56,36,36,42,42,43,42,41,50,23,32,3,70,57,57,57,49,47,32,32,25,25,0,0],"gold":224,"neow_bonus":"HUNDRED_GOLD","is_daily":false,"chose_seed":false,"campfire_upgraded":3,"win_rate":0.0,"timestamp":1614355035,"path_taken":["M","?","?","?","M","E","M","R","T","E","M","M","R","?","R","BOSS","M","M","?","?","?","M","?","M","T","?"],"items_purchased_type":[],"build_version":"2020-12-22","purchased_purges":0,"victory":false,"max_hp_per_floor":[60,60,60,60,60,70,70,70,70,70,70,70,70,70,70,70,70,70,70,70,70,70,70,70,70,70,70,70],"relic_stats":{"Sozu":2,"Torii":23,"counters":[15,73],"Eternal Feather":24,"PreservedInsect":32,"MawBank":156,"obtain_stats":[{"Sozu":17,"Torii":10,"Moonworks:Homemark":0,"Eternal Feather":6,"PreservedInsect":9,"MawBank":14,"Moonworks:BrokenBomb":0,"Mercury Hourglass":24},{"Sozu":8,"Torii":5,"Moonworks:Homemark":0,"Eternal Feather":3,"PreservedInsect":4,"MawBank":7,"Moonworks:BrokenBomb":0,"Mercury Hourglass":13},{"Sozu":46,"Torii":28,"Moonworks:Homemark":0,"Eternal Feather":17,"PreservedInsect":20,"MawBank":35,"Moonworks:BrokenBomb":0,"Mercury Hourglass":67}],"Mercury Hourglass":[24]},"card_choices":[{"not_picked":["Moonworks:JonathanRush","Moonworks:Dinner"],"picked":"Moonworks:x16BigRocket","floor":1},{"not_picked":["Moonworks:NicePresent","Moonworks:EvilSpyWorkPreparation"],"picked":"Moonworks:WindyEnchantment","floor":5},{"not_picked":["Moonworks:Blazing","Moonworks:ImOnFire"],"picked":"Moonworks:UnpaidWork","floor":6},{"not_picked":["Moonworks:ImOnFire","Moonworks:Bloodlust"],"picked":"Moonworks:Assault","floor":7},{"not_picked":["Moonworks:ImOnFire","Moonworks:LulusLuckyEgg"],"picked":"Moonworks:SealedMemories","floor":10},{"not_picked":["Moonworks:NicePresent","Moonworks:ReproductionOfRecords","Moonworks:BigMagnum"],"picked":"SKIP","floor":11},{"not_picked":["Moonworks:Assault","Moonworks:ImOnFire","Moonworks:DeployBits"],"picked":"SKIP","floor":12},{"not_picked":["Moonworks:NicePresent","Moonworks:Assault+1","Moonworks:ImOnFire+1"],"picked":"SKIP","floor":18},{"not_picked":["Moonworks:EvilSpyWorkPreparation","Moonworks:BigMagnum"],"picked":"Moonworks:Heat300Percent+1","floor":19},{"not_picked":["Moonworks:CloudOfSeagulls","Moonworks:CompletionReward","Moonworks:StiffCrystal"],"picked":"SKIP","floor":21},{"not_picked":["Moonworks:CloudOfSeagulls+1","Moonworks:SealedMemories","Moonworks:MeltingMemories"],"picked":"SKIP","floor":22},{"not_picked":["Moonworks:ForcedRevival","Moonworks:SakisCookie+1"],"picked":"Moonworks:Dash","floor":23},{"not_picked":["Moonworks:ImOnFire","Moonworks:Assault"],"picked":"Moonworks:SakisCookie","floor":25}],"player_experience":193515,"relics_obtained":[{"floor":6,"key":"Eternal Feather"},{"floor":9,"key":"PreservedInsect"},{"floor":10,"key":"Torii"}],"event_choices":[{"damage_healed":0,"gold_gain":0,"player_choice":"Got Potions","damage_taken":0,"max_hp_gain":0,"max_hp_loss":0,"event_name":"Lab","floor":2,"gold_loss":0},{"damage_healed":0,"gold_gain":64,"player_choice":"Gained Gold","damage_taken":0,"max_hp_gain":0,"max_hp_loss":0,"event_name":"Golden Wing","floor":4,"gold_loss":0},{"cards_removed":["Fasting2"],"damage_healed":0,"gold_gain":0,"player_choice":"Give","damage_taken":0,"max_hp_gain":0,"max_hp_loss":0,"event_name":"betterNote:BetterNote","floor":20,"gold_loss":0,"cards_obtained":["None"]},{"damage_healed":0,"gold_gain":0,"player_choice":"Opened","damage_taken":0,"relics_obtained":["Mercury Hourglass"],"max_hp_gain":0,"max_hp_loss":0,"event_name":"The Mausoleum","floor":24,"gold_loss":0},{"damage_healed":0,"gold_gain":0,"player_choice":"Fight","damage_taken":0,"max_hp_gain":0,"max_hp_loss":0,"event_name":"Colosseum","floor":27,"gold_loss":0}],"is_beta":false,"boss_relics":[{"not_picked":["Coffee Dripper","Fusion Hammer"],"picked":"Sozu"}],"items_purged_floors":[],"is_endless":false,"potions_floor_spawned":[5,6,10,12,16,18,21],"killed_by":"Colosseum Slavers","ascension_level":0}}