{"host":"7h05nr6qm89lgkco","time":1614356195,"event":{"mods":["BaseMod","Bestiary","Block Reminder","ChefMod","Colored Powertips","DeckTracker","Downfall","Friendly Minions","Minty Spire (QoL Compilation)","Quick Restart","Rare Cards Sparkle","Relic Stats","StSLib","The Cursed","The Poker Player","Unceasing Turn Reminder"],"gold_per_floor":[111,137,149,171,232,263,275,319,131,176,207,13,13,29,39,142,142,142,158,109,109,109,143,143,43,82,82,95,106,106,140,158,261,311,311,322,322,341,341,359,439,449,92,109,119,119,119,6,21,21,21,51,51,51,51,51],"floor_reached":57,"language":"ZHS","playtime":5401,"items_purged":["downfall:Malfunctioning"],"score":1366,"play_id":"73537c2b-a58c-4242-9b23-658717f32e5e","local_time":"20210227001635","is_ascension_mode":true,"campfire_choices":[{"data":"hexamod:Sear","floor":1.0,"key":"SMITH"},{"data":"hexamod:InspiringFlames","floor":9.0,"key":"SMITH"},{"data":"hexamod:Rewind","floor":13.0,"key":"SMITH"},{"floor":18.0,"key":"RECALL"},{"data":"hexamod:FastForward","floor":25.0,"key":"SMITH"},{"data":"hexamod:CatchUp","floor":27.0,"key":"SMITH"},{"data":"hexamod:TimeWarp","floor":35.0,"key":"SMITH"},{"data":"hexamod:FastForward","floor":47.0,"key":"SMITH"},{"floor":54.0,"key":"REST"}],"circlet_count":0,"master_deck":["hexamod:Strike+1","hexamod:Strike","hexamod:Strike","hexamod:Defend+1","hexamod:Defend+1","hexamod:Sear+1","hexamod:Float","hexamod:InspiringFlames+1","hexamod:RecurringNightmare+1","hexamod:WildfireWeapon+1","hexamod:Rewind+1","hexamod:NightmareGuise","hexamod:GhostflameBarrier+1","hexamod:Rewind+1","hexamod:PhantomFireball","hexamod:GhostflameInferno+1","hexamod:CatchUp+1","hexamod:StepThrough","hexamod:NightmareStrike+1","hexamod:VolcanoVisage+1","hexamod:TimeWarp+1","hexamod:GhostShield+1","hexamod:FastForward+1","hexamod:PhantomCloak+1","hexamod:FastForward+1","hexamod:PhantomCloak+1","hexamod:ApocalypseNow","hexamod:TimeWarp+1","hexamod:BurningTouch+1","hexamod:RainOfEmbers+1","hexamod:VolcanoVisage+1","hexamod:FastForward+1","hexamod:ApocalypticArmor+1","expansioncontent:QuickStudy+1","hexamod:CatchUp+1","hexamod:GhostOfSpirePast+1","hexamod:HeatCrush+1","hexamod:EmpoweredFlame+1","Finesse","hexamod:StepThrough","hexamod:BacktrackSmack"],"relics":["hexamod:SpiritBrand","MawBank","Happy Flower","The Courier","downfall:HeartBlessingGreen","downfall:HeartBlessingBlue","Anchor","Astrolabe","Slimebound:PreparedRelic","Thread and Needle","downfall:HeartBlessingRed","hexamod:TheBrokenSeal","Bag of Marbles","Omamori","Tiny House","Frozen Egg 2","InkBottle","OrangePellets","Mango","Pen Nib"],"acts_visited":["Exordium","TheCity","TheBeyond","TheEnding"],"potions_floor_usage":[56,56,56],"damage_taken":[{"damage":2.0,"enemies":"Jaw Worm","floor":2.0,"turns":3.0},{"damage":0.0,"enemies":"Cultist","floor":4.0,"turns":3.0},{"damage":4.0,"enemies":"2 Louse","floor":6.0,"turns":3.0},{"damage":35.0,"enemies":"Gremlin Nob","floor":8.0,"turns":5.0},{"damage":15.0,"enemies":"3 Sentries","floor":10.0,"turns":10.0},{"damage":0.0,"enemies":"Blue Slaver","floor":11.0,"turns":3.0},{"damage":0.0,"enemies":"downfall:FleeingMerchant","floor":12.0,"turns":4.0},{"damage":0.0,"enemies":"Exordium Thugs","floor":14.0,"turns":4.0},{"damage":0.0,"enemies":"downfall:LooterAlt","floor":15.0,"turns":4.0},{"damage":5.0,"enemies":"SI_SHIV_ARCHETYPE","floor":16.0,"turns":7.0},{"damage":21.0,"enemies":"Shell Parasite","floor":19.0,"turns":5.0},{"damage":10.0,"enemies":"downfall:FleeingMerchant","floor":20.0,"turns":4.0},{"damage":50.0,"enemies":"Gremlin Leader","floor":23.0,"turns":7.0},{"damage":24.0,"enemies":"Slavers","floor":26.0,"turns":9.0},{"damage":0.0,"enemies":"3 Byrds","floor":28.0,"turns":4.0},{"damage":0.0,"enemies":"Cultist and Chosen","floor":29.0,"turns":5.0},{"damage":1.0,"enemies":"Gremlin Leader","floor":31.0,"turns":5.0},{"damage":0.0,"enemies":"Chosen and Byrds","floor":32.0,"turns":3.0},{"damage":3.0,"enemies":"WA_ARCHETYPE_CALM","floor":33.0,"turns":10.0},{"damage":0.0,"enemies":"3 Darklings","floor":36.0,"turns":5.0},{"damage":0.0,"enemies":"3 Shapes","floor":38.0,"turns":3.0},{"damage":7.0,"enemies":"Writhing Mass","floor":40.0,"turns":5.0},{"damage":22.0,"enemies":"3 Darklings","floor":42.0,"turns":3.0},{"damage":0.0,"enemies":"downfall:FleeingMerchant","floor":43.0,"turns":4.0},{"damage":0.0,"enemies":"Maw","floor":44.0,"turns":5.0},{"damage":0.0,"enemies":"Writhing Mass","floor":45.0,"turns":3.0},{"damage":0.0,"enemies":"downfall:FleeingMerchant","floor":48.0,"turns":1.0},{"damage":4.0,"enemies":"4 Shapes","floor":49.0,"turns":4.0},{"damage":45.0,"enemies":"IC_BLOCK_ARCHETYPE","floor":50.0,"turns":9.0},{"damage":31.0,"enemies":"downfall:CharBossMerchant","floor":52.0,"turns":6.0},{"damage":73.0,"enemies":"downfall:NeowBoss","floor":55.0,"turns":14.0},{"damage":14,"enemies":"downfall:NeowBossFinal","floor":56,"turns":6}],"seed_played":"-5923386659845735107","potions_obtained":[{"floor":8.0,"key":"FairyPotion"},{"floor":8.0,"key":"Fire Potion"},{"floor":10.0,"key":"bronze:BurnAndBuffPotion"},{"floor":10.0,"key":"SpeedPotion"},{"floor":11.0,"key":"Block Potion"},{"floor":12.0,"key":"SkillPotion"},{"floor":14.0,"key":"champ:CounterPotion"},{"floor":14.0,"key":"PowerPotion"},{"floor":15.0,"key":"CultistPotion"},{"floor":16.0,"key":"Strength Potion"},{"floor":16.0,"key":"Fire Potion"},{"floor":19.0,"key":"Weak Potion"},{"floor":19.0,"key":"Regen Potion"},{"floor":20.0,"key":"Guardian:BlockOnCardUsePotion"},{"floor":22.0,"key":"Ancient Potion"},{"floor":23.0,"key":"EssenceOfSteel"},{"floor":26.0,"key":"Energy Potion"},{"floor":28.0,"key":"Weak Potion"},{"floor":29.0,"key":"SkillPotion"},{"floor":30.0,"key":"CultistPotion"},{"floor":32.0,"key":"SneckoOil"},{"floor":36.0,"key":"Energy Potion"},{"floor":42.0,"key":"SpeedPotion"},{"floor":45.0,"key":"Explosive Potion"},{"floor":49.0,"key":"PowerPotion"},{"floor":52.0,"key":"EntropicBrew"}],"is_trial":false,"path_per_floor":["R","M","?","M","T","M","T","E","R","E","M","$","R","M","M","B",null,"R","M","$","?","?","E","T","R","E","R","M","M","?","E","M","B",null,"R","M","?","M","?","M","T","M","$","M","M","?","R","$","M","B",null,"E","$","R","B","B",null],"character_chosen":"THE_SPIRIT","items_purchased":["hexamod:GhostflameInferno","hexamod:FastForward","expansioncontent:QuickStudy","InkBottle","hexamod:EmpoweredFlame+1","OrangePellets","Mango","Finesse"],"campfire_rested":1,"item_purchase_floors":[12,20,43,43,48,48,48,48],"current_hp_per_floor":[70,68,68,68,68,64,64,29,39,24,24,24,24,24,24,26,80,80,66,77,77,77,34,34,34,90,90,90,90,90,89,89,86,95,95,95,95,95,95,88,88,66,66,66,66,58,58,72,68,23,109,78,78,109,36,22],"gold":51,"neow_bonus":"RANDOM_COMMON_RELIC","is_daily":false,"chose_seed":false,"campfire_upgraded":7,"win_rate":0.0,"timestamp":1614356195,"path_taken":["R","M","?","M","?","M","T","E","R","E","?","$","R","M","M","BOSS","R","M","$","?","?","E","T","R","E","R","?","M","?","E","M","BOSS","BOSS","R","M","?","M","?","?","T","M","$","M","M","?","R","$","M","BOSS","E","$","R","BOSS","BOSS"],"items_purchased_type":["Card","Card","Card","Relic","Card","Relic","Relic","Card"],"build_version":"2020-12-22","purchased_purges":1,"victory":true,"max_hp_per_floor":[70,70,70,70,70,70,70,70,80,80,80,80,80,80,80,80,80,80,80,80,80,80,80,80,80,90,90,90,90,90,90,90,90,95,95,95,95,95,95,95,95,95,95,95,95,95,95,109,109,109,109,109,109,109,109,109],"relic_stats":{"OrangePellets":[13],"Happy Flower":[52],"counters":[32,166],"Astrolabe":["hexamod:NightmareStrike","hexamod:VolcanoVisage","hexamod:TimeWarp"],"Pen Nib":[6],"MawBank":144,"obtain_stats":[{"Tiny House":34,"Happy Flower":7,"downfall:HeartBlessingRed":25,"Astrolabe":17,"hexamod:TheBrokenSeal":26,"downfall:HeartBlessingGreen":9,"Thread and Needle":24,"Mango":48,"The Courier":8,"Pen Nib":52,"Omamori":31,"Frozen Egg 2":41,"MawBank":0,"OrangePellets":48,"Anchor":10,"downfall:HeartBlessingBlue":9,"Slimebound:PreparedRelic":23,"Bag of Marbles":26,"hexamod:SpiritBrand":0,"InkBottle":43},{"Tiny House":19,"Happy Flower":3,"downfall:HeartBlessingRed":13,"Astrolabe":10,"hexamod:TheBrokenSeal":14,"downfall:HeartBlessingGreen":4,"Thread and Needle":13,"Mango":27,"The Courier":4,"Pen Nib":30,"Omamori":17,"Frozen Egg 2":22,"MawBank":0,"OrangePellets":27,"Anchor":5,"downfall:HeartBlessingBlue":4,"Slimebound:PreparedRelic":13,"Bag of Marbles":14,"hexamod:SpiritBrand":0,"InkBottle":24},{"Tiny House":98,"Happy Flower":9,"downfall:HeartBlessingRed":62,"Astrolabe":46,"hexamod:TheBrokenSeal":71,"downfall:HeartBlessingGreen":14,"Thread and Needle":62,"Mango":127,"The Courier":14,"Pen Nib":146,"Omamori":85,"Frozen Egg 2":111,"MawBank":0,"OrangePellets":127,"Anchor":24,"downfall:HeartBlessingBlue":14,"Slimebound:PreparedRelic":62,"Bag of Marbles":71,"hexamod:SpiritBrand":0,"InkBottle":118}],"InkBottle":[31]},"card_choices":[{"not_picked":["hexamod:SpectersWail","hexamod:ThermalTransfer"],"picked":"hexamod:ThirdSeal","floor":2.0},{"not_picked":["hexamod:EtherealExpedition","hexamod:PhantomFireball"],"picked":"hexamod:InspiringFlames","floor":4.0},{"not_picked":["hexamod:DynamicBlow","hexamod:EtherealExpedition","hexamod:GhostLash"],"picked":"SKIP","floor":4.0},{"not_picked":["hexamod:PhantomCloak","hexamod:BurningTouch"],"picked":"hexamod:RecurringNightmare","floor":6.0},{"not_picked":["hexamod:BurningTouch","hexamod:InspiringFlames"],"picked":"hexamod:FourthSeal","floor":6.0},{"not_picked":["hexamod:RainOfEmbers","hexamod:DynamicBlow"],"picked":"hexamod:WildfireWeapon","floor":8.0},{"not_picked":["hexamod:HeatMetal","hexamod:Firestarter"],"picked":"hexamod:Rewind","floor":10.0},{"not_picked":["hexamod:ShieldOfDarkness","hexamod:GhostShield","hexamod:SwordOfDarkness"],"picked":"SKIP","floor":10.0},{"not_picked":["hexamod:Again","hexamod:SuperheatedStrike"],"picked":"hexamod:NightmareGuise","floor":11.0},{"not_picked":["hexamod:ExtraCrispy","hexamod:HeatShield"],"picked":"hexamod:GhostflameBarrier","floor":11.0},{"not_picked":["hexamod:AdvancingGuard","hexamod:PhantomFireball"],"picked":"hexamod:Rewind","floor":12.0},{"not_picked":["hexamod:HauntingEcho","hexamod:SwordOfDarkness"],"picked":"hexamod:PhantomFireball","floor":12.0},{"not_picked":["hexamod:HauntingEcho","hexamod:BurningTouch"],"picked":"hexamod:CatchUp","floor":14.0},{"not_picked":["hexamod:NightmareGuise","hexamod:ChargedBarrage"],"picked":"hexamod:StepThrough","floor":14.0},{"not_picked":["hexamod:HeatShield","hexamod:InspiringFlames"],"picked":"hexamod:FirstSeal","floor":15.0},{"not_picked":["hexamod:NightmareStrike","hexamod:ShieldOfDarkness","hexamod:HauntingEcho"],"picked":"SKIP","floor":15.0},{"not_picked":["hexamod:NightmareStrike","hexamod:ShieldOfDarkness","hexamod:HauntingEcho"],"picked":"SKIP","floor":15.0},{"not_picked":["hexamod:Toasty","hexamod:WildfireWeapon"],"picked":"hexamod:SixthSeal","floor":16.0},{"not_picked":["hexamod:UnleashSpirits","hexamod:WildfireWeapon"],"picked":"hexamod:FifthSeal","floor":16.0},{"not_picked":["hexamod:SixthSeal","hexamod:FourthSeal"],"picked":"hexamod:SecondSeal","floor":19.0},{"not_picked":["hexamod:SecondSeal","hexamod:Firestarter"],"picked":"hexamod:GhostShield","floor":19.0},{"not_picked":["hexamod:HeatMetal+1","hexamod:SuperheatedStrike","hexamod:HauntingEcho"],"picked":"SKIP","floor":19.0},{"not_picked":["hexamod:RainOfEmbers","hexamod:PhantomFireball","hexamod:ThermalTransfer"],"picked":"SKIP","floor":20.0},{"not_picked":["hexamod:Hexaguard+1","hexamod:NecessarySacrifice","hexamod:ExtraCrispy"],"picked":"SKIP","floor":20.0},{"not_picked":["hexamod:WildfireWeapon","hexamod:PowerFromBeyond"],"picked":"hexamod:PhantomCloak+1","floor":23.0},{"not_picked":["hexamod:Firestarter","hexamod:GiftsFromTheDead","hexamod:SecondSeal"],"picked":"SKIP","floor":23.0},{"not_picked":["hexamod:FourthSeal","hexamod:InspiringFlames+1","hexamod:HauntingEcho"],"picked":"SKIP","floor":26.0},{"not_picked":["hexamod:NightmareGuise","hexamod:Hexaguard+1"],"picked":"hexamod:FastForward","floor":28.0},{"not_picked":["hexamod:ExtraCrispy","hexamod:ThermalTransfer"],"picked":"hexamod:PhantomCloak+1","floor":29.0},{"not_picked":["hexamod:SpectralSpark","hexamod:AdvancingGuard+1"],"picked":"hexamod:ApocalypseNow","floor":31.0},{"not_picked":["hexamod:FlamesFromBeyond","hexamod:SuperheatedStrike","hexamod:GhostShield"],"picked":"SKIP","floor":32.0},{"not_picked":["hexamod:VolcanoVisage","hexamod:SixthSeal"],"picked":"hexamod:TimeWarp","floor":33.0},{"not_picked":["hexamod:SpectersWail","hexamod:HauntingEcho+1"],"picked":"hexamod:BurningTouch+1","floor":34.0},{"not_picked":["hexamod:GhostLash","hexamod:GhostShield+1"],"picked":"hexamod:RainOfEmbers+1","floor":36.0},{"not_picked":["hexamod:GhostLash","hexamod:NightmareStrike","hexamod:InspiringFlames"],"picked":"SKIP","floor":38.0},{"not_picked":["hexamod:GhostLash","hexamod:RainOfEmbers","hexamod:HauntingEcho+1"],"picked":"SKIP","floor":40.0},{"not_picked":["hexamod:FlamesFromBeyond","hexamod:InspiringFlames+1","hexamod:NightmareGuise"],"picked":"SKIP","floor":42.0},{"not_picked":["hexamod:HeatCrush","hexamod:HauntingEcho+1"],"picked":"hexamod:ApocalypticArmor+1","floor":43.0},{"not_picked":["hexamod:Rewind","hexamod:GhostOfSpireFuture+1"],"picked":"hexamod:CatchUp+1","floor":44.0},{"not_picked":["hexamod:GhostShield","hexamod:CatchUp"],"picked":"hexamod:GhostOfSpirePast+1","floor":45.0},{"not_picked":["hexamod:Again+1","hexamod:Firestarter+1"],"picked":"hexamod:HeatCrush+1","floor":48.0},{"not_picked":["hexamod:InspiringFlames+1","hexamod:HauntingEcho"],"picked":"hexamod:StepThrough","floor":49.0},{"not_picked":["hexamod:Firestarter+1","hexamod:ShieldOfDarkness+1"],"picked":"hexamod:BacktrackSmack","floor":52.0}],"player_experience":928085,"relics_obtained":[{"floor":7.0,"key":"Happy Flower"},{"floor":8.0,"key":"The Courier"},{"floor":10.0,"key":"Anchor"},{"floor":23.0,"key":"Slimebound:PreparedRelic"},{"floor":24.0,"key":"Thread and Needle"},{"floor":26.0,"key":"Bag of Marbles"},{"floor":31.0,"key":"Omamori"},{"floor":41.0,"key":"Frozen Egg 2"},{"floor":52.0,"key":"Pen Nib"}],"event_choices":[{"damage_healed":0.0,"max_hp_gain":0.0,"max_hp_loss":0.0,"gold_gain":0.0,"event_name":"Lab","player_choice":"Got Potions","floor":22.0,"gold_loss":0.0,"damage_taken":0.0}],"is_beta":false,"boss_relics":[{"not_picked":["Fusion Hammer","Runic Pyramid"],"picked":"Astrolabe"},{"not_picked":["Pandora\u0027s Box","Snecko Eye"],"picked":"Tiny House"}],"items_purged_floors":[12],"is_endless":false,"potions_floor_spawned":[8,10,14,15,16,19,26,28,29,32,36,42,45,49,52],"ascension_level":2}}