{"host":"ttzdpsscxkem3xrs","time":1614362775,"event":{"mods":["BaseMod","Colored Map","Downfall","Hermit","Minty Spire (QoL Compilation)","Replay The Spire","StSLib","The Cursed","The Hierophant"],"gold_per_floor":[18,36,118,134,59,74,90,105,131,131,166,9,9,44,44,120,120,138,138,138,38,38,38,38],"floor_reached":23,"language":"ENG","playtime":935,"items_purged":["Strike_B","Defend_B"],"score":368,"play_id":"4011db14-7f8b-434e-b590-705ae77362a8","local_time":"20210226100615","is_ascension_mode":true,"campfire_choices":[{"floor":10,"key":"REST"},{"floor":15,"key":"REST"}],"circlet_count":0,"master_deck":["AscendersBane","Strike_B","Defend_B","Zap","Dualcast","Time Bomb","Chill","Doom and Gloom","Core Surge","ReplayRNGCard"],"relics":["Cracked Core","Potion Belt","Question Card","DataDisk","MealTicket","Busted Crown"],"acts_visited":["Exordium","TheCity"],"potions_floor_usage":[11,11],"damage_taken":[{"damage":0,"enemies":"Cultist","floor":1,"turns":3},{"damage":9,"enemies":"Small Slimes","floor":2,"turns":4},{"damage":0,"enemies":"2 Louse","floor":4,"turns":3},{"damage":0,"enemies":"Lots of Slimes","floor":6,"turns":3},{"damage":0,"enemies":"Large Slime","floor":7,"turns":3},{"damage":4,"enemies":"Looter","floor":8,"turns":3},{"damage":14,"enemies":"Gremlin Nob","floor":11,"turns":3},{"damage":25,"enemies":"Replay:BlueRogue","floor":14,"turns":5},{"damage":35,"enemies":"Hexaghost","floor":16,"turns":9},{"damage":25,"enemies":"Spheric Guardian","floor":18,"turns":4},{"damage":63,"enemies":"Book of Stabbing","floor":23,"turns":4}],"seed_played":"7783794140149510032","potions_obtained":[{"floor":1,"key":"champ:CounterPotion"},{"floor":4,"key":"Adrenaline Potion"}],"is_trial":false,"path_per_floor":["M","M","?","M","$","M","M","M","T","R","E","$","?","E","R","B",null,"M","?","?","$","$","E"],"character_chosen":"DEFECT","items_purchased":["DataDisk"],"campfire_rested":2,"item_purchase_floors":[12],"current_hp_per_floor":[64,55,55,55,55,55,55,51,51,71,57,57,57,32,53,18,58,33,33,33,48,63,0,0],"gold":38,"neow_bonus":"REMOVE_TWO","is_daily":false,"chose_seed":false,"campfire_upgraded":0,"win_rate":0.0,"timestamp":1614362775,"path_taken":["M","?","?","?","$","M","M","M","T","R","E","$","?","E","R","BOSS","M","?","?","?","$","E"],"items_purchased_type":["Relic"],"build_version":"2020-12-22","purchased_purges":2,"victory":false,"max_hp_per_floor":[71,71,71,71,71,71,71,71,71,71,71,71,71,71,71,71,71,71,71,71,71,71,71,71],"card_choices":[{"not_picked":["Blizzard","Coolheaded"],"picked":"Time Bomb","floor":1},{"not_picked":["Hologram","Coolheaded"],"picked":"Chill","floor":2},{"not_picked":["Turbo","Hello World"],"picked":"Doom and Gloom","floor":3},{"not_picked":["Panic Button","FTL","Coolheaded"],"picked":"SKIP","floor":4},{"not_picked":["Stack","Heatsinks","Coolheaded"],"picked":"SKIP","floor":6},{"not_picked":["Beam Cell","Compile Driver","Rebound"],"picked":"SKIP","floor":7},{"not_picked":["Gash","Barrage","Leap"],"picked":"SKIP","floor":8},{"not_picked":["Stack","Melter","Streamline"],"picked":"SKIP","floor":11},{"not_picked":["Amplify","Beam Cell","Steam Power"],"picked":"Core Surge","floor":14},{"not_picked":["Rainbow","Echo Form","ReplayTheSpireMod:Fabricate Wheel"],"picked":"ReplayRNGCard","floor":16},{"not_picked":["Leap","Melter+1"],"picked":"SKIP","floor":18}],"player_experience":1461319,"relics_obtained":[{"floor":9,"key":"Potion Belt"},{"floor":11,"key":"Question Card"},{"floor":14,"key":"MealTicket"}],"event_choices":[{"cards_removed":["Defend_B"],"damage_healed":0,"gold_gain":0,"player_choice":"Forget","damage_taken":0,"max_hp_gain":0,"max_hp_loss":0,"event_name":"Living Wall","floor":13,"gold_loss":0},{"cards_removed":["Defend_B"],"damage_healed":0,"gold_gain":0,"player_choice":"Elegance","damage_taken":0,"max_hp_gain":0,"max_hp_loss":0,"event_name":"Back to Basics","floor":19,"gold_loss":0}],"is_beta":false,"boss_relics":[{"not_picked":["Cursed Key","Replay:Wanted Poster"],"picked":"Busted Crown"}],"items_purged_floors":[5,21],"is_endless":false,"potions_floor_spawned":[1,4,6,8],"killed_by":"Book of Stabbing","ascension_level":17}}