{"host":"l2dnabsh5e0fsksb","time":1614340261,"event":{"mods":["2.2 Compatiblity","BaseMod","Downfall","Minty Spire (QoL Compilation)","Quick Restart","StSLib"],"gold_per_floor":[99,153,208,118,268,268,268,283,183,234,234,67,67,98,133,204,204,204,219,104,104,117,117,193,219,119,104,117,117,117,151,167,167,167,167],"floor_reached":33,"language":"ENG","playtime":1121,"items_purged":["Normality","Doubt"],"score":509,"play_id":"c230cd0a-ba3b-4bcf-b933-4ef853ba9022","local_time":"20210226222101","is_ascension_mode":true,"campfire_choices":[{"floor":1,"key":"RECALL"},{"data":"hexamod:StepThrough","floor":9,"key":"SMITH"},{"floor":13,"key":"REST"},{"data":"hexamod:GiftsFromTheDead","floor":18,"key":"SMITH"},{"data":"hexamod:Incineration","floor":23,"key":"SMITH"},{"floor":26,"key":"REST"}],"circlet_count":0,"master_deck":["AscendersBane","hexamod:Strike","hexamod:Strike+1","hexamod:Strike","hexamod:Defend","hexamod:Defend+1","hexamod:Defend","hexamod:Defend","hexamod:Sear","hexamod:Float","HandOfGreed+1","hexamod:StepThrough+1","hexamod:Hexaguard","hexamod:Incineration+1","hexamod:SwordOfDarkness","hexamod:ThermalTransfer","hexamod:GhostOfSpireFuture","hexamod:FlamesFromBeyond+1","hexamod:PhantomCloak+1","hexamod:Hexaguard","hexamod:GiftsFromTheDead+1","hexamod:ThermalTransfer","hexamod:GhostOfSpireFuture","downfall:Bewildered","hexamod:SpectersWail+1","hexamod:AdvancingGuard","hexamod:FastForward","hexamod:EmpoweredFlame+1","Writhe","hexamod:RainOfEmbers"],"relics":["hexamod:SpiritBrand","Kunai","downfall:HeartBlessingRed","Prayer Wheel","champ:Barbells","Happy Flower","Busted Crown","sneckomod:BabySnecko","Eternal Feather","Bottled Flame","downfall:HeartBlessingGreen","downfall:RedIOU","Dream Catcher"],"acts_visited":["Exordium","TheCity"],"potions_floor_usage":[16,16,31,33],"damage_taken":[{"damage":3,"enemies":"Small Slimes","floor":2,"turns":4},{"damage":5,"enemies":"2 Louse","floor":3,"turns":3},{"damage":0,"enemies":"downfall:FleeingMerchant","floor":4,"turns":4},{"damage":6,"enemies":"Cultist","floor":8,"turns":3},{"damage":14,"enemies":"3 Sentries","floor":10,"turns":8},{"damage":5,"enemies":"downfall:FleeingMerchant","floor":12,"turns":4},{"damage":11,"enemies":"Gremlin Nob","floor":14,"turns":3},{"damage":14,"enemies":"Exordium Thugs","floor":15,"turns":3},{"damage":7,"enemies":"WA_ARCHETYPE_RETAIN","floor":16,"turns":6},{"damage":2,"enemies":"Chosen","floor":19,"turns":3},{"damage":0,"enemies":"downfall:FleeingMerchant","floor":20,"turns":4},{"damage":7,"enemies":"Shell Parasite","floor":22,"turns":4},{"damage":10,"enemies":"Gremlin Leader","floor":25,"turns":7},{"damage":0,"enemies":"downfall:FleeingMerchant","floor":27,"turns":4},{"damage":2,"enemies":"Snake Plant","floor":28,"turns":3},{"damage":26,"enemies":"Slavers","floor":31,"turns":7},{"damage":24,"enemies":"Centurion and Healer","floor":32,"turns":6},{"damage":12,"enemies":"IC_MUSHROOM_ARCHETYPE","floor":33,"turns":1}],"seed_played":"-7595351617756262766","potions_obtained":[{"floor":3,"key":"Slimebound:ThreeZeroPotion"},{"floor":8,"key":"EssenceOfSteel"},{"floor":15,"key":"hexamod:DoubleChargePotion"},{"floor":16,"key":"SteroidPotion"},{"floor":22,"key":"Block Potion"},{"floor":31,"key":"hexamod:SoulburnPotion"}],"is_trial":false,"path_per_floor":["R","M","M","$","?","?","T","M","R","E","?","$","R","E","M","B",null,"R","M","$","?","M","R","T","E","R","$","M","?","?","E","M","B"],"character_chosen":"THE_SPIRIT","items_purchased":["champ:Barbells"],"campfire_rested":2,"item_purchase_floors":[12],"current_hp_per_floor":[57,54,49,49,49,49,49,43,43,29,29,24,42,31,17,10,50,50,48,48,48,41,41,41,31,63,63,61,61,61,35,11,0,0,0],"gold":167,"neow_bonus":"RANDOM_COLORLESS_2","is_daily":false,"chose_seed":false,"campfire_upgraded":3,"win_rate":0.0,"timestamp":1614340261,"path_taken":["R","M","M","$","?","?","T","M","R","E","?","$","R","E","M","BOSS","R","M","$","?","M","R","T","E","R","$","M","?","?","E","M","BOSS"],"items_purchased_type":["Relic"],"build_version":"2020-12-22","purchased_purges":2,"victory":false,"max_hp_per_floor":[63,63,63,63,63,63,63,63,63,63,63,63,63,63,63,63,63,63,63,63,63,63,63,63,63,63,63,63,63,63,63,63,63,63,63],"card_choices":[{"not_picked":["Mayhem","Apotheosis"],"picked":"HandOfGreed","floor":0},{"not_picked":["hexamod:AdvancingGuard","hexamod:SkipABeat"],"picked":"hexamod:StepThrough","floor":2},{"not_picked":["hexamod:HauntingEcho","hexamod:SecondSeal"],"picked":"hexamod:Hexaguard","floor":3},{"not_picked":["hexamod:ParanormalForm","hexamod:HeatMetal"],"picked":"hexamod:Incineration","floor":4},{"not_picked":["hexamod:NightmareStrike","hexamod:FastForward"],"picked":"hexamod:SwordOfDarkness","floor":8},{"not_picked":["hexamod:ThirdSeal","hexamod:HeatMetal"],"picked":"hexamod:ThermalTransfer","floor":10},{"not_picked":["hexamod:ThermalTransfer","hexamod:BurningTouch"],"picked":"hexamod:GhostOfSpireFuture","floor":12},{"not_picked":["hexamod:SwordOfDarkness","hexamod:SpectersWail"],"picked":"hexamod:FlamesFromBeyond","floor":14},{"not_picked":["hexamod:GhostLash","hexamod:FlamesFromBeyond"],"picked":"hexamod:PhantomCloak","floor":15},{"not_picked":["hexamod:SkipABeat","hexamod:GhostOfSpireFuture"],"picked":"hexamod:Hexaguard","floor":15},{"not_picked":["hexamod:ApocalypseNow","hexamod:TimeOfNeed"],"picked":"hexamod:GiftsFromTheDead","floor":16},{"not_picked":[],"picked":"hexamod:ThermalTransfer","floor":19},{"not_picked":[],"picked":"hexamod:GhostOfSpireFuture","floor":19},{"not_picked":["hexamod:BurningTouch"],"picked":"SKIP","floor":20},{"not_picked":[],"picked":"hexamod:SpectersWail+1","floor":22},{"not_picked":[],"picked":"hexamod:AdvancingGuard","floor":22},{"not_picked":["hexamod:SpectralSpark"],"picked":"SKIP","floor":25},{"not_picked":[],"picked":"hexamod:FastForward","floor":27},{"not_picked":[],"picked":"hexamod:EmpoweredFlame+1","floor":28},{"not_picked":["hexamod:SpectralAdrenaline"],"picked":"SKIP","floor":28},{"not_picked":[],"picked":"hexamod:RainOfEmbers","floor":31},{"not_picked":["hexamod:Incineration"],"picked":"SKIP","floor":32},{"not_picked":["hexamod:BurningTouch"],"picked":"SKIP","floor":32}],"player_experience":1982326,"relics_obtained":[{"floor":7,"key":"Kunai"},{"floor":10,"key":"Prayer Wheel"},{"floor":14,"key":"Happy Flower"},{"floor":24,"key":"Eternal Feather"},{"floor":25,"key":"Bottled Flame"},{"floor":31,"key":"Dream Catcher"}],"event_choices":[{"damage_healed":0,"gold_gain":0,"player_choice":"Grow","damage_taken":0,"max_hp_gain":0,"max_hp_loss":0,"event_name":"Living Wall","floor":6,"gold_loss":0,"cards_upgraded":["HandOfGreed"]}],"is_beta":false,"boss_relics":[{"not_picked":["Philosopher\u0027s Stone","Cursed Key"],"picked":"Busted Crown"}],"items_purged_floors":[4,20],"is_endless":false,"potions_floor_spawned":[3,8,15,16,22,28,31],"killed_by":"IC_MUSHROOM_ARCHETYPE","ascension_level":15}}