{"host":"rsbhidffjle4v6w5","time":1614326934,"event":{"mods":["Act Like it!","Ascension Reborn","BaseMod","Better Note","Better Third Choice","BetterRewards","Block Reminder","Colored Map","Hermit","Minty Spire (QoL Compilation)","Quick Restart","Replay The Spire","Ruina","StSLib"],"gold_per_floor":[123,137,137,137,137,137,213,247,247,281,281,135,135,152,188,188,188,303,303,321,321,345,115,139,139,174,174,174,188,202,216,271,298,312,444,458,485,513,487,501,515,529,585,616,630,974,988,1038,1137,1185,1199,1213,1227,1241,1255,269,311,311,311],"floor_reached":58,"language":"ENG","playtime":2860,"items_purged":["Regret"],"score":1170,"play_id":"d82fb3ea-a02f-443b-a6eb-10ef75788176","local_time":"20210226110854","is_ascension_mode":true,"campfire_choices":[{"data":"hermit:FlashPowder","floor":9.0,"key":"SMITH"},{"data":"hermit:Defend_Hermit","floor":9.0,"key":"SMITH"},{"floor":13.0,"key":"REST"},{"floor":17.0,"key":"RECALL"},{"data":"hermit:Roughhouse","floor":25.0,"key":"SMITH"},{"data":"hermit:GoldenBullet","floor":25.0,"key":"SMITH"},{"data":"hermit:Defend_Hermit","floor":27.0,"key":"SMITH"},{"data":"hermit:Strike_Hermit","floor":27.0,"key":"SMITH"},{"data":"hermit:Defend_Hermit","floor":31.0,"key":"SMITH"},{"data":"hermit:Strike_Hermit","floor":31.0,"key":"SMITH"},{"data":"hermit:Strike_Hermit","floor":34.0,"key":"SMITH"},{"data":"hermit:Strike_Hermit","floor":34.0,"key":"SMITH"},{"data":"hermit:Roughhouse","floor":42.0,"key":"SMITH"},{"data":"hermit:Ricochet","floor":42.0,"key":"SMITH"},{"data":"Hallucinations","floor":51,"key":"PURGE"},{"data":"Pot Of Greed","floor":55,"key":"SMITH"},{"data":"ReplayTheSpireMod:Faulty Equipment","floor":55,"key":"SMITH"}],"circlet_count":0,"master_deck":["hermit:Strike_Hermit+1","hermit:Strike_Hermit+1","hermit:Strike_Hermit+1","hermit:Strike_Hermit+1","hermit:Defend_Hermit+1","hermit:Defend_Hermit+1","hermit:Defend_Hermit+1","hermit:Snapshot+1","hermit:Covet+1","hermit:Enervate+1","hermit:FlashPowder+1","Pot Of Greed+1","Pot Of Greed+1","hermit:GoldenBullet+1","hermit:Roughhouse+1","hermit:WideOpen+1","Coolheaded+1","hermit:Showdown+1","hermit:Roughhouse+1","hermit:Ricochet+1","hermit:Maintenance+1","hermit:FlashPowder+1","Regret","Pot Of Greed","hermit:Ricochet+1","hermit:ShadowCloak+1","hermit:Vantage","hermit:Vantage","hermit:HighNoon","Chrysalis","Replay:Sssssssssshield","hermit:Manifest","Magnetism"],"relics":["hermit:Momento","Durian","Replay:Arrowhead","Kunai","hermit:CharredGlove","Mirror","Grinning Jar","Matryoshka","Vajra","Juzu Bracelet","Replay:Baseball","PreservedInsect","SlaversCollar","Tiny Chest","Ancient Tea Set","Torii","MawBank","Pondfish Scales","Turnip","Cursed Key","Whetstone","Gremlin Food","Replay:Towering Pillar of Hats","Shuriken","Centennial Puzzle","Replay:Ringing Soul","Pet Ghost","PrismaticShard","Dead Branch"],"acts_visited":["Exordium","TheCity","TheBeyond","TheEnding"],"potions_floor_usage":[48,52,52,53,57,58,58],"damage_taken":[{"damage":3.0,"enemies":"Small Slimes","floor":1.0,"turns":2.0},{"damage":0.0,"enemies":"2 Louse","floor":2.0,"turns":2.0},{"damage":21.0,"enemies":"Lagavulin Event","floor":7.0,"turns":4.0},{"damage":5.0,"enemies":"Gremlin Nob","floor":8.0,"turns":4.0},{"damage":20.0,"enemies":"Lagavulin","floor":10.0,"turns":7.0},{"damage":0.0,"enemies":"Cultist","floor":14.0,"turns":2.0},{"damage":0.0,"enemies":"Gremlin Nob","floor":15.0,"turns":2.0},{"damage":0.0,"enemies":"Fading Forest","floor":18.0,"turns":11.0},{"damage":13.0,"enemies":"3 Byrds","floor":20.0,"turns":3.0},{"damage":4.0,"enemies":"Shell Parasite","floor":22.0,"turns":3.0},{"damage":10.0,"enemies":"Centurion and Healer","floor":24.0,"turns":4.0},{"damage":4.0,"enemies":"Slavers","floor":26.0,"turns":4.0},{"damage":0.0,"enemies":"Gremlin Leader","floor":32.0,"turns":3.0},{"damage":0.0,"enemies":"Cultist and Chosen","floor":33.0,"turns":4.0},{"damage":32.0,"enemies":"Collector","floor":35.0,"turns":3.0},{"damage":0.0,"enemies":"3 Shapes","floor":37.0,"turns":3.0},{"damage":0.0,"enemies":"Orb Walker","floor":38.0,"turns":2.0},{"damage":1.0,"enemies":"Nemesis","floor":43.0,"turns":3.0},{"damage":0.0,"enemies":"Maw","floor":44.0,"turns":6.0},{"damage":2,"enemies":"R_Hoarder","floor":48,"turns":6},{"damage":14,"enemies":"Nemesis","floor":50,"turns":5},{"damage":11,"enemies":"Time Eater","floor":52,"turns":11},{"damage":1,"enemies":"Awakened One","floor":53,"turns":9},{"damage":12,"enemies":"Shield and Spear","floor":57,"turns":6},{"damage":95,"enemies":"The Heart","floor":58,"turns":9}],"seed_played":"4967438252704265375","potions_obtained":[{"floor":1.0,"key":"EntropicBrew"},{"floor":10.0,"key":"FearPotion"},{"floor":15.0,"key":"LiquidBronze"},{"floor":18.0,"key":"hermit:BlackBile"},{"floor":20.0,"key":"ColorlessPotion"},{"floor":22.0,"key":"EssenceOfSteel"},{"floor":33.0,"key":"EntropicBrew"},{"floor":37.0,"key":"Elixir"},{"floor":38.0,"key":"Strength Potion"},{"floor":43.0,"key":"BlessingOfTheForge"},{"floor":50,"key":"BlessingOfTheForge"}],"is_trial":false,"path_per_floor":["M","M","?","?","PTL","PTL","?","E","R","E","T","$","R","M","E","?","R","B",null,"M","?","M","$","M","R","E","R","T","?","?","R","E","M","R","B",null,"M","M","?","T","?","R","E","M","T","?","?","E","T","E","R_BF","B","B",null,"R","$","E","B"],"character_chosen":"HERMIT","items_purchased":["Durian","hermit:Enervate","Kunai","Replay:Baseball","Explosive Potion","Tiny Chest","Ancient Tea Set","Replay:Ringing Soul","hermit:Vantage","SpeedPotion","Dexterity Potion","Regen Potion","hermit:HighNoon","Chrysalis","Replay:Sssssssssshield","Pet Ghost","PrismaticShard","hermit:Manifest"],"campfire_rested":1,"item_purchase_floors":[0,0,0,12,12,23,23,56,56,56,56,56,56,56,56,56,56,56],"current_hp_per_floor":[42,42,47,47,47,47,26,21,21,1,1,1,26,26,26,26,26,36,85,72,72,68,68,58,58,54,54,54,54,54,54,54,54,54,22,85,85,85,85,85,81,81,80,80,80,80,80,78,78,64,64,53,52,81,81,84,75,0,0],"gold":311,"neow_bonus":"","is_daily":false,"chose_seed":false,"campfire_upgraded":14,"win_rate":0.0,"timestamp":1614326934,"path_taken":["M","M","?","?","PTL","PTL","?","E","R","E","T","$","R","M","E","?","R","BOSS","M","?","M","$","M","R","E","R","T","?","?","R","E","M","R","BOSS","M","M","?","?","?","R","E","M","T","?","?","E","?","E","R_BF","BOSS","BOSS","R","$","E","BOSS"],"items_purchased_type":["Relic","Card","Relic","Relic","Potion","Relic","Relic","Relic","Card","Potion","Potion","Potion","Card","Card","Card","Relic","Relic","Card"],"build_version":"2020-12-22","purchased_purges":1,"victory":false,"max_hp_per_floor":[80,80,85,85,85,85,85,85,85,85,85,85,85,85,85,85,85,85,85,85,85,85,85,85,85,85,85,85,85,85,85,85,85,85,85,85,85,85,85,85,81,81,81,81,81,81,81,81,81,81,81,81,81,81,81,84,87,87,87],"card_choices":[{"not_picked":["hermit:Desperado","hermit:Shortfuse","hermit:TrackingShot"],"picked":"SKIP","floor":1.0},{"not_picked":["hermit:Determination","hermit:SprayPray","hermit:BigShot"],"picked":"SKIP","floor":2.0},{"not_picked":["hermit:Showdown","hermit:Snipe"],"picked":"hermit:FlashPowder","floor":7.0},{"not_picked":["hermit:ItchyTrigger","hermit:HoleUp","hermit:Spite"],"picked":"SKIP","floor":8.0},{"not_picked":["hermit:EyeOfTheStorm","hermit:Spite"],"picked":"hermit:GoldenBullet","floor":10.0},{"not_picked":["hermit:Misfire","hermit:TakeAim","hermit:Virtue"],"picked":"SKIP","floor":14.0},{"not_picked":["hermit:Feint","hermit:ShadowCloak","hermit:HoleUp"],"picked":"SKIP","floor":15.0},{"not_picked":["hermit:Feint","hermit:ShadowCloak","hermit:HoleUp"],"picked":"SKIP","floor":15.0},{"not_picked":["hermit:Adapt","hermit:Gambit"],"picked":"hermit:Roughhouse","floor":18.0},{"not_picked":["hermit:Grudge","hermit:Quickdraw"],"picked":"hermit:WideOpen+1","floor":20.0},{"not_picked":["hermit:Glare","hermit:Shortfuse","hermit:Roulette"],"picked":"SKIP","floor":22.0},{"not_picked":["hermit:Shortfuse","hermit:SprayPray+1","hermit:Combo"],"picked":"SKIP","floor":24.0},{"not_picked":["hermit:Headshot","hermit:CalledShot","hermit:ItchyTrigger"],"picked":"SKIP","floor":26.0},{"not_picked":["hermit:Headshot","hermit:Purgatory"],"picked":"hermit:Showdown+1","floor":32.0},{"not_picked":["hermit:Snipe","hermit:SprayPray","hermit:LowProfile"],"picked":"SKIP","floor":33.0},{"not_picked":["hermit:Purgatory","hermit:Dissolve"],"picked":"hermit:Roughhouse","floor":35.0},{"not_picked":["hermit:LowProfile+1","hermit:BigShot"],"picked":"hermit:Ricochet","floor":37.0},{"not_picked":["hermit:Roulette+1","hermit:BigShot+1"],"picked":"hermit:Maintenance+1","floor":38.0},{"not_picked":["hermit:Grudge+1","hermit:Snipe","hermit:CursedWeapon"],"picked":"SKIP","floor":43.0},{"not_picked":["hermit:Brawl","hermit:Horror+1"],"picked":"hermit:FlashPowder+1","floor":44.0},{"not_picked":["hermit:ItchyTrigger","hermit:TrackingShot"],"picked":"hermit:Ricochet+1","floor":48},{"not_picked":["hermit:ItchyTrigger","hermit:TakeAim"],"picked":"hermit:ShadowCloak+1","floor":50},{"not_picked":["Blind+1","ThirdEye+1"],"picked":"Magnetism","floor":57}],"player_experience":1170141,"relics_obtained":[{"floor":8.0,"key":"Grinning Jar"},{"floor":10.0,"key":"Matryoshka"},{"floor":11.0,"key":"Vajra"},{"floor":11.0,"key":"Juzu Bracelet"},{"floor":15.0,"key":"PreservedInsect"},{"floor":26.0,"key":"Torii"},{"floor":28.0,"key":"MawBank"},{"floor":28.0,"key":"Pondfish Scales"},{"floor":32.0,"key":"Turnip"},{"floor":43.0,"key":"Whetstone"},{"floor":45.0,"key":"Gremlin Food"},{"floor":48,"key":"Replay:Towering Pillar of Hats"},{"floor":49,"key":"Shuriken"},{"floor":50,"key":"Centennial Puzzle"},{"floor":57,"key":"Dead Branch"}],"event_choices":[{"damage_healed":0.0,"max_hp_gain":5.0,"max_hp_loss":0.0,"gold_gain":0.0,"event_name":"Big Fish","player_choice":"Donut","floor":3.0,"gold_loss":0.0,"damage_taken":0.0},{"damage_healed":0.0,"max_hp_gain":0.0,"max_hp_loss":0.0,"gold_gain":0.0,"event_name":"Living Wall","player_choice":"Grow","floor":4.0,"gold_loss":0.0,"damage_taken":0.0,"cards_upgraded":["hermit:Enervate"]},{"damage_healed":0.0,"max_hp_gain":0.0,"max_hp_loss":0.0,"gold_gain":0.0,"event_name":"Dead Adventurer","player_choice":"Searched \u00272\u0027 times","floor":7.0,"gold_loss":0.0,"damage_taken":0.0,"relics_obtained":["Mirror"]},{"cards_removed":["Pot Of Greed"],"damage_healed":0.0,"max_hp_gain":0.0,"max_hp_loss":0.0,"gold_gain":0.0,"event_name":"betterNote:BetterNote","player_choice":"Take \u0026 Give","floor":21.0,"gold_loss":0.0,"damage_taken":0.0,"cards_obtained":["Coolheaded"]},{"damage_healed":0.0,"max_hp_gain":0.0,"max_hp_loss":0.0,"gold_gain":0.0,"event_name":"Transmorgrifier","player_choice":"Ignored","floor":29.0,"gold_loss":0.0,"damage_taken":0.0},{"cards_removed":["hermit:Defend_Hermit"],"damage_healed":0.0,"max_hp_gain":0.0,"max_hp_loss":0.0,"gold_gain":0.0,"event_name":"Bonfire Elementals","player_choice":"Offered Basic","floor":30.0,"gold_loss":0.0,"damage_taken":0.0},{"damage_healed":0.0,"max_hp_gain":0.0,"max_hp_loss":0.0,"gold_gain":0.0,"event_name":"Designer","player_choice":"Upgraded Two","floor":39.0,"gold_loss":40.0,"damage_taken":0.0,"cards_upgraded":["Pot Of Greed","hermit:Covet"]},{"damage_healed":0.0,"max_hp_gain":0.0,"max_hp_loss":4.0,"gold_gain":0.0,"event_name":"Winding Halls","player_choice":"Max HP","floor":41.0,"gold_loss":0.0,"damage_taken":0.0},{"damage_healed":0.0,"max_hp_gain":0.0,"max_hp_loss":0.0,"gold_gain":275.0,"event_name":"Golden Shrine","player_choice":"Desecrate","floor":46.0,"gold_loss":0.0,"damage_taken":0.0,"cards_obtained":["Regret"]},{"damage_healed":0.0,"max_hp_gain":0.0,"max_hp_loss":0.0,"gold_gain":0.0,"event_name":"Tomb of Lord Red Mask","player_choice":"Ignored","floor":47.0,"gold_loss":0.0,"damage_taken":0.0}],"is_beta":false,"boss_relics":[{"not_picked":["Astrolabe","hermit:BartenderGlass"],"picked":"SlaversCollar"},{"not_picked":["SacredBark","Pandora\u0027s Box"],"picked":"Cursed Key"}],"items_purged_floors":[56],"is_endless":false,"potions_floor_spawned":[1,10,15,18,20,22,33,37,38,43,50],"killed_by":"The Heart","ascension_level":0}}