{"host":"yg1n0qads92lo9wl","time":1614314667,"event":{"mods":["Act Like it!","Astrologer","BaseMod","Downfall","Minty Spire (QoL Compilation)","Replay The Spire","Ruina","StSLib"],"gold_per_floor":[99,110,210,210,39,53,77,94,129,43,43,57,57,67,87,192,192,192,202,222,238,248,248,248,267,292,292,29,41,41,74,93,93,93,93],"floor_reached":33,"language":"ZHS","playtime":3005,"items_purged":[],"score":271,"play_id":"9684794c-42f3-49be-bf49-1ea2504d05e0","local_time":"20210226124427","is_ascension_mode":false,"campfire_choices":[{"data":"sneckomod:TailWhip","floor":1.0,"key":"SMITH"},{"floor":11.0,"key":"REST"},{"data":"sneckomod:RainOfDice","floor":13.0,"key":"SMITH"},{"data":"sneckomod:Cheat","floor":18.0,"key":"SMITH"},{"floor":23.0,"key":"REST"},{"floor":30,"key":"REST"}],"circlet_count":0,"master_deck":["sneckomod:Strike","sneckomod:Strike","sneckomod:Strike","sneckomod:Defend","sneckomod:Defend","sneckomod:Defend","sneckomod:TailWhip+1","sneckomod:SnekBite","sneckomod:Unknown","sneckomod:Unknown","sneckomod:ImprovisedAttack+1","sneckomod:RainOfDice+1","sneckomod:WideSting","sneckomod:UnknownX","sneckomod:RainOfDice","sneckomod:Nope","sneckomod:UnknownX","sneckomod:IronFang","sneckomod:QuickMove","sneckomod:DiceCrush","sneckomod:Cheat+1","sneckomod:RainOfDice+1","sneckomod:UnknownVulnerable","sneckomod:SnakeSap","sneckomod:DiceBoulder+1","sneckomod:SnakeSap","sneckomod:UnlimitedRolls+1","sneckomod:IronFang","sneckomod:UnknownUncommonSkill"],"relics":["sneckomod:SneckoSoul","Chemical X","Art of War","Ornamental Fan","Ring of Chaos","Toy Ornithopter","Counterbalance","Guide Book","ReplayTheSpireMod:TigerMarble"],"acts_visited":[],"potions_floor_usage":[25,25,28,29,29],"damage_taken":[{"damage":5.0,"enemies":"Small Slimes","floor":2.0,"turns":4.0},{"damage":8.0,"enemies":"downfall:FleeingMerchant","floor":5.0,"turns":4.0},{"damage":7.0,"enemies":"2 Louse","floor":6.0,"turns":3.0},{"damage":6.0,"enemies":"Jaw Worm","floor":8.0,"turns":2.0},{"damage":34.0,"enemies":"3 Sentries","floor":9.0,"turns":7.0},{"damage":10.0,"enemies":"downfall:FleeingMerchant","floor":10.0,"turns":4.0},{"damage":16.0,"enemies":"Exordium Thugs","floor":12.0,"turns":3.0},{"damage":1.0,"enemies":"Exordium Wildlife","floor":14.0,"turns":3.0},{"damage":5.0,"enemies":"3 Louse","floor":15.0,"turns":3.0},{"damage":27.0,"enemies":"DF_ARCHETYPE_STREAMLINE","floor":16.0,"turns":5.0},{"damage":38.0,"enemies":"downfall:LooterAlt2","floor":19.0,"turns":4.0},{"damage":10.0,"enemies":"Chosen","floor":20.0,"turns":4.0},{"damage":10.0,"enemies":"3 Cultists","floor":21.0,"turns":4.0},{"damage":22.0,"enemies":"Sentry and Sphere","floor":22.0,"turns":5.0},{"damage":40,"enemies":"Snake Plant","floor":25,"turns":4},{"damage":6,"enemies":"downfall:FleeingMerchant","floor":28,"turns":4},{"damage":17,"enemies":"Centurion and Healer","floor":29,"turns":5},{"damage":11,"enemies":"Replay:Snechameleon","floor":31,"turns":4},{"damage":1,"enemies":"Chosen and Byrds","floor":32,"turns":6},{"damage":31,"enemies":"SI_MIRROR_ARCHETYPE","floor":33,"turns":4}],"seed_played":"-390230824118439901","potions_obtained":[{"floor":8.0,"key":"Cursed Concoction"},{"floor":12.0,"key":"DuplicationPotion"},{"floor":14.0,"key":"sneckomod:CheatPotion"},{"floor":16.0,"key":"Swift Potion"},{"floor":19.0,"key":"Explosive Potion"},{"floor":20.0,"key":"LiquidMemories"},{"floor":22.0,"key":"ColorlessPotion"}],"is_trial":false,"path_per_floor":["R","M","?","?","$","M","T","M","E","$","R","M","R","M","M","B",null,"R","M","M","M","M","R","T","M","?","?","$","M","R","E","M","B"],"character_chosen":"THE_SNECKO","items_purchased":["Chemical X","sneckomod:UnknownX","Guide Book","sneckomod:DiceRollPotion","Energy Potion"],"campfire_rested":3,"item_purchase_floors":[5,10,28,28,28],"current_hp_per_floor":[99,94,94,94,86,79,79,73,39,29,58,42,42,41,36,9,99,99,61,51,41,19,48,48,18,18,18,17,10,39,28,27,0,0,0],"gold":93,"neow_bonus":"TEN_PERCENT_HP_BONUS","is_daily":false,"chose_seed":false,"campfire_upgraded":3,"win_rate":0.0,"timestamp":1614314667,"path_taken":["R","M","?","?","$","M","T","M","E","?","R","?","R","M","M","BOSS","R","M","M","M","M","R","T","M","?","?","$","?","R","E","M","BOSS"],"items_purchased_type":["Relic","Card","Relic","Potion","Potion"],"build_version":"2020-12-22","purchased_purges":0,"victory":false,"max_hp_per_floor":[99,99,99,99,99,99,99,99,99,99,99,99,99,99,99,99,99,99,99,99,99,99,99,99,99,99,99,99,99,99,99,99,99,99,99],"card_choices":[{"not_picked":["sneckomod:UnknownBlock","sneckomod:UnknownVulnerable"],"picked":"sneckomod:ImprovisedAttack","floor":2.0},{"not_picked":["sneckomod:DiceBlock","sneckomod:Unknown1Cost"],"picked":"sneckomod:RainOfDice","floor":5.0},{"not_picked":["sneckomod:UnknownCommonAttack","sneckomod:UnknownWeak"],"picked":"sneckomod:WideSting","floor":6.0},{"not_picked":["sneckomod:SoulRoll","sneckomod:MasterEye"],"picked":"sneckomod:UnknownX","floor":8.0},{"not_picked":["sneckomod:Nope","sneckomod:UnknownClassHEXA_GHOST_PURPLE"],"picked":"sneckomod:RainOfDice","floor":9.0},{"not_picked":["sneckomod:SoulDraw","sneckomod:DangerNoodle"],"picked":"sneckomod:Nope","floor":10.0},{"not_picked":["sneckomod:QuickBite","sneckomod:SlitherStrike"],"picked":"sneckomod:IronFang","floor":12.0},{"not_picked":["sneckomod:UnknownCommonAttack","sneckomod:Nope"],"picked":"sneckomod:QuickMove","floor":14.0},{"not_picked":["sneckomod:UnendingSupply","sneckomod:DiceBlock"],"picked":"sneckomod:DiceCrush","floor":15.0},{"not_picked":["sneckomod:SerpentMind","sneckomod:Mudshield"],"picked":"sneckomod:Cheat","floor":16.0},{"not_picked":["sneckomod:QuickMove+1","sneckomod:UnknownBlock"],"picked":"sneckomod:RainOfDice+1","floor":19.0},{"not_picked":["sneckomod:UnknownCommonAttack","sneckomod:RainOfDice"],"picked":"sneckomod:UnknownVulnerable","floor":20.0},{"not_picked":["sneckomod:UnknownClassRED","sneckomod:Unknown0Cost+1"],"picked":"sneckomod:SnakeSap","floor":21.0},{"not_picked":["sneckomod:TrashToTreasure+1","sneckomod:SlitherStrike","sneckomod:UnknownUncommonAttack"],"picked":"SKIP","floor":22.0},{"not_picked":["sneckomod:UnknownClassRED","sneckomod:UnknownWeak"],"picked":"sneckomod:DiceBoulder+1","floor":25},{"not_picked":["sneckomod:UnknownBlock","sneckomod:Nope"],"picked":"sneckomod:SnakeSap","floor":26},{"not_picked":["sneckomod:UnknownDraw+1","sneckomod:WideSting"],"picked":"sneckomod:UnlimitedRolls","floor":28},{"not_picked":["sneckomod:WideSting+1","sneckomod:SoulCleanse","sneckomod:MasterEye"],"picked":"SKIP","floor":29},{"not_picked":["sneckomod:TrashToTreasure","sneckomod:UnknownClassRED"],"picked":"sneckomod:IronFang","floor":31},{"not_picked":["sneckomod:UnknownUncommonAttack","sneckomod:UnknownClassASTROLOGER"],"picked":"sneckomod:UnknownUncommonSkill","floor":32}],"player_experience":547845,"relics_obtained":[{"floor":7.0,"key":"Art of War"},{"floor":9.0,"key":"Ornamental Fan"},{"floor":24.0,"key":"Toy Ornithopter"},{"floor":26,"key":"Counterbalance"},{"floor":31,"key":"ReplayTheSpireMod:TigerMarble"}],"event_choices":[],"is_beta":false,"boss_relics":[{"not_picked":["Pandora\u0027s Box","Tiny House"],"picked":"Ring of Chaos"}],"items_purged_floors":[],"is_endless":false,"potions_floor_spawned":[8,12,14,16,19,20,22],"killed_by":"SI_MIRROR_ARCHETYPE","ascension_level":0}}