{"host":"x3tdtn2vw0frar62","time":1614298196,"event":{"mods":["100% Spire Juice","Aspiration","BaseMod","Better Note","Better Sensory Stone","Better Third Choice","BetterRewards","CatGirl Mod","Hermit","Hubris","LagranYue(???·?)","Marisa????????","Minty Spire (QoL Compilation)","Morshu Shopkeeper","Morshu Shopkeeper - ENHANCED","Practice Mode","Railgun Mod","Relic Stats","Reliquary","Remilia??????","Replay The Spire","Robot Space Explorer","Shade Mod","Shop Mod","Spicy Shops","Spire Arcade","StSLib","The Cursed","The Dragon Tamer","The Marked","The Runesmith","The Sage","The Senshi","The Servant 0.9.4"],"gold_per_floor":[109,128,145,67,67,98,218,218,288,288,307,307,180,195,195,297,397,412,412,612,624,643,675,695,675,699,699,710,743,743,743,743,743,743],"floor_reached":33,"language":"ENG","playtime":2314,"items_purged":["TheCursedMod:CircleOfFocus"],"score":301,"play_id":"460fc876-8461-4eac-b3d3-a2f51e981439","local_time":"20210225190956","is_ascension_mode":true,"campfire_choices":[{"data":"Pot Of Greed","floor":8.0,"key":"SMITH"},{"floor":10.0,"key":"REST"},{"data":"TheCursedMod:Defend_TheCursed","floor":15.0,"key":"PURGE"},{"floor":27,"key":"REST"},{"floor":30,"key":"REST"}],"circlet_count":0,"master_deck":["TheCursedMod:Strike_TheCursed+1","TheCursedMod:Strike_TheCursed+1","TheCursedMod:Strike_TheCursed+1","TheCursedMod:Defend_TheCursed","TheCursedMod:Defend_TheCursed","TheCursedMod:Defend_TheCursed","TheCursedMod:CursedWand","TheCursedMod:CleanUpWorkshop","TheCursedMod:Dregs","Pot Of Greed","TheCursedMod:SpitefulPlan","Pot Of Greed+1","TheCursedMod:WearCloak+1","TheCursedMod:VoidForm","TheCursedMod:SpitefulStrike"],"relics":["TheCursedMod:BlackMagic101","Grinning Jar","hubris:Icosahedron","Whetstone","Replay:Ringing Soul","Replay:Wanted Poster","hubris:Metronome","Gremlin Food","Ancient Tea Set","Art of War"],"acts_visited":["Exordium","TheCity"],"potions_floor_usage":[22,22,23,29,29,33],"damage_taken":[{"damage":1.0,"enemies":"Cultist","floor":1.0,"turns":3.0},{"damage":0.0,"enemies":"Small Slimes","floor":2.0,"turns":4.0},{"damage":3.0,"enemies":"2 Louse","floor":3.0,"turns":3.0},{"damage":44.0,"enemies":"Lagavulin","floor":6.0,"turns":8.0},{"damage":3.0,"enemies":"Red Slaver","floor":7.0,"turns":4.0},{"damage":6.0,"enemies":"3 Louse","floor":11.0,"turns":5.0},{"damage":0.0,"enemies":"Gremlin Gang","floor":14.0,"turns":5.0},{"damage":13.0,"enemies":"The Guardian","floor":16.0,"turns":12.0},{"damage":11,"enemies":"Shell Parasite","floor":18,"turns":6},{"damage":0,"enemies":"Spheric Guardian","floor":21,"turns":3},{"damage":19,"enemies":"Centurion and Healer","floor":22,"turns":5},{"damage":52,"enemies":"Slavers","floor":23,"turns":7},{"damage":0,"enemies":"Snecko","floor":24,"turns":5},{"damage":6,"enemies":"Sentry and Sphere","floor":28,"turns":4},{"damage":16,"enemies":"Replay:Snechameleon","floor":29,"turns":5},{"damage":35,"enemies":"hubris:MusketHawk","floor":33,"turns":4}],"seed_played":"1309581582227517630","potions_obtained":[{"floor":3.0,"key":"Reflective Coating"},{"floor":6.0,"key":"LiquidMemories"},{"floor":7.0,"key":"BlessingOfTheForge"},{"floor":16.0,"key":"Block Potion"},{"floor":18,"key":"Block Potion"},{"floor":21,"key":"SkillPotion"},{"floor":25,"key":"Explosive Potion"},{"floor":29,"key":"Reflective Coating"}],"is_trial":false,"path_per_floor":["M","M","M","$","?","E","M","R","T","R","M","?","$","M","R","B",null,"M","T","?","M","M","E","M","?","T","R","M","E","R","?","R","B"],"character_chosen":"THE_CURSED","items_purchased":["TheCursedMod:SpitefulPlan","TheCursedMod:WearCloak"],"campfire_rested":3,"item_purchase_floors":[4,13],"current_hp_per_floor":[74,74,71,71,71,27,24,24,24,46,40,43,46,46,46,36,84,76,76,76,76,57,5,5,5,5,31,25,9,35,35,35,0,0],"gold":743,"neow_bonus":"RANDOM_COMMON_RELIC","is_daily":false,"chose_seed":false,"campfire_upgraded":1,"win_rate":0.0,"timestamp":1614298196,"path_taken":["M","?","M","$","?","E","M","R","T","R","M","?","$","M","R","BOSS","M","?","?","M","?","E","M","?","T","R","?","E","R","?","R","BOSS"],"items_purchased_type":["Card","Card"],"build_version":"2020-12-22","purchased_purges":1,"victory":false,"max_hp_per_floor":[75,75,75,75,75,75,75,75,75,75,75,78,81,81,81,84,84,87,87,87,87,87,87,87,87,87,87,87,87,87,87,87,87,87],"relic_stats":{"counters":[16,83],"Art of War":[0],"Whetstone":["TheCursedMod:Strike_TheCursed","TheCursedMod:Strike_TheCursed"],"obtain_stats":[{"Replay:Wanted Poster":17,"Gremlin Food":23,"TheCursedMod:BlackMagic101":0,"Replay:Ringing Soul":9,"hubris:Metronome":19,"hubris:Icosahedron":5,"Art of War":29,"Whetstone":6,"Grinning Jar":0,"Ancient Tea Set":26},{"Replay:Wanted Poster":8,"Gremlin Food":12,"TheCursedMod:BlackMagic101":0,"Replay:Ringing Soul":5,"hubris:Metronome":9,"hubris:Icosahedron":3,"Art of War":15,"Whetstone":4,"Grinning Jar":0,"Ancient Tea Set":13},{"Replay:Wanted Poster":44,"Gremlin Food":65,"TheCursedMod:BlackMagic101":0,"Replay:Ringing Soul":22,"hubris:Metronome":50,"hubris:Icosahedron":10,"Art of War":79,"Whetstone":18,"Grinning Jar":0,"Ancient Tea Set":70}]},"card_choices":[{"not_picked":["TheCursedMod:Stigma","TheCursedMod:ManaBullet","TheCursedMod:RavingStaff"],"picked":"SKIP","floor":1.0},{"not_picked":["TheCursedMod:CircleOfFlame","TheCursedMod:AshesToAshes","TheCursedMod:Stretching"],"picked":"SKIP","floor":2.0},{"not_picked":["TheCursedMod:DoubleShield","TheCursedMod:TacticalStrike","TheCursedMod:CircleOfBlood"],"picked":"SKIP","floor":3.0},{"not_picked":["TheCursedMod:EmpowerCircles","TheCursedMod:TacticalStrike","TheCursedMod:Stretching"],"picked":"SKIP","floor":6.0},{"not_picked":["TheCursedMod:EmpowerCircles","TheCursedMod:TacticalStrike","TheCursedMod:Stretching"],"picked":"SKIP","floor":6.0},{"not_picked":["TheCursedMod:CursedAmulet","TheCursedMod:Torture","TheCursedMod:SmokeScreen"],"picked":"SKIP","floor":7.0},{"not_picked":["TheCursedMod:CursedBlade","TheCursedMod:CircleOfFocus","TheCursedMod:SpitefulPlan"],"picked":"SKIP","floor":11.0},{"not_picked":["TheCursedMod:SpitefulPlan","TheCursedMod:RapidMovement","TheCursedMod:ReleasedKnowledge"],"picked":"SKIP","floor":14.0},{"not_picked":["TheCursedMod:Neurasthenia","TheCursedMod:OutForBlood"],"picked":"TheCursedMod:VoidForm","floor":16.0},{"not_picked":["TheCursedMod:SurpriseAttack","TheCursedMod:BloodBarrier"],"picked":"TheCursedMod:SpitefulStrike","floor":18},{"not_picked":["TheCursedMod:CircleOfFocus","TheCursedMod:ReleasedKnowledge","TheCursedMod:Obscuration"],"picked":"SKIP","floor":21},{"not_picked":["TheCursedMod:Torture","TheCursedMod:CursedAmulet","TheCursedMod:CursedBlade"],"picked":"SKIP","floor":22},{"not_picked":["TheCursedMod:PrepareRite+1","TheCursedMod:CursedBlade","TheCursedMod:Evocation"],"picked":"SKIP","floor":23},{"not_picked":["TheCursedMod:CursedMace+1","TheCursedMod:AbyssShockwave","TheCursedMod:SpitefulPray"],"picked":"SKIP","floor":24},{"not_picked":["TheCursedMod:VitalStrike","TheCursedMod:ReleasedKnowledge","TheCursedMod:CursedAmulet+1"],"picked":"SKIP","floor":28},{"not_picked":["TheCursedMod:CircleOfAbyss","TheCursedMod:Obscuration","TheCursedMod:CursedShiv+1"],"picked":"SKIP","floor":29}],"player_experience":226994,"relics_obtained":[{"floor":6.0,"key":"Whetstone"},{"floor":9.0,"key":"Replay:Ringing Soul"},{"floor":19,"key":"hubris:Metronome"},{"floor":23,"key":"Gremlin Food"},{"floor":26,"key":"Ancient Tea Set"},{"floor":29,"key":"Art of War"}],"event_choices":[{"damage_healed":0.0,"max_hp_gain":0.0,"max_hp_loss":0.0,"gold_gain":0.0,"cards_transformed":["TheCursedMod:Strike_TheCursed"],"event_name":"Transmorgrifier","player_choice":"Transformed","floor":12.0,"gold_loss":0.0,"damage_taken":0.0,"cards_obtained":["TheCursedMod:CircleOfFocus"]},{"damage_healed":0,"gold_gain":200,"player_choice":"Gold","damage_taken":0,"max_hp_gain":0,"max_hp_loss":0,"event_name":"Wheel of Change","floor":20,"gold_loss":0},{"damage_healed":0,"gold_gain":0,"player_choice":"Bought 1 Potion","damage_taken":0,"max_hp_gain":0,"max_hp_loss":0,"event_name":"The Woman in Blue","floor":25,"gold_loss":0}],"is_beta":false,"boss_relics":[{"not_picked":["reliquary:KinkedSpring","hubris:CrackedHourglass"],"picked":"Replay:Wanted Poster"}],"items_purged_floors":[13],"is_endless":false,"potions_floor_spawned":[3,6,7,16,18,21,29],"killed_by":"hubris:MusketHawk","ascension_level":1}}