{"host":"jsd6g3c2vo13e69c","time":1614348758,"event":{"mods":["2.2 Compatiblity","Act Like it!","BaseMod","Better Altar","Better Match","Better Note","Better Sensory Stone","Better Third Choice","BetterRewards","Colored Map","Colored Powertips","Downfall","Friendly Minions","GifTheSpireLib","Googly Eyes","Gremlin Mod","Hermit","Hubris","Infinite Spire","Melee Mod","Minty Spire (QoL Compilation)","Permanent Neow","Quick Restart","Random Character Button","Replay The Spire","Shop Mod","Spire Arcade","StSLib","The Cursed","The Disciple","The Forsaken","thorton"],"gold_per_floor":[99,115,126,146,163,177,177,77,111,135,135,164,614,652,667,673,673,673],"floor_reached":16,"language":"ENG","playtime":715,"items_purged":[],"score":147,"play_id":"f1a8ead2-f0f7-4e33-8168-47f52f364fec","local_time":"20210226091238","is_ascension_mode":false,"campfire_choices":[{"data":"Midas Touch","floor":1,"key":"SMITH"},{"data":"hexamod:Sear","floor":8,"key":"SMITH"},{"floor":11,"key":"REST"}],"circlet_count":0,"master_deck":["hexamod:Strike","hexamod:Strike","hexamod:Strike","hexamod:Strike","hexamod:Defend","hexamod:Defend","hexamod:Defend","hexamod:Defend","hexamod:Sear+1","hexamod:Float","Midas Touch+1","hexamod:HeatMetal","hexamod:PhantomFireball","hexamod:HeatMetal","hexamod:HeatCrush","hexamod:BurningTouch","hexamod:SoulSteal","hexamod:UnleashSpirits","hexamod:HeatMetal","downfall:Icky","downfall:Icky","downfall:Icky","hexamod:HeatShield","hexamod:Rewind"],"relics":["hexamod:SpiritBrand","downfall:HeartBlessingBlue","hexamod:InflammatoryLetter","Replay:Bandana","Replay:Wax Seal"],"acts_visited":["Exordium"],"potions_floor_usage":[12,14,15,15,16,16],"damage_taken":[{"damage":1,"enemies":"Jaw Worm","floor":2,"turns":3},{"damage":2,"enemies":"2 Louse","floor":3,"turns":2},{"damage":0,"enemies":"Small Slimes","floor":4,"turns":2},{"damage":4,"enemies":"Blue Slaver","floor":5,"turns":3},{"damage":4,"enemies":"2 Fungi Beasts","floor":6,"turns":4},{"damage":11,"enemies":"Gremlin Nob","floor":9,"turns":3},{"damage":12,"enemies":"Lagavulin","floor":12,"turns":4},{"damage":8,"enemies":"3 Sentries","floor":14,"turns":4},{"damage":8,"enemies":"Gremlin Gang","floor":15,"turns":2},{"damage":41,"enemies":"WA_ARCHETYPE_RETAIN","floor":16,"turns":4}],"seed_played":"-266896024672078992","potions_obtained":[{"floor":3,"key":"FearPotion"},{"floor":5,"key":"FearPotion"},{"floor":10,"key":"DistilledChaos"},{"floor":10,"key":"SkillPotion"},{"floor":10,"key":"Death Potion"},{"floor":12,"key":"EssenceOfSteel"},{"floor":14,"key":"EssenceOfSteel"},{"floor":15,"key":"ColorlessPotion"}],"is_trial":false,"path_per_floor":["R","M","M","M","M","M","T","R","E","?","R","E","?","E","M","B"],"character_chosen":"THE_SPIRIT","items_purchased":[],"campfire_rested":1,"item_purchase_floors":[],"current_hp_per_floor":[49,48,46,46,42,38,38,48,37,17,41,29,29,21,13,0,0,0],"gold":673,"neow_bonus":"RANDOM_COLORLESS_2","is_daily":false,"chose_seed":false,"campfire_upgraded":2,"win_rate":0.0,"timestamp":1614348758,"path_taken":["R","M","M","M","M","M","T","R","E","?","R","E","?","E","M","BOSS"],"items_purchased_type":[],"build_version":"2020-12-22","purchased_purges":0,"victory":false,"max_hp_per_floor":[70,70,70,70,70,70,70,80,80,80,80,80,80,80,80,80,80,80],"card_choices":[{"not_picked":["ReplayUltimateDefense","Chrysalis"],"picked":"Midas Touch","floor":0},{"not_picked":["hexamod:HeatShield","hexamod:BurningTouch"],"picked":"hexamod:HeatMetal","floor":2},{"not_picked":["hexamod:EmpoweredFlame","hexamod:ThermalTransfer"],"picked":"hexamod:PhantomFireball","floor":3},{"not_picked":["hexamod:SkipABeat","hexamod:Hexaguard"],"picked":"hexamod:HeatMetal","floor":4},{"not_picked":["hexamod:NightmareGuise","hexamod:AdvancingGuard"],"picked":"hexamod:HeatCrush","floor":5},{"not_picked":["hexamod:NecessarySacrifice","hexamod:BacktrackSmack"],"picked":"hexamod:BurningTouch","floor":6},{"not_picked":["hexamod:AdvancingGuard","hexamod:FourthSeal"],"picked":"hexamod:SoulSteal","floor":9},{"not_picked":["hexamod:SuperheatedStrike","hexamod:Firestarter"],"picked":"hexamod:UnleashSpirits","floor":10},{"not_picked":["hexamod:GhostShield","hexamod:AdvancingGuard"],"picked":"hexamod:HeatMetal","floor":12},{"not_picked":["hexamod:TurnItUp","hexamod:GhostOfSpirePresent"],"picked":"hexamod:HeatShield","floor":14},{"not_picked":["hexamod:ShieldOfDarkness","hexamod:Firestarter"],"picked":"hexamod:Rewind","floor":15}],"player_experience":486582,"relics_obtained":[{"floor":9,"key":"hexamod:InflammatoryLetter"},{"floor":12,"key":"Replay:Bandana"},{"floor":14,"key":"Replay:Wax Seal"}],"event_choices":[],"is_beta":false,"boss_relics":[],"items_purged_floors":[],"is_endless":false,"potions_floor_spawned":[3,5,12,14,15],"killed_by":"WA_ARCHETYPE_RETAIN","ascension_level":0}}