{"host":"eqoc4xtxwtie1mw2","time":1614316902,"event":{"mods":["2.2 Compatiblity","AchievementEnabler","Act Like it!","BaseMod","Bestiary","Better Altar","Better Match","Better Note","Better Sensory Stone","Better Skull","Better Third Choice","Better Vampires","BetterRewards","Block Reminder","Colored Map","Colored Powertips","Curses Come First","Downfall","Hallownest","Hermit","Hubris","Infinite Spire","Marked Mod","Minty Spire (QoL Compilation)","Permanent Neow","Rare Cards Sparkle","Relic Stats","Reliquary","Replay The Spire","Spicy Shops","StSLib","The Bug Knight"],"gold_per_floor":[116,116,177,177,188,219,265,288,327,339,365,393,405,433,445,552,564,594,623,635,663,692,704,727,739,751,782,794,806,850,862,874,986,998,1020,1094,1031,863,79,79,109,143,143,160,175,75,75,75,75,75],"floor_reached":51,"language":"ENG","playtime":7519,"items_purged":["HollowMod:GrimmsGift","Normality"],"score":827,"play_id":"35063bd3-55cb-41a1-92e5-46d273fd7172","local_time":"20210225232142","is_ascension_mode":false,"campfire_choices":[{"data":"HollowMod:BaldurShell","floor":13.0,"key":"SMITH"},{"data":"Hallownest:curseDreamersLament","floor":15.0,"key":"PURGE"},{"data":"HollowMod:SlysStrikes","floor":23.0,"key":"SMITH"},{"floor":25.0,"key":"REST"},{"data":"HollowMod:ChannelNail","floor":32,"key":"SMITH"},{"floor":40,"key":"REST"},{"floor":47,"key":"REST"}],"circlet_count":0,"master_deck":["HollowMod:NailStrikeStart","HollowMod:NailStrikeStart","HollowMod:NailStrikeStart","HollowMod:NailStrikeStart","HollowMod:QuickDashStart","HollowMod:QuickDashStart","HollowMod:QuickDashStart","HollowMod:QuickDashStart","HollowMod:FocusHealStart","HollowMod:PogoStrike+1","HollowMod:CloakDash","infinitespire:FinalStrike","HollowMod:DashSlash+1","HollowMod:CycloneSlash","HollowMod:BaldurShell+1","HollowMod:ChannelNail+1","HollowMod:SlysStrikes+1","HollowMod:SoulSplash","HollowMod:SoulEater+1","hubris:Fate","HollowMod:HowlingWraiths","HollowMod:PerfectDash","HollowMod:GrimmsGift+1","HollowMod:CoiledNail","HollowMod:DoubleDash","Hallownest:attackMasterCycloneSlash","HollowMod:SlysStrikes","CurseOfTheBell","HollowMod:SoulShaman+1","HollowMod:ShapeofUnn+1","Magnetism+1","Good Instincts","ReplayTheSpireMod:Splinters","HollowMod:CloakDash+1","HollowMod:NewLittleFool+1","HollowMod:LifebloodCocoon+1","HollowMod:ChannelNail+1","hubris:Wrath","Slimebound:Split","HollowMod:AwokenDreamNail","Dark Shackles","ReplayTheSpireMod:??????????????????????"],"relics":["HollowMod:VesselMask","reliquary:PorcupineQuills","Hallownest:TeacherSealRelic","reliquary:Buckler","MawBank","infinitespire:Satchel","reliquary:ThirdArm","Pondfish Scales","hubris:Spice","Oddly Smooth Stone","Calling Bell","Oddly Smooth Stone","Gambling Chip","Letter Opener","WingedGreaves","Hallownest:StagBellRelic1","TheAbacus","Boot","Kunai","reliquary:RosewoodLute","infinitespire:WardingShard","ReplayTheSpireMod:Lightbulb","ReplayTheSpireMod:SealedPack"],"acts_visited":["Hallownest:Greenpath","Hallownest:CityofTears","Hallownest:KingdomsEdge"],"potions_floor_usage":[30,33,33,36,42,42,42,45,50,50],"damage_taken":[{"damage":0.0,"enemies":"Hallownest:2_Baldur","floor":1.0,"turns":4.0},{"damage":0.0,"enemies":"Hallownest:monsterHuskGuard","floor":5.0,"turns":2.0},{"damage":1.0,"enemies":"Hallownest:eliteCrystalGuardian","floor":6.0,"turns":5.0},{"damage":1.0,"enemies":"2_ Uuma","floor":8.0,"turns":2.0},{"damage":0.0,"enemies":"Hallownest:1_Baldur_1_Crawlid_1_Warrior","floor":11.0,"turns":2.0},{"damage":4.0,"enemies":"Hallownest:Guard_and_Warrior","floor":12.0,"turns":6.0},{"damage":2.0,"enemies":"Hallownest:2_Tiktiks_1_Baldur_1_Crawlid","floor":14.0,"turns":4.0},{"damage":51.0,"enemies":"Hallownest:BossHornet","floor":16.0,"turns":8.0},{"damage":6.0,"enemies":"Hallownest:3_Youths","floor":18.0,"turns":5.0},{"damage":9.0,"enemies":"Hallownest:Flukemon_and_Top","floor":19.0,"turns":4.0},{"damage":7.0,"enemies":"Hallownest:Warrior_and_Youth","floor":21.0,"turns":3.0},{"damage":3.0,"enemies":"Hallownest:Master_and_Novice","floor":22.0,"turns":3.0},{"damage":15.0,"enemies":"Hallownest:3_Mistakes","floor":24.0,"turns":7.0},{"damage":0,"enemies":"Hallownest:Warrior_and_Youth","floor":27,"turns":2},{"damage":1,"enemies":"Hallownest:Glutton_and_Coward","floor":30,"turns":3},{"damage":1,"enemies":"Hallownest:BossGrimm","floor":33,"turns":5},{"damage":10,"enemies":"Hallownest:3_Siblings","floor":35,"turns":6},{"damage":21,"enemies":"Hallownest:2_Primals","floor":36,"turns":5},{"damage":23,"enemies":"Hallownest:StalkingDevout","floor":42,"turns":6},{"damage":13,"enemies":"Hallownest:2_Littles","floor":44,"turns":6},{"damage":14,"enemies":"Hallownest:Slobbering_and_Violent","floor":45,"turns":6},{"damage":4,"enemies":"Hallownest:Radiance","floor":50,"turns":9}],"seed_played":"2799451281356224092","potions_obtained":[{"floor":8.0,"key":"PowerPotion"},{"floor":11.0,"key":"Dexterity Potion"},{"floor":14.0,"key":"CultistPotion"},{"floor":16.0,"key":"PowerPotion"},{"floor":22.0,"key":"Venom Potion"},{"floor":24.0,"key":"Dexterity Potion"},{"floor":27,"key":"LifebloodPotion"},{"floor":35,"key":"Death Potion"},{"floor":41,"key":"ColorlessPotion"},{"floor":41,"key":"DistilledChaos"},{"floor":41,"key":"Reflective Coating"},{"floor":44,"key":"champ:CounterPotion"},{"floor":45,"key":"bronze:BurnAndBuffPotion"},{"floor":49,"key":"sneckomod:MuddlingPotion"},{"floor":49,"key":"Languid Potion"}],"is_trial":false,"path_per_floor":["M","?","?","?","M","E","T","M","T","$","M","M","R","M","R_BF","B",null,"M","M","AVR","M","M","R","M","R","T","M","?","?","M","?","R","B",null,"M","?","?","?","$","R","?","E","T","M","M","$","R","AVR","R_BF","B",null],"character_chosen":"THE_BUGKNIGHT","items_purchased":["TheAbacus","Boot","Kunai","hubris:Spice","Good Instincts"],"campfire_rested":3,"item_purchase_floors":[39,39,39,39,39],"current_hp_per_floor":[75,75,75,57,63,72,72,71,71,71,71,75,75,75,75,34,75,75,72,72,65,62,62,47,69,77,77,77,77,76,76,76,75,83,73,52,52,52,60,87,87,64,64,51,47,47,74,74,74,70],"gold":75,"neow_bonus":"RANDOM_COMMON_RELIC","is_daily":false,"chose_seed":false,"campfire_upgraded":3,"win_rate":0.0,"timestamp":1614316902,"path_taken":["M","?","?","?","M","E","?","?","T","?","M","M","R","M","R_BF","BOSS","M","?","AVR","M","M","R","M","R","T","M","?","?","M","?","R","BOSS","M","?","?","?","$","R","?","E","T","?","?","?","R","AVR","R_BF","BOSS"],"items_purchased_type":["Relic","Relic","Relic","Relic","Card"],"build_version":"2020-12-22","purchased_purges":2,"victory":true,"max_hp_per_floor":[75,75,75,75,75,75,75,75,75,75,75,75,75,75,75,75,75,75,75,75,75,75,75,75,75,83,83,83,83,83,83,83,83,83,83,83,83,83,91,91,91,91,91,91,91,91,91,91,91,91],"relic_stats":{"TheAbacus":[24],"counters":[22,103],"Gambling Chip":[13],"Letter Opener":[121],"Kunai":[11],"MawBank":384,"Boot":[9],"obtain_stats":[{"Hallownest:StagBellRelic1":38,"Oddly Smooth Stone":28,"HollowMod:VesselMask":0,"ReplayTheSpireMod:SealedPack":48,"Letter Opener":34,"reliquary:RosewoodLute":42,"MawBank":7,"reliquary:ThirdArm":17,"Boot":39,"Calling Bell":34,"Pondfish Scales":20,"reliquary:PorcupineQuills":0,"TheAbacus":39,"infinitespire:WardingShard":43,"hubris:Spice":26,"Gambling Chip":34,"infinitespire:Satchel":9,"reliquary:Buckler":6,"WingedGreaves":36,"Kunai":39,"ReplayTheSpireMod:Lightbulb":48,"Hallownest:TeacherSealRelic":2},{"Hallownest:StagBellRelic1":18,"Oddly Smooth Stone":14,"HollowMod:VesselMask":0,"ReplayTheSpireMod:SealedPack":21,"Letter Opener":16,"reliquary:RosewoodLute":19,"MawBank":3,"reliquary:ThirdArm":8,"Boot":18,"Calling Bell":16,"Pondfish Scales":10,"reliquary:PorcupineQuills":0,"TheAbacus":18,"infinitespire:WardingShard":19,"hubris:Spice":13,"Gambling Chip":16,"infinitespire:Satchel":4,"reliquary:Buckler":3,"WingedGreaves":18,"Kunai":18,"ReplayTheSpireMod:Lightbulb":21,"Hallownest:TeacherSealRelic":1},{"Hallownest:StagBellRelic1":76,"Oddly Smooth Stone":57,"HollowMod:VesselMask":0,"ReplayTheSpireMod:SealedPack":94,"Letter Opener":65,"reliquary:RosewoodLute":82,"MawBank":11,"reliquary:ThirdArm":33,"Boot":76,"Calling Bell":65,"Pondfish Scales":42,"reliquary:PorcupineQuills":0,"TheAbacus":76,"infinitespire:WardingShard":82,"hubris:Spice":55,"Gambling Chip":65,"infinitespire:Satchel":13,"reliquary:Buckler":11,"WingedGreaves":76,"Kunai":76,"ReplayTheSpireMod:Lightbulb":94,"Hallownest:TeacherSealRelic":4}]},"card_choices":[{"not_picked":["HollowMod:HuntersJournal","HollowMod:InfectionAssault"],"picked":"HollowMod:CloakDash","floor":1.0},{"not_picked":["infinitespire:DeathsTouch","hubris:Rewind"],"picked":"infinitespire:FinalStrike","floor":4.0},{"not_picked":["HollowMod:InfectedAttack","HollowMod:DreamGate"],"picked":"HollowMod:DashSlash","floor":5.0},{"not_picked":["HollowMod:DescendingDark","HollowMod:TaintedHusks","HollowMod:MothsMistake"],"picked":"SKIP","floor":6.0},{"not_picked":["HollowMod:InfectedAttack","HollowMod:DesolateDive"],"picked":"HollowMod:CycloneSlash","floor":8.0},{"not_picked":["HollowMod:SharpenedNail","HollowMod:Hiveblood"],"picked":"HollowMod:BaldurShell","floor":11.0},{"not_picked":["HollowMod:NewJinnsSoul","HollowMod:VengefulVoid"],"picked":"HollowMod:GrimmsGift","floor":12.0},{"not_picked":["HollowMod:DashSlash","HollowMod:GrimmsGift"],"picked":"HollowMod:ChannelNail","floor":14.0},{"not_picked":["HollowMod:MidwifesHunger","HollowMod:Weaversong"],"picked":"HollowMod:SlysStrikes","floor":16.0},{"not_picked":["HollowMod:TaintedHusks+1","HollowMod:SiblingsShadow"],"picked":"HollowMod:SoulSplash","floor":18.0},{"not_picked":["HollowMod:VengefulVoid","HollowMod:ShadowDash"],"picked":"HollowMod:SoulEater+1","floor":19.0},{"not_picked":["HollowMod:FallenFury+1","HollowMod:ShadowDash+1"],"picked":"HollowMod:HowlingWraiths","floor":21.0},{"not_picked":["HollowMod:InfectionAssault+1","HollowMod:CycloneSlash"],"picked":"HollowMod:PerfectDash","floor":22.0},{"not_picked":["HollowMod:SiblingsShadow","HollowMod:InfectionAssault","HollowMod:CycloneSlash"],"picked":"SKIP","floor":24.0},{"not_picked":["HollowMod:DesolateDive","HollowMod:PerfectDash"],"picked":"HollowMod:GrimmsGift+1","floor":27},{"not_picked":["HollowMod:ZotesMagnificence","HollowMod:SoulSplash+1"],"picked":"HollowMod:DoubleDash","floor":30},{"not_picked":["HollowMod:VoidDash","HollowMod:theNailsmith"],"picked":"HollowMod:SlysStrikes","floor":33},{"not_picked":["HollowMod:NewLittleFool","HollowMod:GrimmsGift+1"],"picked":"HollowMod:SoulShaman+1","floor":35},{"not_picked":["HollowMod:CoiledNail+1","HollowMod:MothsMistake+1"],"picked":"HollowMod:ShapeofUnn+1","floor":37},{"not_picked":["Violence+1","Secret Weapon+1"],"picked":"Magnetism+1","floor":37},{"not_picked":["HollowMod:HuntersJournal","HollowMod:GreatSlash"],"picked":"HollowMod:CloakDash+1","floor":41},{"not_picked":["HollowMod:HowlingWraiths","HollowMod:DoubleDash"],"picked":"HollowMod:NewLittleFool+1","floor":42},{"not_picked":["HollowMod:MidwifesHunger","HollowMod:NewGlowingWomb+1"],"picked":"HollowMod:LifebloodCocoon+1","floor":44},{"not_picked":["HollowMod:SoulStrike+1","HollowMod:LifebloodCocoon+1"],"picked":"HollowMod:ChannelNail+1","floor":45},{"not_picked":["champ:Execute","hexamod:Sear"],"picked":"Slimebound:Split","floor":48},{"not_picked":["HollowMod:VoidDash","HollowMod:SlysStrikes"],"picked":"HollowMod:AwokenDreamNail","floor":48},{"not_picked":["Impatience","Dramatic Entrance"],"picked":"Dark Shackles","floor":48},{"not_picked":["infinitespire:SealOfDarkness+","infinitespire:NeuralNetwork"],"picked":"ReplayTheSpireMod:??????????????????????","floor":48}],"player_experience":307172,"relics_obtained":[{"floor":6.0,"key":"reliquary:Buckler"},{"floor":7.0,"key":"MawBank"},{"floor":9.0,"key":"infinitespire:Satchel"},{"floor":26,"key":"hubris:Spice"},{"floor":34,"key":"Oddly Smooth Stone"},{"floor":34,"key":"Gambling Chip"},{"floor":34,"key":"Letter Opener"},{"floor":36,"key":"WingedGreaves"},{"floor":42,"key":"reliquary:RosewoodLute"},{"floor":43,"key":"infinitespire:WardingShard"}],"event_choices":[{"damage_healed":0,"gold_gain":0,"player_choice":"2","damage_taken":0,"max_hp_gain":0,"max_hp_loss":0,"event_name":"betterMatch:BetterMatch","floor":37,"gold_loss":0,"cards_obtained":["betterMatch:UncommonCard","betterMatch:ColorlessRareCard"]}],"is_beta":false,"boss_relics":[{"not_picked":["hubris:VirtuousBlindfold","Cursed Key"],"picked":"reliquary:ThirdArm"},{"not_picked":["Painkiller Herb","Replay:Drink Me"],"picked":"Calling Bell"}],"items_purged_floors":[39,46],"is_endless":false,"potions_floor_spawned":[8,11,14,16,22,24,27,35,44,45],"ascension_level":0}}