{"host":"skr63qsdfgeey3it","time":1614306394,"event":{"mods":["BaseMod","Colored Map","Hubris","Minty Spire (QoL Compilation)","Monster B Gone","Reliquary","Replay The Spire","Spicy Shops","StSLib"],"gold_per_floor":[115,126,37,112,37,37,67,67,91,91,102,102,134,144,144,144,144],"floor_reached":16,"language":"ENG","playtime":627,"items_purged":[],"score":239,"play_id":"d7e1bc28-52a8-449b-842e-ec54a71e0f7e","local_time":"20210225202634","is_ascension_mode":true,"campfire_choices":[{"data":"Darkness","floor":6,"key":"SMITH"},{"data":"Doom and Gloom","floor":10,"key":"SMITH"},{"floor":12,"key":"REST"},{"floor":15,"key":"REST"}],"circlet_count":0,"master_deck":["AscendersBane","Strike_B","Strike_B","Strike_B","Defend_B","Defend_B","Defend_B+1","Defend_B+1","Zap","Dualcast","Consume","Darkness+1","Doom and Gloom+1","Go for the Eyes","Cold Snap","hubris:SpecializedCircuitry","Glacier"],"relics":["Cracked Core","NeowsBlessing","Replay:Wax Seal","hubris:Icosahedron","War Paint","Juzu Bracelet"],"acts_visited":["Exordium"],"potions_floor_usage":[14,16],"damage_taken":[{"damage":0,"enemies":"Cultist","floor":1,"turns":1},{"damage":0,"enemies":"Small Slimes","floor":2,"turns":1},{"damage":0,"enemies":"Lagavulin","floor":7,"turns":1},{"damage":4,"enemies":"Jaw Worm","floor":11,"turns":3},{"damage":23,"enemies":"Gremlin Nob","floor":13,"turns":4},{"damage":15,"enemies":"3 Louse","floor":14,"turns":5},{"damage":60,"enemies":"Hexaghost","floor":16,"turns":10}],"seed_played":"4469932618890762141","potions_obtained":[{"floor":1,"key":"SteroidPotion"},{"floor":7,"key":"DuplicationPotion"}],"is_trial":false,"path_per_floor":["M","M","$","?","?","R","E","?","T","R","M","R","E","M","R","B"],"character_chosen":"DEFECT","items_purchased":["Doom and Gloom"],"campfire_rested":2,"item_purchase_floors":[3],"current_hp_per_floor":[64,64,64,53,53,53,53,53,53,53,49,70,47,32,53,0,0],"gold":144,"neow_bonus":"THREE_ENEMY_KILL","is_daily":false,"chose_seed":false,"campfire_upgraded":2,"win_rate":0.0,"timestamp":1614306394,"path_taken":["M","M","?","?","?","R","E","?","T","R","M","R","E","M","R","BOSS"],"items_purchased_type":["Card"],"build_version":"2020-12-22","purchased_purges":0,"victory":false,"max_hp_per_floor":[71,71,71,71,71,71,71,71,71,71,71,71,71,71,71,71,71],"card_choices":[{"not_picked":["FTL","Sunder"],"picked":"Consume","floor":1},{"not_picked":["ReplaySolidLightProjector","Genetic Algorithm"],"picked":"Darkness","floor":2},{"not_picked":["Streamline","Tempest"],"picked":"Go for the Eyes","floor":7},{"not_picked":["Sweeping Beam","Stack"],"picked":"Cold Snap","floor":11},{"not_picked":["Turbo","Doom and Gloom"],"picked":"hubris:SpecializedCircuitry","floor":13},{"not_picked":["Stack","Blizzard"],"picked":"Glacier","floor":14}],"player_experience":1020428,"relics_obtained":[{"floor":7,"key":"Replay:Wax Seal"},{"floor":9,"key":"War Paint"},{"floor":13,"key":"Juzu Bracelet"}],"event_choices":[{"damage_healed":0,"gold_gain":75,"player_choice":"Gather Gold","damage_taken":11,"max_hp_gain":0,"max_hp_loss":0,"event_name":"World of Goop","floor":4,"gold_loss":0},{"cards_removed":["Strike_B"],"damage_healed":0,"gold_gain":0,"player_choice":"Card Removal","damage_taken":0,"max_hp_gain":0,"max_hp_loss":0,"event_name":"The Cleric","floor":5,"gold_loss":75}],"is_beta":false,"boss_relics":[],"items_purged_floors":[],"is_endless":false,"potions_floor_spawned":[1,7,13],"killed_by":"Hexaghost","ascension_level":16}}