{"host":"5sw3zovcv0q4yiho","time":1614311040,"event":{"mods":["BaseMod","Gremlin Mod","Minty Spire (QoL Compilation)","Replay The Spire","StSLib"],"gold_per_floor":[114,129,1,1,1,31,31,61,111,141,205,205,34,34,34,159,159,174,195,260,10,25,55,55,85,110,119,168,192,222,137,146,255,255,279,294,294,303,3,12,12,21,46,55,75,93,132,147,156,156],"floor_reached":51,"language":"ENG","playtime":12496,"items_purged":["Zap","ReplayTheSpireMod:Splinters"],"score":1105,"play_id":"57ed0923-f007-4805-834a-82c932117fbe","local_time":"20210225214400","daily_mods":["Chimera","Time Dilation","Elite Swarm"],"is_ascension_mode":false,"campfire_choices":[{"data":"Devotion","floor":7,"key":"SMITH"},{"floor":12,"key":"REST"},{"data":"DevaForm","floor":15,"key":"SMITH"},{"floor":24,"key":"REST"},{"floor":27,"key":"REST"},{"data":"Wish","floor":32,"key":"SMITH"},{"floor":40,"key":"DIG"},{"floor":42,"key":"DIG"},{"floor":44,"key":"DIG"},{"floor":46,"key":"DIG"},{"floor":49,"key":"DIG"}],"circlet_count":0,"master_deck":["Bash","Survivor","Eruption","Strike_B","Defend_P","Weave","CutThroughFate","Devotion+1","Wish+1","Pot Of Greed","DevaForm+1","SashWhip","Omniscience","FearNoEvil","Halt","ClearTheMind+1","Judgement","Prostrate","Pot Of Greed","ThirdEye","Replay:Vibes","BattleHymn","Brilliance","Replay:AtTheReady","Writhe","Brilliance","Pray","Pot Of Greed","MasterReality","InnerPeace"],"relics":["PureWater","Ring of Fury","Nunchaku","Art of War","Grinning Jar","Toy Ornithopter","Blue Doll","ChewingGum","Red Mask","HornCleat","Replay:PocketPolymizer","CeramicFish","ReplayTheSpireMod:Lightbulb","TeardropLocket","Happy Flower","Empty Cage","Shovel","Pen Nib","Mummified Hand","Boot","Question Card","Mango","Strawberry","Ginger","Kunai"],"acts_visited":["Exordium","TheCity","TheBeyond"],"potions_floor_usage":[8,14,19,29,33,45,48],"damage_taken":[{"damage":0,"enemies":"2 Louse","floor":1,"turns":3},{"damage":0,"enemies":"Small Slimes","floor":2,"turns":3},{"damage":9,"enemies":"Replay:BlueRogue","floor":6,"turns":2},{"damage":23,"enemies":"3 Sentries","floor":8,"turns":6},{"damage":0,"enemies":"Lagavulin","floor":10,"turns":3},{"damage":0,"enemies":"Gremlin Nob","floor":14,"turns":2},{"damage":0,"enemies":"Slime Boss","floor":16,"turns":5},{"damage":22,"enemies":"3 Byrds","floor":18,"turns":5},{"damage":24,"enemies":"Masked Bandits","floor":19,"turns":4},{"damage":19,"enemies":"Spheric Guardian","floor":20,"turns":4},{"damage":2,"enemies":"Shelled Parasite and Fungi","floor":22,"turns":5},{"damage":3,"enemies":"Gremlin Leader","floor":23,"turns":6},{"damage":3,"enemies":"Slavers","floor":25,"turns":7},{"damage":4,"enemies":"Cultist and Chosen","floor":28,"turns":6},{"damage":3,"enemies":"Snecko","floor":29,"turns":4},{"damage":0,"enemies":"Book of Stabbing","floor":30,"turns":5},{"damage":30,"enemies":"Pondfish","floor":33,"turns":12},{"damage":2,"enemies":"3 Shapes","floor":35,"turns":2},{"damage":0,"enemies":"3 Darklings","floor":36,"turns":5},{"damage":0,"enemies":"2 Orb Walkers","floor":45,"turns":4},{"damage":12,"enemies":"Giant Head","floor":47,"turns":5},{"damage":14,"enemies":"Maw","floor":48,"turns":5},{"damage":55,"enemies":"Donu and Deca","floor":50,"turns":7}],"seed_played":"4728103701414758894","potions_obtained":[{"floor":2,"key":"SkillPotion"},{"floor":6,"key":"SmokeBomb"},{"floor":10,"key":"FairyPotion"},{"floor":11,"key":"Doom Potion"},{"floor":18,"key":"SkillPotion"},{"floor":23,"key":"SpeedPotion"},{"floor":28,"key":"Fruit Juice"},{"floor":33,"key":"Adrenaline Potion"},{"floor":45,"key":"DistilledChaos"}],"is_trial":false,"path_per_floor":["M","M","$","?","?","E","R","E","T","E","?","R","$","E","R","B",null,"M","?","M","$","M","E","R","E","T","R","M","M","E","?","R","B",null,"M","M","$","?","$","R","?","R","T","R","?","R","E","M","R","B",null],"character_chosen":"WATCHER","items_purchased":["CutThroughFate","Replay:Battleflow","HornCleat","Shovel"],"campfire_rested":3,"item_purchase_floors":[3,13,21,39],"current_hp_per_floor":[72,72,72,72,72,63,63,40,40,40,40,61,61,66,66,66,72,50,31,12,12,10,7,28,25,25,46,42,49,49,49,49,24,77,75,75,75,77,77,77,77,77,77,77,91,98,86,77,77,22],"gold":156,"neow_bonus":"","is_daily":true,"chose_seed":false,"campfire_upgraded":3,"win_rate":0.0,"timestamp":1614311040,"path_taken":["M","M","$","?","?","E","R","E","T","E","?","R","?","E","R","BOSS","M","?","M","$","M","E","R","E","T","R","M","M","E","?","R","BOSS","M","M","$","?","$","R","?","R","T","R","?","R","E","M","R","BOSS"],"items_purchased_type":["Card","Card","Relic","Relic"],"build_version":"2020-12-22","purchased_purges":2,"victory":true,"max_hp_per_floor":[72,72,72,72,72,72,72,72,72,72,72,72,72,72,72,72,72,72,72,72,72,72,72,72,72,72,72,72,77,77,77,77,77,77,77,77,77,77,77,77,77,77,77,77,91,98,98,98,98,98],"card_choices":[{"not_picked":["Replay:AtTheReady","Prostrate"],"picked":"Weave","floor":1},{"not_picked":["Prostrate","FlyingSleeves","Vengeance"],"picked":"SKIP","floor":2},{"not_picked":["Establishment","Judgement"],"picked":"Devotion","floor":6},{"not_picked":["Establishment","Replay:AllIn"],"picked":"Wish","floor":8},{"not_picked":["Judgement","Establishment"],"picked":"DevaForm","floor":10},{"not_picked":["FlyingSleeves","WheelKick"],"picked":"SashWhip","floor":11},{"not_picked":["Brilliance","SpiritShield"],"picked":"Omniscience","floor":16},{"not_picked":["DeceiveReality","BowlingBash"],"picked":"FearNoEvil","floor":18},{"not_picked":["Protect","DevaForm"],"picked":"Halt","floor":19},{"not_picked":["Swivel","InnerPeace"],"picked":"ClearTheMind+1","floor":20},{"not_picked":["ThirdEye+1","SandsOfTime"],"picked":"Halt","floor":22},{"not_picked":["Blasphemy","Establishment"],"picked":"Judgement","floor":23},{"not_picked":["DevaForm","Blasphemy","Scrawl"],"picked":"SKIP","floor":25},{"not_picked":["Replay:Vibes","Protect","EmptyBody"],"picked":"SKIP","floor":28},{"not_picked":["Protect","EmptyBody"],"picked":"Replay:Vibes","floor":28},{"not_picked":["EmptyBody","SandsOfTime"],"picked":"BattleHymn","floor":29},{"not_picked":["Replay:LoomingThreat","Scrawl","Ragnarok"],"picked":"SKIP","floor":30},{"not_picked":["Wish","Establishment"],"picked":"Brilliance","floor":33},{"not_picked":["Consecrate","Replay:BluntJabs+1"],"picked":"Replay:AtTheReady","floor":35},{"not_picked":["Vengeance+1","WaveOfTheHand+1","BowlingBash+1"],"picked":"SKIP","floor":36},{"not_picked":["ThirdEye+1","Protect","Weave"],"picked":"Pray","floor":45},{"not_picked":["Replay:AllIn","Scrawl","Alpha"],"picked":"MasterReality","floor":47},{"not_picked":["SashWhip","Consecrate+1","CutThroughFate+1","Prostrate"],"picked":"SKIP","floor":48}],"player_experience":353474,"relics_obtained":[{"floor":5,"key":"Ring of Fury"},{"floor":6,"key":"Nunchaku"},{"floor":8,"key":"Art of War"},{"floor":9,"key":"Grinning Jar"},{"floor":10,"key":"Toy Ornithopter"},{"floor":11,"key":"Blue Doll"},{"floor":19,"key":"Red Mask"},{"floor":23,"key":"Replay:PocketPolymizer"},{"floor":25,"key":"CeramicFish"},{"floor":26,"key":"ReplayTheSpireMod:Lightbulb"},{"floor":30,"key":"TeardropLocket"},{"floor":40,"key":"Pen Nib"},{"floor":42,"key":"Mummified Hand"},{"floor":43,"key":"Boot"},{"floor":44,"key":"Question Card"},{"floor":45,"key":"Mango"},{"floor":46,"key":"Strawberry"},{"floor":47,"key":"Ginger"},{"floor":49,"key":"Kunai"}],"event_choices":[{"damage_healed":0,"gold_gain":0,"player_choice":"Fought Bandits","damage_taken":0,"max_hp_gain":0,"max_hp_loss":0,"event_name":"Masked Bandits","floor":19,"gold_loss":0},{"damage_healed":0,"gold_gain":0,"player_choice":"Obtained Relic","damage_taken":0,"relics_obtained":["Happy Flower"],"max_hp_gain":0,"max_hp_loss":0,"event_name":"Addict","floor":31,"gold_loss":85},{"damage_healed":19,"gold_gain":0,"player_choice":"Writhe","damage_taken":0,"max_hp_gain":0,"max_hp_loss":0,"event_name":"Winding Halls","floor":38,"gold_loss":0,"cards_obtained":["Writhe"]},{"cards_removed":["Halt"],"damage_healed":0,"gold_gain":0,"player_choice":"Removed Skill","damage_taken":0,"max_hp_gain":0,"max_hp_loss":0,"event_name":"Falling","floor":41,"gold_loss":0},{"damage_healed":0,"gold_gain":0,"player_choice":"Fight","damage_taken":0,"max_hp_gain":0,"max_hp_loss":0,"event_name":"Mysterious Sphere","floor":45,"gold_loss":0}],"is_beta":false,"boss_relics":[{"not_picked":["Abe\u0027s Treasure","Coffee Dripper"],"picked":"ChewingGum"},{"not_picked":["Painkiller Herb","Runic Dome"],"picked":"Empty Cage"}],"items_purged_floors":[3,13],"is_endless":false,"potions_floor_spawned":[2,6,10,14,18,23,28,33,45],"ascension_level":0}}