{"host":"ut3q8wc68upnfjmc","time":1614379880,"event":{"mods":["BaseMod","Colored Map","Colored Powertips","Downfall","Minty Spire (QoL Compilation)","StSLib","Unceasing Turn Reminder"],"gold_per_floor":[14,14,26,44,119,151,151,177,228,263,263,278,26,37,37,135,135,150,160,160,160,160,160],"floor_reached":22,"language":"ENG","playtime":1093,"items_purged":["Strike_B"],"score":239,"play_id":"b0fa7f8c-2888-4403-8490-6e0416aa2d72","local_time":"20210226165120","is_ascension_mode":true,"campfire_choices":[{"data":"Sunder","floor":7,"key":"SMITH"},{"data":"Blizzard","floor":15,"key":"SMITH"}],"circlet_count":0,"master_deck":["Strike_B","Strike_B","Strike_B","Defend_B","Defend_B","Defend_B","Zap","Dualcast","Coolheaded","Steam","Cold Snap","Redo","Sunder+1","Lockon","Go for the Eyes","Beam Cell","Conserve Battery","Blizzard+1","Seek","Hologram+1","Reinforced Body+1","Ghostly","Ghostly","Ghostly","Ghostly","Ghostly","Writhe"],"relics":["Cracked Core","Lizard Tail","Bottled Flame","Juzu Bracelet","Centennial Puzzle","Ornamental Fan","Blood Vial","Black Star","MealTicket"],"acts_visited":["Exordium","TheCity"],"potions_floor_usage":[8,14,16,19],"damage_taken":[{"damage":0,"enemies":"Cultist","floor":1,"turns":2},{"damage":1,"enemies":"2 Louse","floor":3,"turns":2},{"damage":7,"enemies":"Jaw Worm","floor":4,"turns":3},{"damage":24,"enemies":"Lagavulin","floor":6,"turns":7},{"damage":34,"enemies":"Gremlin Nob","floor":8,"turns":4},{"damage":11,"enemies":"3 Sentries","floor":10,"turns":7},{"damage":2,"enemies":"Exordium Wildlife","floor":12,"turns":2},{"damage":1,"enemies":"Blue Slaver","floor":14,"turns":2},{"damage":15,"enemies":"The Guardian","floor":16,"turns":9},{"damage":10,"enemies":"Spheric Guardian","floor":18,"turns":3},{"damage":0,"enemies":"Shell Parasite","floor":19,"turns":5},{"damage":56,"enemies":"Chosen and Byrds","floor":22,"turns":10}],"seed_played":"1653619213473682815","potions_obtained":[{"floor":6,"key":"Regen Potion"},{"floor":10,"key":"SpeedPotion"},{"floor":12,"key":"ColorlessPotion"},{"floor":16,"key":"SmokeBomb"},{"floor":18,"key":"EssenceOfSteel"}],"is_trial":false,"path_per_floor":["M","?","M","M","?","E","R","E","T","E","?","M","$","M","R","B",null,"M","M","?","?","M"],"character_chosen":"DEFECT","items_purchased":["Blood Vial","Conserve Battery"],"campfire_rested":0,"item_purchase_floors":[13,13],"current_hp_per_floor":[75,75,74,67,56,32,32,10,10,37,62,60,60,61,61,48,75,65,67,37,37,0,0],"gold":160,"neow_bonus":"ONE_RARE_RELIC","is_daily":false,"chose_seed":false,"campfire_upgraded":2,"win_rate":0.0,"timestamp":1614379880,"path_taken":["M","?","M","M","?","E","R","E","T","E","?","M","$","M","R","BOSS","M","M","?","?","M"],"items_purchased_type":["Relic","Card"],"build_version":"2020-12-22","purchased_purges":1,"victory":false,"max_hp_per_floor":[75,75,75,75,75,75,75,75,75,75,75,75,75,75,75,75,75,75,75,37,37,37,37],"card_choices":[{"not_picked":["Steam","Barrage"],"picked":"Coolheaded","floor":1},{"not_picked":["Recycle","Hello World"],"picked":"Cold Snap","floor":3},{"not_picked":["Hologram","Heatsinks"],"picked":"Redo","floor":4},{"not_picked":["Scrape","Tempest"],"picked":"Sunder","floor":6},{"not_picked":["Fusion","Hello World"],"picked":"Lockon","floor":8},{"not_picked":["Reprogram","Barrage"],"picked":"Go for the Eyes","floor":10},{"not_picked":["Coolheaded","Cold Snap"],"picked":"Beam Cell","floor":12},{"not_picked":["Leap","Ball Lightning"],"picked":"Blizzard","floor":14},{"not_picked":["Meteor Strike","Hyperbeam"],"picked":"Seek","floor":16},{"not_picked":["Gash","Steam Power"],"picked":"Hologram+1","floor":18},{"not_picked":["BootSequence","Sweeping Beam"],"picked":"Reinforced Body+1","floor":19}],"player_experience":77004,"relics_obtained":[{"floor":6,"key":"Bottled Flame"},{"floor":8,"key":"Juzu Bracelet"},{"floor":9,"key":"Centennial Puzzle"},{"floor":10,"key":"Ornamental Fan"}],"event_choices":[{"damage_healed":0,"gold_gain":0,"cards_transformed":["Defend_B"],"player_choice":"Change","damage_taken":0,"max_hp_gain":0,"max_hp_loss":0,"event_name":"Living Wall","floor":2,"gold_loss":0,"cards_obtained":["Steam"]},{"damage_healed":0,"gold_gain":75,"player_choice":"Gather Gold","damage_taken":11,"max_hp_gain":0,"max_hp_loss":0,"event_name":"World of Goop","floor":5,"gold_loss":0},{"damage_healed":25,"gold_gain":0,"player_choice":"Banana","damage_taken":0,"max_hp_gain":0,"max_hp_loss":0,"event_name":"Big Fish","floor":11,"gold_loss":0},{"damage_healed":0,"gold_gain":0,"player_choice":"Became a Ghost","damage_taken":0,"max_hp_gain":0,"max_hp_loss":38,"event_name":"Ghosts","floor":20,"gold_loss":0,"cards_obtained":["Ghostly","Ghostly","Ghostly","Ghostly","Ghostly"]},{"damage_healed":0,"gold_gain":0,"player_choice":"Opened","damage_taken":0,"relics_obtained":["MealTicket"],"max_hp_gain":0,"max_hp_loss":0,"event_name":"The Mausoleum","floor":21,"gold_loss":0,"cards_obtained":["Writhe"]}],"is_beta":false,"boss_relics":[{"not_picked":["Sozu","Runic Pyramid"],"picked":"Black Star"}],"items_purged_floors":[13],"is_endless":false,"potions_floor_spawned":[6,10,12,16,18],"killed_by":"Chosen and Byrds","ascension_level":1}}