{"host":"0qlrtuw7bw78ucw4","time":1614345373,"event":{"mods":["BaseMod","Downfall","Minty Spire (QoL Compilation)","StSLib"],"gold_per_floor":[99,109,109,109,109,109,109,109,259,31,61,78,78,110,123,200,200,100,119,138,150,56,56,125,144,144,169,169,198,198,40,53,124,124,124,135,234,246,257,284,284,284,184,184,184,197,208,241,260,260],"floor_reached":51,"language":"ENG","playtime":14088,"items_purged":["Doubt","Guardian:Strike_Guardian","Guardian:Strike_Guardian","Guardian:Defend_Guardian"],"score":1749,"play_id":"4221c8ed-efa5-4e27-b619-ff6db8757a0c","local_time":"20210227001613","is_ascension_mode":true,"campfire_choices":[{"data":"Guardian:PrimingBeam","floor":1,"key":"SMITH"},{"data":"Guardian:TemporalShield","floor":6,"key":"SMITH"},{"data":"Guardian:TwinSlam","floor":8,"key":"SMITH"},{"data":"Guardian:Suspension","floor":13,"key":"SMITH"},{"data":"Guardian:Recover","floor":18,"key":"SMITH"},{"data":"Guardian:BaubleBeam","floor":23,"key":"SMITH"},{"data":"Guardian:PolyBeam","floor":28,"key":"SMITH"},{"floor":30,"key":"REST"},{"data":"Guardian:ChargeUp","floor":35,"key":"SMITH"},{"floor":43,"key":"RECALL"}],"circlet_count":0,"master_deck":["AscendersBane","Guardian:Defend_Guardian","Guardian:Defend_Guardian+1","Guardian:PrimingBeam+1","Guardian:TemporalShield+1","Guardian:Orbwalk+1","Guardian:Suspension+1","Guardian:FuturePlans+1","Guardian:Recover+1","Guardian:BaubleBeam+1","Guardian:PolyBeam+1","Guardian:AncientConstruct+1","Guardian:FloatingOrbs+1","Guardian:SentryBeam+1","Guardian:ArmoredProtocol+1","Guardian:ConstructionForm+1","Guardian:Repulse+1","Guardian:ChargeUp+1","Guardian:StasisStrike","Guardian:Gem_Red","Guardian:MultiBeam+1","Guardian:Clone+1","Guardian:Incinerate","Guardian:FastForward"],"relics":["Guardian:ModeShifterPlus","Frozen Egg 2","Happy Flower","Pocketwatch","Membership Card","Incense Burner","Dream Catcher","downfall:HeartBlessingGreen","Mummified Hand","MealTicket","Guardian:BottledStasis","Empty Cage","Turnip","Guardian:DefensiveModeMoreBlock","downfall:HeartBlessingBlue","Strawberry"],"acts_visited":["Exordium","TheCity","TheBeyond"],"potions_floor_usage":[27,39,50],"damage_taken":[{"damage":15,"enemies":"Small Slimes","floor":2,"turns":4},{"damage":0,"enemies":"downfall:FleeingMerchant","floor":10,"turns":4},{"damage":18,"enemies":"3 Sentries","floor":11,"turns":8},{"damage":2,"enemies":"Jaw Worm","floor":12,"turns":3},{"damage":5,"enemies":"Gremlin Nob","floor":14,"turns":4},{"damage":1,"enemies":"2 Louse","floor":15,"turns":3},{"damage":6,"enemies":"IC_STATUS_ARCHETYPE","floor":16,"turns":9},{"damage":5,"enemies":"Shell Parasite","floor":19,"turns":5},{"damage":0,"enemies":"Chosen","floor":20,"turns":5},{"damage":0,"enemies":"Snecko","floor":21,"turns":5},{"damage":0,"enemies":"downfall:FleeingMerchant","floor":22,"turns":4},{"damage":16,"enemies":"Shelled Parasite and Fungi","floor":25,"turns":4},{"damage":13,"enemies":"Slavers","floor":27,"turns":5},{"damage":0,"enemies":"Book of Stabbing","floor":29,"turns":4},{"damage":0,"enemies":"downfall:FleeingMerchant","floor":31,"turns":4},{"damage":0,"enemies":"Snake Plant","floor":32,"turns":3},{"damage":0,"enemies":"WA_ARCHETYPE_CALM","floor":33,"turns":8},{"damage":0,"enemies":"Orb Walker","floor":36,"turns":4},{"damage":0,"enemies":"downfall:FleeingMerchant","floor":37,"turns":4},{"damage":0,"enemies":"3 Darklings","floor":38,"turns":5},{"damage":8,"enemies":"Jaw Worm Horde","floor":39,"turns":4},{"damage":0,"enemies":"Giant Head","floor":40,"turns":7},{"damage":3,"enemies":"Transient","floor":46,"turns":6},{"damage":0,"enemies":"3 Darklings","floor":47,"turns":4},{"damage":0,"enemies":"Reptomancer","floor":48,"turns":5},{"damage":4,"enemies":"Spire Growth","floor":49,"turns":4},{"damage":0,"enemies":"DF_ARCHETYPE_ORBS","floor":50,"turns":6}],"seed_played":"8337510957848210350","potions_obtained":[{"floor":12,"key":"SpeedPotion"},{"floor":14,"key":"SkillPotion"},{"floor":16,"key":"FearPotion"},{"floor":33,"key":"SteroidPotion"},{"floor":39,"key":"PowerPotion"}],"is_trial":false,"path_per_floor":["R","M","?","?","T","R","T","R","?","$","E","M","R","E","M","B",null,"R","M","M","M","$","R","T","M","?","E","R","E","R","$","M","B",null,"R","M","$","M","M","E","T","?","R","?","$","M","M","E","M","B",null],"character_chosen":"GUARDIAN","items_purchased":["Membership Card","Guardian:Suspension","Guardian:Gem_Red","Guardian:BottledStasis","Turnip"],"campfire_rested":1,"item_purchase_floors":[10,10,22,31,37],"current_hp_per_floor":[65,50,55,50,50,50,50,50,50,50,32,30,30,25,24,18,62,62,57,57,57,57,57,57,41,77,64,64,64,77,77,77,77,77,77,77,77,77,69,69,69,69,79,67,82,79,79,86,82,82],"gold":260,"neow_bonus":"TRANSFORM_CARD","is_daily":false,"chose_seed":false,"campfire_upgraded":8,"win_rate":0.0,"timestamp":1614345373,"path_taken":["R","M","?","?","?","R","T","R","?","?","E","M","R","E","M","BOSS","R","M","M","M","$","R","T","M","?","E","R","E","R","$","M","BOSS","R","?","$","?","?","E","T","?","R","?","$","?","M","E","M","BOSS"],"items_purchased_type":["Relic","Card","Card","Relic","Relic"],"build_version":"2020-12-22","purchased_purges":4,"victory":true,"max_hp_per_floor":[72,72,77,77,77,77,77,77,77,77,77,77,77,77,77,77,77,77,77,77,77,77,77,77,77,77,77,77,77,77,77,77,77,77,77,77,77,77,77,77,77,77,87,87,87,87,87,94,94,94],"card_choices":[{"not_picked":["Guardian:Planning","Guardian:Gem_Green"],"picked":"Guardian:TemporalShield","floor":2},{"not_picked":["Guardian:TemporalStrike","Guardian:SpikerProtocol+1"],"picked":"Guardian:Orbwalk+1","floor":10},{"not_picked":["Guardian:Gem_Green","Guardian:Planning"],"picked":"Guardian:FuturePlans+1","floor":11},{"not_picked":["Guardian:Gem_Lightblue","Guardian:Planning"],"picked":"Guardian:Recover","floor":12},{"not_picked":["Guardian:CrystalBeam","Guardian:ChargeCore"],"picked":"Guardian:BaubleBeam","floor":14},{"not_picked":["Guardian:Gem_Green","Guardian:Incinerate"],"picked":"Guardian:PolyBeam","floor":15},{"not_picked":["Guardian:StasisEngine+1","Guardian:CompilePackage"],"picked":"Guardian:AncientConstruct+1","floor":16},{"not_picked":["Guardian:Gem_Green","Guardian:TemporalShield"],"picked":"Guardian:FloatingOrbs+1","floor":19},{"not_picked":["Guardian:Suspension","Guardian:RollAttack"],"picked":"Guardian:Harden","floor":20},{"not_picked":["Guardian:TemporalStrike","Guardian:EvasiveProtocol+1"],"picked":"Guardian:Gem_Red","floor":21},{"not_picked":["Guardian:BodySlam","Guardian:FloatingOrbs+1"],"picked":"Guardian:Gem_Fragmented","floor":22},{"not_picked":["Guardian:Gem_Lightblue","Guardian:RefractedBeam"],"picked":"Guardian:SentryBeam+1","floor":25},{"not_picked":["Guardian:FuturePlans+1","Guardian:Clone"],"picked":"Guardian:ArmoredProtocol+1","floor":27},{"not_picked":["Guardian:Gem_Green","Guardian:PrismaticBarrier"],"picked":"Guardian:ConstructionForm+1","floor":29},{"not_picked":["Guardian:ShieldCharger","Guardian:WalkerClaw"],"picked":"Guardian:Repulse+1","floor":31},{"not_picked":["Guardian:ExploitGems","Guardian:Gem_Cyan"],"picked":"Guardian:ChargeUp","floor":32},{"not_picked":["Guardian:GatlingBeam","Guardian:CompilePackage"],"picked":"Guardian:StasisStrike","floor":33},{"not_picked":["Guardian:VentSteam","Guardian:FloatingOrbs+1"],"picked":"Guardian:Gem_Red","floor":36},{"not_picked":["Guardian:SpikerProtocol+1","Guardian:PiercingHide"],"picked":"Guardian:MultiBeam+1","floor":37},{"not_picked":["Guardian:ShieldCharger+1","Guardian:FloatingOrbs+1","Guardian:BodySlam"],"picked":"SKIP","floor":38},{"not_picked":["Guardian:PiercingHide+1","Guardian:ChargeCore+1","Guardian:RollAttack"],"picked":"SKIP","floor":39},{"not_picked":["Guardian:PrismaticBeam","Guardian:ChargeUp+1","Guardian:Orbwalk+1"],"picked":"SKIP","floor":40},{"not_picked":["Guardian:PrimingBeam+1","Guardian:GatlingBeam"],"picked":"Guardian:Clone+1","floor":46},{"not_picked":["Guardian:CrystalBeam","Guardian:Gem_Red"],"picked":"Guardian:Incinerate","floor":47},{"not_picked":["Guardian:GuardianWhirl","Guardian:PrimingBeam+1","Guardian:Gem_Green"],"picked":"SKIP","floor":48},{"not_picked":["Guardian:SpikerProtocol+1","Guardian:Reroute"],"picked":"Guardian:FastForward","floor":49}],"player_experience":1085258,"relics_obtained":[{"floor":5,"key":"Happy Flower"},{"floor":7,"key":"Pocketwatch"},{"floor":11,"key":"Incense Burner"},{"floor":14,"key":"Dream Catcher"},{"floor":24,"key":"Mummified Hand"},{"floor":27,"key":"MealTicket"},{"floor":40,"key":"Guardian:DefensiveModeMoreBlock"},{"floor":48,"key":"Strawberry"}],"event_choices":[{"damage_healed":0,"gold_gain":0,"player_choice":"Donut","damage_taken":0,"max_hp_gain":5,"max_hp_loss":0,"event_name":"Big Fish","floor":3,"gold_loss":0},{"damage_healed":0,"gold_gain":0,"player_choice":"Success","damage_taken":5,"relics_obtained":["Frozen Egg 2"],"max_hp_gain":0,"max_hp_loss":0,"event_name":"Scrap Ooze","floor":4,"gold_loss":0},{"cards_removed":["Guardian:Harden"],"damage_healed":36,"gold_gain":0,"player_choice":"Offered Uncommon","damage_taken":0,"max_hp_gain":0,"max_hp_loss":0,"event_name":"Bonfire Elementals","floor":26,"gold_loss":0}],"is_beta":false,"boss_relics":[{"not_picked":["SlaversCollar","Philosopher\u0027s Stone"],"picked":"Guardian:ModeShifterPlus"},{"not_picked":["Cursed Key","Pandora\u0027s Box"],"picked":"Empty Cage"}],"items_purged_floors":[10,22,31,37],"is_endless":false,"potions_floor_spawned":[12,14,16,19,21,33,36,39,47,48],"ascension_level":17}}