{"host":"qmdmcz5nn4dzus5k","time":1614352502,"event":{"mods":["AchievementEnabler","Act Like it!","BaseMod","Bestiary","BetterRewards","Card Filter","Displayed Cursed Tome","Minty Spire (QoL Compilation)","Quick Restart","Relic Filter","Remove Card Discount Mod","Replay The Spire","Ruina","Spicy Shops","StSLib","The Marked","TheHero","Uncapped"],"gold_per_floor":[159,159,192,249,321,321,352,352,352,412,4,57,117,170,170,274,274,292,133,171,208,218,218,250,250,275,275,275,275,275,1,70,173,173,190,190,208,208,56,56,131,207,207,19,19,0,12,23,23,23,23,23,3,37,37],"floor_reached":56,"language":"ENG","playtime":3689,"items_purged":["Replay:Hysterical Blindness","Strike_G","Strike_G","Defend_G","Doubt","Strike_G","Defend_G","Acrobatics","Writhe","Doubt","Regret","Backflip","Deadly Poison","Strike_G","Deadly Poison","Prepared","Strike_G"],"score":1127,"play_id":"06db0da3-f557-442d-b274-cbdea2b18710","local_time":"20210226101502","is_ascension_mode":true,"campfire_choices":[{"floor":6.0,"key":"RECALL"},{"floor":8.0,"key":"REST"},{"floor":15.0,"key":"REST"},{"floor":23.0,"key":"REST"},{"floor":25.0,"key":"REST"},{"data":"Specialist","floor":29.0,"key":"SMITH"},{"data":"Night Terror","floor":40.0,"key":"SMITH"},{"data":"Catalyst","floor":45.0,"key":"SMITH"},{"data":"ruina:GoldRush","floor":49.0,"key":"SMITH"},{"data":"Bane","floor":52.0,"key":"SMITH"}],"circlet_count":0,"master_deck":["Defend_G","Defend_G","Defend_G","Survivor","Neutralize","HandOfGreed","Backflip","ReplayTheSpireMod:Tripwire","Poisoned Stab","Poisoned Stab","Specialist+1","A Thousand Cuts","Corpse Explosion","Poisoned Stab","Sucker Punch+1","Bane+1","Bane","ruina:GoldRush+1","Deadly Poison","Night Terror+1","Catalyst+1","Deadly Poison+1","Catalyst"],"relics":["Ring of the Snake","Shuriken","Pocketwatch","ReplayTheSpireMod:CursedCoin","Membership Card","Onion Ring","Ice Cream","TwistedFunnel","Sling","Durian","Nunchaku","Philosopher\u0027s Stone","HandDrill","Snack Pack","Mango","Tiny Chest","MealTicket","ruina:Goodbye","ruina:PrescriptsGrace","Juzu Bracelet","Frozen Eye","Orrery","SlaversCollar","HornCleat","Blue Doll","ClockworkSouvenir","TungstenRod","Replay:Bottled Flurry","White Beast Statue","Vampiric Spirits","Red Mask","The Specimen"],"acts_visited":["Exordium","Exordium","TheBeyond","TheEnding"],"potions_floor_usage":[55,55],"damage_taken":[{"damage":0.0,"enemies":"2 Louse","floor":1.0,"turns":2.0},{"damage":0.0,"enemies":"Cultist","floor":3.0,"turns":3.0},{"damage":0.0,"enemies":"Small Slimes","floor":4.0,"turns":4.0},{"damage":9.0,"enemies":"3 Louse","floor":5.0,"turns":5.0},{"damage":8.0,"enemies":"Gremlin Nob","floor":7.0,"turns":4.0},{"damage":4.0,"enemies":"Exordium Wildlife","floor":10.0,"turns":4.0},{"damage":14.0,"enemies":"Lagavulin","floor":12.0,"turns":4.0},{"damage":10.0,"enemies":"Large Slime","floor":13.0,"turns":7.0},{"damage":0.0,"enemies":"Gremlin Nob","floor":14.0,"turns":4.0},{"damage":20.0,"enemies":"Fading Forest","floor":16.0,"turns":11.0},{"damage":14.0,"enemies":"ruina:2_Scarecrows","floor":18.0,"turns":2.0},{"damage":34.0,"enemies":"ruina:BadWolf","floor":20.0,"turns":4.0},{"damage":5.0,"enemies":"ruina:KingOfGreed","floor":21.0,"turns":4.0},{"damage":19.0,"enemies":"ruina:3_Scarecrows","floor":22.0,"turns":3.0},{"damage":9.0,"enemies":"ruina:Mountain","floor":24.0,"turns":6.0},{"damage":19.0,"enemies":"ruina:Ozma","floor":33.0,"turns":4.0},{"damage":0.0,"enemies":"3 Darklings","floor":35.0,"turns":2.0},{"damage":4.0,"enemies":"Orb Walker","floor":37.0,"turns":2.0},{"damage":19.0,"enemies":"2 Orb Walkers","floor":41.0,"turns":2.0},{"damage":8.0,"enemies":"4 Shapes","floor":47.0,"turns":2.0},{"damage":7.0,"enemies":"Sphere and 2 Shapes","floor":48.0,"turns":3.0},{"damage":35.0,"enemies":"Time Eater","floor":50.0,"turns":6.0},{"damage":29.0,"enemies":"Shield and Spear","floor":54.0,"turns":4.0},{"damage":24,"enemies":"The Heart","floor":55,"turns":6}],"seed_played":"2119520560620752329","potions_obtained":[{"floor":3.0,"key":"Explosive Potion"},{"floor":5.0,"key":"Strength Potion"},{"floor":13.0,"key":"LiquidBronze"},{"floor":14.0,"key":"Regen Potion"},{"floor":21.0,"key":"SpeedPotion"},{"floor":41.0,"key":"Block Potion"},{"floor":47.0,"key":"EssenceOfSteel"},{"floor":48.0,"key":"LiquidBronze"},{"floor":54.0,"key":"SteroidPotion"}],"is_trial":false,"path_per_floor":["M","?","M","M","M","R","E","R","T","M","$","E","M","E","R","B",null,"M","$","M","M","M","R","E","R","T","?","?","R","?","$","R","B",null,"M","T","M","?","$","R","?","T","T","$","R","?","M","M","R","B",null,"R","$","E","B",null],"character_chosen":"THE_SILENT","items_purchased":["Shuriken","HandOfGreed","ReplayTheSpireMod:CursedCoin","Membership Card","Ice Cream","TwistedFunnel","Sling","Poisoned Stab","Specialist","HandDrill","Snack Pack","ruina:GoldRush","Juzu Bracelet","Frozen Eye","Orrery","Blue Doll","ClockworkSouvenir","Catalyst","Vampiric Spirits","Catalyst"],"campfire_rested":4,"item_purchase_floors":[0,0,0,0,11,11,11,11,11,19,19,31,31,31,31,39,39,44,44,53],"current_hp_per_floor":[70,70,70,70,61,61,53,70,70,66,66,57,47,47,69,59,75,61,61,27,24,19,41,46,72,72,72,72,72,72,87,87,70,89,89,89,85,85,89,89,70,70,70,85,85,85,81,78,78,56,89,89,89,62,43],"gold":37,"neow_bonus":"","is_daily":false,"chose_seed":false,"campfire_upgraded":5,"win_rate":0.0,"timestamp":1614352502,"path_taken":["M","?","?","M","M","R","E","R","T","M","$","E","M","E","R","BOSS","M","$","M","M","?","R","E","R","T","?","?","R","?","$","R","BOSS","M","?","M","?","?","R","?","?","T","$","R","?","M","M","R","BOSS","R","$","E","BOSS"],"items_purchased_type":["Relic","Card","Relic","Relic","Relic","Relic","Relic","Card","Card","Relic","Relic","Card","Relic","Relic","Relic","Relic","Relic","Card","Relic","Card"],"build_version":"2020-12-22","purchased_purges":17,"victory":true,"max_hp_per_floor":[70,70,70,70,70,70,70,70,70,70,70,75,75,75,75,75,75,75,75,75,75,75,75,89,89,89,89,89,89,89,89,89,89,89,89,89,89,89,89,89,89,89,89,89,89,89,89,89,89,89,89,89,89,89,89],"card_choices":[{"not_picked":["Dagger Spray","Prepared"],"picked":"Backflip","floor":1.0},{"not_picked":["PiercingWail","Prepared","Hidden Blade"],"picked":"SKIP","floor":3.0},{"not_picked":["Dodge and Roll","Distraction","Acrobatics"],"picked":"SKIP","floor":4.0},{"not_picked":["Burst","Deflect"],"picked":"ReplayTheSpireMod:Tripwire","floor":5.0},{"not_picked":["PiercingWail","Backflip"],"picked":"Dagger Throw","floor":7.0},{"not_picked":["Infinite Blades","Cloak And Dagger"],"picked":"Poisoned Stab","floor":10.0},{"not_picked":["Setup","Quick Slash","Blade Dance"],"picked":"SKIP","floor":12.0},{"not_picked":["Cloak And Dagger","Calculated Gamble"],"picked":"Deadly Poison","floor":13.0},{"not_picked":["Bane","Blur"],"picked":"A Thousand Cuts","floor":14.0},{"not_picked":["Phantasmal Killer","Atom Bomb"],"picked":"Corpse Explosion","floor":16.0},{"not_picked":["Slice+1","Hidden Blade"],"picked":"Poisoned Stab","floor":18.0},{"not_picked":["Outmaneuver","Fluid Movement"],"picked":"Sucker Punch+1","floor":20.0},{"not_picked":["Hidden Blade","Flying Knee"],"picked":"Bane","floor":21.0},{"not_picked":["Dagger Spray","Leg Sweep","Flying Knee"],"picked":"SKIP","floor":22.0},{"not_picked":["Leg Sweep","Masterful Stab"],"picked":"Bane","floor":24.0},{"not_picked":["Deadly Poison","Grand Finale"],"picked":"Backflip","floor":31.0},{"not_picked":["Accuracy","Heel Hook"],"picked":"Prepared","floor":31.0},{"not_picked":["Blade Dance","Quick Slash+1"],"picked":"Deadly Poison","floor":31.0},{"not_picked":["Backflip+1","Dodge and Roll+1"],"picked":"Deadly Poison","floor":31.0},{"not_picked":["Prepared","Sucker Punch+1"],"picked":"Night Terror","floor":31.0},{"not_picked":["Cloak And Dagger+1","Outmaneuver+1","Deflect+1"],"picked":"SKIP","floor":35.0},{"not_picked":["Sucker Punch+1","Hidden Blade+1","PiercingWail"],"picked":"SKIP","floor":37.0},{"not_picked":["Acrobatics+1","Flying Knee","Cloak And Dagger"],"picked":"SKIP","floor":47.0},{"not_picked":["Underhanded Strike+1","Sucker Punch+1"],"picked":"Deadly Poison+1","floor":48.0},{"not_picked":["Toxin Wave+1","Outmaneuver","ReplayTheSpireMod:Speed Training+1"],"picked":"SKIP","floor":54.0}],"player_experience":113882,"relics_obtained":[{"floor":7.0,"key":"Onion Ring"},{"floor":12.0,"key":"Durian"},{"floor":14.0,"key":"Nunchaku"},{"floor":24.0,"key":"Mango"},{"floor":26.0,"key":"Tiny Chest"},{"floor":36.0,"key":"HornCleat"},{"floor":41.0,"key":"TungstenRod"},{"floor":42.0,"key":"Replay:Bottled Flurry"},{"floor":43.0,"key":"White Beast Statue"},{"floor":54.0,"key":"The Specimen"}],"event_choices":[{"damage_healed":0.0,"max_hp_gain":0.0,"max_hp_loss":0.0,"gold_gain":0.0,"event_name":"NoteForYourself","player_choice":"Ignored","floor":2.0,"gold_loss":0.0,"damage_taken":0.0},{"cards_removed":["Dagger Throw"],"damage_healed":0.0,"max_hp_gain":0.0,"max_hp_loss":0.0,"gold_gain":0.0,"event_name":"Purifier","player_choice":"Purged","floor":38.0,"gold_loss":0.0,"damage_taken":0.0},{"damage_healed":0.0,"max_hp_gain":0.0,"max_hp_loss":0.0,"gold_gain":0.0,"event_name":"Mysterious Sphere","player_choice":"Fight","floor":41.0,"gold_loss":0.0,"damage_taken":0.0},{"damage_healed":0.0,"max_hp_gain":0.0,"max_hp_loss":0.0,"gold_gain":0.0,"event_name":"Tomb of Lord Red Mask","player_choice":"Paid","floor":46.0,"gold_loss":19.0,"damage_taken":0.0,"relics_obtained":["Red Mask"]}],"is_beta":false,"boss_relics":[{"not_picked":["Calling Bell","Replay:Grab Bag"],"picked":"Philosopher\u0027s Stone"},{"not_picked":["Tiny House","Velvet Choker"],"picked":"SlaversCollar"}],"items_purged_floors":[0,0,0,0,19,19,19,19,31,31,31,31,31,31,31,31,31],"is_endless":false,"potions_floor_spawned":[3,5,13,14,21,41,47,48,54],"ascension_level":2}}