{"host":"36t3qd3wjvajtu1z","time":1614307622,"event":{"mods":["2.2 Compatiblity","AchievementEnabler","BaseMod","Bestiary","Block Reminder","Colored Powertips","Curses Come First","Filter the Spire","Highlight Path","Minty Spire (QoL Compilation)","Permanent Neow","Quick Restart","Random Character Button","Rare Cards Sparkle","Relic Stats","Slay-I","StSLib","Unknown Chances"],"gold_per_floor":[12,23,36,36,63,103,103,139,163,184,202,202,202,227,227,227,227],"floor_reached":16,"language":"ENG","playtime":520,"items_purged":[],"score":213,"play_id":"b595337f-0995-41b9-a269-228ff690717c","local_time":"20210225184702","is_ascension_mode":true,"campfire_choices":[{"data":"Beam Cell","floor":7,"key":"SMITH"},{"floor":12,"key":"REST"},{"floor":15,"key":"DIG"}],"circlet_count":0,"master_deck":["AscendersBane","Strike_B","Strike_B","Strike_B","Strike_B+1","Defend_B","Defend_B","Defend_B","Defend_B","Zap","Dualcast","Beam Cell+1","Sunder","Ball Lightning","Injury","Recycle","Streamline","Reinforced Body","Ball Lightning+1"],"relics":["Cracked Core","Shovel","Golden Idol","Oddly Smooth Stone","Ginger","MealTicket","Strawberry","Juzu Bracelet","Whetstone"],"acts_visited":[],"potions_floor_usage":[6,16],"damage_taken":[{"damage":7,"enemies":"Jaw Worm","floor":1,"turns":3},{"damage":2,"enemies":"Cultist","floor":2,"turns":4},{"damage":0,"enemies":"Small Slimes","floor":3,"turns":1},{"damage":22,"enemies":"Lagavulin","floor":6,"turns":5},{"damage":28,"enemies":"3 Sentries","floor":8,"turns":6},{"damage":3,"enemies":"2 Fungi Beasts","floor":10,"turns":2},{"damage":8,"enemies":"Blue Slaver","floor":11,"turns":3},{"damage":10,"enemies":"Gremlin Gang","floor":14,"turns":3},{"damage":13,"enemies":"The Guardian","floor":16,"turns":7}],"seed_played":"-5075983602637231359","potions_obtained":[{"floor":1,"key":"PowerPotion"},{"floor":8,"key":"Weak Potion"},{"floor":10,"key":"Dexterity Potion"}],"is_trial":false,"path_per_floor":["M","M","M","?","T","E","R","E","T","M","M","R","?","M","R","B"],"character_chosen":"DEFECT","items_purchased":[],"campfire_rested":1,"item_purchase_floors":[],"current_hp_per_floor":[57,55,55,55,55,33,33,5,12,9,1,24,24,14,14,1,1],"gold":227,"neow_bonus":"ONE_RARE_RELIC","is_daily":false,"chose_seed":false,"campfire_upgraded":1,"win_rate":0.0,"timestamp":1614307622,"path_taken":["M","M","M","?","?","E","R","E","T","?","M","R","?","M","R","BOSS"],"items_purchased_type":[],"build_version":"2020-12-22","purchased_purges":0,"victory":false,"max_hp_per_floor":[71,71,71,71,71,71,71,71,78,78,78,78,78,78,78,78,78],"relic_stats":{"Shovel":1,"counters":[9,34],"Golden Idol":28,"MealTicket":0,"Juzu Bracelet":0,"Ginger":[3],"Whetstone":["Ball Lightning","Strike_B"],"obtain_stats":[{"Shovel":0,"Golden Idol":4,"Strawberry":9,"Oddly Smooth Stone":5,"MealTicket":8,"Juzu Bracelet":13,"Ginger":6,"Whetstone":15,"Cracked Core":0},{"Shovel":0,"Golden Idol":3,"Strawberry":5,"Oddly Smooth Stone":3,"MealTicket":5,"Juzu Bracelet":7,"Ginger":4,"Whetstone":8,"Cracked Core":0},{"Shovel":0,"Golden Idol":8,"Strawberry":19,"Oddly Smooth Stone":8,"MealTicket":19,"Juzu Bracelet":24,"Ginger":13,"Whetstone":27,"Cracked Core":0}]},"card_choices":[{"not_picked":["Reprogram","Compile Driver"],"picked":"Beam Cell","floor":1},{"not_picked":["Rebound","Aggregate"],"picked":"Sunder","floor":2},{"not_picked":["White Noise","Capacitor"],"picked":"Ball Lightning","floor":3},{"not_picked":["White Noise","Loop"],"picked":"Recycle","floor":6},{"not_picked":["Buffer","Static Discharge"],"picked":"Streamline","floor":8},{"not_picked":["Coolheaded","Stack"],"picked":"Reinforced Body","floor":10},{"not_picked":["Buffer","Skim"],"picked":"Ball Lightning","floor":11},{"not_picked":["Redo","Storm","Scrape"],"picked":"SKIP","floor":14}],"player_experience":620139,"relics_obtained":[{"floor":5,"key":"Oddly Smooth Stone"},{"floor":6,"key":"Ginger"},{"floor":8,"key":"MealTicket"},{"floor":9,"key":"Strawberry"},{"floor":15,"key":"Whetstone"}],"event_choices":[{"damage_healed":0,"gold_gain":0,"player_choice":"Take Wound","damage_taken":0,"relics_obtained":["Golden Idol"],"max_hp_gain":0,"max_hp_loss":0,"event_name":"Golden Idol","floor":4,"gold_loss":0,"cards_obtained":["Injury"]},{"damage_healed":0,"gold_gain":0,"player_choice":"Gave Potion","damage_taken":0,"relics_obtained":["Juzu Bracelet"],"max_hp_gain":0,"max_hp_loss":0,"event_name":"WeMeetAgain","floor":13,"gold_loss":0}],"is_beta":false,"boss_relics":[],"items_purged_floors":[],"is_endless":false,"potions_floor_spawned":[1,8,10,11],"killed_by":"The Guardian","ascension_level":18}}