{"host":"y13mj1mxwnd5xx1x","time":1614318650,"event":{"mods":["AchievementEnabler","BaseMod","Minty Spire (QoL Compilation)"],"gold_per_floor":[114,129,144,144,159,189,189,219,269,299,314,329,329,367,367,492,492,511,511,530,155,174,212,212,250,275,275,294,313,351,351,351,476,476,495,495,558,558,577,577,615,615,640,678,697,744,394,432,432,432],"floor_reached":51,"language":"ENG","playtime":3061,"items_purged":["Strike_G","Strike_B"],"score":1128,"play_id":"5fb944d2-dd04-4a36-b792-d84eef8b64fa","local_time":"20210225235050","daily_mods":["Chimera","Time Dilation","Elite Swarm"],"is_ascension_mode":false,"campfire_choices":[{"data":"Hyperbeam","floor":7,"key":"SMITH"},{"data":"Genetic Algorithm","floor":15,"key":"SMITH"},{"data":"Hyperbeam","floor":24,"key":"SMITH"},{"data":"Creative AI","floor":27,"key":"SMITH"},{"data":"Ghostly","floor":32,"key":"SMITH"},{"data":"Seek","floor":40,"key":"SMITH"},{"data":"Eruption","floor":42,"key":"SMITH"},{"data":"Echo Form","floor":49,"key":"SMITH"}],"circlet_count":0,"master_deck":["Bash","Survivor","Zap","Eruption+1","Defend_R","Defend_G","Defend_P","Skim","Ball Lightning","Compile Driver","Hologram","Undo","Hyperbeam+1","Electrodynamics","Buffer","Genetic Algorithm+1","Doom and Gloom","Injury","Hyperbeam+1","Creative AI+1","Conserve Battery","Ball Lightning","Buffer","Buffer","Ghostly+1","Ghostly","Ghostly","Ghostly","Ghostly","Seek+1","Echo Form+1"],"relics":["Cracked Core","Bag of Preparation","Happy Flower","Potion Belt","Bag of Marbles","Golden Idol","Gambling Chip","Coffee Dripper","Mango","CaptainsWheel","Akabeko","Lantern","Question Card","Runic Pyramid","Prayer Wheel","Blood Vial","Dream Catcher","CeramicFish","Eternal Feather","Cauldron","Ginger"],"acts_visited":["Exordium","TheCity","TheBeyond"],"potions_floor_usage":[6,6,11,23,30,44,50,50,50],"damage_taken":[{"damage":0,"enemies":"2 Louse","floor":1,"turns":3},{"damage":0,"enemies":"Small Slimes","floor":2,"turns":2},{"damage":6,"enemies":"Jaw Worm","floor":3,"turns":2},{"damage":14,"enemies":"3 Louse","floor":5,"turns":3},{"damage":14,"enemies":"Gremlin Nob","floor":6,"turns":3},{"damage":0,"enemies":"3 Sentries","floor":8,"turns":3},{"damage":0,"enemies":"Gremlin Nob","floor":10,"turns":2},{"damage":0,"enemies":"Looter","floor":11,"turns":3},{"damage":0,"enemies":"Blue Slaver","floor":12,"turns":1},{"damage":0,"enemies":"3 Sentries","floor":14,"turns":1},{"damage":39,"enemies":"The Guardian","floor":16,"turns":7},{"damage":22,"enemies":"Spheric Guardian","floor":18,"turns":4},{"damage":0,"enemies":"Shell Parasite","floor":20,"turns":2},{"damage":0,"enemies":"Cultist and Chosen","floor":22,"turns":2},{"damage":5,"enemies":"Book of Stabbing","floor":23,"turns":4},{"damage":0,"enemies":"Slavers","floor":25,"turns":1},{"damage":0,"enemies":"Snecko","floor":28,"turns":1},{"damage":0,"enemies":"Shelled Parasite and Fungi","floor":29,"turns":2},{"damage":26,"enemies":"Book of Stabbing","floor":30,"turns":7},{"damage":2,"enemies":"Automaton","floor":33,"turns":14},{"damage":0,"enemies":"3 Darklings","floor":35,"turns":1},{"damage":0,"enemies":"Mind Bloom Boss Battle","floor":37,"turns":3},{"damage":0,"enemies":"3 Shapes","floor":39,"turns":2},{"damage":0,"enemies":"Reptomancer","floor":41,"turns":2},{"damage":1,"enemies":"Giant Head","floor":44,"turns":8},{"damage":0,"enemies":"Writhing Mass","floor":45,"turns":1},{"damage":0,"enemies":"Reptomancer","floor":46,"turns":2},{"damage":0,"enemies":"Giant Head","floor":48,"turns":8},{"damage":0,"enemies":"Donu and Deca","floor":50,"turns":6}],"seed_played":"4728103701414758894","potions_obtained":[{"floor":2,"key":"SteroidPotion"},{"floor":3,"key":"Swift Potion"},{"floor":6,"key":"FocusPotion"},{"floor":11,"key":"Fruit Juice"},{"floor":14,"key":"CultistPotion"},{"floor":20,"key":"ColorlessPotion"},{"floor":23,"key":"BlessingOfTheForge"},{"floor":29,"key":"Block Potion"},{"floor":30,"key":"SkillPotion"},{"floor":35,"key":"Weak Potion"},{"floor":46,"key":"Weak Potion"},{"floor":47,"key":"Energy Potion"},{"floor":47,"key":"Strength Potion"}],"is_trial":false,"path_per_floor":["M","M","M","?","M","E","R","E","T","E","M","M","?","E","R","B",null,"M","?","M","$","M","E","R","E","T","R","M","M","E","?","R","B",null,"M","?","?","?","M","R","E","R","T","E","M","E","$","E","R","B",null],"character_chosen":"DEFECT","items_purchased":["Mango","Energy Potion","SkillPotion","Cauldron"],"campfire_rested":0,"item_purchase_floors":[21,47,47,47],"current_hp_per_floor":[75,75,69,69,55,41,41,41,41,41,46,46,46,46,46,7,80,58,80,80,94,94,89,89,89,89,89,89,89,63,47,47,45,47,47,47,47,45,45,45,45,45,45,44,45,45,45,45,45,45],"gold":432,"neow_bonus":"","is_daily":true,"chose_seed":false,"campfire_upgraded":8,"win_rate":0.0,"timestamp":1614318650,"path_taken":["M","M","M","?","M","E","R","E","T","E","M","M","?","E","R","BOSS","M","?","M","$","M","E","R","E","T","R","M","M","E","?","R","BOSS","M","?","?","?","M","R","E","R","T","E","M","E","?","E","R","BOSS"],"items_purchased_type":["Relic","Potion","Potion","Relic"],"build_version":"2020-12-22","purchased_purges":2,"victory":true,"max_hp_per_floor":[75,75,75,75,75,75,75,75,75,75,80,80,80,80,80,80,80,80,80,80,94,94,94,94,94,94,94,94,94,94,47,47,47,47,47,47,47,45,45,45,45,45,45,45,45,45,45,45,45,45],"card_choices":[{"not_picked":["Go for the Eyes","Hologram"],"picked":"Skim","floor":1},{"not_picked":["Redo","Sweeping Beam"],"picked":"Ball Lightning","floor":2},{"not_picked":["Scrape","Consume"],"picked":"Compile Driver","floor":3},{"not_picked":["Capacitor","Coolheaded"],"picked":"Undo","floor":5},{"not_picked":["Machine Learning","Biased Cognition"],"picked":"Hyperbeam","floor":6},{"not_picked":["Multi-Cast","Meteor Strike"],"picked":"Electrodynamics","floor":8},{"not_picked":["Fission","Core Surge"],"picked":"Buffer","floor":10},{"not_picked":["Rebound","Chaos"],"picked":"Genetic Algorithm","floor":11},{"not_picked":["Sweeping Beam","Gash"],"picked":"Doom and Gloom","floor":12},{"not_picked":["Multi-Cast","Machine Learning"],"picked":"Hyperbeam","floor":14},{"not_picked":["Biased Cognition","Thunder Strike"],"picked":"Creative AI","floor":16},{"not_picked":["Melter","Cold Snap","Heatsinks"],"picked":"SKIP","floor":18},{"not_picked":["Stack","Redo"],"picked":"Conserve Battery","floor":20},{"not_picked":["Glacier","Coolheaded"],"picked":"Ball Lightning","floor":22},{"not_picked":["Thunder Strike","Amplify"],"picked":"Seek","floor":23},{"not_picked":["Electrodynamics","Biased Cognition"],"picked":"Buffer","floor":25},{"not_picked":["Steam","Compile Driver","Stack"],"picked":"SKIP","floor":28},{"not_picked":["Go for the Eyes","Gash","BootSequence"],"picked":"SKIP","floor":29},{"not_picked":["Machine Learning","Amplify"],"picked":"Buffer","floor":30},{"not_picked":["All For One","Creative AI","Machine Learning"],"picked":"Seek","floor":33},{"not_picked":["Beam Cell+1","Go for the Eyes","Steam+1","Hello World+1"],"picked":"SKIP","floor":35},{"not_picked":["Heatsinks+1","Reinforced Body","Turbo","Rip and Tear"],"picked":"SKIP","floor":39},{"not_picked":["BootSequence+1","Sweeping Beam+1","Doom and Gloom","Tempest+1"],"picked":"SKIP","floor":39},{"not_picked":["Core Surge","Amplify","Hyperbeam","Meteor Strike"],"picked":"SKIP","floor":41},{"not_picked":["Electrodynamics","Biased Cognition","Rainbow","Creative AI"],"picked":"SKIP","floor":44},{"not_picked":["White Noise+1","Hello World+1","Darkness","Barrage"],"picked":"SKIP","floor":45},{"not_picked":["Sweeping Beam","Barrage+1","Stack+1","Hologram"],"picked":"SKIP","floor":45},{"not_picked":["Machine Learning","All For One","Seek"],"picked":"Echo Form","floor":46},{"not_picked":["Core Surge","Biased Cognition","Machine Learning","Rainbow"],"picked":"SKIP","floor":48}],"player_experience":231673,"relics_obtained":[{"floor":6,"key":"Bag of Preparation"},{"floor":8,"key":"Happy Flower"},{"floor":9,"key":"Potion Belt"},{"floor":10,"key":"Bag of Marbles"},{"floor":14,"key":"Gambling Chip"},{"floor":23,"key":"CaptainsWheel"},{"floor":25,"key":"Akabeko"},{"floor":26,"key":"Lantern"},{"floor":30,"key":"Question Card"},{"floor":37,"key":"Prayer Wheel"},{"floor":41,"key":"Blood Vial"},{"floor":43,"key":"Dream Catcher"},{"floor":44,"key":"CeramicFish"},{"floor":46,"key":"Eternal Feather"},{"floor":48,"key":"Ginger"}],"event_choices":[{"damage_healed":0,"gold_gain":0,"cards_transformed":["Strike_R"],"player_choice":"Change","damage_taken":0,"max_hp_gain":0,"max_hp_loss":0,"event_name":"Living Wall","floor":4,"gold_loss":0,"cards_obtained":["Hologram"]},{"damage_healed":0,"gold_gain":0,"player_choice":"Take Wound","damage_taken":0,"relics_obtained":["Golden Idol"],"max_hp_gain":0,"max_hp_loss":0,"event_name":"Golden Idol","floor":13,"gold_loss":0,"cards_obtained":["Injury"]},{"damage_healed":26,"gold_gain":0,"player_choice":"Heal","damage_taken":0,"max_hp_gain":0,"max_hp_loss":0,"event_name":"The Library","floor":19,"gold_loss":0},{"damage_healed":0,"gold_gain":0,"player_choice":"Became a Ghost","damage_taken":0,"max_hp_gain":0,"max_hp_loss":47,"event_name":"Ghosts","floor":31,"gold_loss":0,"cards_obtained":["Ghostly","Ghostly","Ghostly","Ghostly","Ghostly"]},{"cards_removed":["Seek"],"damage_healed":0,"gold_gain":0,"player_choice":"Removed Skill","damage_taken":0,"max_hp_gain":0,"max_hp_loss":0,"event_name":"Falling","floor":36,"gold_loss":0},{"damage_healed":0,"gold_gain":0,"player_choice":"Fight","damage_taken":0,"max_hp_gain":0,"max_hp_loss":0,"event_name":"MindBloom","floor":37,"gold_loss":0},{"damage_healed":0,"gold_gain":0,"player_choice":"Max HP","damage_taken":0,"max_hp_gain":0,"max_hp_loss":2,"event_name":"Winding Halls","floor":38,"gold_loss":0}],"is_beta":false,"boss_relics":[{"not_picked":["Runic Dome","Calling Bell"],"picked":"Coffee Dripper"},{"not_picked":["SlaversCollar","Nuclear Battery"],"picked":"Runic Pyramid"}],"items_purged_floors":[21,47],"is_endless":false,"potions_floor_spawned":[2,3,6,11,14,20,23,29,30,35,46],"ascension_level":0}}