{"host":"qyicbro3v73hr90o","time":1614312830,"event":{"mods":["2.2 Compatiblity","AchievementEnabler","Bartender","BaseMod","CapriCore","Colored Map","Colored Powertips","Conspire","Downfall","Energized Spire","Friendly Minions","Hermit","Jorbs\u0027s Wanderer Trilogy","Mad Scientist","Minty Spire (QoL Compilation)","Shade Mod","Shapeshifter Mod","StSLib","The Administrix","The Adventurer","The Construct","The Cursed","The Disciple","The Spell Scribe","The Wild Card","TheBandit","TheFirefly","TheSwordswoman","TheVacant","Unceasing Turn Reminder"],"gold_per_floor":[116,14,14,14,30,30,57,57,57,22,39,67,67,98,98,194,194,209,18,18,0,14,14,14],"floor_reached":23,"language":"ENG","playtime":1202,"items_purged":["Strike_Bartender","Defend_Bartender"],"score":230,"play_id":"d0273db1-cb0d-43e2-aa5d-259537ed9e31","local_time":"20210225221350","is_ascension_mode":false,"campfire_choices":[{"data":"Phantom_Blow","floor":6,"key":"SMITH"},{"data":"Beat_Rush","floor":8,"key":"SMITH"},{"data":"Bloodbath_Bartender","floor":15,"key":"SMITH"}],"circlet_count":0,"master_deck":["Defend_Bartender","Defend_Bartender","Somersault","Hook+1","Fading_Blow","Phantom_Blow+1","Beat_Rush+1","Fight_Dirty","Blizzard_Spikes","Bloodbath_Bartender+1","Fight_Dirty","Windup","Alacrity+1","Surge+1","Spirits_Within+1","Purity","Writhe","Snap_Punch+1"],"relics":["Sneakers","NeowsBlessing","Singing Bowl","White_Cape","Vajra","Mummified Hand","Molten Egg 2","Astrolabe","The Courier"],"acts_visited":["Exordium","TheCity"],"potions_floor_usage":[10,14,14,14,14,23],"damage_taken":[{"damage":0,"enemies":"Small Slimes","floor":1,"turns":1},{"damage":0,"enemies":"Jaw Worm","floor":5,"turns":1},{"damage":0,"enemies":"Gremlin Nob","floor":7,"turns":1},{"damage":2,"enemies":"Cultist","floor":11,"turns":3},{"damage":5,"enemies":"3 Sentries","floor":12,"turns":7},{"damage":4,"enemies":"Lagavulin","floor":14,"turns":3},{"damage":29,"enemies":"Hexaghost","floor":16,"turns":9},{"damage":0,"enemies":"Chosen","floor":18,"turns":3},{"damage":28,"enemies":"2 Thieves","floor":22,"turns":4},{"damage":57,"enemies":"Slavers","floor":23,"turns":3}],"seed_played":"-1486906688245205752","potions_obtained":[{"floor":7,"key":"Fruit Juice"},{"floor":12,"key":"EntropicBrew"},{"floor":16,"key":"bronze:BurnAndBuffPotion"}],"is_trial":false,"path_per_floor":["M","$","?","?","M","R","E","R","T","$","M","E","T","E","R","B",null,"M","$","?","?","M","E"],"character_chosen":"BARTENDER","items_purchased":["Fading_Blow","Fight_Dirty","Purity"],"campfire_rested":0,"item_purchase_floors":[2,10,19],"current_hp_per_floor":[70,70,63,63,63,63,63,63,63,68,66,61,61,57,57,28,75,77,77,77,77,49,0,0],"gold":14,"neow_bonus":"THREE_ENEMY_KILL","is_daily":false,"chose_seed":false,"campfire_upgraded":3,"win_rate":0.0,"timestamp":1614312830,"path_taken":["M","$","?","?","M","R","E","R","T","?","?","E","?","E","R","BOSS","M","$","?","?","M","E"],"items_purchased_type":["Card","Card","Card"],"build_version":"2020-12-22","purchased_purges":2,"victory":false,"max_hp_per_floor":[70,70,70,70,70,70,70,70,70,75,75,75,75,75,75,75,75,77,77,77,77,77,77,77],"card_choices":[{"not_picked":["Dragonkick","Surge"],"picked":"Hook","floor":1},{"not_picked":["Vortex","Ripple"],"picked":"Phantom_Blow","floor":5},{"not_picked":["Dragonkick","Torment"],"picked":"Beat_Rush","floor":7},{"not_picked":["Snap_Punch","Perfect_Balance"],"picked":"Blizzard_Spikes","floor":11},{"not_picked":["ThreeSidedStar","Free_Pour"],"picked":"Bloodbath_Bartender","floor":12},{"not_picked":["High_Tide","Ripple"],"picked":"Fight_Dirty","floor":14},{"not_picked":["Combo_Master","High_Tide"],"picked":"Windup","floor":16},{"not_picked":["Free_Pour","Fading_Blow+1","On_The_Rocks+1"],"picked":"Singing Bowl","floor":18},{"not_picked":["Phantom_Blow+1","On_The_Rocks+1"],"picked":"Snap_Punch+1","floor":22}],"player_experience":185748,"relics_obtained":[{"floor":7,"key":"Singing Bowl"},{"floor":9,"key":"White_Cape"},{"floor":12,"key":"Vajra"},{"floor":13,"key":"Mummified Hand"},{"floor":14,"key":"Molten Egg 2"}],"event_choices":[{"damage_healed":0,"gold_gain":0,"player_choice":"Leave","damage_taken":0,"max_hp_gain":0,"max_hp_loss":0,"event_name":"conspire:Investor","floor":4,"gold_loss":0},{"damage_healed":0,"gold_gain":0,"player_choice":"Opened","damage_taken":0,"relics_obtained":["The Courier"],"max_hp_gain":0,"max_hp_loss":0,"event_name":"The Mausoleum","floor":20,"gold_loss":0,"cards_obtained":["Writhe"]}],"is_beta":false,"boss_relics":[{"not_picked":["Sozu","Runic Dome"],"picked":"Astrolabe"}],"items_purged_floors":[2,19],"is_endless":false,"potions_floor_spawned":[7,12,16],"killed_by":"Slavers","ascension_level":0}}