{"host":"dbkc9h3etq50r1dq","time":1614375291,"event":{"mods":["100% Spire Juice","AchievementEnabler","BaseMod","Block Reminder","Colored Powertips","Curses Come First","Dark Map","Minty Spire (QoL Compilation)","Permanent Neow","Potion Indicator Mod","Random Character Button","Rare Cards Sparkle","StSLib","SuperFastMode","Weighted Paths"],"gold_per_floor":[109,59,73,73,88,88,88,88],"floor_reached":7,"language":"ZHS","playtime":220,"items_purged":[],"score":51,"play_id":"1f7d34fc-40c8-4e3e-8216-69b638552cd9","local_time":"20210227053451","is_ascension_mode":true,"campfire_choices":[{"data":"Moonworks:SealedMemories","floor":6,"key":"SMITH"}],"circlet_count":0,"master_deck":["Moonworks:Strike","Moonworks:Strike","Moonworks:Strike","Moonworks:Strike","Moonworks:Defend","Moonworks:Defend","Moonworks:Defend","Moonworks:Defend","Moonworks:Ambush","Moonworks:PlushieMaster+1","Moonworks:NicePresent","Moonworks:SealedMemories+1"],"relics":["Moonworks:BrokenBomb","Moonworks:Homemark"],"acts_visited":["Exordium"],"potions_floor_usage":[],"damage_taken":[{"damage":2.0,"enemies":"2 Louse","floor":1.0,"turns":2.0},{"damage":7.0,"enemies":"Jaw Worm","floor":3.0,"turns":3.0},{"damage":0.0,"enemies":"Cultist","floor":5.0,"turns":3.0},{"damage":38,"enemies":"Gremlin Nob","floor":7,"turns":5}],"seed_played":"4730561495304754690","potions_obtained":[],"is_trial":false,"path_per_floor":["M","?","M","?","M","R","E"],"character_chosen":"THE_STARBREAKER","items_purchased":[],"campfire_rested":0,"item_purchase_floors":[],"current_hp_per_floor":[52,52,45,45,45,45,7,7],"gold":88,"neow_bonus":"THREE_RARE_CARDS","is_daily":false,"chose_seed":false,"campfire_upgraded":1,"win_rate":0.0,"timestamp":1614375291,"path_taken":["M","?","M","?","M","R","E"],"items_purchased_type":[],"build_version":"2020-12-22","purchased_purges":0,"victory":false,"max_hp_per_floor":[54,54,54,54,54,54,54,54],"card_choices":[{"not_picked":["Moonworks:HolyNight","Moonworks:Wanted"],"picked":"Moonworks:PlushieMaster","floor":0.0},{"not_picked":["Moonworks:LulusLuckyEgg","Moonworks:ImOnFire"],"picked":"Moonworks:NicePresent","floor":1.0},{"not_picked":["Moonworks:LuckyCharm","Moonworks:BigMagnum"],"picked":"Moonworks:SealedMemories","floor":3.0},{"not_picked":["Moonworks:JonathanRush","Moonworks:ExtendedPhotonRifle","Moonworks:Assault"],"picked":"SKIP","floor":5}],"player_experience":201404,"relics_obtained":[],"event_choices":[{"cards_removed":["Moonworks:LongDistanceShot"],"damage_healed":0.0,"max_hp_gain":0.0,"max_hp_loss":0.0,"gold_gain":0.0,"event_name":"The Cleric","player_choice":"Card Removal","floor":2.0,"gold_loss":50.0,"damage_taken":0.0},{"damage_healed":0.0,"max_hp_gain":0.0,"max_hp_loss":0.0,"gold_gain":0.0,"event_name":"Living Wall","player_choice":"Grow","floor":4.0,"gold_loss":0.0,"damage_taken":0.0,"cards_upgraded":["Moonworks:PlushieMaster"]}],"is_beta":false,"boss_relics":[],"items_purged_floors":[],"is_endless":false,"potions_floor_spawned":[],"killed_by":"Gremlin Nob","ascension_level":5}}