{"host":"mqhvlr3kpxebko0t","time":1614326198,"event":{"mods":["AchievementEnabler","BaseMod","Colored Map","Colored Powertips","KOR Keyword Fix","Keyboard Shortcuts","Minty Spire (QoL Compilation)","StSLib","SuperFastMode"],"gold_per_floor":[115,115,141,141,141,179,179,193,193,214,214,285,318,127,127,225,225,238,105,105,120,120,120],"floor_reached":22,"language":"KOR","playtime":230,"items_purged":["Strike_R","Strike_R"],"score":430,"play_id":"e4f508b3-aed4-4731-a37c-cf2e9243f007","local_time":"20210226165638","is_ascension_mode":true,"campfire_choices":[{"data":"Carnage","floor":7,"key":"SMITH"},{"floor":11,"key":"REST"},{"data":"Uppercut","floor":15,"key":"SMITH"}],"circlet_count":0,"master_deck":["AscendersBane","Strike_R","Strike_R","Defend_R","Defend_R","Defend_R","Defend_R","Bash","Carnage+1","Fiend Fire","Armaments+1","Anger","Uppercut+1","Flame Barrier+1","Shrug It Off+1","Demon Form","Offering+1","CurseOfTheBell","Shrug It Off+1","Pommel Strike","Body Slam"],"relics":["Burning Blood","NeowsBlessing","Golden Idol","Toy Ornithopter","Toxic Egg 2","Regal Pillow","Smiling Mask","Kunai","Pantograph","Calling Bell","Blood Vial","Singing Bowl","Torii","Enchiridion"],"acts_visited":["Exordium","TheCity"],"potions_floor_usage":[],"damage_taken":[{"damage":0,"enemies":"Cultist","floor":1,"turns":1},{"damage":0,"enemies":"Lagavulin","floor":6,"turns":1},{"damage":0,"enemies":"Jaw Worm","floor":8,"turns":1},{"damage":15,"enemies":"Small Slimes","floor":10,"turns":3},{"damage":35,"enemies":"3 Sentries","floor":13,"turns":9},{"damage":17,"enemies":"Hexaghost","floor":16,"turns":8},{"damage":33,"enemies":"2 Thieves","floor":18,"turns":4},{"damage":6,"enemies":"3 Byrds","floor":21,"turns":2},{"damage":6,"enemies":"Snecko","floor":22,"turns":1}],"seed_played":"-9095011706423912009","potions_obtained":[{"floor":6,"key":"AttackPotion"},{"floor":13,"key":"BlessingOfTheForge"}],"is_trial":false,"path_per_floor":["M","?","T","?","?","E","R","M","T","M","R","T","E","$","R","B",null,"M","$","?","M","M"],"character_chosen":"IRONCLAD","items_purchased":["Shrug It Off+1","Demon Form","Pommel Strike","Body Slam"],"campfire_rested":1,"item_purchase_floors":[14,14,19,19],"current_hp_per_floor":[74,48,48,48,22,28,28,34,34,25,62,62,33,33,33,47,68,43,43,22,26,22,22],"gold":120,"neow_bonus":"THREE_ENEMY_KILL","is_daily":false,"chose_seed":false,"campfire_upgraded":2,"win_rate":0.0,"timestamp":1614326198,"path_taken":["M","?","?","?","?","E","R","M","T","M","R","?","E","$","R","BOSS","M","$","?","M","M"],"items_purchased_type":["Card","Card","Card","Card"],"build_version":"2020-12-22","purchased_purges":2,"victory":false,"max_hp_per_floor":[75,75,75,75,75,75,75,75,75,75,75,75,75,75,75,75,75,75,75,75,77,77,77],"card_choices":[{"not_picked":["Anger","Sword Boomerang"],"picked":"Carnage","floor":1},{"not_picked":["Body Slam","Anger"],"picked":"Armaments+1","floor":6},{"not_picked":["Combust","Exhume+1"],"picked":"Anger","floor":8},{"not_picked":["Body Slam","Headbutt"],"picked":"Uppercut","floor":10},{"not_picked":["Perfected Strike","Reaper"],"picked":"Flame Barrier+1","floor":13},{"not_picked":["Immolate","Barricade"],"picked":"Offering+1","floor":16},{"not_picked":["Wild Strike","Sword Boomerang"],"picked":"Shrug It Off+1","floor":18},{"not_picked":["Pommel Strike","Bloodletting+1","Anger"],"picked":"Singing Bowl","floor":21}],"player_experience":724152,"relics_obtained":[{"floor":3,"key":"Toy Ornithopter"},{"floor":6,"key":"Regal Pillow"},{"floor":9,"key":"Smiling Mask"},{"floor":12,"key":"Kunai"},{"floor":13,"key":"Pantograph"},{"floor":17,"key":"Blood Vial"},{"floor":17,"key":"Singing Bowl"},{"floor":17,"key":"Torii"},{"floor":20,"key":"Enchiridion"}],"event_choices":[{"damage_healed":0,"gold_gain":0,"player_choice":"Take Damage","damage_taken":26,"relics_obtained":["Golden Idol"],"max_hp_gain":0,"max_hp_loss":0,"event_name":"Golden Idol","floor":2,"gold_loss":0},{"damage_healed":0,"gold_gain":0,"cards_transformed":["Strike_R"],"player_choice":"Change","damage_taken":0,"max_hp_gain":0,"max_hp_loss":0,"event_name":"Living Wall","floor":4,"gold_loss":0,"cards_obtained":["Fiend Fire"]},{"damage_healed":0,"gold_gain":0,"player_choice":"Success","damage_taken":26,"relics_obtained":["Toxic Egg 2"],"max_hp_gain":0,"max_hp_loss":0,"event_name":"Scrap Ooze","floor":5,"gold_loss":0},{"damage_healed":0,"gold_gain":0,"player_choice":"Obtained Book","damage_taken":21,"max_hp_gain":0,"max_hp_loss":0,"event_name":"Cursed Tome","floor":20,"gold_loss":0}],"is_beta":false,"boss_relics":[{"not_picked":["Mark of Pain","Coffee Dripper"],"picked":"Calling Bell"}],"items_purged_floors":[14,19],"is_endless":false,"potions_floor_spawned":[6,13,16,18],"killed_by":"Snecko","ascension_level":20}}