{"host":"g792ep1fbt4i7bvb","time":1614351298,"event":{"mods":["BaseMod","Beaked The Cultist","Colored Map","Colored Powertips","DeckTracker","Highlight Path","Minty Spire (QoL Compilation)","Relic Stats","StSLib","SuperFastMode"],"gold_per_floor":[212,387,387,410,257,257,282,326,349,365,365,378,453,247,247,367,367,390,590,64,85,85,85,116,116,116,136,136,136],"floor_reached":28,"language":"JPN","playtime":1366,"items_purged":["beaked:Strike_Y","Doubt","beaked:Strike_Y"],"score":343,"play_id":"25e6bf1e-e345-4e0d-90d2-175b8c68abc4","local_time":"20210226235458","is_ascension_mode":true,"campfire_choices":[{"data":"beaked:Insight","floor":6,"key":"SMITH"},{"data":"beaked:HuntressSpirit","floor":11,"key":"SMITH"},{"data":"beaked:Foresight","floor":15,"key":"SMITH"},{"data":"beaked:Cower","floor":23,"key":"SMITH"},{"data":"beaked:MachineEssence","floor":25,"key":"SMITH"}],"circlet_count":0,"master_deck":["beaked:Strike_Y","beaked:Strike_Y","beaked:Strike_Y","beaked:Strike_Y","beaked:Defend_Y","beaked:Defend_Y","beaked:Defend_Y","beaked:Defend_Y","beaked:Ceremony","beaked:Ceremony","beaked:Ceremony","beaked:Insight+1","beaked:Foresight+1","beaked:HuntressSpirit+1","beaked:Cower+1","beaked:WarriorSpirit","beaked:Overpower","beaked:MachineEssence+1","CurseOfTheBell","beaked:Poke+1","beaked:TuckingFeathers","beaked:RitualOfBody+1","beaked:Negation+1"],"relics":["beaked:MendingPlumage","Golden Idol","Orichalcum","Calling Bell","Smiling Mask","Frozen Egg 2","FossilizedHelix","Membership Card","Bird Faced Urn","Thread and Needle","Tiny Chest","Boot","StoneCalendar"],"acts_visited":["Exordium","TheCity"],"potions_floor_usage":[12,16,18,24,24,24],"damage_taken":[{"damage":9,"enemies":"Jaw Worm","floor":1,"turns":5},{"damage":12,"enemies":"2 Louse","floor":4,"turns":9},{"damage":10,"enemies":"Cultist","floor":7,"turns":5},{"damage":15,"enemies":"Lagavulin","floor":8,"turns":7},{"damage":30,"enemies":"Exordium Wildlife","floor":10,"turns":7},{"damage":22,"enemies":"Gremlin Gang","floor":12,"turns":9},{"damage":0,"enemies":"Hexaghost","floor":16,"turns":8},{"damage":31,"enemies":"Spheric Guardian","floor":18,"turns":6},{"damage":9,"enemies":"Shell Parasite","floor":21,"turns":5},{"damage":60,"enemies":"Slavers","floor":24,"turns":15},{"damage":43,"enemies":"Centurion and Healer","floor":27,"turns":9},{"damage":86,"enemies":"Gremlin Leader","floor":28,"turns":7}],"seed_played":"8077230182529520025","potions_obtained":[{"floor":7,"key":"Strength Potion"},{"floor":8,"key":"Dexterity Potion"},{"floor":12,"key":"Weak Potion"},{"floor":18,"key":"Fruit Juice"},{"floor":21,"key":"SteroidPotion"}],"is_trial":false,"path_per_floor":["M","?","?","M","$","R","M","E","T","M","R","M","?","$","R","B",null,"M","?","$","M","?","R","E","R","T","M","E"],"character_chosen":"BEAKED_THE_CULTIST","items_purchased":["DuplicationPotion","beaked:WarriorSpirit","beaked:Overpower","Membership Card","Bird Faced Urn","Thread and Needle","beaked:TuckingFeathers"],"campfire_rested":0,"item_purchase_floors":[5,14,14,20,20,20,20],"current_hp_per_floor":[50,50,38,49,49,49,44,46,46,39,39,48,37,37,37,50,50,49,49,49,55,55,55,35,35,35,55,0,0],"gold":136,"neow_bonus":"HUNDRED_GOLD","is_daily":false,"chose_seed":false,"campfire_upgraded":5,"win_rate":0.0,"timestamp":1614351298,"path_taken":["M","?","?","M","?","R","?","E","T","M","R","M","?","$","R","BOSS","M","?","$","?","?","R","E","R","T","?","E"],"items_purchased_type":["Potion","Card","Card","Relic","Relic","Relic","Card"],"build_version":"2020-12-22","purchased_purges":3,"victory":false,"max_hp_per_floor":[50,50,50,50,50,50,50,50,50,50,50,50,50,50,50,50,50,55,55,55,55,55,55,55,55,55,55,55,55],"relic_stats":{"counters":[12,92],"Golden Idol":68,"Bird Faced Urn":[22],"Tiny Chest":0,"StoneCalendar":[180],"Orichalcum":[90],"Smiling Mask":13,"Boot":[0],"obtain_stats":[{"Golden Idol":3,"Thread and Needle":20,"StoneCalendar":26,"Orichalcum":8,"Frozen Egg 2":17,"Smiling Mask":17,"Boot":24,"Calling Bell":17,"Bird Faced Urn":20,"Tiny Chest":22,"Membership Card":20,"beaked:MendingPlumage":0,"FossilizedHelix":17},{"Golden Idol":1,"Thread and Needle":8,"StoneCalendar":10,"Orichalcum":4,"Frozen Egg 2":7,"Smiling Mask":7,"Boot":10,"Calling Bell":7,"Bird Faced Urn":8,"Tiny Chest":9,"Membership Card":8,"beaked:MendingPlumage":0,"FossilizedHelix":7},{"Golden Idol":5,"Thread and Needle":56,"StoneCalendar":76,"Orichalcum":26,"Frozen Egg 2":50,"Smiling Mask":50,"Boot":76,"Calling Bell":50,"Bird Faced Urn":56,"Tiny Chest":61,"Membership Card":56,"beaked:MendingPlumage":0,"FossilizedHelix":50}]},"card_choices":[{"not_picked":["beaked:TuckingFeathers","beaked:Windmill"],"picked":"beaked:Insight","floor":1},{"not_picked":["beaked:SacrificialDive","beaked:Resilience","beaked:Poke"],"picked":"SKIP","floor":4},{"not_picked":["beaked:Mantra","beaked:BraceForImpact"],"picked":"beaked:Windmill","floor":7},{"not_picked":["beaked:BloodForTheGods","beaked:SacrificialAttack"],"picked":"beaked:Foresight","floor":8},{"not_picked":["beaked:Molting","beaked:BarbedWire"],"picked":"beaked:HuntressSpirit","floor":10},{"not_picked":["beaked:SacrificialScars","beaked:DigDeep"],"picked":"beaked:Cower","floor":12},{"not_picked":["beaked:FakeOut","beaked:ShadowFade"],"picked":"beaked:MachineEssence","floor":16},{"not_picked":["beaked:Tradeoff","beaked:BloodRitual"],"picked":"beaked:Poke+1","floor":18},{"not_picked":["beaked:Tradeoff","beaked:RuinSticks","beaked:FeelMyPain"],"picked":"SKIP","floor":21},{"not_picked":["beaked:WarriorEssence","beaked:Windmill"],"picked":"beaked:RitualOfBody+1","floor":24},{"not_picked":["beaked:Hexing+1","beaked:Insight+1"],"picked":"beaked:Negation+1","floor":27}],"player_experience":784600,"relics_obtained":[{"floor":8,"key":"Orichalcum"},{"floor":17,"key":"Smiling Mask"},{"floor":17,"key":"Frozen Egg 2"},{"floor":17,"key":"FossilizedHelix"},{"floor":24,"key":"Boot"},{"floor":26,"key":"StoneCalendar"}],"event_choices":[{"damage_healed":0,"gold_gain":175,"player_choice":"AGREE","damage_taken":0,"max_hp_gain":0,"max_hp_loss":0,"event_name":"Liars Game","floor":2,"gold_loss":0,"cards_obtained":["Doubt"]},{"damage_healed":0,"gold_gain":0,"player_choice":"Take Damage","damage_taken":12,"relics_obtained":["Golden Idol"],"max_hp_gain":0,"max_hp_loss":0,"event_name":"Golden Idol","floor":3,"gold_loss":0},{"damage_healed":0,"gold_gain":75,"player_choice":"Gather Gold","damage_taken":11,"max_hp_gain":0,"max_hp_loss":0,"event_name":"World of Goop","floor":13,"gold_loss":0},{"damage_healed":0,"gold_gain":200,"player_choice":"Gold","damage_taken":0,"max_hp_gain":0,"max_hp_loss":0,"event_name":"Wheel of Change","floor":19,"gold_loss":0},{"cards_removed":["beaked:Windmill"],"damage_healed":0,"gold_gain":0,"player_choice":"Gave Card","damage_taken":0,"relics_obtained":["Tiny Chest"],"max_hp_gain":0,"max_hp_loss":0,"event_name":"WeMeetAgain","floor":22,"gold_loss":0}],"is_beta":false,"boss_relics":[{"not_picked":["Busted Crown","Velvet Choker"],"picked":"Calling Bell"}],"items_purged_floors":[5,14,20],"is_endless":false,"potions_floor_spawned":[7,8,12,18,21],"killed_by":"Gremlin Leader","ascension_level":4}}