{"host":"mca7681myqmlkjzi","time":1614308143,"event":{"mods":["BaseMod","Downfall","KinomotoSakuraMod(Ä¾Ö®±¾Ó£)","Minty Spire (QoL Compilation)","Nova Terra(ÅµÍÞ¡¤Ì©À­)","Replay The Spire","StSLib","The Gatherer","The Hierophant","The Senshi","The Servant 0.9.4","¡¾ÒÅÎï¿¨ÅÆ¡¿REMEMod"],"gold_per_floor":[99,99,99,99,99,154,154,174,204,234,234,234,234,144,44,44,62,196,196,196,216,316,343,368,453,503,503,530,530,534,534,534],"floor_reached":30,"language":"ZHS","playtime":1260,"items_purged":["Slimebound:Defend_Slimebound"],"score":222,"play_id":"bbac19d8-f0ea-4738-a266-1f042dfcbc59","local_time":"20210226105543","is_ascension_mode":false,"campfire_choices":[{"floor":1,"key":"RECALL"},{"data":"Slimebound:Strike_Slimebound","floor":11,"key":"PURGE"},{"data":"Slimebound:Defend_Slimebound","floor":15,"key":"PURGE"},{"data":"Slimebound:Strike_Slimebound","floor":20,"key":"PURGE"},{"floor":27,"key":"REST"},{"data":"Slimebound:Strike_Slimebound","floor":29,"key":"PURGE"}],"circlet_count":0,"master_deck":["Slimebound:Tackle","Slimebound:Defend_Slimebound","Slimebound:Defend_Slimebound","Slimebound:Split+1","Slimebound:CorrosiveSpit","Slimebound:LeadByExample","Slimebound:DisruptingSlam","Slimebound:SlimeBrawl","Slimebound:RejuvenatingLick","Slimebound:Repurpose","Slimebound:SplitBruiser","Slimebound:SlimeTap","Slimebound:RallyTheTroops","Slimebound:SpikyOuterGoop+1","Slimebound:Teamwork","Slimebound:PressTheAttack"],"relics":["Slimebound:AbsorbEndCombat","REME_ComplimentaryCards","downfall:HeartsMalice","Question Card","Frozen Egg 2","Peace Pipe","Quantum Egg","downfall:HeartBlessingRed","REME_LowDesire","Replay:Bandana","Pen Nib"],"acts_visited":["Exordium","TheCity"],"potions_floor_usage":[18,18,29],"damage_taken":[{"damage":0,"enemies":"Small Slimes","floor":2,"turns":1},{"damage":0,"enemies":"Cultist","floor":4,"turns":1},{"damage":0,"enemies":"2 Louse","floor":5,"turns":1},{"damage":3,"enemies":"2 Fungi Beasts","floor":8,"turns":3},{"damage":16,"enemies":"Lagavulin","floor":9,"turns":6},{"damage":3,"enemies":"downfall:FleeingMerchant","floor":14,"turns":4},{"damage":11,"enemies":"Blue Slaver","floor":17,"turns":3},{"damage":24,"enemies":"DF_ARCHETYPE_STREAMLINE","floor":18,"turns":7},{"damage":12,"enemies":"Shell Parasite","floor":21,"turns":4},{"damage":14,"enemies":"downfall:LooterAlt2","floor":23,"turns":3},{"damage":19,"enemies":"Snake Plant","floor":24,"turns":4},{"damage":22,"enemies":"Cultist and Chosen","floor":28,"turns":5},{"damage":29,"enemies":"Centurion and Healer","floor":30,"turns":6}],"seed_played":"632121637481620591","potions_obtained":[{"floor":6,"key":"Languid Potion"},{"floor":8,"key":"Slimebound:ThreeZeroPotion"},{"floor":9,"key":"FearPotion"},{"floor":17,"key":"REME_GoldPotion"},{"floor":23,"key":"Guardian:BlockOnCardUsePotion"},{"floor":28,"key":"REME_GoldPotion"}],"is_trial":false,"path_per_floor":["R","M","?","M","M","?","T","M","E","?","R","PTL","PTL","$","R","?","M","B",null,"R","M","?","M","M","?","T","R","M","R","M"],"character_chosen":"SLIMEBOUND","items_purchased":[],"campfire_rested":1,"item_purchase_floors":[],"current_hp_per_floor":[65,65,65,65,65,49,49,48,40,40,40,40,40,43,43,65,56,40,65,65,57,57,45,28,16,16,35,17,17,0,0,0],"gold":534,"neow_bonus":"THREE_ENEMY_KILL","is_daily":false,"chose_seed":false,"campfire_upgraded":0,"win_rate":0.0,"timestamp":1614308143,"path_taken":["R","M","?","?","M","?","T","M","E","?","R","PTL","PTL","?","R","?","M","BOSS","R","?","?","?","M","?","T","R","M","R","M"],"items_purchased_type":[],"build_version":"2020-12-22","purchased_purges":1,"victory":false,"max_hp_per_floor":[65,65,65,65,65,65,65,65,65,65,65,65,65,65,65,65,65,65,65,65,65,65,65,65,65,65,65,65,65,65,65,65],"card_choices":[{"not_picked":["Slimebound:ComboTackle","Slimebound:PressTheAttack"],"picked":"Slimebound:LeadByExample","floor":2},{"not_picked":["Slimebound:ForwardTackle","Slimebound:SpikyOuterGoop"],"picked":"Slimebound:DisruptingSlam","floor":4},{"not_picked":["Slimebound:Dissolve","Slimebound:LivingWall"],"picked":"Slimebound:SlimeBrawl","floor":5},{"not_picked":["Slimebound:GoopTackle","Slimebound:TongueLash"],"picked":"Slimebound:RejuvenatingLick","floor":6},{"not_picked":["Slimebound:Prepare","Slimebound:DouseInSlime","Slimebound:RollThrough","Slimebound:LeechEnergy"],"picked":"SKIP","floor":8},{"not_picked":["Slimebound:SamplingLick","Slimebound:SlimeBarrage","Slimebound:SlimeSpikes"],"picked":"Slimebound:Repurpose","floor":9},{"not_picked":["Slimebound:FinishingTackle","Slimebound:GoopSpray","Slimebound:RollThrough"],"picked":"Slimebound:SplitBruiser","floor":14},{"not_picked":["Slimebound:SlimeSpikes","Slimebound:GoopSpray","Slimebound:PressTheAttack"],"picked":"Slimebound:SlimeTap","floor":17},{"not_picked":["Slimebound:FirmFortitude","Slimebound:CheckThePlaybook","Slimebound:LeechLife"],"picked":"Slimebound:RallyTheTroops","floor":18},{"not_picked":["Slimebound:LeechEnergy","Slimebound:LevelUp+1","Slimebound:GoopSpray","REME_TheoryOfElimination"],"picked":"Slimebound:SpikyOuterGoop+1","floor":21},{"not_picked":["Slimebound:BestDefense+1","Slimebound:SlimeTap","Slimebound:HauntingLick","Swift Strike+1"],"picked":"Slimebound:Teamwork","floor":23},{"not_picked":["Slimebound:SlimeSpikes+1","Slimebound:GoopTackle","Slimebound:SpikyOuterGoop+1","REME_TwoStrings"],"picked":"Slimebound:PressTheAttack","floor":24},{"not_picked":["Slimebound:FormOfPuddle","Slimebound:FlameTackle","Slimebound:AcidTongue+1","Slimebound:LeechingTouch","Chrysalis"],"picked":"SKIP","floor":28}],"player_experience":522633,"relics_obtained":[{"floor":6,"key":"Question Card"},{"floor":7,"key":"Frozen Egg 2"},{"floor":9,"key":"Peace Pipe"},{"floor":19,"key":"Replay:Bandana"},{"floor":19,"key":"Pen Nib"}],"event_choices":[{"damage_healed":22,"gold_gain":0,"player_choice":"Full Heal","damage_taken":0,"max_hp_gain":0,"max_hp_loss":0,"event_name":"Wheel of Change","floor":16,"gold_loss":0}],"is_beta":false,"boss_relics":[{"not_picked":["Replay:Grab Bag","ReplayTheSpireMod:DimensionalGlitch"],"picked":"REME_LowDesire"}],"items_purged_floors":[14],"is_endless":false,"potions_floor_spawned":[8,9,17,23,28],"killed_by":"Centurion and Healer","ascension_level":0}}