{"host":"0fupymmp6wdjyqoi","time":1614373503,"event":{"mods":["BaseMod","Bestiary","Clockwork Mod","Conspire","Downfall","GifTheSpireLib","Hubris","Infinite Spire","Minty Spire (QoL Compilation)","Replay The Spire","StSLib","The Construct","The Senshi"],"gold_per_floor":[117,117,42,55,55,80,94,94,94,107,7,32,47,60,60,165,165,151,426,443,443,443,443,463,477,477,477,477],"floor_reached":27,"language":"ENG","playtime":3136,"items_purged":["Strike_R","Strike_R","Defend_R"],"score":289,"play_id":"93211bc9-237b-4b07-98d6-bb960bf677d1","local_time":"20210226220503","is_ascension_mode":true,"campfire_choices":[{"data":"Strike_R","floor":15,"key":"PURGE"},{"data":"ReplayTheSpireMod:Strike From Hell","floor":23,"key":"SMITH"}],"circlet_count":0,"master_deck":["Strike_R","Defend_R","Defend_R","Defend_R","Bash","Bloodletting+1","Heavy Blade","conspire:Charge+1","Dual Wield","Armaments","Thunderclap","Bash","ReplayTheSpireMod:Uncanny Aura","Disarm","ReplayTheSpireMod:Strike From Hell+1","Evolve","True Grit","Eclipse","Headbutt","Regret","Clothesline","ReplayTheSpireMod:Haul","Pommel Strike","True Grit"],"relics":["Burning Blood","NeowsBlessing","Oddly Smooth Stone","construct:FoamFinger","Peace Pipe","hubris:Backtick","conspire:GlowingRock","OrangePellets","Nloth\u0027s Gift","Gremlin Horn"],"acts_visited":["Exordium","TheCity"],"potions_floor_usage":[16,18,24,27,27],"damage_taken":[{"damage":0,"enemies":"2 Louse","floor":1,"turns":1},{"damage":0,"enemies":"Cultist","floor":4,"turns":1},{"damage":0,"enemies":"Gremlin Nob","floor":6,"turns":1},{"damage":7,"enemies":"Small Slimes","floor":7,"turns":4},{"damage":15,"enemies":"Exordium Thugs","floor":10,"turns":5},{"damage":6,"enemies":"Replay:BlueRogue","floor":12,"turns":6},{"damage":3,"enemies":"Blue Slaver","floor":13,"turns":5},{"damage":10,"enemies":"3 Louse","floor":14,"turns":3},{"damage":33,"enemies":"The Guardian","floor":16,"turns":16},{"damage":18,"enemies":"2 Thieves","floor":18,"turns":4},{"damage":34,"enemies":"3 Byrds","floor":20,"turns":7},{"damage":6,"enemies":"conspire:HollyBat","floor":24,"turns":8},{"damage":38,"enemies":"Cultist and Chosen","floor":25,"turns":7},{"damage":24,"enemies":"Centurion and Healer","floor":27,"turns":8}],"seed_played":"-4010262604585608191","potions_obtained":[{"floor":4,"key":"Dexterity Potion"},{"floor":13,"key":"Elixir"},{"floor":14,"key":"LifebloodPotion"},{"floor":16,"key":"Adrenaline Potion"},{"floor":20,"key":"ElixirPotion"},{"floor":24,"key":"BloodPotion"}],"is_trial":false,"path_per_floor":["M","?","$","M","?","E","M","?","T","M","$","E","M","M","R","B",null,"M","?","M","AVR","?","R","M","M","T","M"],"character_chosen":"IRONCLAD","items_purchased":[],"campfire_rested":0,"item_purchase_floors":[],"current_hp_per_floor":[80,80,80,80,80,80,79,79,79,70,70,70,73,69,69,42,80,68,68,40,40,40,40,40,8,8,0,0],"gold":477,"neow_bonus":"THREE_ENEMY_KILL","is_daily":false,"chose_seed":false,"campfire_upgraded":1,"win_rate":0.0,"timestamp":1614373503,"path_taken":["M","?","?","?","?","E","M","?","T","M","$","E","M","?","R","BOSS","M","?","?","AVR","?","R","M","?","T","M"],"items_purchased_type":[],"build_version":"2020-12-22","purchased_purges":3,"victory":false,"max_hp_per_floor":[80,80,80,80,80,80,80,80,80,80,80,80,80,80,80,80,80,80,80,80,80,80,80,80,80,80,80,80],"card_choices":[{"not_picked":["ReplayTheSpireMod:Strike From Hell","Headbutt"],"picked":"Bloodletting","floor":1},{"not_picked":["ReplayTheSpireMod:LeadingStrike","hubris:ReadiedAction"],"picked":"Heavy Blade","floor":4},{"not_picked":["Evolve","Clothesline"],"picked":"Dual Wield","floor":6},{"not_picked":["ReplayTheSpireMod:Limb From Limb","Infernal Blade"],"picked":"Armaments","floor":7},{"not_picked":["Burning Pact","Shrug It Off"],"picked":"Disarm","floor":10},{"not_picked":["hubris:StunningStrike","Pommel Strike"],"picked":"ReplayTheSpireMod:Strike From Hell","floor":12},{"not_picked":["Cleave","Spot Weakness"],"picked":"Evolve","floor":13},{"not_picked":["Inflame","Spot Weakness"],"picked":"True Grit","floor":14},{"not_picked":["Hemogenesis","Double Tap"],"picked":"Eclipse","floor":16},{"not_picked":["Heavy Blade","Anger"],"picked":"Headbutt","floor":18},{"not_picked":["Dropkick+1","hubris:ReadiedAction"],"picked":"Clothesline","floor":20},{"not_picked":["Cleave","Body Slam"],"picked":"Pommel Strike","floor":24},{"not_picked":["Thunderclap","Perfected Strike"],"picked":"True Grit","floor":25}],"player_experience":103320,"relics_obtained":[{"floor":6,"key":"Oddly Smooth Stone"},{"floor":9,"key":"construct:FoamFinger"},{"floor":12,"key":"Peace Pipe"},{"floor":26,"key":"Gremlin Horn"}],"event_choices":[{"damage_healed":0,"gold_gain":0,"player_choice":"Upgraded","damage_taken":0,"max_hp_gain":0,"max_hp_loss":0,"event_name":"Upgrade Shrine","floor":2,"gold_loss":0,"cards_upgraded":["Bloodletting"]},{"damage_healed":0,"gold_gain":0,"player_choice":"3 cards matched","damage_taken":0,"max_hp_gain":0,"max_hp_loss":0,"event_name":"Match and Keep!","floor":8,"gold_loss":0,"cards_obtained":["Thunderclap","Bash","ReplayTheSpireMod:Uncanny Aura"]},{"damage_healed":0,"gold_gain":275,"player_choice":"Desecrate","damage_taken":0,"max_hp_gain":0,"max_hp_loss":0,"event_name":"Golden Shrine","floor":19,"gold_loss":0,"cards_obtained":["Regret"]},{"damage_healed":0,"gold_gain":0,"player_choice":"Traded Relic","damage_taken":0,"relics_obtained":["Nloth\u0027s Gift"],"max_hp_gain":0,"max_hp_loss":0,"event_name":"N\u0027loth","floor":22,"relics_lost":["Painkiller Herb"],"gold_loss":0}],"is_beta":false,"boss_relics":[{"not_picked":["Ooze Armor","Runic Cube"],"picked":"hubris:Backtick"}],"items_purged_floors":[3,11,21],"is_endless":false,"potions_floor_spawned":[4,13,14,16,20,24],"killed_by":"Centurion and Healer","ascension_level":1}}