{"host":"zp8jvycvinn13jdb","time":1614362192,"event":{"mods":["BaseMod","Better Match","Colored Powertips","Downfall","Googly Eyes","Hermit","Minty Spire (QoL Compilation)","Rare Cards Sparkle","Relic Stats","StSLib","SuperFastMode","Synergy Search","The Bug Knight","The Cursed"],"gold_per_floor":[110,110,110,120,195,230,248,248,272,272,292,292,316,331,331,428,428,447,447,319,319,286,286,286,306,306,321,321,333,348,366,366,366,366],"floor_reached":33,"language":"ENG","playtime":3836,"items_purged":["Strike_G"],"score":249,"play_id":"ebce4df6-b9f0-4bae-8c7a-9d58656898b0","local_time":"20210226125632","is_ascension_mode":false,"campfire_choices":[{"floor":8,"key":"REST"},{"floor":15,"key":"REST"},{"data":"Neutralize","floor":23,"key":"SMITH"},{"floor":32,"key":"REST"}],"circlet_count":0,"master_deck":["Strike_G","Defend_G","Defend_G","Defend_G","Defend_G","Defend_G","Survivor","Neutralize+1","Tactician","Underhanded Strike","CurseOfTheBell","CurseOfTheBell","Tactician","Flying Knee","Underhanded Strike","Acrobatics","Dodge and Roll","Dodge and Roll","Underhanded Strike","Prepared+1","Prepared","Tactician"],"relics":["Ring of the Snake","downfall:ExtraCursedBell","Strawberry","Ninja Scroll","Dead Branch","Oddly Smooth Stone","Regal Pillow","Toy Ornithopter","Odd Mushroom","Empty Cage","MutagenicStrength","InkBottle"],"acts_visited":["Exordium","TheCity"],"potions_floor_usage":[16,29,33,33,33],"damage_taken":[{"damage":3,"enemies":"Small Slimes","floor":1,"turns":5},{"damage":0,"enemies":"Jaw Worm","floor":4,"turns":1},{"damage":43,"enemies":"Gremlin Nob","floor":6,"turns":6},{"damage":0,"enemies":"2 Louse","floor":7,"turns":2},{"damage":19,"enemies":"Exordium Wildlife","floor":11,"turns":6},{"damage":4,"enemies":"The Mushroom Lair","floor":13,"turns":4},{"damage":0,"enemies":"Blue Slaver","floor":14,"turns":2},{"damage":28,"enemies":"The Guardian","floor":16,"turns":14},{"damage":0,"enemies":"Chosen","floor":18,"turns":6},{"damage":16,"enemies":"2 Thieves","floor":22,"turns":5},{"damage":0,"enemies":"Snecko","floor":25,"turns":4},{"damage":17,"enemies":"Chosen and Byrds","floor":27,"turns":9},{"damage":7,"enemies":"Centurion and Healer","floor":29,"turns":6},{"damage":17,"enemies":"Snake Plant","floor":30,"turns":6},{"damage":0,"enemies":"Chosen and Byrds","floor":31,"turns":8},{"damage":83,"enemies":"Automaton","floor":33,"turns":14}],"seed_played":"-3510742359909656309","potions_obtained":[{"floor":4,"key":"Explosive Potion"},{"floor":6,"key":"sneckomod:MuddlingPotion"},{"floor":13,"key":"CultistPotion"},{"floor":16,"key":"Regen Potion"},{"floor":18,"key":"champ:CounterPotion"},{"floor":29,"key":"Dexterity Potion"},{"floor":30,"key":"hexamod:SoulburnPotion"}],"is_trial":false,"path_per_floor":["M","?","?","M","?","E","M","R","T","?","M","?","?","M","R","B",null,"M","?","$","?","M","R","?","M","T","M","?","M","M","M","R","B"],"character_chosen":"THE_SILENT","items_purchased":["Underhanded Strike"],"campfire_rested":3,"item_purchase_floors":[20],"current_hp_per_floor":[67,74,74,74,63,20,20,43,43,43,24,21,17,17,55,32,77,77,77,77,77,61,61,61,61,61,44,30,43,26,26,65,0,0],"gold":366,"neow_bonus":"TRANSFORM_CARD","is_daily":false,"chose_seed":false,"campfire_upgraded":1,"win_rate":0.0,"timestamp":1614362192,"path_taken":["M","?","?","M","?","E","M","R","T","?","M","?","?","M","R","BOSS","M","?","$","?","M","R","?","M","T","?","?","M","M","M","R","BOSS"],"items_purchased_type":["Card"],"build_version":"2020-12-22","purchased_purges":1,"victory":false,"max_hp_per_floor":[70,77,77,77,77,77,77,77,77,77,77,77,77,77,77,77,77,77,77,77,77,77,77,77,77,77,77,82,82,82,82,82,82,82],"relic_stats":{"Regal Pillow":30,"counters":[16,98],"Dead Branch":[76],"obtain_stats":[{"Regal Pillow":9,"Ninja Scroll":2,"Strawberry":2,"Dead Branch":2,"MutagenicStrength":24,"Oddly Smooth Stone":6,"downfall:ExtraCursedBell":2,"Odd Mushroom":13,"Empty Cage":17,"Toy Ornithopter":12,"InkBottle":26,"Ring of the Snake":0},{"Regal Pillow":4,"Ninja Scroll":1,"Strawberry":1,"Dead Branch":1,"MutagenicStrength":10,"Oddly Smooth Stone":3,"downfall:ExtraCursedBell":1,"Odd Mushroom":6,"Empty Cage":8,"Toy Ornithopter":5,"InkBottle":11,"Ring of the Snake":0},{"Regal Pillow":14,"Ninja Scroll":5,"Strawberry":5,"Dead Branch":5,"MutagenicStrength":51,"Oddly Smooth Stone":12,"downfall:ExtraCursedBell":5,"Odd Mushroom":24,"Empty Cage":40,"Toy Ornithopter":20,"InkBottle":55,"Ring of the Snake":0}],"Toy Ornithopter":25,"InkBottle":[19],"Ring of the Snake":[32]},"card_choices":[{"not_picked":["Flying Knee","Masterful Stab"],"picked":"Underhanded Strike","floor":1},{"not_picked":["Caltrops","Deadly Poison"],"picked":"Tactician","floor":4},{"not_picked":["Dash","Infinite Blades"],"picked":"Flying Knee","floor":6},{"not_picked":["Outmaneuver","Finisher"],"picked":"Underhanded Strike","floor":7},{"not_picked":["Crippling Poison","Setup","Deadly Poison"],"picked":"SKIP","floor":11},{"not_picked":["All Out Attack","Cloak And Dagger"],"picked":"Acrobatics","floor":13},{"not_picked":["Storm of Steel","Concentrate"],"picked":"Dodge and Roll","floor":14},{"not_picked":["Flying Knee","Deadly Poison"],"picked":"Dodge and Roll","floor":18},{"not_picked":["Deadly Poison","Dodge and Roll"],"picked":"Prepared+1","floor":22},{"not_picked":["Concentrate+1","PiercingWail","Unload"],"picked":"SKIP","floor":25},{"not_picked":["Sucker Punch","Dagger Spray","Footwork"],"picked":"SKIP","floor":27},{"not_picked":["Masterful Stab+1","Flying Knee+1"],"picked":"Prepared","floor":29},{"not_picked":["Deadly Poison","Escape Plan"],"picked":"Tactician","floor":30},{"not_picked":["Backstab","Masterful Stab+1","Quick Slash"],"picked":"SKIP","floor":31}],"player_experience":206463,"relics_obtained":[{"floor":2,"key":"Strawberry"},{"floor":2,"key":"Ninja Scroll"},{"floor":2,"key":"Dead Branch"},{"floor":6,"key":"Oddly Smooth Stone"},{"floor":9,"key":"Regal Pillow"},{"floor":13,"key":"Odd Mushroom"},{"floor":26,"key":"InkBottle"}],"event_choices":[{"damage_healed":0,"gold_gain":0,"player_choice":"Ignored","damage_taken":0,"max_hp_gain":0,"max_hp_loss":0,"event_name":"Shining Light","floor":3,"gold_loss":0},{"damage_healed":0,"gold_gain":75,"player_choice":"Gather Gold","damage_taken":11,"max_hp_gain":0,"max_hp_loss":0,"event_name":"World of Goop","floor":5,"gold_loss":0},{"damage_healed":0,"gold_gain":0,"player_choice":"Ignored","damage_taken":0,"max_hp_gain":0,"max_hp_loss":0,"event_name":"Liars Game","floor":10,"gold_loss":0},{"damage_healed":0,"gold_gain":0,"player_choice":"Success","damage_taken":3,"relics_obtained":["Toy Ornithopter"],"max_hp_gain":0,"max_hp_loss":0,"event_name":"Scrap Ooze","floor":12,"gold_loss":0},{"damage_healed":0,"gold_gain":0,"player_choice":"Fought Mushrooms","damage_taken":0,"max_hp_gain":0,"max_hp_loss":0,"event_name":"Mushrooms","floor":13,"gold_loss":0},{"damage_healed":0,"gold_gain":0,"player_choice":"Ignored","damage_taken":0,"max_hp_gain":0,"max_hp_loss":0,"event_name":"Vampires","floor":19,"gold_loss":0},{"damage_healed":0,"gold_gain":0,"player_choice":"Ignored","damage_taken":0,"max_hp_gain":0,"max_hp_loss":0,"event_name":"Ghosts","floor":21,"gold_loss":0},{"damage_healed":0,"gold_gain":0,"player_choice":"Inject Mutagens","damage_taken":0,"relics_obtained":["MutagenicStrength"],"max_hp_gain":0,"max_hp_loss":0,"event_name":"Drug Dealer","floor":24,"gold_loss":0},{"damage_healed":0,"gold_gain":0,"player_choice":"Shed Blood","damage_taken":19,"max_hp_gain":5,"max_hp_loss":0,"event_name":"Forgotten Altar","floor":28,"gold_loss":0}],"is_beta":false,"boss_relics":[{"not_picked":["Busted Crown","Ectoplasm"],"picked":"Empty Cage"}],"items_purged_floors":[20],"is_endless":false,"potions_floor_spawned":[4,6,13,14,16,18,22,29,30],"killed_by":"Automaton","ascension_level":0}}