{"host":"jegpcy6vs2hqx3jd","time":1614321214,"event":{"mods":["BaseMod","Minty Spire (QoL Compilation)"],"gold_per_floor":[360,373,81,94,94,122,135,152,152,52,71,71,85,96,96,197,197,212,87,87,103,117,117,152,74,125,125,140,140,140,140,140,242,242,256,356,115,130,180,213,213,229,256,283,283,283,283,283,283,283,283],"floor_reached":50,"language":"ENG","playtime":4828,"items_purged":["Strike_B","Strike_B","Defend_B"],"score":598,"play_id":"c7b1d4a0-2e13-4490-bd0f-d8fec49f9bef","local_time":"20210225223334","is_ascension_mode":true,"campfire_choices":[{"floor":12,"key":"REST"},{"floor":15,"key":"REST"},{"data":"Rainbow","floor":23,"key":"SMITH"},{"data":"Capacitor","floor":27,"key":"SMITH"},{"floor":29,"key":"REST"},{"floor":32,"key":"REST"},{"floor":41,"key":"REST"},{"floor":46,"key":"REST"},{"floor":49,"key":"REST"}],"circlet_count":0,"master_deck":["Strike_B","Defend_B","Defend_B","Defend_B","Dualcast","Capacitor+1","Barrage","Defragment","Rainbow+1","Ball Lightning","Defragment","Machine Learning","Conserve Battery","Force Field","Coolheaded","Ball Lightning","Electrodynamics","Auto Shields","Decay","FTL","Redo+1","Loop","Auto Shields","Thunder Strike","Coolheaded","Coolheaded+1","Creative AI","Redo+1"],"relics":["FrozenCore","Bag of Marbles","Matryoshka","Pear","Nunchaku","MealTicket","Enchiridion","Sozu","Bottled Tornado","Ice Cream","Lantern","Juzu Bracelet","Orichalcum","Strawberry"],"acts_visited":["Exordium","TheCity","TheBeyond"],"potions_floor_usage":[6,11,16,16,31,33],"damage_taken":[{"damage":6,"enemies":"Jaw Worm","floor":1,"turns":3},{"damage":0,"enemies":"Cultist","floor":2,"turns":3},{"damage":7,"enemies":"2 Louse","floor":4,"turns":2},{"damage":21,"enemies":"Gremlin Nob","floor":6,"turns":4},{"damage":11,"enemies":"Lots of Slimes","floor":7,"turns":3},{"damage":0,"enemies":"Large Slime","floor":8,"turns":5},{"damage":11,"enemies":"3 Louse","floor":11,"turns":3},{"damage":0,"enemies":"Blue Slaver","floor":13,"turns":5},{"damage":9,"enemies":"Red Slaver","floor":14,"turns":3},{"damage":22,"enemies":"The Guardian","floor":16,"turns":8},{"damage":8,"enemies":"2 Thieves","floor":18,"turns":5},{"damage":7,"enemies":"Chosen","floor":21,"turns":6},{"damage":0,"enemies":"Snecko","floor":22,"turns":5},{"damage":32,"enemies":"Book of Stabbing","floor":24,"turns":8},{"damage":19,"enemies":"Snake Plant","floor":28,"turns":5},{"damage":0,"enemies":"Sentry and Sphere","floor":31,"turns":1},{"damage":44,"enemies":"Collector","floor":33,"turns":8},{"damage":0,"enemies":"3 Shapes","floor":35,"turns":4},{"damage":8,"enemies":"3 Darklings","floor":38,"turns":3},{"damage":0,"enemies":"Mind Bloom Boss Battle","floor":39,"turns":4},{"damage":43,"enemies":"Reptomancer","floor":40,"turns":7},{"damage":20,"enemies":"Jaw Worm Horde","floor":42,"turns":5},{"damage":11,"enemies":"Giant Head","floor":44,"turns":9},{"damage":89,"enemies":"Awakened One","floor":50,"turns":5}],"seed_played":"6078214457161347780","potions_obtained":[{"floor":4,"key":"EssenceOfSteel"},{"floor":8,"key":"Regen Potion"},{"floor":11,"key":"ColorlessPotion"},{"floor":13,"key":"FocusPotion"},{"floor":16,"key":"SmokeBomb"},{"floor":24,"key":"SneckoOil"}],"is_trial":false,"path_per_floor":["M","M","$","M","?","E","M","M","T","$","M","R","M","M","R","B",null,"M","$","?","M","M","R","E","$","T","R","M","R","?","M","R","B",null,"M","?","$","M","?","E","R","M","T","E","?","R","?","?","R","B"],"character_chosen":"DEFECT","items_purchased":["Defragment","Rainbow","Loop","Bottled Tornado"],"campfire_rested":7,"item_purchase_floors":[3,3,25,37],"current_hp_per_floor":[48,48,48,41,41,20,9,9,9,9,7,29,29,20,42,20,75,67,67,67,60,60,60,38,38,38,38,19,44,28,28,53,9,85,85,85,85,77,77,34,59,39,39,35,35,62,62,62,89,0,0],"gold":283,"neow_bonus":"TWO_FIFTY_GOLD","is_daily":false,"chose_seed":false,"campfire_upgraded":2,"win_rate":0.0,"timestamp":1614321214,"path_taken":["M","M","$","M","?","E","M","M","T","$","M","R","?","M","R","BOSS","M","$","?","?","M","R","E","$","T","R","?","R","?","M","R","BOSS","M","?","?","?","?","E","R","M","T","E","?","R","?","?","R","BOSS"],"items_purchased_type":["Card","Card","Card","Relic"],"build_version":"2020-12-22","purchased_purges":3,"victory":false,"max_hp_per_floor":[75,75,75,75,75,75,75,75,75,75,75,75,75,75,75,75,75,75,75,75,75,75,75,85,85,85,85,85,85,85,85,85,85,85,85,85,85,85,85,85,85,85,85,92,92,92,92,92,92,92,92],"card_choices":[{"not_picked":["Barrage","Defragment"],"picked":"Capacitor","floor":1},{"not_picked":["Gash","Compile Driver"],"picked":"Barrage","floor":2},{"not_picked":["Glacier","Compile Driver"],"picked":"Ball Lightning","floor":4},{"not_picked":["Leap","Barrage"],"picked":"Defragment","floor":6},{"not_picked":["Stack","Steam"],"picked":"Machine Learning","floor":7},{"not_picked":["Steam Power","Hologram"],"picked":"Conserve Battery","floor":8},{"not_picked":["Redo","Go for the Eyes"],"picked":"Force Field","floor":11},{"not_picked":["Go for the Eyes","Glacier"],"picked":"Coolheaded","floor":13},{"not_picked":["Hello World","Barrage"],"picked":"Ball Lightning","floor":14},{"not_picked":["Core Surge","Biased Cognition"],"picked":"Electrodynamics","floor":16},{"not_picked":["Conserve Battery+1","Redo"],"picked":"Auto Shields","floor":18},{"not_picked":["Undo","Leap+1"],"picked":"FTL","floor":21},{"not_picked":["Coolheaded","Fusion"],"picked":"Redo+1","floor":22},{"not_picked":["Reinforced Body","Streamline","Cold Snap"],"picked":"SKIP","floor":24},{"not_picked":["Streamline","BootSequence"],"picked":"Auto Shields","floor":28},{"not_picked":["Fission","Amplify"],"picked":"Thunder Strike","floor":33},{"not_picked":["Cold Snap","Beam Cell"],"picked":"Coolheaded","floor":35},{"not_picked":["Beam Cell+1","Stack+1","Sweeping Beam"],"picked":"SKIP","floor":38},{"not_picked":["Reboot","Chill+1"],"picked":"Coolheaded+1","floor":39},{"not_picked":["Conserve Battery+1","Leap+1","Rebound"],"picked":"SKIP","floor":40},{"not_picked":["Barrage+1","Lockon","Sunder"],"picked":"SKIP","floor":42},{"not_picked":["Redo","Sweeping Beam+1"],"picked":"Creative AI","floor":44}],"player_experience":235508,"relics_obtained":[{"floor":6,"key":"Bag of Marbles"},{"floor":9,"key":"Matryoshka"},{"floor":24,"key":"Pear"},{"floor":26,"key":"Nunchaku"},{"floor":26,"key":"MealTicket"},{"floor":30,"key":"Enchiridion"},{"floor":39,"key":"Ice Cream"},{"floor":40,"key":"Lantern"},{"floor":43,"key":"Juzu Bracelet"},{"floor":43,"key":"Orichalcum"},{"floor":44,"key":"Strawberry"}],"event_choices":[{"cards_removed":["Strike_B"],"damage_healed":0,"gold_gain":0,"player_choice":"Offered Basic","damage_taken":0,"max_hp_gain":0,"max_hp_loss":0,"event_name":"Bonfire Elementals","floor":5,"gold_loss":0},{"damage_healed":0,"gold_gain":0,"player_choice":"Cursed","damage_taken":0,"max_hp_gain":0,"max_hp_loss":0,"event_name":"Wheel of Change","floor":20,"gold_loss":0,"cards_obtained":["Decay"]},{"damage_healed":0,"gold_gain":0,"player_choice":"Obtained Book","damage_taken":16,"max_hp_gain":0,"max_hp_loss":0,"event_name":"Cursed Tome","floor":30,"gold_loss":0},{"damage_healed":0,"gold_gain":100,"player_choice":"Pray","damage_taken":0,"max_hp_gain":0,"max_hp_loss":0,"event_name":"Golden Shrine","floor":36,"gold_loss":0},{"damage_healed":0,"gold_gain":0,"player_choice":"Fight","damage_taken":0,"max_hp_gain":0,"max_hp_loss":0,"event_name":"MindBloom","floor":39,"gold_loss":0},{"damage_healed":0,"gold_gain":0,"player_choice":"Copied","damage_taken":0,"max_hp_gain":0,"max_hp_loss":0,"event_name":"Duplicator","floor":45,"gold_loss":0,"cards_obtained":["Redo"]},{"cards_removed":["Zap"],"damage_healed":0,"gold_gain":0,"player_choice":"Removed Skill","damage_taken":0,"max_hp_gain":0,"max_hp_loss":0,"event_name":"Falling","floor":47,"gold_loss":0},{"damage_healed":0,"gold_gain":0,"player_choice":"Memory 1","damage_taken":0,"max_hp_gain":0,"max_hp_loss":0,"event_name":"SensoryStone","floor":48,"gold_loss":0}],"is_beta":false,"boss_relics":[{"not_picked":["Calling Bell","Cursed Key"],"picked":"FrozenCore"},{"not_picked":["Velvet Choker","SlaversCollar"],"picked":"Sozu"}],"items_purged_floors":[3,10,19],"is_endless":false,"potions_floor_spawned":[4,8,11,13,16,24,31,39,40],"killed_by":"Awakened One","ascension_level":1}}