{"host":"og21o26alpnbwmz8","time":1614352750,"event":{"mods":["2.2 Compatiblity","Act Like it!","Aspiration","BaseMod","Conspire","Downfall","Gensokyo","Halation","Hallownest","Hermit","Hubris","Jedi Mod","Mimic Mod","Minty Spire (QoL Compilation)","Pale of the Ancients","Reliquary","Replay The Spire","Shop Mod","Spikes Relics","StSLib","The Alterego","The Animator","The Blue Laboratory","The Bug Knight","The Elementalist","Waifu the Spire","Yuri Mod"],"gold_per_floor":[112,129,54,72,84,84,84],"floor_reached":6,"language":"ENG","playtime":475,"items_purged":["elementalist:Strike+Elemblue"],"score":38,"play_id":"ecdb97b6-9b83-4d1d-9ee1-00cc8263e169","local_time":"20210226101910","is_ascension_mode":false,"campfire_choices":[],"circlet_count":0,"master_deck":["elementalist:Defend_Elemblue","elementalist:Defend_Elemblue","elementalist:Defend_Elemblue","elementalist:Defend_Elemblue","elementalist:Defend_Elemblue","elementalist:Firestrike+1","elementalist:Earthstrike","elementalist:Waterstrike","elementalist:Airstrike","elementalist:Crystal_Chalk","elementalist:Emberveil","elementalist:Flame"],"relics":["elementalistmod:MagusStaff","elementalistmod:RedRibbon"],"acts_visited":["Exordium"],"potions_floor_usage":[],"damage_taken":[{"damage":1,"enemies":"Hallownest:monsterHuskWarrior","floor":1,"turns":4},{"damage":0,"enemies":"Hallownest:monsterHuskGuard","floor":2,"turns":4},{"damage":0,"enemies":"2_ Uuma","floor":4,"turns":8},{"damage":0,"enemies":"Hallownest:monsterAspidMother","floor":5,"turns":4},{"damage":0,"enemies":"Hallownest:eliteMossKnight","floor":6,"turns":9}],"seed_played":"5277982942157495461","potions_obtained":[{"floor":1,"key":"SkillPotion"},{"floor":5,"key":"blueLaboratory:PhilterOfMotion"}],"is_trial":false,"path_per_floor":["M","M","$","M","M","E"],"character_chosen":"THE_ELEMENTALIST","items_purchased":[],"campfire_rested":0,"item_purchase_floors":[],"current_hp_per_floor":[69,69,69,69,69,69,69],"gold":84,"neow_bonus":"UPGRADE_CARD","is_daily":false,"chose_seed":false,"campfire_upgraded":0,"win_rate":0.0,"timestamp":1614352750,"path_taken":["M","?","$","M","M","E"],"items_purchased_type":[],"build_version":"2020-12-22","purchased_purges":1,"victory":false,"max_hp_per_floor":[70,70,70,70,70,70,70],"card_choices":[{"not_picked":["elementalist:Ignition","elementalist:Emberveil","elementalist:Mist"],"picked":"SKIP","floor":1},{"not_picked":["elementalist:Wards","elementalist:Overheat"],"picked":"elementalist:Emberveil","floor":2},{"not_picked":["elementalist:Monument","elementalist:Etherstrike"],"picked":"elementalist:Flame","floor":4},{"not_picked":["elementalist:Stone_to_Mud","elementalist:Cyclone","elementalist:Overheat"],"picked":"SKIP","floor":5}],"player_experience":443565,"relics_obtained":[],"event_choices":[],"is_beta":false,"boss_relics":[],"items_purged_floors":[3],"is_endless":false,"potions_floor_spawned":[1,5],"killed_by":"Hallownest:eliteMossKnight","ascension_level":0}}