{"host":"p0hktren06injwdf","time":1614339251,"event":{"mods":["AchievementEnabler","BaseMod","Colored Map","DeckTracker","Minty Spire (QoL Compilation)","Permanent Neow","StSLib","SuperFastMode"],"gold_per_floor":[111,121,121,138,138,163,163,183,235,264,281,281,314,332,332,403,403,421,436,370,206,218,248,248,282,282,299,317,336,336,72,72,146,146,163,188,188,205,4,4,38,38,38,70,29,55,55,72,72,72,72,72,72,72,98,98,98],"floor_reached":56,"language":"KOR","playtime":1837,"items_purged":["Strike_G","Strike_G","Strike_G"],"score":2015,"play_id":"e6062e58-a8ab-4d0d-b134-b6d06e893017","local_time":"20210226203411","is_ascension_mode":true,"campfire_choices":[{"floor":12.0,"key":"REST"},{"floor":15.0,"key":"REST"},{"floor":24.0,"key":"REST"},{"floor":30.0,"key":"REST"},{"floor":32.0,"key":"REST"},{"data":"After Image","floor":40.0,"key":"SMITH"},{"floor":42.0,"key":"RECALL"},{"data":"PiercingWail","floor":47.0,"key":"SMITH"},{"data":"Deadly Poison","floor":49.0,"key":"SMITH"},{"data":"Defend_G","floor":53,"key":"SMITH"}],"circlet_count":0,"master_deck":["AscendersBane","Strike_G+1","Strike_G","Defend_G+1","Defend_G","Defend_G+1","Defend_G","Defend_G+1","Survivor","Neutralize+1","Apotheosis+1","Terror","All Out Attack","After Image+1","PiercingWail+1","Finisher","Deadly Poison+1","Envenom","Burst","Blade Dance","Cloak And Dagger","Blade Dance","Well Laid Plans","Reflex","Prepared","Acrobatics+1","Dodge and Roll","Blur","Infinite Blades","Dagger Throw+1","Envenom","Accuracy","Backflip","Footwork","Infinite Blades","Cloak And Dagger+1","Tactician"],"relics":["Ring of the Snake","Ornamental Fan","War Paint","Whetstone","Bag of Preparation","HoveringKite","Dream Catcher","Ginger","Mummified Hand","Bottled Lightning","Anchor","Coffee Dripper","Blood Vial","Mercury Hourglass","Vajra","Snake Skull"],"acts_visited":["Exordium","TheCity","TheBeyond","TheEnding"],"potions_floor_usage":[51,56],"damage_taken":[{"damage":9.0,"enemies":"Jaw Worm","floor":1.0,"turns":5.0},{"damage":0.0,"enemies":"Small Slimes","floor":2.0,"turns":4.0},{"damage":6.0,"enemies":"Cultist","floor":4.0,"turns":3.0},{"damage":24.0,"enemies":"Gremlin Nob","floor":6.0,"turns":4.0},{"damage":10.0,"enemies":"Exordium Thugs","floor":8.0,"turns":6.0},{"damage":13.0,"enemies":"3 Sentries","floor":10.0,"turns":8.0},{"damage":2.0,"enemies":"2 Fungi Beasts","floor":11.0,"turns":2.0},{"damage":15.0,"enemies":"Lagavulin","floor":13.0,"turns":8.0},{"damage":0.0,"enemies":"Large Slime","floor":14.0,"turns":5.0},{"damage":14.0,"enemies":"The Guardian","floor":16.0,"turns":10.0},{"damage":12.0,"enemies":"Chosen","floor":18.0,"turns":7.0},{"damage":0.0,"enemies":"Shell Parasite","floor":19.0,"turns":1.0},{"damage":0.0,"enemies":"Cultist and Chosen","floor":22.0,"turns":3.0},{"damage":35.0,"enemies":"Book of Stabbing","floor":23.0,"turns":7.0},{"damage":22.0,"enemies":"Gremlin Leader","floor":25.0,"turns":5.0},{"damage":0.0,"enemies":"Centurion and Healer","floor":27.0,"turns":6.0},{"damage":0.0,"enemies":"Snake Plant","floor":28.0,"turns":4.0},{"damage":0.0,"enemies":"Snecko","floor":29.0,"turns":5.0},{"damage":9.0,"enemies":"Champ","floor":33.0,"turns":9.0},{"damage":0.0,"enemies":"Orb Walker","floor":35.0,"turns":3.0},{"damage":0.0,"enemies":"Mind Bloom Boss Battle","floor":36.0,"turns":4.0},{"damage":0.0,"enemies":"3 Darklings","floor":38.0,"turns":3.0},{"damage":8.0,"enemies":"Reptomancer","floor":41.0,"turns":5.0},{"damage":0.0,"enemies":"Giant Head","floor":44.0,"turns":4.0},{"damage":10.0,"enemies":"Nemesis","floor":46.0,"turns":3.0},{"damage":0.0,"enemies":"Jaw Worm Horde","floor":48.0,"turns":3.0},{"damage":9.0,"enemies":"Awakened One","floor":50.0,"turns":9.0},{"damage":32,"enemies":"Time Eater","floor":51,"turns":10},{"damage":32,"enemies":"Shield and Spear","floor":55,"turns":6},{"damage":25,"enemies":"The Heart","floor":56,"turns":3}],"seed_played":"3861131755306408449","potions_obtained":[{"floor":4.0,"key":"Dexterity Potion"},{"floor":6.0,"key":"Regen Potion"},{"floor":11.0,"key":"SteroidPotion"},{"floor":23.0,"key":"SpeedPotion"},{"floor":29.0,"key":"Regen Potion"},{"floor":36.0,"key":"SpeedPotion"},{"floor":41.0,"key":"SteroidPotion"},{"floor":48.0,"key":"LiquidBronze"}],"is_trial":false,"path_per_floor":["M","M","?","M","?","E","?","M","T","E","M","R","E","M","R","B",null,"M","M","?","$","M","E","R","E","T","M","M","M","R","$","R","B",null,"M","?","?","M","$","R","E","R","T","E","$","E","R","M","R","B","B",null,"R","$","E","B"],"character_chosen":"THE_SILENT","items_purchased":["Blade Dance","Well Laid Plans","Anchor","Footwork","Infinite Blades"],"campfire_rested":5,"item_purchase_floors":[21,21,31,39,45],"current_hp_per_floor":[50,50,50,44,49,25,25,30,30,17,15,34,19,19,38,24,55,43,43,43,43,43,8,27,5,5,5,5,5,24,24,43,49,61,61,61,61,61,61,61,53,53,53,55,55,47,47,49,49,42,12,52,52,52,22,0,0],"gold":98,"neow_bonus":"RANDOM_COLORLESS_2","is_daily":false,"chose_seed":false,"campfire_upgraded":4,"win_rate":0.0,"timestamp":1614339251,"path_taken":["M","M","?","M","?","E","?","M","T","E","M","R","E","M","R","BOSS","M","M","?","$","M","E","R","E","T","M","M","?","R","$","R","BOSS","M","?","?","M","$","R","E","R","T","E","$","E","R","M","R","BOSS","BOSS","R","$","E","BOSS"],"items_purchased_type":["Card","Card","Relic","Card","Card"],"build_version":"2020-12-22","purchased_purges":3,"victory":false,"max_hp_per_floor":[60,60,60,60,65,65,65,65,65,65,65,65,65,65,65,65,65,65,65,65,65,65,65,65,65,65,65,65,65,65,65,65,65,65,65,65,65,65,65,65,65,65,65,65,65,65,65,65,65,65,65,65,65,65,65,65,65],"card_choices":[{"not_picked":["Mayhem","Violence"],"picked":"Apotheosis","floor":0.0},{"not_picked":["Prepared","Slice","Well Laid Plans"],"picked":"SKIP","floor":1.0},{"not_picked":["Slice","Deflect"],"picked":"Terror","floor":2.0},{"not_picked":["Dagger Spray","Acrobatics"],"picked":"All Out Attack","floor":4.0},{"not_picked":["Dagger Spray","Poisoned Stab"],"picked":"After Image","floor":6.0},{"not_picked":["Dodge and Roll","Bane","Dagger Throw"],"picked":"SKIP","floor":8.0},{"not_picked":["Prepared","Sucker Punch"],"picked":"PiercingWail","floor":10.0},{"not_picked":["Slice","Flying Knee"],"picked":"Finisher","floor":11.0},{"not_picked":["Dagger Throw","Prepared"],"picked":"Deadly Poison","floor":13.0},{"not_picked":["PiercingWail","Deadly Poison"],"picked":"Envenom","floor":14.0},{"not_picked":["Phantasmal Killer","Tools of the Trade"],"picked":"Burst","floor":16.0},{"not_picked":["Backflip","Backstab+1"],"picked":"Blade Dance","floor":18.0},{"not_picked":["Poisoned Stab","Deflect"],"picked":"Cloak And Dagger","floor":19.0},{"not_picked":["Poisoned Stab","Slice"],"picked":"Reflex","floor":22.0},{"not_picked":["Expertise","Dash"],"picked":"Prepared","floor":23.0},{"not_picked":["Heel Hook","Prepared"],"picked":"Acrobatics+1","floor":24.0},{"not_picked":["Caltrops","Prepared"],"picked":"Dodge and Roll","floor":25.0},{"not_picked":["Riddle With Holes+1","Quick Slash"],"picked":"Blur","floor":27.0},{"not_picked":["Expertise","Predator","Poisoned Stab"],"picked":"SKIP","floor":28.0},{"not_picked":["Distraction","Dodge and Roll"],"picked":"Infinite Blades","floor":29.0},{"not_picked":["Bouncing Flask","Deflect"],"picked":"Dagger Throw+1","floor":32.0},{"not_picked":["Grand Finale","Glass Knife"],"picked":"Envenom","floor":33.0},{"not_picked":["Backflip+1","Flying Knee"],"picked":"Accuracy","floor":35.0},{"not_picked":["Dash","Deadly Poison+1"],"picked":"Backflip","floor":36.0},{"not_picked":["Outmaneuver","Sucker Punch","Cloak And Dagger"],"picked":"SKIP","floor":38.0},{"not_picked":["Catalyst","Acrobatics","PiercingWail"],"picked":"SKIP","floor":41.0},{"not_picked":["Backflip","Sucker Punch+1","Skewer"],"picked":"SKIP","floor":44.0},{"not_picked":["Dagger Spray","Finisher"],"picked":"Cloak And Dagger+1","floor":46.0},{"not_picked":["Sucker Punch","Riddle With Holes"],"picked":"Tactician","floor":48.0},{"not_picked":["Noxious Fumes+1","Blade Dance","Night Terror"],"picked":"SKIP","floor":55}],"player_experience":1113547,"relics_obtained":[{"floor":6.0,"key":"Ornamental Fan"},{"floor":9.0,"key":"War Paint"},{"floor":10.0,"key":"Whetstone"},{"floor":13.0,"key":"Bag of Preparation"},{"floor":23.0,"key":"Ginger"},{"floor":25.0,"key":"Mummified Hand"},{"floor":26.0,"key":"Bottled Lightning"},{"floor":41.0,"key":"Blood Vial"},{"floor":44.0,"key":"Mercury Hourglass"},{"floor":46.0,"key":"Vajra"},{"floor":55,"key":"Snake Skull"}],"event_choices":[{"damage_healed":0.0,"max_hp_gain":0.0,"max_hp_loss":0.0,"gold_gain":0.0,"event_name":"Living Wall","player_choice":"Grow","floor":3.0,"gold_loss":0.0,"damage_taken":0.0,"cards_upgraded":["Apotheosis"]},{"damage_healed":0.0,"max_hp_gain":5.0,"max_hp_loss":0.0,"gold_gain":0.0,"event_name":"Big Fish","player_choice":"Donut","floor":5.0,"gold_loss":0.0,"damage_taken":0.0},{"damage_healed":0.0,"max_hp_gain":0.0,"max_hp_loss":0.0,"gold_gain":0.0,"event_name":"Liars Game","player_choice":"Ignored","floor":7.0,"gold_loss":0.0,"damage_taken":0.0},{"damage_healed":0.0,"max_hp_gain":0.0,"max_hp_loss":0.0,"gold_gain":0.0,"event_name":"WeMeetAgain","player_choice":"Paid Gold","floor":20.0,"gold_loss":66.0,"damage_taken":0.0,"relics_obtained":["Dream Catcher"]},{"damage_healed":0.0,"max_hp_gain":0.0,"max_hp_loss":0.0,"gold_gain":0.0,"event_name":"MindBloom","player_choice":"Fight","floor":36.0,"gold_loss":0.0,"damage_taken":0.0},{"damage_healed":0.0,"max_hp_gain":0.0,"max_hp_loss":0.0,"gold_gain":0.0,"event_name":"Tomb of Lord Red Mask","player_choice":"Ignored","floor":37.0,"gold_loss":0.0,"damage_taken":0.0}],"is_beta":false,"boss_relics":[{"not_picked":["Ectoplasm","Runic Pyramid"],"picked":"HoveringKite"},{"not_picked":["Astrolabe","Runic Dome"],"picked":"Coffee Dripper"}],"items_purged_floors":[21,31,39],"is_endless":false,"potions_floor_spawned":[4,6,11,16,18,23,29,36,41,48],"killed_by":"The Heart","ascension_level":20}}