{"host":"z37g2hkgkh2zjyzk","time":1614354240,"event":{"mods":["2.2 Compatiblity","AchievementEnabler","BaseMod","Bestiary","Colored Map","Colored Powertips","Curses Come First","Highlight Path","Keyboard Shortcuts","Minty Spire (QoL Compilation)","Relic Stats","StSLib","SuperFastMode"],"gold_per_floor":[20,20,20,35,49,49,82,82,107,128,128,153,187,203,203,333,333,358,358,358,372,42,42,42,42],"floor_reached":24,"language":"ENG","playtime":1252,"items_purged":["Strike_B"],"score":384,"play_id":"f91cd418-1bdd-4970-9317-2af2a8ef2cb6","local_time":"20210226164400","is_ascension_mode":true,"campfire_choices":[{"data":"Zap","floor":6.0,"key":"SMITH"},{"floor":8.0,"key":"REST"},{"data":"Static Discharge","floor":15.0,"key":"SMITH"},{"floor":23.0,"key":"REST"}],"circlet_count":0,"master_deck":["AscendersBane","Strike_B","Strike_B","Defend_B","Defend_B","Defend_B","Defend_B","Zap+1","Dualcast","Core Surge","Ball Lightning","Ball Lightning","Sweeping Beam","Ball Lightning","Leap","Static Discharge+1","Biased Cognition","Coolheaded","Necronomicurse","Undo+1","Defragment","Cold Snap"],"relics":["Cracked Core","Golden Idol","Potion Belt","Blue Candle","Tiny Chest","Ancient Tea Set","Inserter","Necronomicon","Art of War"],"acts_visited":["Exordium","TheCity"],"potions_floor_usage":[],"damage_taken":[{"damage":0.0,"enemies":"2 Louse","floor":1.0,"turns":2.0},{"damage":8.0,"enemies":"Small Slimes","floor":4.0,"turns":3.0},{"damage":2.0,"enemies":"Jaw Worm","floor":5.0,"turns":3.0},{"damage":20.0,"enemies":"Lagavulin","floor":7.0,"turns":7.0},{"damage":3.0,"enemies":"Blue Slaver","floor":10.0,"turns":3.0},{"damage":1.0,"enemies":"2 Fungi Beasts","floor":12.0,"turns":3.0},{"damage":4.0,"enemies":"Gremlin Nob","floor":13.0,"turns":3.0},{"damage":7.0,"enemies":"Lots of Slimes","floor":14.0,"turns":2.0},{"damage":0.0,"enemies":"Slime Boss","floor":16.0,"turns":4.0},{"damage":25.0,"enemies":"Shell Parasite","floor":18.0,"turns":5.0},{"damage":11.0,"enemies":"Spheric Guardian","floor":21.0,"turns":4.0},{"damage":30,"enemies":"Slavers","floor":24,"turns":2}],"seed_played":"-6331645871047522443","potions_obtained":[{"floor":5.0,"key":"Swift Potion"},{"floor":7.0,"key":"BlessingOfTheForge"},{"floor":10.0,"key":"Block Potion"},{"floor":12.0,"key":"Explosive Potion"},{"floor":14.0,"key":"AttackPotion"},{"floor":21.0,"key":"Strength Potion"}],"is_trial":false,"path_per_floor":["M","?","?","M","M","R","E","R","T","M","?","M","E","M","R","B",null,"M","?","?","M","$","R","E"],"character_chosen":"DEFECT","items_purchased":["Defragment","Art of War","Cold Snap"],"campfire_rested":2,"item_purchase_floors":[22,22,22],"current_hp_per_floor":[68,68,56,48,46,46,26,46,46,43,36,35,31,24,24,24,58,33,17,17,6,6,26,0,0],"gold":42,"neow_bonus":"THREE_RARE_CARDS","is_daily":false,"chose_seed":false,"campfire_upgraded":2,"win_rate":0.0,"timestamp":1614354240,"path_taken":["M","?","?","M","M","R","E","R","T","M","?","M","E","M","R","BOSS","M","?","?","M","$","R","E"],"items_purchased_type":["Card","Relic","Card"],"build_version":"2020-12-22","purchased_purges":1,"victory":false,"max_hp_per_floor":[75,69,69,69,69,69,69,69,69,69,69,69,69,69,69,69,69,69,69,69,69,69,69,69,69],"relic_stats":{"Inserter":[5],"counters":[12,41],"Golden Idol":66,"Blue Candle":[0],"Tiny Chest":0,"Necronomicon":[0],"Art of War":[0],"obtain_stats":[{"Potion Belt":3,"Inserter":17,"Golden Idol":2,"Blue Candle":7,"Tiny Chest":9,"Necronomicon":19,"Art of War":22,"Cracked Core":0,"Ancient Tea Set":13},{"Potion Belt":1,"Inserter":9,"Golden Idol":1,"Blue Candle":4,"Tiny Chest":4,"Necronomicon":10,"Art of War":11,"Cracked Core":0,"Ancient Tea Set":7},{"Potion Belt":2,"Inserter":30,"Golden Idol":2,"Blue Candle":15,"Tiny Chest":15,"Necronomicon":35,"Art of War":39,"Cracked Core":0,"Ancient Tea Set":24}]},"card_choices":[{"not_picked":["Machine Learning","Rainbow"],"picked":"Core Surge","floor":0.0},{"not_picked":["Coolheaded","Hello World"],"picked":"Ball Lightning","floor":1.0},{"not_picked":["Coolheaded","Blizzard"],"picked":"Ball Lightning","floor":4.0},{"not_picked":["Turbo","Melter"],"picked":"Sweeping Beam","floor":5.0},{"not_picked":["Recycle","Steam Power","Consume"],"picked":"SKIP","floor":7.0},{"not_picked":["Turbo","Beam Cell","Hologram"],"picked":"SKIP","floor":10.0},{"not_picked":["Sweeping Beam","Storm"],"picked":"Ball Lightning","floor":12.0},{"not_picked":["Self Repair","Chaos"],"picked":"Leap","floor":13.0},{"not_picked":["Coolheaded","Force Field"],"picked":"Static Discharge","floor":14.0},{"not_picked":["Creative AI","Multi-Cast"],"picked":"Biased Cognition","floor":16.0},{"not_picked":["Hologram","Blizzard+1"],"picked":"Coolheaded","floor":18.0},{"not_picked":["Steam","Heatsinks+1"],"picked":"Undo+1","floor":21.0}],"player_experience":302592,"relics_obtained":[{"floor":7.0,"key":"Blue Candle"},{"floor":9.0,"key":"Tiny Chest"},{"floor":13.0,"key":"Ancient Tea Set"},{"floor":19.0,"key":"Necronomicon"}],"event_choices":[{"damage_healed":0.0,"max_hp_gain":0.0,"max_hp_loss":6.0,"gold_gain":0.0,"event_name":"Golden Idol","player_choice":"Lose Max HP","floor":2.0,"gold_loss":0.0,"damage_taken":0.0,"relics_obtained":["Golden Idol"]},{"damage_healed":0.0,"max_hp_gain":0.0,"max_hp_loss":0.0,"gold_gain":0.0,"event_name":"Scrap Ooze","player_choice":"Success","floor":3.0,"gold_loss":0.0,"damage_taken":12.0,"relics_obtained":["Potion Belt"]},{"cards_removed":["Strike_B"],"damage_healed":0.0,"max_hp_gain":0.0,"max_hp_loss":0.0,"gold_gain":0.0,"event_name":"Golden Wing","player_choice":"Card Removal","floor":11.0,"gold_loss":0.0,"damage_taken":7.0},{"damage_healed":0.0,"max_hp_gain":0.0,"max_hp_loss":0.0,"gold_gain":0.0,"event_name":"Cursed Tome","player_choice":"Obtained Book","floor":19.0,"gold_loss":0.0,"damage_taken":16.0},{"damage_healed":0.0,"max_hp_gain":0.0,"max_hp_loss":0.0,"gold_gain":0.0,"event_name":"Vampires","player_choice":"Ignored","floor":20.0,"gold_loss":0.0,"damage_taken":0.0}],"is_beta":false,"boss_relics":[{"not_picked":["Coffee Dripper","Nuclear Battery"],"picked":"Inserter"}],"items_purged_floors":[22],"is_endless":false,"potions_floor_spawned":[5,7,10,12,14,21],"killed_by":"Slavers","ascension_level":10}}