{"host":"sav7uxregyirlf69","time":1614340128,"event":{"mods":["AchievementEnabler","BaseMod","Colored Map","DeckTracker","Keyboard Shortcuts","Minty Spire (QoL Compilation)","READ ME - Guardian Mod","StSLib","SuperFastMode"],"gold_per_floor":[17,17,37,37,51,89,89,125,125,125,138,7,7,31,31,120,120,139,158,208,208,223,223,223],"floor_reached":23,"language":"KOR","playtime":522,"items_purged":["Strike_G"],"score":402,"play_id":"3a89b000-7871-4a5b-bd75-9cfe917b1d5e","local_time":"20210226204848","is_ascension_mode":true,"campfire_choices":[{"floor":7.0,"key":"REST"},{"floor":10.0,"key":"REST"},{"data":"Noxious Fumes","floor":15.0,"key":"SMITH"}],"circlet_count":0,"master_deck":["AscendersBane","Strike_G","Strike_G","Strike_G","Defend_G","Defend_G","Defend_G","Defend_G","Survivor","Neutralize","Poisoned Stab","Deflect","Noxious Fumes+1","Blade Dance","Bane","Dagger Throw","Backflip","Cloak And Dagger","Blur","Escape Plan","Finisher"],"relics":["Ring of the Snake","Golden Idol","StrikeDummy","Ginger","Kunai","Sozu"],"acts_visited":["Exordium","TheCity"],"potions_floor_usage":[],"damage_taken":[{"damage":0.0,"enemies":"Small Slimes","floor":1.0,"turns":4.0},{"damage":0.0,"enemies":"2 Louse","floor":3.0,"turns":3.0},{"damage":3.0,"enemies":"Jaw Worm","floor":5.0,"turns":3.0},{"damage":14.0,"enemies":"3 Sentries","floor":6.0,"turns":8.0},{"damage":27.0,"enemies":"Gremlin Nob","floor":8.0,"turns":4.0},{"damage":2.0,"enemies":"Looter","floor":11.0,"turns":3.0},{"damage":4.0,"enemies":"Lots of Slimes","floor":14.0,"turns":5.0},{"damage":16.0,"enemies":"Slime Boss","floor":16.0,"turns":8.0},{"damage":7.0,"enemies":"2 Thieves","floor":18.0,"turns":4.0},{"damage":0.0,"enemies":"Chosen","floor":19.0,"turns":4.0},{"damage":11.0,"enemies":"Centurion and Healer","floor":22.0,"turns":6.0},{"damage":56,"enemies":"Gremlin Leader","floor":23,"turns":9}],"seed_played":"5525211361389547514","potions_obtained":[{"floor":6.0,"key":"BlessingOfTheForge"},{"floor":8.0,"key":"Poison Potion"},{"floor":14.0,"key":"DistilledChaos"},{"floor":16.0,"key":"GamblersBrew"}],"is_trial":false,"path_per_floor":["M","?","M","?","M","E","R","E","T","R","M","$","?","M","R","B",null,"M","M","?","?","M","E"],"character_chosen":"THE_SILENT","items_purchased":["Cloak And Dagger"],"campfire_rested":2,"item_purchase_floors":[12],"current_hp_per_floor":[59,36,36,36,33,19,38,11,11,30,28,28,76,72,72,56,71,64,64,64,64,53,0,0],"gold":223,"neow_bonus":"TRANSFORM_TWO_CARDS","is_daily":false,"chose_seed":false,"campfire_upgraded":1,"win_rate":0.0,"timestamp":1614340128,"path_taken":["M","?","M","?","M","E","R","E","T","R","M","?","?","?","R","BOSS","M","M","?","?","M","E"],"items_purchased_type":["Card"],"build_version":"2020-12-22","purchased_purges":1,"victory":false,"max_hp_per_floor":[66,66,66,66,66,66,66,66,66,66,66,66,76,76,76,76,76,76,76,76,76,76,76,76],"card_choices":[{"not_picked":["Underhanded Strike","Deflect"],"picked":"Noxious Fumes","floor":1.0},{"not_picked":["Slice","Distraction"],"picked":"Blade Dance","floor":3.0},{"not_picked":["Deadly Poison","Quick Slash"],"picked":"Bane","floor":5.0},{"not_picked":["PiercingWail","Malaise"],"picked":"Venomology","floor":6.0},{"not_picked":["PiercingWail","Deadly Poison"],"picked":"Dagger Throw","floor":8.0},{"not_picked":["Flying Knee","Expertise"],"picked":"Backflip","floor":11.0},{"not_picked":["Poisoned Stab","Riddle With Holes","Dagger Spray"],"picked":"SKIP","floor":14.0},{"not_picked":["Caltrops","Cloak And Dagger"],"picked":"Blur","floor":18.0},{"not_picked":["Deflect","Finisher+1"],"picked":"Escape Plan","floor":19.0},{"not_picked":["Deadly Poison+1","Bane"],"picked":"Finisher","floor":22.0}],"player_experience":1705149,"relics_obtained":[{"floor":6.0,"key":"StrikeDummy"},{"floor":8.0,"key":"Ginger"},{"floor":9.0,"key":"Kunai"}],"event_choices":[{"damage_healed":0.0,"max_hp_gain":0.0,"max_hp_loss":0.0,"gold_gain":0.0,"event_name":"Golden Idol","player_choice":"Take Damage","floor":2.0,"gold_loss":0.0,"damage_taken":23.0,"relics_obtained":["Golden Idol"]},{"damage_healed":0.0,"max_hp_gain":0.0,"max_hp_loss":0.0,"gold_gain":0.0,"event_name":"Scrap Ooze","player_choice":"Fled","floor":4.0,"gold_loss":0.0,"damage_taken":0.0},{"cards_removed":["Venomology"],"damage_healed":38.0,"max_hp_gain":10.0,"max_hp_loss":0.0,"gold_gain":0.0,"event_name":"Bonfire Elementals","player_choice":"Offered Rare","floor":13.0,"gold_loss":0.0,"damage_taken":0.0},{"damage_healed":0.0,"max_hp_gain":0.0,"max_hp_loss":0.0,"gold_gain":50.0,"event_name":"Nest","player_choice":"Stole From Cult","floor":20.0,"gold_loss":0.0,"damage_taken":0.0},{"damage_healed":0.0,"max_hp_gain":0.0,"max_hp_loss":0.0,"gold_gain":0.0,"event_name":"The Mausoleum","player_choice":"Ignored","floor":21.0,"gold_loss":0.0,"damage_taken":0.0}],"is_beta":false,"boss_relics":[{"not_picked":["Snecko Eye","Astrolabe"],"picked":"Sozu"}],"items_purged_floors":[12],"is_endless":false,"potions_floor_spawned":[6,8,14,16],"killed_by":"Gremlin Leader","ascension_level":20}}