{"host":"2wp95sdfrgw3k439","time":1614316833,"event":{"mods":["BaseMod","Better Altar","Better Skull","Better Third Choice","Curses Come First","Minty Spire (QoL Compilation)","Permanent Neow","StSLib"],"gold_per_floor":[116,116,134,155,255,255,278,319,343,343,343,343,374,118,118,242,242,242],"floor_reached":17,"language":"ENG","playtime":555,"items_purged":["Strike_B"],"score":236,"play_id":"5cefa777-0582-4530-b3ae-b8cf54bd6d7e","local_time":"20210225222033","is_ascension_mode":true,"campfire_choices":[{"floor":6,"key":"REST"},{"floor":12,"key":"REST"},{"floor":15,"key":"REST"}],"circlet_count":0,"master_deck":["Strike_B","Strike_B","Defend_B","Defend_B","Defend_B","Defend_B","Zap","Dualcast","Tempest","Melter","Go for the Eyes+1","Undo","Glacier","Sweeping Beam","Conserve Battery","Machine Learning"],"relics":["FrozenCore","Golden Idol","Orichalcum","Happy Flower","Ancient Tea Set","Akabeko","ClockworkSouvenir"],"acts_visited":["Exordium","TheCity"],"potions_floor_usage":[4,7],"damage_taken":[{"damage":7,"enemies":"Jaw Worm","floor":1,"turns":3},{"damage":1,"enemies":"Cultist","floor":3,"turns":3},{"damage":0,"enemies":"Small Slimes","floor":4,"turns":2},{"damage":1,"enemies":"2 Fungi Beasts","floor":7,"turns":2},{"damage":35,"enemies":"Lagavulin","floor":8,"turns":9},{"damage":14,"enemies":"3 Sentries","floor":13,"turns":7},{"damage":6,"enemies":"The Guardian","floor":16,"turns":13}],"seed_played":"-1822083715278054798","potions_obtained":[{"floor":3,"key":"BlessingOfTheForge"},{"floor":4,"key":"DistilledChaos"},{"floor":16,"key":"SpeedPotion"}],"is_trial":false,"path_per_floor":["M","?","M","M","?","R","M","E","T","?","?","R","E","$","R","B",null],"character_chosen":"DEFECT","items_purchased":["Conserve Battery","ClockworkSouvenir"],"campfire_rested":3,"item_purchase_floors":[14,14],"current_hp_per_floor":[61,43,42,42,42,64,63,28,28,28,21,43,29,29,51,45,68,68],"gold":242,"neow_bonus":"TRANSFORM_CARD","is_daily":false,"chose_seed":false,"campfire_upgraded":0,"win_rate":0.0,"timestamp":1614316833,"path_taken":["M","?","M","M","?","R","?","E","T","?","?","R","E","$","R","BOSS"],"items_purchased_type":["Card","Relic"],"build_version":"2020-12-22","purchased_purges":1,"victory":false,"max_hp_per_floor":[75,75,75,75,75,75,75,75,75,75,75,75,75,75,75,75,75,75],"card_choices":[{"not_picked":["Leap","Rip and Tear"],"picked":"Melter","floor":1},{"not_picked":["Gash","Steam"],"picked":"Go for the Eyes","floor":3},{"not_picked":["Compile Driver","Aggregate"],"picked":"Undo","floor":4},{"not_picked":["Skim","Hologram"],"picked":"Glacier","floor":7},{"not_picked":["Blizzard","Force Field","Coolheaded"],"picked":"SKIP","floor":8},{"not_picked":["Fusion","Leap"],"picked":"Sweeping Beam","floor":13},{"not_picked":["Fission","All For One"],"picked":"Machine Learning","floor":16}],"player_experience":578509,"relics_obtained":[{"floor":8,"key":"Orichalcum"},{"floor":9,"key":"Happy Flower"},{"floor":13,"key":"Akabeko"}],"event_choices":[{"damage_healed":0,"gold_gain":0,"player_choice":"Take Damage","damage_taken":18,"relics_obtained":["Golden Idol"],"max_hp_gain":0,"max_hp_loss":0,"event_name":"Golden Idol","floor":2,"gold_loss":0},{"damage_healed":0,"gold_gain":100,"player_choice":"Pray","damage_taken":0,"max_hp_gain":0,"max_hp_loss":0,"event_name":"Golden Shrine","floor":5,"gold_loss":0},{"damage_healed":0,"gold_gain":0,"player_choice":"Grow","damage_taken":0,"max_hp_gain":0,"max_hp_loss":0,"event_name":"Living Wall","floor":10,"gold_loss":0,"cards_upgraded":["Go for the Eyes"]},{"damage_healed":0,"gold_gain":1,"player_choice":"Relic ","damage_taken":7,"max_hp_gain":0,"max_hp_loss":0,"event_name":"betterThird:BetterScrap","floor":11,"gold_loss":0,"cards_obtained":["Juggernaut"]}],"is_beta":false,"boss_relics":[{"not_picked":["Velvet Choker","Inserter"],"picked":"FrozenCore"}],"items_purged_floors":[14],"is_endless":false,"potions_floor_spawned":[3,4,16],"ascension_level":9}}