{"host":"xg4r5pv6chpuampg","time":1614345474,"event":{"mods":["AchievementEnabler","BaseMod","Googly Eyes","Minty Spire (QoL Compilation)","StSLib","Together in Spire"],"gold_per_floor":[109,122,138,60,60,60,86,86,111,145,159,219,71,89,89,188,188,203,203,203,128,128,128,162,162,162,178,178,190,190,190],"floor_reached":30,"language":"ENG","playtime":939,"items_purged":[],"score":307,"play_id":"014627ef-d0d6-4964-ad6b-a21d6731f242","local_time":"20210226161754","is_ascension_mode":true,"campfire_choices":[{"data":"Eruption","floor":6.0,"key":"SMITH"},{"data":"BowlingBash","floor":8.0,"key":"SMITH"},{"data":"Collect","floor":15.0,"key":"SMITH"},{"data":"BattleHymn","floor":23,"key":"SMITH"},{"data":"Adaptation","floor":25,"key":"SMITH"},{"data":"ForeignInfluence","floor":28,"key":"SMITH"}],"circlet_count":0,"master_deck":["Strike_P+1","Strike_P+1","Strike_P+1","Strike_P+1","Defend_P+1","Defend_P+1","Defend_P+1","Eruption+1","Vigilance","BowlingBash+1","Pray","Adaptation+1","BattleHymn+1","Collect+1","Prostrate","MentalFortress","EmptyBody","DeusExMachina","CutThroughFate+1","ForeignInfluence+1","WheelKick"],"relics":["Coffee Dripper","MealTicket","Ice Cream","Happy Flower","StrikeDummy","Lee\u0027s Waffle","SacredBark","MutagenicStrength","Enchiridion","Pear"],"acts_visited":["Exordium","TheCity"],"potions_floor_usage":[16,16],"damage_taken":[{"damage":0.0,"enemies":"2 Louse","floor":1.0,"turns":2.0},{"damage":0.0,"enemies":"Small Slimes","floor":2.0,"turns":2.0},{"damage":0.0,"enemies":"Jaw Worm","floor":3.0,"turns":3.0},{"damage":4.0,"enemies":"3 Sentries","floor":7.0,"turns":4.0},{"damage":37.0,"enemies":"Lagavulin","floor":10.0,"turns":6.0},{"damage":6.0,"enemies":"3 Louse","floor":11.0,"turns":2.0},{"damage":16.0,"enemies":"Exordium Wildlife","floor":14.0,"turns":3.0},{"damage":12,"enemies":"The Guardian","floor":16,"turns":7},{"damage":0,"enemies":"Chosen","floor":18,"turns":4},{"damage":25,"enemies":"Slavers","floor":24,"turns":4},{"damage":15,"enemies":"3 Byrds","floor":27,"turns":3},{"damage":21,"enemies":"Snake Plant","floor":29,"turns":3},{"damage":15,"enemies":"Centurion and Healer","floor":30,"turns":2}],"seed_played":"8326515995293969254","potions_obtained":[{"floor":2.0,"key":"SmokeBomb"},{"floor":10.0,"key":"SneckoOil"},{"floor":11.0,"key":"LiquidBronze"},{"floor":29,"key":"FearPotion"}],"is_trial":false,"path_per_floor":["M","M","M","$","?","R","E","R","T","E","M","?","$","M","R","B",null,"M","?","?","?","?","R","E","R","T","M","R","M","M"],"character_chosen":"WATCHER","items_purchased":["BattleHymn","Lee\u0027s Waffle"],"campfire_rested":0,"item_purchase_floors":[4,13],"current_hp_per_floor":[72,72,72,72,65,65,61,61,61,24,18,18,79,63,63,51,79,79,79,79,79,63,63,48,48,48,33,33,12,0,0],"gold":190,"neow_bonus":"BOSS_RELIC","is_daily":false,"chose_seed":false,"campfire_upgraded":6,"win_rate":0.0,"timestamp":1614345474,"path_taken":["M","M","M","$","?","R","E","R","T","E","M","?","$","M","R","BOSS","M","?","?","?","?","R","E","R","T","M","R","M","?"],"items_purchased_type":["Card","Relic"],"build_version":"2020-12-22","purchased_purges":0,"victory":false,"max_hp_per_floor":[72,72,72,72,72,72,72,72,72,72,72,72,79,79,79,79,79,79,79,79,79,79,79,89,89,89,89,89,89,89,89],"card_choices":[{"not_picked":["ThirdEye","Pray"],"picked":"BowlingBash","floor":1.0},{"not_picked":["Evaluate","ClearTheMind"],"picked":"Pray","floor":2.0},{"not_picked":["FlyingSleeves","Halt"],"picked":"Adaptation","floor":3.0},{"not_picked":["JustLucky","Consecrate"],"picked":"Collect","floor":7.0},{"not_picked":["Protect","ThirdEye"],"picked":"Prostrate","floor":10.0},{"not_picked":["Conclude","Worship"],"picked":"MentalFortress","floor":11.0},{"not_picked":["Swivel","ClearTheMind"],"picked":"EmptyBody","floor":14.0},{"not_picked":["Establishment","MasterReality"],"picked":"DeusExMachina","floor":16},{"not_picked":["FlyingSleeves","Fasting2"],"picked":"CutThroughFate+1","floor":18},{"not_picked":["SashWhip","WreathOfFlame","Establishment"],"picked":"SKIP","floor":24},{"not_picked":["PathToVictory","Meditate"],"picked":"ForeignInfluence","floor":27},{"not_picked":["Tantrum","LikeWater"],"picked":"WheelKick","floor":29}],"player_experience":171179,"relics_obtained":[{"floor":7.0,"key":"Ice Cream"},{"floor":9.0,"key":"Happy Flower"},{"floor":10.0,"key":"StrikeDummy"},{"floor":22,"key":"Enchiridion"},{"floor":24,"key":"Pear"}],"event_choices":[{"damage_healed":0.0,"max_hp_gain":0.0,"max_hp_loss":0.0,"gold_gain":0.0,"event_name":"Scrap Ooze","player_choice":"Success","floor":5.0,"gold_loss":0.0,"damage_taken":7.0,"relics_obtained":["MealTicket"]},{"damage_healed":0.0,"max_hp_gain":0.0,"max_hp_loss":0.0,"gold_gain":60.0,"event_name":"Golden Wing","player_choice":"Gained Gold","floor":12.0,"gold_loss":0.0,"damage_taken":0.0},{"damage_healed":0,"gold_gain":0,"player_choice":"Inject Mutagens","damage_taken":0,"relics_obtained":["MutagenicStrength"],"max_hp_gain":0,"max_hp_loss":0,"event_name":"Drug Dealer","floor":19,"gold_loss":0},{"damage_healed":0,"gold_gain":0,"player_choice":"Simplicity","damage_taken":0,"max_hp_gain":0,"max_hp_loss":0,"event_name":"Back to Basics","floor":20,"gold_loss":0,"cards_upgraded":["Strike_P","Strike_P","Strike_P","Strike_P","Defend_P","Defend_P","Defend_P","Defend_P"]},{"cards_removed":["Defend_P"],"damage_healed":0,"gold_gain":0,"player_choice":"Gave Gold","damage_taken":0,"max_hp_gain":0,"max_hp_loss":0,"event_name":"Beggar","floor":21,"gold_loss":75},{"damage_healed":0,"gold_gain":0,"player_choice":"Obtained Book","damage_taken":16,"max_hp_gain":0,"max_hp_loss":0,"event_name":"Cursed Tome","floor":22,"gold_loss":0}],"is_beta":false,"boss_relics":[{"not_picked":["Astrolabe","Cursed Key"],"picked":"SacredBark"}],"items_purged_floors":[],"is_endless":false,"potions_floor_spawned":[2,10,11,29],"killed_by":"Centurion and Healer","ascension_level":2}}