{"host":"wzyx1a6f41w36f2j","time":1614339409,"event":{"mods":["BaseMod","Googly Eyes","Highlight Path","Minty Spire (QoL Compilation)","Quick Restart","StSLib","The IronCluck"],"gold_per_floor":[118,118,43,118,118,118,157,157,157,201,220,259,259,272,272,396,396,411,411,95,95,120,160,176,176,176,195,208,248,96,135,135,265,265,286,300,300,318,334,334,16,60,60,96,96,121,134,154,154,154],"floor_reached":51,"language":"ENG","playtime":2384,"items_purged":["Injury","Strike_R"],"score":964,"play_id":"0c5435f5-7b78-446a-a98c-3d90b04c7ca2","local_time":"20210226133649","is_ascension_mode":true,"campfire_choices":[{"data":"Bash","floor":6.0,"key":"SMITH"},{"data":"Twin Strike","floor":8.0,"key":"SMITH"},{"data":"Twin Strike","floor":15.0,"key":"SMITH"},{"floor":25,"key":"REST"},{"data":"Flex","floor":32,"key":"SMITH"},{"floor":40,"key":"REST"},{"floor":45,"key":"REST"},{"data":"Clash","floor":49,"key":"SMITH"}],"circlet_count":0,"master_deck":["Strike_R","Strike_R+1","Strike_R","Strike_R+1","Defend_R+1","Defend_R","Defend_R","Defend_R+1","Bash+1","Twin Strike+1","Impervious","Clash+1","Shrug It Off","Uppercut","Twin Strike+1","Feed","Flex+1","Reaper","Clash+1","Pommel Strike+1","Hemokinesis+1","Clash+1","Offering","Clash+1","Offering","Inflame+1"],"relics":["Black Blood","NeowsBlessing","Golden Idol","Orichalcum","CaptainsWheel","Gremlin Horn","War Paint","MutagenicStrength","MealTicket","Molten Egg 2","Meat on the Bone","Frozen Egg 2","Brimstone","Singing Bowl","Runic Pyramid","Ice Cream","Ancient Tea Set","Centennial Puzzle","Blood Vial","Whetstone"],"acts_visited":["Exordium","TheCity","TheBeyond"],"potions_floor_usage":[29,33,33],"damage_taken":[{"damage":0.0,"enemies":"2 Louse","floor":1.0,"turns":1.0},{"damage":0.0,"enemies":"Lagavulin","floor":7.0,"turns":1.0},{"damage":0.0,"enemies":"3 Sentries","floor":10.0,"turns":2.0},{"damage":2.0,"enemies":"Small Slimes","floor":11.0,"turns":2.0},{"damage":12.0,"enemies":"Lagavulin","floor":12.0,"turns":5.0},{"damage":0.0,"enemies":"Cultist","floor":14.0,"turns":3.0},{"damage":35.0,"enemies":"Slime Boss","floor":16.0,"turns":8.0},{"damage":22.0,"enemies":"2 Thieves","floor":18.0,"turns":4.0},{"damage":22.0,"enemies":"Shell Parasite","floor":22.0,"turns":5.0},{"damage":58.0,"enemies":"Book of Stabbing","floor":23.0,"turns":7.0},{"damage":17.0,"enemies":"Snake Plant","floor":24.0,"turns":4.0},{"damage":13,"enemies":"Cultist and Chosen","floor":27,"turns":5},{"damage":3,"enemies":"Snecko","floor":28,"turns":4},{"damage":33,"enemies":"Gremlin Leader","floor":29,"turns":6},{"damage":26,"enemies":"Book of Stabbing","floor":31,"turns":3},{"damage":53,"enemies":"Automaton","floor":33,"turns":8},{"damage":41,"enemies":"3 Darklings","floor":35,"turns":3},{"damage":8,"enemies":"3 Shapes","floor":36,"turns":2},{"damage":39,"enemies":"Transient","floor":38,"turns":5},{"damage":17,"enemies":"Jaw Worm Horde","floor":39,"turns":3},{"damage":34,"enemies":"Giant Head","floor":42,"turns":6},{"damage":51,"enemies":"Nemesis","floor":44,"turns":3},{"damage":12,"enemies":"Maw","floor":46,"turns":4},{"damage":73,"enemies":"Transient","floor":47,"turns":5},{"damage":14,"enemies":"4 Shapes","floor":48,"turns":1},{"damage":62,"enemies":"Donu and Deca","floor":50,"turns":6}],"seed_played":"-5820929078162533086","potions_obtained":[{"floor":1.0,"key":"GamblersBrew"},{"floor":12.0,"key":"Dexterity Potion"},{"floor":16.0,"key":"ColorlessPotion"},{"floor":21.0,"key":"Fire Potion"},{"floor":24,"key":"SteroidPotion"},{"floor":29,"key":"BloodPotion"},{"floor":33,"key":"GamblersBrew"},{"floor":44,"key":"CultistPotion"},{"floor":47,"key":"Dexterity Potion"},{"floor":48,"key":"PowerPotion"}],"is_trial":false,"path_per_floor":["M","?","$","?","?","R","E","R","T","E","M","E","?","M","R","B",null,"M","?","$","?","M","E","M","R","T","M","M","E","$","E","R","B",null,"M","M","T","M","M","R","$","E","T","E","R","M","M","M","R","B",null],"character_chosen":"IRONCLAD","items_purchased":["MealTicket","Reaper","Brimstone","Ancient Tea Set","Offering"],"campfire_rested":3,"item_purchase_floors":[20,20,30,41,41],"current_hp_per_floor":[80,80,80,69,69,69,75,75,75,80,80,74,74,80,80,51,80,70,70,70,70,60,18,19,43,43,59,68,59,74,62,62,57,82,65,84,84,59,59,86,91,74,74,51,80,87,58,105,105,86],"gold":154,"neow_bonus":"THREE_ENEMY_KILL","is_daily":false,"chose_seed":false,"campfire_upgraded":5,"win_rate":0.0,"timestamp":1614339409,"path_taken":["M","?","$","?","?","R","E","R","T","E","M","E","?","?","R","BOSS","M","?","$","?","?","E","M","R","T","M","M","E","$","E","R","BOSS","M","M","?","M","M","R","$","E","T","E","R","M","M","M","R","BOSS"],"items_purchased_type":["Relic","Card","Relic","Relic","Card"],"build_version":"2020-12-22","purchased_purges":2,"victory":true,"max_hp_per_floor":[80,80,80,80,80,80,80,80,80,80,80,80,80,80,80,80,80,80,80,80,80,80,80,80,80,80,80,80,80,80,82,82,82,82,82,84,84,86,91,91,91,96,96,98,98,103,103,105,105,108],"card_choices":[{"not_picked":["Entrench","Anger"],"picked":"Twin Strike","floor":1.0},{"not_picked":["Wild Strike","Dark Embrace"],"picked":"Impervious","floor":7.0},{"not_picked":["Metallicize","Body Slam"],"picked":"Clash","floor":10.0},{"not_picked":["Sword Boomerang","Cleave"],"picked":"Shrug It Off","floor":11.0},{"not_picked":["Shockwave","Clash"],"picked":"Uppercut","floor":12.0},{"not_picked":["Iron Wave","Dark Embrace"],"picked":"Twin Strike","floor":14.0},{"not_picked":["Juggernaut","Double Tap"],"picked":"Feed","floor":16.0},{"not_picked":["Whirlwind","Searing Blow"],"picked":"Flex","floor":18.0},{"not_picked":["Disarm","Pommel Strike"],"picked":"Clash","floor":22.0},{"not_picked":["Sword Boomerang+1","Anger+1"],"picked":"Pommel Strike+1","floor":23.0},{"not_picked":["Wild Strike+1","Headbutt+1"],"picked":"Hemokinesis+1","floor":24},{"not_picked":["Fire Breathing","Havoc+1","Shrug It Off+1"],"picked":"SKIP","floor":27},{"not_picked":["Heavy Blade+1","Wild Strike+1","Second Wind+1"],"picked":"SKIP","floor":28},{"not_picked":["Shrug It Off","Exhume"],"picked":"Clash+1","floor":29},{"not_picked":["Sever Soul+1","Searing Blow+1","Headbutt+1"],"picked":"Singing Bowl","floor":31},{"not_picked":["Immolate+1","Corruption+1"],"picked":"Offering","floor":33},{"not_picked":["Perfected Strike+1","Havoc"],"picked":"Clash+1","floor":35},{"not_picked":["Intimidate+1","Clothesline+1","Flame Barrier+1"],"picked":"Singing Bowl","floor":36},{"not_picked":["Anger+1","Shrug It Off+1","Havoc+1"],"picked":"Singing Bowl","floor":38},{"not_picked":["Havoc+1","Wild Strike+1","Evolve+1"],"picked":"Singing Bowl","floor":39},{"not_picked":["Body Slam+1","Bludgeon+1","Warcry"],"picked":"Singing Bowl","floor":42},{"not_picked":["Iron Wave+1","Headbutt+1","Evolve+1"],"picked":"Singing Bowl","floor":44},{"not_picked":["Wild Strike+1","Pummel+1","Havoc+1"],"picked":"Singing Bowl","floor":46},{"not_picked":["Heavy Blade+1","Wild Strike+1"],"picked":"Inflame+1","floor":47},{"not_picked":["Searing Blow+1","Heavy Blade+1","Power Through+1"],"picked":"Singing Bowl","floor":48}],"player_experience":59049,"relics_obtained":[{"floor":7.0,"key":"Orichalcum"},{"floor":9.0,"key":"CaptainsWheel"},{"floor":10.0,"key":"Gremlin Horn"},{"floor":12.0,"key":"War Paint"},{"floor":23.0,"key":"Molten Egg 2"},{"floor":26,"key":"Meat on the Bone"},{"floor":29,"key":"Frozen Egg 2"},{"floor":31,"key":"Singing Bowl"},{"floor":37,"key":"Ice Cream"},{"floor":42,"key":"Centennial Puzzle"},{"floor":43,"key":"Blood Vial"},{"floor":44,"key":"Whetstone"}],"event_choices":[{"damage_healed":0.0,"max_hp_gain":0.0,"max_hp_loss":0.0,"gold_gain":0.0,"event_name":"Golden Idol","player_choice":"Take Wound","floor":2.0,"gold_loss":0.0,"damage_taken":0.0,"relics_obtained":["Golden Idol"],"cards_obtained":["Injury"]},{"damage_healed":0.0,"max_hp_gain":0.0,"max_hp_loss":0.0,"gold_gain":75.0,"event_name":"World of Goop","player_choice":"Gather Gold","floor":4.0,"gold_loss":0.0,"damage_taken":11.0},{"damage_healed":0.0,"max_hp_gain":0.0,"max_hp_loss":0.0,"gold_gain":0.0,"event_name":"The Cleric","player_choice":"Leave","floor":5.0,"gold_loss":0.0,"damage_taken":0.0},{"damage_healed":0.0,"max_hp_gain":0.0,"max_hp_loss":0.0,"gold_gain":0.0,"event_name":"Upgrade Shrine","player_choice":"Upgraded","floor":13.0,"gold_loss":0.0,"damage_taken":0.0,"cards_upgraded":["Clash"]},{"damage_healed":0.0,"max_hp_gain":0.0,"max_hp_loss":0.0,"gold_gain":0.0,"event_name":"Drug Dealer","player_choice":"Inject Mutagens","floor":19.0,"gold_loss":0.0,"damage_taken":0.0,"relics_obtained":["MutagenicStrength"]},{"damage_healed":0.0,"max_hp_gain":0.0,"max_hp_loss":0.0,"gold_gain":0.0,"event_name":"Lab","player_choice":"Got Potions","floor":21.0,"gold_loss":0.0,"damage_taken":0.0}],"is_beta":false,"boss_relics":[{"not_picked":["Busted Crown","Philosopher\u0027s Stone"],"picked":"Black Blood"},{"not_picked":["Empty Cage","Runic Dome"],"picked":"Runic Pyramid"}],"items_purged_floors":[3,41],"is_endless":false,"potions_floor_spawned":[1,12,16,22,24,29,33,44,47,48],"ascension_level":2}}