{"host":"bvp2uifzy1c463d9","time":1614325388,"event":{"mods":["AchievementEnabler","BaseMod","Better Note","Block Reminder","Bossed Relics","Colored Map","Colored Powertips","Hermit","Highlight Path","Hubris","Infinite Spire","Minty Spire (QoL Compilation)","Relic Sorter","Relic Stats","Reliquary","Replay The Spire","StSLib","The Blue Laboratory","Wandering Minibosses"],"gold_per_floor":[115,115,182,195,209,237,249,260,306,93,93,143,170,185,185,290,290,309,359,409,164,178,178,194,194,194,194,194,219,219,238,238,336,336,351,361,374,386,401,427,427,446,446,496,508,540,590,610,610,610,610,610,21,48,48],"floor_reached":56,"language":"ENG","playtime":4829,"items_purged":["hermit:Strike_Hermit","hermit:Strike_Hermit","hermit:Strike_Hermit"],"score":1762,"play_id":"e25beab4-c00e-482b-a5a1-70432ec7af1d","local_time":"20210226014308","is_ascension_mode":true,"campfire_choices":[{"floor":11,"key":"REST"},{"data":"hermit:ShadowCloak","floor":15,"key":"SMITH"},{"data":"ReplayTheSpireMod:Chaos Vortex","floor":23,"key":"SMITH"},{"data":"hermit:FatalDesire","floor":25,"key":"SMITH"},{"data":"infinitespire:Collect","floor":28,"key":"SMITH"},{"data":"hermit:Reprieve","floor":30,"key":"SMITH"},{"data":"hermit:Malice","floor":30,"key":"SMITH"},{"data":"hermit:Dissolve","floor":32,"key":"SMITH"},{"data":"hermit:FlashPowder","floor":32,"key":"SMITH"},{"floor":41,"key":"RECALL"},{"data":"hermit:Manifest","floor":49,"key":"SMITH"},{"data":"hermit:ShadowCloak","floor":49,"key":"SMITH"},{"data":"hermit:WideOpen","floor":52,"key":"SMITH"},{"data":"hermit:Midnight","floor":52,"key":"SMITH"}],"circlet_count":0,"master_deck":["hermit:Defend_Hermit","hermit:Defend_Hermit","hermit:Defend_Hermit","hermit:Snapshot","hermit:Covet","hermit:Malice+1","hermit:Midnight+1","hermit:Dissolve","hermit:Grudge+1","hermit:ShadowCloak+1","hermit:FatalDesire+1","hermit:LowProfile","hermit:Reprieve+1","hermit:Gambit","hermit:WideOpen+1","hermit:Purgatory","hermit:Snapshot","hermit:Roughhouse","Flash of Steel","ReplayTheSpireMod:Chaos Vortex+1","hermit:Grudge+1","hermit:FatalDesire","hermit:Dissolve+1","hermit:Roulette","infinitespire:Collect+1","hermit:FlashPowder+1","hermit:HeroicBravado","hermit:Determination+1","hermit:Manifest+1","Parasite","hermit:ShadowCloak+1","hermit:HoleUp+1","hermit:Spite+1","hermit:Misfire","hermit:Feint","Chrysalis","hermit:Brawl"],"relics":["hermit:Momento","SsserpentHead","infinitespire:Satchel","reliquary:TuningFork","hubris:Icosahedron","Omamori","ReplayTheSpireMod:SealedPack","Replay:Bottled Eggs","reliquary:RoseTintedGlasses","reliquary:TuningFork","Sundial","Replay:Arrowhead","SlaversCollar","Happy Flower","Potion Belt","infinitespire:EvilPickle","Mirror","Art of War"],"acts_visited":["Exordium","TheCity","TheBeyond","TheEnding"],"potions_floor_usage":[5,16,18,54,55,55,55],"damage_taken":[{"damage":3,"enemies":"Small Slimes","floor":1,"turns":3},{"damage":0,"enemies":"Cultist","floor":3,"turns":3},{"damage":2,"enemies":"Jaw Worm","floor":4,"turns":3},{"damage":19,"enemies":"Exordium Wildlife","floor":5,"turns":7},{"damage":30,"enemies":"Lagavulin","floor":6,"turns":9},{"damage":11,"enemies":"Large Slime","floor":7,"turns":6},{"damage":9,"enemies":"Blue Slaver","floor":8,"turns":4},{"damage":13,"enemies":"3 Sentries","floor":13,"turns":7},{"damage":6,"enemies":"Looter","floor":14,"turns":4},{"damage":24,"enemies":"Slime Boss","floor":16,"turns":14},{"damage":60,"enemies":"3 Byrds","floor":18,"turns":6},{"damage":0,"enemies":"Shell Parasite","floor":22,"turns":7},{"damage":7,"enemies":"Chosen and Byrds","floor":24,"turns":5},{"damage":14,"enemies":"Book of Stabbing","floor":29,"turns":7},{"damage":4,"enemies":"Shelled Parasite and Fungi","floor":31,"turns":4},{"damage":11,"enemies":"Pondfish","floor":33,"turns":12},{"damage":8,"enemies":"Orb Walker","floor":35,"turns":4},{"damage":45,"enemies":"3 Shapes","floor":36,"turns":3},{"damage":30,"enemies":"Transient","floor":37,"turns":5},{"damage":10,"enemies":"Writhing Mass","floor":38,"turns":12},{"damage":9,"enemies":"Spire Growth","floor":39,"turns":13},{"damage":0,"enemies":"R_Hoarder","floor":40,"turns":7},{"damage":9,"enemies":"Jaw Worm Horde","floor":42,"turns":6},{"damage":15,"enemies":"Sphere and 2 Shapes","floor":45,"turns":10},{"damage":12,"enemies":"Giant Head","floor":46,"turns":10},{"damage":0,"enemies":"4 Shapes","floor":48,"turns":6},{"damage":20,"enemies":"hubris:GrandSnecko","floor":50,"turns":14},{"damage":65,"enemies":"Shield and Spear","floor":54,"turns":7},{"damage":70,"enemies":"The Heart","floor":55,"turns":15}],"seed_played":"3496306741853154476","potions_obtained":[{"floor":4,"key":"Explosive Potion"},{"floor":5,"key":"blueLaboratory:CorrosionFlask"},{"floor":8,"key":"ColorlessPotion"},{"floor":16,"key":"blueLaboratory:AbyssPotion"},{"floor":18,"key":"Strength Potion"},{"floor":38,"key":"blueLaboratory:TrueEctoplasm"},{"floor":42,"key":"FairyPotion"},{"floor":46,"key":"blueLaboratory:PolymorphPotion"},{"floor":48,"key":"SpeedPotion"}],"is_trial":false,"path_per_floor":["M","?","M","M","M","E","M","M","T","$","R","?","E","M","R","B",null,"M","?","?","$","M","R","M","R","T","AVR","R","E","R","M","R","B",null,"M","M","M","M","M","E","R","M","T","?","M","E","?","M","R","B",null,"R","$","E","B",null],"character_chosen":"HERMIT","items_purchased":["hermit:Reprieve","blueLaboratory:FruitPunch","reliquary:RoseTintedGlasses","Mirror","hermit:Feint","Chrysalis"],"campfire_rested":1,"item_purchase_floors":[10,10,21,53,53,53],"current_hp_per_floor":[79,79,79,77,58,28,17,8,8,8,32,32,82,76,76,58,84,24,24,24,24,36,36,29,29,29,29,29,55,55,63,63,52,84,84,39,17,59,84,84,84,77,77,77,84,83,83,83,83,79,84,84,84,47,1],"gold":48,"neow_bonus":"TEN_PERCENT_HP_BONUS","is_daily":false,"chose_seed":false,"campfire_upgraded":12,"win_rate":0.0,"timestamp":1614325388,"path_taken":["M","?","?","M","M","E","M","M","T","?","R","?","E","M","R","BOSS","M","?","?","$","M","R","M","R","T","AVR","R","E","R","M","R","BOSS","M","M","M","M","M","E","R","M","T","?","M","E","?","M","R","BOSS","R","$","E","BOSS"],"items_purchased_type":["Card","Potion","Relic","Relic","Card","Card"],"build_version":"2020-12-22","purchased_purges":3,"victory":true,"max_hp_per_floor":[82,82,82,82,82,82,82,82,82,82,82,82,82,82,82,84,84,84,84,84,84,84,84,84,84,84,84,84,84,84,84,84,84,84,84,84,84,84,84,84,84,84,84,84,84,84,84,84,84,84,84,84,84,84,84],"relic_stats":{"SsserpentHead":350,"Happy Flower":[22],"counters":[29,213],"Sundial":[22],"Art of War":[0],"obtain_stats":[{"Potion Belt":46,"Happy Flower":40,"ReplayTheSpireMod:SealedPack":17,"Omamori":13,"Replay:Arrowhead":29,"infinitespire:EvilPickle":50,"SsserpentHead":2,"SlaversCollar":34,"hubris:Icosahedron":12,"Sundial":27,"infinitespire:Satchel":6,"reliquary:RoseTintedGlasses":21,"reliquary:SculptingSteel":26,"reliquary:TuningFork":9,"Art of War":54,"Replay:Bottled Eggs":20,"Mirror":53,"hermit:Momento":0},{"Potion Belt":25,"Happy Flower":22,"ReplayTheSpireMod:SealedPack":10,"Omamori":8,"Replay:Arrowhead":14,"infinitespire:EvilPickle":27,"SsserpentHead":1,"SlaversCollar":16,"hubris:Icosahedron":7,"Sundial":13,"infinitespire:Satchel":5,"reliquary:RoseTintedGlasses":11,"reliquary:SculptingSteel":13,"reliquary:TuningFork":7,"Art of War":28,"Replay:Bottled Eggs":11,"Mirror":27,"hermit:Momento":0},{"Potion Belt":171,"Happy Flower":145,"ReplayTheSpireMod:SealedPack":60,"Omamori":42,"Replay:Arrowhead":85,"infinitespire:EvilPickle":189,"SsserpentHead":3,"SlaversCollar":101,"hubris:Icosahedron":35,"Sundial":78,"infinitespire:Satchel":25,"reliquary:RoseTintedGlasses":66,"reliquary:SculptingSteel":78,"reliquary:TuningFork":35,"Art of War":198,"Replay:Bottled Eggs":66,"Mirror":191,"hermit:Momento":0}]},"card_choices":[{"not_picked":["hermit:BodyArmor","hermit:Feint"],"picked":"hermit:Malice","floor":1},{"not_picked":["hermit:Headshot","hermit:HoleUp"],"picked":"hermit:Midnight","floor":3},{"not_picked":["hermit:Feint","hermit:SprayPray"],"picked":"hermit:Dissolve","floor":4},{"not_picked":["hermit:LoneWolf","hermit:Snipe"],"picked":"hermit:Grudge","floor":5},{"not_picked":["hermit:Manifest","hermit:WideOpen"],"picked":"hermit:ShadowCloak","floor":6},{"not_picked":["hermit:HoleUp","hermit:CalledShot"],"picked":"hermit:FatalDesire","floor":7},{"not_picked":["hermit:Glare","hermit:Vantage"],"picked":"hermit:LowProfile","floor":8},{"not_picked":["hermit:TrackingShot","hermit:Snipe"],"picked":"hermit:Gambit","floor":13},{"not_picked":["hermit:EyeOfTheStorm","hermit:Headshot"],"picked":"hermit:WideOpen","floor":14},{"not_picked":["hermit:HighNoon","hermit:BlackWind"],"picked":"hermit:Purgatory","floor":16},{"not_picked":["Vigilance","m_Survivalism"],"picked":"hermit:Snapshot","floor":17},{"not_picked":["hermit:FatalDesire","hermit:RoundhouseKick"],"picked":"hermit:Roughhouse","floor":17},{"not_picked":["Replay:Sssssssssstrike","Swift Strike"],"picked":"Flash of Steel","floor":17},{"not_picked":["infinitespire:Menacing","infinitespire:SealOfDarkness+"],"picked":"ReplayTheSpireMod:Chaos Vortex","floor":17},{"not_picked":["hermit:Snipe","hermit:Determination"],"picked":"hermit:Grudge","floor":18},{"not_picked":["hermit:Ricochet","hermit:Snipe"],"picked":"hermit:Roulette","floor":22},{"not_picked":["hermit:HoleUp","hermit:LowProfile","hermit:HeroicBravado"],"picked":"SKIP","floor":24},{"not_picked":["hermit:Scavenge+1","hermit:FatalDesire"],"picked":"hermit:FlashPowder","floor":29},{"not_picked":["hermit:Roulette","hermit:Feint","hermit:GoldenBullet+1"],"picked":"SKIP","floor":31},{"not_picked":["hermit:DeadOrAlive","hermit:Dissolve"],"picked":"hermit:HeroicBravado","floor":33},{"not_picked":["hermit:EyeOfTheStorm+1","hermit:ItchyTrigger+1"],"picked":"hermit:Determination+1","floor":35},{"not_picked":["hermit:Headshot","hermit:Ricochet+1"],"picked":"hermit:Manifest","floor":36},{"not_picked":["hermit:ItchyTrigger+1","hermit:WideOpen","hermit:Coalescence+1"],"picked":"SKIP","floor":37},{"not_picked":["hermit:Vantage","hermit:Dive+1"],"picked":"hermit:ShadowCloak","floor":38},{"not_picked":["hermit:Deadeye+1","hermit:Roulette"],"picked":"hermit:HoleUp+1","floor":39},{"not_picked":["hermit:LuckOfTheDraw","hermit:BlackWind"],"picked":"hermit:Spite+1","floor":40},{"not_picked":["hermit:Desperado+1","hermit:Malice+1","hermit:Headshot+1"],"picked":"SKIP","floor":42},{"not_picked":["hermit:Ricochet","hermit:WideOpen","hermit:Headshot+1"],"picked":"SKIP","floor":45},{"not_picked":["hermit:Snipe","hermit:BodyArmor+1","hermit:HighCaliber"],"picked":"SKIP","floor":46},{"not_picked":["hermit:CalledShot+1","hermit:Roulette+1","hermit:Misfire"],"picked":"SKIP","floor":48},{"not_picked":["hermit:HoleUp+1","hermit:ItchyTrigger+1"],"picked":"hermit:Brawl","floor":54}],"player_experience":386880,"relics_obtained":[{"floor":6,"key":"infinitespire:Satchel"},{"floor":9,"key":"reliquary:TuningFork"},{"floor":13,"key":"Omamori"},{"floor":26,"key":"reliquary:SculptingSteel"},{"floor":29,"key":"Replay:Arrowhead"},{"floor":40,"key":"Happy Flower"},{"floor":46,"key":"Potion Belt"},{"floor":54,"key":"Art of War"}],"event_choices":[{"damage_healed":0,"gold_gain":0,"player_choice":"Trade","damage_taken":0,"relics_obtained":["SsserpentHead"],"max_hp_gain":0,"max_hp_loss":0,"event_name":"FaceTrader","floor":2,"gold_loss":0},{"damage_healed":0,"gold_gain":0,"cards_transformed":["hermit:Strike_Hermit","hermit:Defend_Hermit"],"player_choice":"Became Test Subject","damage_taken":0,"max_hp_gain":0,"max_hp_loss":0,"event_name":"Drug Dealer","floor":19,"gold_loss":0,"cards_obtained":["hermit:FatalDesire","hermit:Dissolve"]},{"damage_healed":0,"gold_gain":0,"player_choice":"Stole Relic","damage_taken":0,"relics_obtained":["Replay:Bottled Eggs"],"max_hp_gain":0,"max_hp_loss":0,"event_name":"Addict","floor":20,"gold_loss":0,"cards_obtained":["Shame"]},{"damage_healed":0,"gold_gain":0,"player_choice":"Ignored","damage_taken":0,"max_hp_gain":0,"max_hp_loss":0,"event_name":"Fountain of Cleansing","floor":47,"gold_loss":0}],"is_beta":false,"boss_relics":[{"not_picked":["hubris:VirtuousBlindfold","Ectoplasm"],"picked":"ReplayTheSpireMod:SealedPack"},{"not_picked":["hubris:ScarierMask","Runic Dome"],"picked":"SlaversCollar"}],"items_purged_floors":[10,21,53],"is_endless":false,"potions_floor_spawned":[4,5,8,16,18,24,29,31,38,40,42,46,48],"ascension_level":4}}