{"host":"Pascal","time":1614371761,"event":{"mods":["BaseMod","Googly Eyes","Minty Spire (QoL Compilation)","Permanent Neow","Relic Stats","StSLib"],"gold_per_floor":[13,13,30,46,123,123,143,143,191,116,130,160,160,191,191,286,286,301,301,132,57,73,73,73,73,73,105,121,131,147,180,180,283,283,296,296,31,50,50,50,60,60,86,136,60,94,94,94,94,94,94,94,26,61,61,61],"floor_reached":55,"language":"ENG","playtime":7507,"items_purged":["Pain","Gash"],"score":774,"play_id":"bc6441fa-2bbb-4000-b1c5-84f0725f3d9c","local_time":"20210226213601","is_ascension_mode":true,"campfire_choices":[{"data":"Loop","floor":6.0,"key":"SMITH"},{"data":"Tempest","floor":8.0,"key":"SMITH"},{"floor":15.0,"key":"REST"},{"data":"Thunder Strike","floor":24.0,"key":"SMITH"},{"data":"Go for the Eyes","floor":32.0,"key":"SMITH"},{"data":"Loop","floor":40.0,"key":"SMITH"},{"floor":42.0,"key":"RECALL"},{"floor":49,"key":"REST"},{"data":"Electrodynamics","floor":52,"key":"SMITH"}],"circlet_count":0,"master_deck":["Defend_B","Defend_B","Defend_B","Zap","Genetic Algorithm","Tempest+1","Loop+1","Go for the Eyes+1","Thunder Strike+1","Leap","Self Repair","Conserve Battery+1","Undo","Steam","Electrodynamics+1","Ball Lightning","Turbo+1","Core Surge","Ball Lightning","White Noise+1","Amplify+1","Steam Power+1","Seek+1","Loop+1","Double Energy+1","Leap+1","BootSequence+1","Reboot+1","Madness+1","Madness+1","Defragment"],"relics":["Cracked Core","WarpedTongs","Question Card","Bag of Marbles","Singing Bowl","CaptainsWheel","White Beast Statue","Nuclear Battery","Prayer Wheel","Pen Nib","Toxic Egg 2","Inserter","Turnip","Smiling Mask","Blood Vial"],"acts_visited":["Exordium","TheCity","TheBeyond","TheEnding"],"potions_floor_usage":[46,46,50,50,55],"damage_taken":[{"damage":0.0,"enemies":"Small Slimes","floor":1.0,"turns":4.0},{"damage":5.0,"enemies":"Cultist","floor":3.0,"turns":4.0},{"damage":6.0,"enemies":"Jaw Worm","floor":4.0,"turns":4.0},{"damage":5.0,"enemies":"Large Slime","floor":7.0,"turns":5.0},{"damage":3.0,"enemies":"Looter","floor":11.0,"turns":3.0},{"damage":7.0,"enemies":"Lagavulin","floor":14.0,"turns":6.0},{"damage":12.0,"enemies":"The Guardian","floor":16.0,"turns":10.0},{"damage":9.0,"enemies":"2 Thieves","floor":18.0,"turns":4.0},{"damage":0.0,"enemies":"Chosen","floor":22.0,"turns":3.0},{"damage":10.0,"enemies":"Slavers","floor":27.0,"turns":4.0},{"damage":0.0,"enemies":"Sentry and Sphere","floor":28.0,"turns":3.0},{"damage":0.0,"enemies":"Shelled Parasite and Fungi","floor":29.0,"turns":3.0},{"damage":0.0,"enemies":"Centurion and Healer","floor":30.0,"turns":3.0},{"damage":10.0,"enemies":"Book of Stabbing","floor":31.0,"turns":3.0},{"damage":43.0,"enemies":"Collector","floor":33.0,"turns":7.0},{"damage":5.0,"enemies":"3 Shapes","floor":35.0,"turns":4.0},{"damage":5.0,"enemies":"Orb Walker","floor":38.0,"turns":4.0},{"damage":0.0,"enemies":"4 Shapes","floor":41.0,"turns":1.0},{"damage":0.0,"enemies":"Mind Bloom Boss Battle","floor":44.0,"turns":5.0},{"damage":28,"enemies":"Giant Head","floor":46,"turns":6},{"damage":56,"enemies":"Time Eater","floor":50,"turns":11},{"damage":23,"enemies":"Shield and Spear","floor":54,"turns":4},{"damage":101,"enemies":"The Heart","floor":55,"turns":6}],"seed_played":"6821425520048161846","potions_obtained":[{"floor":4.0,"key":"EssenceOfDarkness"},{"floor":11.0,"key":"PowerPotion"},{"floor":14.0,"key":"GamblersBrew"},{"floor":16.0,"key":"GamblersBrew"},{"floor":18.0,"key":"DuplicationPotion"},{"floor":22.0,"key":"AttackPotion"},{"floor":27.0,"key":"Weak Potion"},{"floor":28.0,"key":"Strength Potion"},{"floor":29.0,"key":"AttackPotion"},{"floor":30.0,"key":"AttackPotion"},{"floor":31.0,"key":"SteroidPotion"},{"floor":33.0,"key":"GamblersBrew"},{"floor":35.0,"key":"Block Potion"},{"floor":41.0,"key":"SkillPotion"},{"floor":46,"key":"SkillPotion"},{"floor":54,"key":"SkillPotion"}],"is_trial":false,"path_per_floor":["M","?","M","M","T","R","M","R","T","$","M","?","?","E","R","B",null,"M","?","$","?","M","$","R","?","T","E","M","M","M","E","R","B",null,"M","?","$","M","?","R","M","R","T","?","$","E","$","?","R","B",null,"R","$","E","B"],"character_chosen":"DEFECT","items_purchased":["Self Repair","Seek+1","Loop","Double Energy+1","BootSequence+1","Defragment"],"campfire_rested":2,"item_purchase_floors":[20,37,37,37,45,53],"current_hp_per_floor":[75,75,70,64,64,64,59,59,59,59,56,56,44,37,59,47,75,66,66,66,66,66,66,66,66,66,63,70,72,79,76,76,40,79,76,76,76,83,83,83,87,87,87,89,89,61,61,50,76,30,89,89,89,68,0,0],"gold":61,"neow_bonus":"REMOVE_TWO","is_daily":false,"chose_seed":false,"campfire_upgraded":6,"win_rate":0.0,"timestamp":1614371761,"path_taken":["M","?","M","?","?","R","M","R","T","$","M","?","?","E","R","BOSS","M","?","$","?","M","$","R","?","T","E","M","M","M","E","R","BOSS","M","?","?","M","?","R","M","R","T","?","$","E","$","?","R","BOSS","R","$","E","BOSS"],"items_purchased_type":["Card","Card","Card","Card","Card","Card"],"build_version":"2020-12-18","purchased_purges":2,"victory":false,"max_hp_per_floor":[75,75,75,75,75,75,75,75,75,75,75,75,75,75,75,75,75,75,75,75,75,75,75,75,75,75,75,75,77,79,79,79,79,79,81,81,81,83,83,83,87,87,87,89,89,89,89,89,89,89,89,89,89,91,91,91],"relic_stats":{"Blood Vial":2,"Inserter":[20],"Singing Bowl":16,"counters":[23,106],"Prayer Wheel":6,"Pen Nib":[4],"Turnip":[2],"Question Card":24,"Smiling Mask":0,"obtain_stats":[{"Inserter":34,"Singing Bowl":12,"Pen Nib":27,"Question Card":5,"Smiling Mask":46,"White Beast Statue":14,"WarpedTongs":2,"Nuclear Battery":17,"Blood Vial":54,"CaptainsWheel":13,"Prayer Wheel":26,"Turnip":44,"Bag of Marbles":9,"Toxic Egg 2":31,"Cracked Core":0},{"Inserter":15,"Singing Bowl":5,"Pen Nib":10,"Question Card":3,"Smiling Mask":20,"White Beast Statue":6,"WarpedTongs":1,"Nuclear Battery":7,"Blood Vial":22,"CaptainsWheel":5,"Prayer Wheel":9,"Turnip":19,"Bag of Marbles":4,"Toxic Egg 2":14,"Cracked Core":0},{"Inserter":66,"Singing Bowl":20,"Pen Nib":47,"Question Card":12,"Smiling Mask":86,"White Beast Statue":26,"WarpedTongs":4,"Nuclear Battery":36,"Blood Vial":100,"CaptainsWheel":20,"Prayer Wheel":43,"Turnip":80,"Bag of Marbles":17,"Toxic Egg 2":59,"Cracked Core":0}],"WarpedTongs":[100]},"card_choices":[{"not_picked":["Redo","Doom and Gloom"],"picked":"Genetic Algorithm","floor":1.0},{"not_picked":["Cold Snap","Barrage"],"picked":"Tempest","floor":3.0},{"not_picked":["Glacier","Aggregate"],"picked":"Loop","floor":4.0},{"not_picked":["Force Field","Beam Cell","Stack"],"picked":"Gash","floor":7.0},{"not_picked":["Compile Driver","Rebound","Redo","Glacier"],"picked":"SKIP","floor":11.0},{"not_picked":["Cold Snap","Steam","Undo"],"picked":"Go for the Eyes","floor":14.0},{"not_picked":["Buffer","Amplify","All For One"],"picked":"Thunder Strike","floor":16.0},{"not_picked":["Reinforced Body","Cold Snap","Compile Driver+1"],"picked":"Leap","floor":18.0},{"not_picked":["Hello World","Sweeping Beam","Undo"],"picked":"Conserve Battery+1","floor":22.0},{"not_picked":["BootSequence","Hologram+1","Recycle"],"picked":"Electrodynamics","floor":27.0},{"not_picked":["Skim","Heatsinks","Beam Cell"],"picked":"Ball Lightning","floor":28.0},{"not_picked":["Rip and Tear+1","Go for the Eyes+1","Hologram+1"],"picked":"Turbo+1","floor":28.0},{"not_picked":["Chaos","Leap","Go for the Eyes"],"picked":"Core Surge","floor":29.0},{"not_picked":["Sunder","Gash","Go for the Eyes+1","Barrage"],"picked":"Singing Bowl","floor":29.0},{"not_picked":["Steam","Chill","Stack","Sweeping Beam"],"picked":"Singing Bowl","floor":30.0},{"not_picked":["Go for the Eyes","Stack","Blizzard"],"picked":"Ball Lightning","floor":30.0},{"not_picked":["Rebound","Go for the Eyes+1","Barrage"],"picked":"White Noise+1","floor":31.0},{"not_picked":["Electrodynamics","All For One","Core Surge"],"picked":"Amplify+1","floor":33.0},{"not_picked":["Scrape","Ball Lightning+1","Rebound","Compile Driver"],"picked":"Singing Bowl","floor":35.0},{"not_picked":["Beam Cell+1","Barrage+1","Recycle+1"],"picked":"Steam Power+1","floor":35.0},{"not_picked":["Ball Lightning","All For One","Coolheaded+1","Glacier+1"],"picked":"Singing Bowl","floor":38.0},{"not_picked":["Skim+1","Turbo+1","Machine Learning"],"picked":"Leap+1","floor":38.0},{"not_picked":["Streamline+1","Turbo+1","Cold Snap","Barrage+1"],"picked":"Singing Bowl","floor":41.0},{"not_picked":["Go for the Eyes","Stack+1","Cold Snap+1","Melter"],"picked":"Singing Bowl","floor":41.0},{"not_picked":["Streamline","Turbo+1","Sunder+1","Stack+1"],"picked":"Singing Bowl","floor":44.0},{"not_picked":["FTL+1","Chaos+1","Rebound+1"],"picked":"Reboot+1","floor":46},{"not_picked":["Coolheaded+1","Aggregate+1","Reprogram+1","Genetic Algorithm+1"],"picked":"Singing Bowl","floor":54}],"player_experience":219098,"relics_obtained":[{"floor":5.0,"key":"Question Card"},{"floor":9.0,"key":"Bag of Marbles"},{"floor":14.0,"key":"White Beast Statue"},{"floor":26.0,"key":"Prayer Wheel"},{"floor":27.0,"key":"Pen Nib"},{"floor":31.0,"key":"Toxic Egg 2"},{"floor":44.0,"key":"Turnip"},{"floor":46,"key":"Smiling Mask"},{"floor":54,"key":"Blood Vial"}],"event_choices":[{"damage_healed":0.0,"max_hp_gain":0.0,"max_hp_loss":0.0,"gold_gain":0.0,"event_name":"Accursed Blacksmith","player_choice":"Rummage","floor":2.0,"gold_loss":0.0,"damage_taken":0.0,"relics_obtained":["WarpedTongs"],"cards_obtained":["Pain"]},{"damage_healed":0.0,"max_hp_gain":0.0,"max_hp_loss":0.0,"gold_gain":30.0,"event_name":"Dead Adventurer","player_choice":"Searched \u00273\u0027 times","floor":12.0,"gold_loss":0.0,"damage_taken":0.0,"relics_obtained":["Singing Bowl"]},{"damage_healed":0.0,"max_hp_gain":0.0,"max_hp_loss":0.0,"gold_gain":0.0,"event_name":"Scrap Ooze","player_choice":"Success","floor":13.0,"gold_loss":0.0,"damage_taken":12.0,"relics_obtained":["CaptainsWheel"]},{"damage_healed":0.0,"max_hp_gain":0.0,"max_hp_loss":0.0,"gold_gain":0.0,"event_name":"Vampires","player_choice":"Ignored","floor":19.0,"gold_loss":0.0,"damage_taken":0.0},{"cards_removed":["Strike_B"],"damage_healed":0.0,"max_hp_gain":0.0,"max_hp_loss":0.0,"gold_gain":0.0,"event_name":"Beggar","player_choice":"Gave Gold","floor":21.0,"gold_loss":75.0,"damage_taken":0.0},{"damage_healed":0.0,"max_hp_gain":0.0,"max_hp_loss":0.0,"gold_gain":0.0,"cards_transformed":["Strike_B","Defend_B"],"event_name":"Drug Dealer","player_choice":"Became Test Subject","floor":25.0,"gold_loss":0.0,"damage_taken":0.0,"cards_obtained":["Undo","Steam"]},{"damage_healed":0.0,"max_hp_gain":0.0,"max_hp_loss":0.0,"gold_gain":0.0,"event_name":"Tomb of Lord Red Mask","player_choice":"Ignored","floor":36.0,"gold_loss":0.0,"damage_taken":0.0},{"cards_removed":["Dualcast"],"damage_healed":0.0,"max_hp_gain":0.0,"max_hp_loss":0.0,"gold_gain":0.0,"event_name":"Falling","player_choice":"Removed Skill","floor":39.0,"gold_loss":0.0,"damage_taken":0.0},{"damage_healed":0.0,"max_hp_gain":0.0,"max_hp_loss":0.0,"gold_gain":0.0,"event_name":"MindBloom","player_choice":"Fight","floor":44.0,"gold_loss":0.0,"damage_taken":0.0},{"damage_healed":0,"gold_gain":0,"player_choice":"Embrace Madness","damage_taken":11,"max_hp_gain":0,"max_hp_loss":0,"event_name":"Winding Halls","floor":48,"gold_loss":0,"cards_obtained":["Madness","Madness"]}],"is_beta":true,"boss_relics":[{"not_picked":["Calling Bell","SlaversCollar"],"picked":"Nuclear Battery"},{"not_picked":["Philosopher\u0027s Stone","Sozu"],"picked":"Inserter"}],"items_purged_floors":[10,20],"is_endless":false,"potions_floor_spawned":[4,11,14,16,18,22,27,28,29,30,31,33,35,38,41,44,46,54],"killed_by":"The Heart","ascension_level":2}}