{"host":"RampantMystic","time":1614322575,"event":{"mods":["Act Like it!","BaseMod","Bestiary","Better Match","Better Third Choice","Better Vampires","Block Reminder","Bossed Relics","ChefMod","Conjunction","Conspire","Dota2Spire","Evolution","GifTheSpireLib","Infinite Spire","Menagerie","Minty Spire (QoL Compilation)","Potionbrewer","QueenMod","Rare Cards Sparkle","Relic Stats","Reliquary","Replay The Spire","Spicy Shops","Spikes Relics","Spire Arcade","StSLib","Stuff the Spire","Swap Starting Deck Mod","The Blackbeard","The Blue Laboratory","The Cursed","The Jungle","The Mystic","The Necromancer","The Runesmith","TheVacant","Thieving Mod","Wandering Minibosses","Weighted Paths","slay the spire mod where everything is the same but ironclad has a cowboy hat"],"gold_per_floor":[119,15,15,33,50,83,83,111,173,185,197,239,251,38,38,136,136,150,169,169,26,26,26,73,108,134,175,175,175,175,210,210,326,326,383,383,383,383,435,435,285,285,367,432,489,489,489,1355,1355,1370],"floor_reached":51,"language":"ENG","playtime":2596,"items_purged":[],"score":1127,"play_id":"acd0bdef-6ff6-4d78-bcdd-daac261ad91e","local_time":"20210226085615","is_ascension_mode":true,"campfire_choices":[{"data":"blackbeard:CloakAndCannonball","floor":7,"key":"SMITH"},{"data":"blackbeard:BoostMorale","floor":10,"key":"SMITH"},{"data":"blackbeard:InfiniteBarrage","floor":15,"key":"SMITH"},{"floor":23,"key":"REST"},{"data":"blackbeard:CloakAndCannonball","floor":28,"key":"SMITH"},{"data":"blackbeard:FinalBarrage","floor":30,"key":"SMITH"},{"data":"blackbeard:FinalBarrage","floor":32,"key":"SMITH"},{"data":"blackbeard:BeatUp","floor":40,"key":"SMITH"},{"data":"blackbeard:GoldenCannonball","floor":42,"key":"SMITH"},{"floor":47,"key":"REST"},{"data":"blackbeard:GoldenDefense","floor":49,"key":"SMITH"}],"circlet_count":0,"master_deck":["blackbeard:BlackbeardStrike","blackbeard:IntimidatingStrike+1","blackbeard:BlackbeardDefend+1","blackbeard:BlackbeardDefend+1","blackbeard:BlackbeardDefend+1","blackbeard:BlackbeardDefend+1","blackbeard:Cutlass","blackbeard:CloakAndCannonball+1","blackbeard:FieryDefense","blackbeard:FinalBarrage+1","blackbeard:BoostMorale+1","blackbeard:BeatUp+1","blackbeard:InfiniteBarrage+1","blackbeard:FinalBarrage+1","blackbeard:GoldenCannonball+1","blackbeard:Dagger","StuffTheSpire:DeathNote","blackbeard:CatONineTails+1","blackbeard:GoldenDefense+1","blackbeard:CloakAndCannonball+1","blackbeard:GoldenGuillotine+1","blackbeard:FinalBarrage+1","blackbeard:InfiniteBarrage+1","infinitespire:Menacing","blackbeard:FieryDefense"],"relics":["blackbeard:LoadTheCannons","EVO:Axolotl","Sundial","MawBank","SpikesRelics:DaevaFist","Dota2Spire:Desolator","Bag of Preparation","reliquary:KinkedSpring","blackbeard:TreasureChest","infinitespire:EmpoweringShard","Dota2Spire:ArmletOfMordiggian","Golden Egg","Centennial Puzzle","infinitespire:EvilPickle","Empty Cage","DollysMirror","Replay:Bottled Eggs","Dota2Spire:PhaseBoots","wanderingMiniBosses:MasterThiefsPresence"],"acts_visited":["Exordium","TheCity","TheBeyond"],"potions_floor_usage":[6,16,33,33,50,50],"damage_taken":[{"damage":0,"enemies":"2 Louse","floor":1,"turns":3},{"damage":0,"enemies":"Cultist","floor":4,"turns":2},{"damage":0,"enemies":"Jaw Worm","floor":5,"turns":3},{"damage":2,"enemies":"Lagavulin","floor":6,"turns":5},{"damage":10,"enemies":"3 Sentries","floor":8,"turns":7},{"damage":10,"enemies":"Gremlin Nob","floor":12,"turns":3},{"damage":7,"enemies":"Slime Boss","floor":16,"turns":4},{"damage":0,"enemies":"3 Byrds","floor":18,"turns":5},{"damage":11,"enemies":"conspire:FuzzyDice","floor":19,"turns":3},{"damage":0,"enemies":"Book of Stabbing","floor":24,"turns":3},{"damage":11,"enemies":"Snake Plant","floor":25,"turns":2},{"damage":0,"enemies":"Slavers","floor":27,"turns":2},{"damage":0,"enemies":"Snecko","floor":31,"turns":2},{"damage":13,"enemies":"Pondfish","floor":33,"turns":6},{"damage":0,"enemies":"Orb Walker","floor":35,"turns":1},{"damage":0,"enemies":"3 Shapes","floor":39,"turns":11},{"damage":17,"enemies":"R_Hoarder","floor":44,"turns":4},{"damage":0,"enemies":"Maw","floor":45,"turns":3},{"damage":0,"enemies":"4 Shapes","floor":48,"turns":5},{"damage":0,"enemies":"Time Eater","floor":50,"turns":3}],"seed_played":"-8502607515901054596","potions_obtained":[{"floor":3,"key":"Cursed Concoction"},{"floor":3,"key":"potionbrewer:NoxiousPotion"},{"floor":3,"key":"blueLaboratory:SavagePotion"},{"floor":4,"key":"blackbeard:OrangeJuicePotion"},{"floor":8,"key":"blueLaboratory:PhilterOfMotion"},{"floor":12,"key":"LifebloodPotion"},{"floor":19,"key":"Dexterity Potion"},{"floor":44,"key":"Death Potion"},{"floor":45,"key":"blueLaboratory:ImpenetrablePotion"}],"is_trial":false,"path_per_floor":["M","$","?","M","M","E","R","E","T","R","$","E","?","$","R","B",null,"M","M","?","$","?","R","E","M","T","E","R","T","R","M","R","B",null,"M","?","?","?","M","R","$","R","T","E","M","?","R","M","R","B",null],"character_chosen":"BLACKBEARD_CLASS","items_purchased":["blackbeard:CloakAndCannonball","Bag of Preparation","blackbeard:InfiniteBarrage","blackbeard:TreasureChest","DollysMirror"],"campfire_rested":2,"item_purchase_floors":[2,14,14,21,41],"current_hp_per_floor":[75,75,75,75,75,73,73,63,63,63,63,53,53,53,53,46,75,75,64,64,64,44,66,66,55,55,55,55,55,55,55,55,50,75,75,75,75,75,75,75,75,75,75,58,58,40,62,62,62,62],"gold":1370,"neow_bonus":"UPGRADE_CARD","is_daily":false,"chose_seed":false,"campfire_upgraded":9,"win_rate":0.0,"timestamp":1614322575,"path_taken":["M","$","?","?","M","E","R","E","T","R","$","E","?","?","R","BOSS","M","M","?","?","?","R","E","M","T","E","R","?","R","?","R","BOSS","M","?","?","?","M","R","$","R","T","E","?","?","R","M","R","BOSS"],"items_purchased_type":["Card","Relic","Card","Relic","Relic"],"build_version":"2020-12-18","purchased_purges":0,"victory":true,"max_hp_per_floor":[75,75,75,75,75,75,75,75,75,75,75,75,75,75,75,75,75,75,75,75,75,75,75,75,75,75,75,75,75,75,75,75,75,75,75,75,75,75,75,75,75,75,75,75,75,75,75,75,75,75],"relic_stats":{"Centennial Puzzle":[6],"counters":[20,76],"Sundial":[6],"Bag of Preparation":[31],"MawBank":72,"obtain_stats":[{"Golden Egg":27,"blackbeard:LoadTheCannons":0,"Dota2Spire:ArmletOfMordiggian":26,"wanderingMiniBosses:MasterThiefsPresence":48,"Bag of Preparation":14,"EVO:Axolotl":0,"MawBank":8,"Empty Cage":34,"reliquary:KinkedSpring":17,"infinitespire:EvilPickle":33,"blackbeard:TreasureChest":21,"Centennial Puzzle":29,"Sundial":6,"DollysMirror":41,"SpikesRelics:DaevaFist":9,"infinitespire:EmpoweringShard":24,"Replay:Bottled Eggs":43,"Dota2Spire:Desolator":12,"Dota2Spire:PhaseBoots":44},{"Golden Egg":12,"blackbeard:LoadTheCannons":0,"Dota2Spire:ArmletOfMordiggian":11,"wanderingMiniBosses:MasterThiefsPresence":19,"Bag of Preparation":6,"EVO:Axolotl":0,"MawBank":5,"Empty Cage":14,"reliquary:KinkedSpring":7,"infinitespire:EvilPickle":14,"blackbeard:TreasureChest":9,"Centennial Puzzle":12,"Sundial":4,"DollysMirror":16,"SpikesRelics:DaevaFist":5,"infinitespire:EmpoweringShard":10,"Replay:Bottled Eggs":16,"Dota2Spire:Desolator":6,"Dota2Spire:PhaseBoots":17},{"Golden Egg":42,"blackbeard:LoadTheCannons":0,"Dota2Spire:ArmletOfMordiggian":40,"wanderingMiniBosses:MasterThiefsPresence":73,"Bag of Preparation":23,"EVO:Axolotl":0,"MawBank":20,"Empty Cage":50,"reliquary:KinkedSpring":27,"infinitespire:EvilPickle":50,"blackbeard:TreasureChest":35,"Centennial Puzzle":42,"Sundial":13,"DollysMirror":61,"SpikesRelics:DaevaFist":20,"infinitespire:EmpoweringShard":38,"Replay:Bottled Eggs":61,"Dota2Spire:Desolator":23,"Dota2Spire:PhaseBoots":65}]},"card_choices":[{"not_picked":["blackbeard:WoodenLeg","blackbeard:Dagger","blackbeard:RearmingStrike"],"picked":"SKIP","floor":1},{"not_picked":["blackbeard:Toast","blackbeard:AgileStrike","blackbeard:RearmingStrike"],"picked":"SKIP","floor":4},{"not_picked":["blackbeard:Toast","blackbeard:DeadlyArsenal"],"picked":"blackbeard:FieryDefense","floor":5},{"not_picked":["blackbeard:SwordDance","blackbeard:TheDrunkenSailor"],"picked":"blackbeard:FinalBarrage","floor":6},{"not_picked":["blackbeard:TacticalRetreat","blackbeard:DeadlyArsenal"],"picked":"blackbeard:BoostMorale","floor":8},{"not_picked":["blackbeard:GhostInTheRum","blackbeard:Sharpening"],"picked":"blackbeard:BeatUp","floor":12},{"not_picked":["blackbeard:WeaponMastery","blackbeard:HumongousCannonball"],"picked":"blackbeard:FinalBarrage","floor":16},{"not_picked":["blackbeard:DeadlyArsenal","blackbeard:DoubleBottom","blackbeard:Sharpening+1"],"picked":"SKIP","floor":18},{"not_picked":["blackbeard:RearmingStrike","blackbeard:SwordDance"],"picked":"blackbeard:GoldenCannonball","floor":19},{"not_picked":["blackbeard:FieryDefense+1","blackbeard:DeadlyArsenal"],"picked":"blackbeard:CatONineTails+1","floor":24},{"not_picked":["blackbeard:GoldenDefense","blackbeard:Toast","blackbeard:Shrapnel"],"picked":"SKIP","floor":25},{"not_picked":["blackbeard:Toast","blackbeard:Shrapnel"],"picked":"blackbeard:GoldenDefense","floor":25},{"not_picked":["blackbeard:CatONineTails","blackbeard:Upgrade"],"picked":"blackbeard:CloakAndCannonball","floor":27},{"not_picked":["blackbeard:Revenge","blackbeard:PirateEarring","blackbeard:RearmingStrike+1"],"picked":"SKIP","floor":31},{"not_picked":["blackbeard:Revenge","blackbeard:PirateEarring","blackbeard:RearmingStrike+1"],"picked":"SKIP","floor":31},{"not_picked":["blackbeard:Parrot","blackbeard:Halberd"],"picked":"blackbeard:GoldenGuillotine","floor":33},{"not_picked":["blackbeard:SwordDance+1","blackbeard:Shrapnel","blackbeard:Anchor"],"picked":"SKIP","floor":35},{"not_picked":["blackbeard:WoodenLeg","blackbeard:SwordDance+1","blackbeard:JollyRoger"],"picked":"SKIP","floor":39},{"not_picked":["blackbeard:PiratesWill","blackbeard:WiseDefense"],"picked":"blackbeard:InfiniteBarrage+1","floor":44},{"not_picked":["blackbeard:Dagger+1","blackbeard:PirateEarring+1","blackbeard:Sharpening"],"picked":"SKIP","floor":45},{"not_picked":["infinitespire:FinalStrike","Replay:Fractal Strike"],"picked":"infinitespire:Menacing","floor":46},{"not_picked":["blackbeard:BeatUp","blackbeard:CannonballSupply"],"picked":"blackbeard:FieryDefense","floor":48}],"player_experience":1589910,"relics_obtained":[{"floor":6,"key":"Sundial"},{"floor":8,"key":"MawBank"},{"floor":9,"key":"SpikesRelics:DaevaFist"},{"floor":12,"key":"Dota2Spire:Desolator"},{"floor":24,"key":"infinitespire:EmpoweringShard"},{"floor":26,"key":"Dota2Spire:ArmletOfMordiggian"},{"floor":27,"key":"Golden Egg"},{"floor":29,"key":"Centennial Puzzle"},{"floor":43,"key":"Replay:Bottled Eggs"},{"floor":44,"key":"Dota2Spire:PhaseBoots"},{"floor":48,"key":"wanderingMiniBosses:MasterThiefsPresence"}],"event_choices":[{"damage_healed":0,"gold_gain":0,"player_choice":"Got Potions","damage_taken":0,"max_hp_gain":0,"max_hp_loss":0,"event_name":"Lab","floor":3,"gold_loss":0},{"damage_healed":0,"gold_gain":0,"cards_transformed":["blackbeard:BlackbeardStrike"],"player_choice":"Transformed","damage_taken":0,"max_hp_gain":0,"max_hp_loss":0,"event_name":"Transmorgrifier","floor":20,"gold_loss":0,"cards_obtained":["blackbeard:Dagger"]},{"damage_healed":0,"gold_gain":0,"player_choice":"Ignored","damage_taken":0,"max_hp_gain":0,"max_hp_loss":0,"event_name":"Tomb of Lord Red Mask","floor":36,"gold_loss":0},{"damage_healed":0,"gold_gain":0,"cards_transformed":["blackbeard:BlackbeardStrike"],"player_choice":"Transformed","damage_taken":0,"max_hp_gain":0,"max_hp_loss":0,"event_name":"Transmorgrifier","floor":38,"gold_loss":0,"cards_obtained":["blackbeard:GoldenGuillotine"]}],"is_beta":true,"boss_relics":[{"not_picked":["CosmicIsotope","ChewingGum"],"picked":"reliquary:KinkedSpring"},{"not_picked":["ReplayTheSpireMod:SealedPack","SlaversCollar"],"picked":"Empty Cage"}],"items_purged_floors":[],"is_endless":false,"potions_floor_spawned":[4,8,12,18,19,31,44,45,48],"ascension_level":1}}