{"host":"syn2s104037ynsrp","time":1614307414,"event":{"mods":["2.2 Compatiblity","BaseMod","Downfall","Hermit","Minty Spire (QoL Compilation)","StSLib","The Construct","The Marked"],"gold_per_floor":[149,164,264,37,49,49,124,124,61,72,83,83,114,130,147,247,247,247,257,273,155,255,266,266,301,311,76,93,93,93,93],"floor_reached":29,"language":"ENG","playtime":4193,"items_purged":["Slimebound:Defend_Slimebound"],"score":272,"play_id":"09688b2b-f0e4-4b4b-a89d-5b2de40d76d4","local_time":"20210225214334","is_ascension_mode":false,"campfire_choices":[{"data":"Slimebound:Split","floor":1,"key":"SMITH"},{"data":"Slimebound:SplitSpecialist","floor":8,"key":"SMITH"},{"data":"Slimebound:LeadByExample","floor":12,"key":"SMITH"},{"data":"Slimebound:CorrosiveSpit","floor":18,"key":"SMITH"}],"circlet_count":0,"master_deck":["Slimebound:Strike_Slimebound","Slimebound:Strike_Slimebound","Slimebound:Strike_Slimebound","Slimebound:Tackle","Slimebound:Defend_Slimebound","Slimebound:Defend_Slimebound+1","Slimebound:Defend_Slimebound+1","Slimebound:Split+1","Slimebound:CorrosiveSpit+1","Slimebound:LivingWall","Slimebound:SplitSpecialist+1","Slimebound:OneTwoCombo","Slimebound:PressTheAttack","Slimebound:LeadByExample+1","Slimebound:ItLooksTasty","Slimebound:SlimeTap","Slimebound:GoopSpray","Slimebound:SlimeBarrage","Slimebound:SplitAcid","Slimebound:LeechEnergy","Slimebound:SplitSpecialist+1","Slimebound:ProtectTheBoss","Slimebound:OneTwoCombo","Slimebound:DisruptingSlam","Slimebound:SplitBruiser","Slimebound:LeechEnergy","Slimebound:Recollect","Slimebound:RollThrough","Slimebound:OneTwoCombo","Slimebound:Gluttony+1","Slimebound:Schlurp","Slimebound:Prepare"],"relics":["Tiny House","War Paint","Philosopher\u0027s Stone","White Beast Statue","Blood Vial","Darkstone Periapt","Membership Card"],"acts_visited":["Exordium","TheCity"],"potions_floor_usage":[13,16,21,23,25,25,26,26,28,29],"damage_taken":[{"damage":5,"enemies":"Small Slimes","floor":2,"turns":4},{"damage":5,"enemies":"downfall:FleeingMerchant","floor":4,"turns":4},{"damage":0,"enemies":"2 Louse","floor":5,"turns":2},{"damage":2,"enemies":"downfall:FleeingMerchant","floor":9,"turns":4},{"damage":0,"enemies":"Jaw Worm","floor":10,"turns":3},{"damage":3,"enemies":"Exordium Wildlife","floor":11,"turns":3},{"damage":13,"enemies":"Gremlin Nob","floor":13,"turns":3},{"damage":9,"enemies":"Blue Slaver","floor":14,"turns":2},{"damage":6,"enemies":"Red Slaver","floor":15,"turns":3},{"damage":17,"enemies":"DF_ARCHETYPE_STREAMLINE","floor":16,"turns":6},{"damage":2,"enemies":"3 Byrds","floor":19,"turns":4},{"damage":25,"enemies":"downfall:LooterAlt2","floor":20,"turns":5},{"damage":7,"enemies":"downfall:FleeingMerchant","floor":21,"turns":4},{"damage":0,"enemies":"downfall:LadyInBlue","floor":22,"turns":8},{"damage":0,"enemies":"Snecko","floor":23,"turns":3},{"damage":4,"enemies":"Slavers","floor":25,"turns":4},{"damage":10,"enemies":"3 Cultists","floor":26,"turns":4},{"damage":12,"enemies":"downfall:FleeingMerchant","floor":27,"turns":4},{"damage":19,"enemies":"Snake Plant","floor":28,"turns":4},{"damage":12,"enemies":"downfall:FleeingMerchant","floor":29,"turns":2}],"seed_played":"4648738089884418106","potions_obtained":[{"floor":0,"key":"sneckomod:MuddlingPotion"},{"floor":10,"key":"Fruit Juice"},{"floor":14,"key":"CultistPotion"},{"floor":15,"key":"sneckomod:MuddlingPotion"},{"floor":16,"key":"Slimebound:SlimyTonguePotion"},{"floor":22,"key":"LiquidMemories"},{"floor":22,"key":"CultistPotion"},{"floor":22,"key":"Swift Potion"},{"floor":23,"key":"champ:CounterPotion"},{"floor":25,"key":"SpeedPotion"},{"floor":26,"key":"Ancient Potion"},{"floor":27,"key":"ColorlessPotion"},{"floor":28,"key":"SkillPotion"}],"is_trial":false,"path_per_floor":["R","M","?","$","M","?","T","R","$","M","M","R","E","M","M","B",null,"R","M","M","$","?","M","T","E","M","$","M","$"],"character_chosen":"SLIMEBOUND","items_purchased":["Slimebound:PressTheAttack","Slimebound:LeadByExample","Slimebound:ItLooksTasty","Slimebound:SlimeTap","Slimebound:SplitAcid","Slimebound:LeechEnergy","Slimebound:Recollect","Membership Card","Slimebound:Schlurp"],"campfire_rested":0,"item_purchase_floors":[4,4,4,4,9,21,21,27,27],"current_hp_per_floor":[70,65,65,60,60,65,65,65,63,63,60,60,52,43,37,20,80,80,78,53,46,46,46,46,44,36,26,9,0,0,0],"gold":93,"neow_bonus":"BOSS_RELIC","is_daily":false,"chose_seed":false,"campfire_upgraded":4,"win_rate":0.0,"timestamp":1614307414,"path_taken":["R","M","?","$","M","?","T","R","?","?","M","R","E","M","M","BOSS","R","M","M","$","?","?","T","E","?","$","M","$"],"items_purchased_type":["Card","Card","Card","Card","Card","Card","Card","Relic","Card"],"build_version":"2020-12-22","purchased_purges":1,"victory":false,"max_hp_per_floor":[70,70,70,70,70,75,75,75,75,75,75,75,80,80,80,80,80,80,80,80,80,80,80,80,80,80,80,80,80,80,80],"card_choices":[{"not_picked":["Slimebound:SlimeSpikes","Slimebound:FinishingTackle"],"picked":"Slimebound:LivingWall","floor":0},{"not_picked":["Slimebound:RollThrough","Slimebound:FinishingTackle"],"picked":"Slimebound:SplitSpecialist","floor":2},{"not_picked":["Slimebound:Prepare","Slimebound:SplitBruiser"],"picked":"Slimebound:OneTwoCombo","floor":4},{"not_picked":["Slimebound:Prepare","Slimebound:FinishingTackle"],"picked":"Slimebound:GoopSpray","floor":5},{"not_picked":["Slimebound:LeadByExample","Slimebound:ComboTackle"],"picked":"Slimebound:SlimeBarrage","floor":9},{"not_picked":["Slimebound:GoopSpray","Slimebound:HauntingLick"],"picked":"Slimebound:LeechEnergy","floor":10},{"not_picked":["Slimebound:ForwardTackle","Slimebound:ProtectTheBoss"],"picked":"Slimebound:SplitSpecialist","floor":11},{"not_picked":["Slimebound:DisruptingSlam","Slimebound:LeadByExample","Slimebound:ComboTackle"],"picked":"SKIP","floor":13},{"not_picked":["Slimebound:LivingWall","Slimebound:FinishingTackle","Slimebound:ComboTackle"],"picked":"SKIP","floor":14},{"not_picked":["Slimebound:LeechingTouch","Slimebound:Prepare"],"picked":"Slimebound:ProtectTheBoss","floor":15},{"not_picked":["Slimebound:CheckThePlaybook","Slimebound:DouseInSlime"],"picked":"Slimebound:OneTwoCombo","floor":16},{"not_picked":["Slimebound:Prepare","Slimebound:HauntingLick"],"picked":"Slimebound:DisruptingSlam","floor":19},{"not_picked":["Slimebound:LivingWall","Slimebound:Chomp","Slimebound:ViciousTackle+1"],"picked":"SKIP","floor":20},{"not_picked":["Slimebound:GoopSpray","Slimebound:ComboTackle"],"picked":"Slimebound:SplitBruiser","floor":21},{"not_picked":["Slimebound:AcidTongue","Slimebound:ProtectTheBoss"],"picked":"Slimebound:RollThrough","floor":22},{"not_picked":["Slimebound:SplitLeeching","Slimebound:Recollect+1"],"picked":"Slimebound:OneTwoCombo","floor":23},{"not_picked":["Slimebound:TongueLash+1","Slimebound:LeechEnergy"],"picked":"Slimebound:Gluttony+1","floor":25},{"not_picked":["Slimebound:GoopSpray+1","Slimebound:LeechEnergy","Slimebound:LivingWall"],"picked":"SKIP","floor":26},{"not_picked":["Slimebound:ComboTackle","Slimebound:RollThrough","Slimebound:HungryTackle"],"picked":"SKIP","floor":27},{"not_picked":["Slimebound:FinishingTackle","Slimebound:LivingWall"],"picked":"Slimebound:Prepare","floor":28}],"player_experience":600235,"relics_obtained":[{"floor":13,"key":"War Paint"},{"floor":22,"key":"White Beast Statue"},{"floor":24,"key":"Blood Vial"},{"floor":25,"key":"Darkstone Periapt"}],"event_choices":[{"damage_healed":0,"gold_gain":0,"player_choice":"Donut","damage_taken":0,"max_hp_gain":5,"max_hp_loss":0,"event_name":"Big Fish","floor":6,"gold_loss":0}],"is_beta":false,"boss_relics":[{"not_picked":["Astrolabe","Sozu"],"picked":"Philosopher\u0027s Stone"}],"items_purged_floors":[27],"is_endless":false,"potions_floor_spawned":[10,14,15,16,22,23,25,26,27,28],"killed_by":"downfall:FleeingMerchant","ascension_level":0}}