{"host":"18wi9kpcl4eah7pe","time":1614369053,"event":{"mods":["BaseMod","Colored Powertips","Downfall","Minty Spire (QoL Compilation)","StSLib"],"gold_per_floor":[99,116,131,186,361,371,371,171,186,186,186,213,113,133,146,242,242,242,50,150,160,160,160,160],"floor_reached":22,"language":"ENG","playtime":1072,"items_purged":["Doubt"],"score":218,"play_id":"5c0fc103-c971-4d8b-a566-86cc072556d6","local_time":"20210226135053","is_ascension_mode":true,"campfire_choices":[{"floor":1.0,"key":"RECALL"},{"floor":8.0,"key":"REST"},{"floor":13.0,"key":"REST"},{"data":"champ:TripleStrike","floor":18.0,"key":"SMITH"}],"circlet_count":0,"master_deck":["champ:Strike","champ:Strike+1","champ:Defend","champ:Defend","champ:Defend","champ:Execute","champ:Taunt","champ:BringItOn","champ:CalledShot","champ:StanceDance","champ:Shatter+1","champ:TornadoPunch","CurseOfTheBell","CurseOfTheBell","champ:Improvising","champ:FancyFootwork","champ:FanOfKnives","champ:Shatter","champ:TripleStrike+1","champ:EnchantSword+1","champ:BerserkersShout+1","champ:DefensiveStyle+1","champ:EnGarde","champ:Taunt","champ:TornadoPunch","champ:Duel","champ:Improvising","Panacea","Regret","champ:PerfectedStrike","champ:ShieldWall+1","champ:SteelEdge"],"relics":["champ:ChampionCrown","Calipers","downfall:HeartBlessingRed","downfall:HeartBlessingBlue","downfall:ExtraCursedBell","Centennial Puzzle","Pantograph","Prayer Wheel","Nunchaku","Whetstone","downfall:HeartBlessingGreen","Astrolabe","downfall:GremlinSack"],"acts_visited":["Exordium","TheCity"],"potions_floor_usage":[22],"damage_taken":[{"damage":22.0,"enemies":"Jaw Worm","floor":2.0,"turns":4.0},{"damage":20.0,"enemies":"Small Slimes","floor":3.0,"turns":3.0},{"damage":52.0,"enemies":"Lagavulin Event","floor":4.0,"turns":7.0},{"damage":10.0,"enemies":"2 Louse","floor":6.0,"turns":5.0},{"damage":13.0,"enemies":"Lots of Slimes","floor":9.0,"turns":4.0},{"damage":28.0,"enemies":"3 Sentries","floor":12.0,"turns":8.0},{"damage":3.0,"enemies":"Exordium Wildlife","floor":14.0,"turns":2.0},{"damage":13.0,"enemies":"Gremlin Gang","floor":15.0,"turns":3.0},{"damage":77.0,"enemies":"WA_ARCHETYPE_RETAIN","floor":16.0,"turns":10.0},{"damage":19.0,"enemies":"downfall:FleeingMerchant","floor":19.0,"turns":4.0},{"damage":89.0,"enemies":"downfall:FleeingMerchant","floor":20.0,"turns":6.0},{"damage":18.0,"enemies":"Shell Parasite","floor":21.0,"turns":4.0},{"damage":11,"enemies":"downfall:LooterAlt2","floor":22,"turns":1}],"seed_played":"-2817742200762443338","potions_obtained":[{"floor":0.0,"key":"hexamod:SoulburnPotion"},{"floor":0.0,"key":"Block Potion"},{"floor":0.0,"key":"sneckomod:MuddlingPotion"},{"floor":2.0,"key":"Slimebound:ThreeZeroPotion"},{"floor":3.0,"key":"AttackPotion"},{"floor":6.0,"key":"Block Potion"},{"floor":20.0,"key":"Weak Potion"}],"is_trial":false,"path_per_floor":["R","M","M","?","?","M","T","R","M","?","T","E","R","M","M","B",null,"R","$","?","M","M"],"character_chosen":"THE_CHAMP","items_purchased":["Fruit Juice"],"campfire_rested":2,"item_purchase_floors":[19],"current_hp_per_floor":[90,78,68,26,26,26,26,66,63,63,63,55,85,82,69,32,100,100,101,27,9,0,0,0],"gold":160,"neow_bonus":"THREE_SMALL_POTIONS","is_daily":false,"chose_seed":false,"campfire_upgraded":1,"win_rate":0.0,"timestamp":1614369053,"path_taken":["R","M","M","?","?","M","T","R","M","?","?","E","R","M","M","BOSS","R","?","?","?","M"],"items_purchased_type":["Potion"],"build_version":"2020-12-22","purchased_purges":1,"victory":false,"max_hp_per_floor":[90,90,90,90,90,90,90,100,100,100,100,100,100,100,100,100,100,100,105,105,105,105,105,105],"card_choices":[{"not_picked":["champ:Endure","champ:Backstep"],"picked":"champ:BringItOn","floor":2.0},{"not_picked":["champ:PerfectedStrike","champ:Endure"],"picked":"champ:CalledShot","floor":3.0},{"not_picked":["champ:AdrenalArmor","champ:Haymaker"],"picked":"champ:StanceDance","floor":4.0},{"not_picked":["champ:RapidStrikes","champ:StanceDance"],"picked":"champ:Shatter","floor":6.0},{"not_picked":["champ:Encircle","champ:HeartStrike"],"picked":"champ:TornadoPunch","floor":9.0},{"not_picked":["champ:BerserkersShout","champ:GladiatorStyle"],"picked":"champ:Improvising","floor":12.0},{"not_picked":["champ:CrownThrow","champ:FlashCut"],"picked":"champ:FancyFootwork","floor":14.0},{"not_picked":["champ:Backstep","champ:TornadoPunch"],"picked":"champ:FanOfKnives","floor":14.0},{"not_picked":["champ:Circumvent","champ:BringItOn"],"picked":"champ:Shatter","floor":15.0},{"not_picked":["champ:Backstep","champ:Circumvent","champ:EnragedBash"],"picked":"SKIP","floor":15.0},{"not_picked":["champ:UltimateStance","champ:Improvising"],"picked":"champ:TripleStrike","floor":16.0},{"not_picked":["champ:PerfectedStrike","champ:ShieldSigil"],"picked":"champ:EnGarde","floor":19.0},{"not_picked":["champ:ShieldSigil","champ:HeartStrike"],"picked":"champ:PerfectedStrike","floor":20.0},{"not_picked":["champ:CalledShot","champ:Duel"],"picked":"champ:ShieldWall+1","floor":21.0},{"not_picked":["champ:TornadoPunch","champ:StanceDance+1"],"picked":"champ:SteelEdge","floor":21.0}],"player_experience":1070170,"relics_obtained":[{"floor":4.0,"key":"Calipers"},{"floor":10.0,"key":"Centennial Puzzle"},{"floor":10.0,"key":"Pantograph"},{"floor":10.0,"key":"Prayer Wheel"},{"floor":11.0,"key":"Nunchaku"},{"floor":12.0,"key":"Whetstone"},{"floor":20.0,"key":"downfall:GremlinSack"}],"event_choices":[],"is_beta":false,"boss_relics":[{"not_picked":["Coffee Dripper","champ:ChampionCrownUpgraded"],"picked":"Astrolabe"}],"items_purged_floors":[19],"is_endless":false,"potions_floor_spawned":[2,3,6,20],"killed_by":"downfall:LooterAlt2","ascension_level":1}}