{"host":"mithrandi","time":1614355371,"event":{"mods":["BaseMod","Colored Map","Highlight Path","Minty Spire (QoL Compilation)","SuperFastMode"],"gold_per_floor":[12,12,25,41,57,57,86,86,133,158,178,178,193,227,227,301,301,311,59,59,69,17,17,17],"floor_reached":23,"language":"ENG","playtime":1248,"items_purged":["Pain"],"score":422,"play_id":"fb546ade-f5e1-4a41-be1e-b5689f9e4f4b","local_time":"20210226180251","is_ascension_mode":true,"campfire_choices":[{"data":"Hologram","floor":6.0,"key":"SMITH"},{"floor":8.0,"key":"REST"},{"floor":12.0,"key":"REST"},{"floor":15.0,"key":"REST"}],"circlet_count":0,"master_deck":["AscendersBane","Strike_B","Strike_B","Strike_B","Strike_B","Defend_B","Defend_B","Defend_B","Defend_B","Zap","Dualcast","Gash","Hologram+1","Go for the Eyes","Genetic Algorithm","Undo","Beam Cell","Ball Lightning","Compile Driver","Biased Cognition","Compile Driver+1","All For One","Sweeping Beam","Go for the Eyes","Conserve Battery"],"relics":["Cracked Core","Lizard Tail","WarpedTongs","Shuriken","Ancient Tea Set","Strawberry","PreservedInsect","Runic Pyramid"],"acts_visited":["Exordium","TheCity"],"potions_floor_usage":[23,23],"damage_taken":[{"damage":6.0,"enemies":"Cultist","floor":1.0,"turns":3.0},{"damage":12.0,"enemies":"Jaw Worm","floor":3.0,"turns":3.0},{"damage":2.0,"enemies":"2 Louse","floor":4.0,"turns":2.0},{"damage":8.0,"enemies":"2 Fungi Beasts","floor":5.0,"turns":3.0},{"damage":20.0,"enemies":"Lagavulin","floor":7.0,"turns":6.0},{"damage":21.0,"enemies":"3 Sentries","floor":10.0,"turns":8.0},{"damage":22.0,"enemies":"Exordium Thugs","floor":11.0,"turns":5.0},{"damage":13.0,"enemies":"Gremlin Gang","floor":13.0,"turns":4.0},{"damage":8.0,"enemies":"Gremlin Nob","floor":14.0,"turns":3.0},{"damage":15,"enemies":"The Guardian","floor":16,"turns":10},{"damage":77,"enemies":"3 Byrds","floor":18,"turns":9},{"damage":9,"enemies":"Spheric Guardian","floor":21,"turns":5},{"damage":10,"enemies":"Book of Stabbing","floor":23,"turns":4}],"seed_played":"-8914860109360947366","potions_obtained":[{"floor":3.0,"key":"DistilledChaos"},{"floor":4.0,"key":"FocusPotion"},{"floor":10.0,"key":"FocusPotion"},{"floor":16,"key":"DuplicationPotion"},{"floor":21,"key":"Fire Potion"}],"is_trial":false,"path_per_floor":["M","?","M","M","M","R","E","R","T","E","M","R","M","E","R","B",null,"M","$","?","M","$","E"],"character_chosen":"DEFECT","items_purchased":["All For One","Sweeping Beam","Conserve Battery"],"campfire_rested":3,"item_purchase_floors":[19,19,22],"current_hp_per_floor":[58,58,46,44,36,36,16,37,37,23,1,24,11,3,26,11,61,38,38,16,7,7,0,0],"gold":17,"neow_bonus":"ONE_RARE_RELIC","is_daily":false,"chose_seed":false,"campfire_upgraded":1,"win_rate":0.0,"timestamp":1614355371,"path_taken":["M","?","M","M","M","R","E","R","T","E","M","R","M","E","R","BOSS","M","?","?","M","$","E"],"items_purchased_type":["Card","Card","Card"],"build_version":"2020-12-18","purchased_purges":1,"victory":false,"max_hp_per_floor":[71,71,71,71,71,71,71,71,71,78,78,78,78,78,78,78,78,78,78,83,83,83,83,83],"card_choices":[{"not_picked":["Rebound","Conserve Battery"],"picked":"Gash","floor":1.0},{"not_picked":["Capacitor","Turbo"],"picked":"Hologram","floor":3.0},{"not_picked":["Redo","Hello World"],"picked":"Go for the Eyes","floor":4.0},{"not_picked":["Cold Snap","Leap"],"picked":"Genetic Algorithm","floor":5.0},{"not_picked":["Chaos","Stack"],"picked":"Undo","floor":7.0},{"not_picked":["Loop","Cold Snap"],"picked":"Beam Cell","floor":10.0},{"not_picked":["Turbo","Conserve Battery"],"picked":"Ball Lightning","floor":11.0},{"not_picked":["Leap","Amplify","Stack"],"picked":"SKIP","floor":13.0},{"not_picked":["Conserve Battery","Amplify"],"picked":"Compile Driver","floor":14.0},{"not_picked":["Rainbow","Meteor Strike"],"picked":"Biased Cognition","floor":16},{"not_picked":["Barrage","Cold Snap"],"picked":"Compile Driver+1","floor":18},{"not_picked":["Steam","Ball Lightning"],"picked":"Go for the Eyes","floor":21}],"player_experience":3149663,"relics_obtained":[{"floor":7.0,"key":"Shuriken"},{"floor":9.0,"key":"Ancient Tea Set"},{"floor":10.0,"key":"Strawberry"},{"floor":14.0,"key":"PreservedInsect"}],"event_choices":[{"damage_healed":0.0,"max_hp_gain":0.0,"max_hp_loss":0.0,"gold_gain":0.0,"event_name":"Accursed Blacksmith","player_choice":"Rummage","floor":2.0,"gold_loss":0.0,"damage_taken":0.0,"relics_obtained":["WarpedTongs"],"cards_obtained":["Pain"]},{"damage_healed":0,"gold_gain":0,"player_choice":"Shed Blood","damage_taken":27,"max_hp_gain":5,"max_hp_loss":0,"event_name":"Forgotten Altar","floor":20,"gold_loss":0}],"is_beta":true,"boss_relics":[{"not_picked":["SacredBark","Black Star"],"picked":"Runic Pyramid"}],"items_purged_floors":[19],"is_endless":false,"potions_floor_spawned":[3,4,10,16,21],"killed_by":"Book of Stabbing","ascension_level":20}}