{"host":"8ztb9kwpjc2zof9s","time":1614299217,"event":{"mods":["BaseMod","Block Reminder","Curses Come First","Minty Spire (QoL Compilation)","Relic Stats","StSLib"],"gold_per_floor":[112,125,135,60,76,104,104,137,137,147,147,163,163,196,196,274,274,290,0,11,31,31,63,74,74,121,131,131,46,46,46,46],"floor_reached":31,"language":"ENG","playtime":1092,"items_purged":[],"score":512,"play_id":"54cb553f-849f-4bdf-832b-a5f91ba764ee","local_time":"20210225162657","is_ascension_mode":true,"campfire_choices":[{"floor":7,"key":"REST"},{"floor":11,"key":"REST"},{"data":"Noxious Fumes","floor":13,"key":"SMITH"},{"data":"Neutralize","floor":15,"key":"SMITH"},{"floor":25,"key":"REST"},{"floor":30,"key":"REST"}],"circlet_count":0,"master_deck":["AscendersBane","Strike_G","Strike_G+1","Strike_G+1","Strike_G","Defend_G","Defend_G","Defend_G","Defend_G","Defend_G","Survivor","Neutralize+1","Blade Dance","Infinite Blades","Slice","Flying Knee","Finisher","Noxious Fumes+1","Cloak And Dagger","PiercingWail","Deflect","Malaise","Footwork","Deadly Poison+1","Deflect","Decay"],"relics":["Black Star","Bottled Tornado","PreservedInsect","White Beast Statue","HornCleat","Whetstone","Boot","Orichalcum","Busted Crown","Girya","Molten Egg 2","Art of War","Question Card"],"acts_visited":["Exordium","TheCity"],"potions_floor_usage":[6,6,12,14,16,23,27,27,31],"damage_taken":[{"damage":3.0,"enemies":"Cultist","floor":1.0,"turns":5.0},{"damage":2.0,"enemies":"2 Louse","floor":2.0,"turns":4.0},{"damage":1.0,"enemies":"Small Slimes","floor":3.0,"turns":4.0},{"damage":11.0,"enemies":"2 Fungi Beasts","floor":5.0,"turns":5.0},{"damage":15,"enemies":"Lagavulin","floor":6,"turns":5},{"damage":12,"enemies":"Gremlin Nob","floor":8,"turns":4},{"damage":7,"enemies":"Gremlin Gang","floor":10,"turns":6},{"damage":4,"enemies":"Red Slaver","floor":12,"turns":3},{"damage":9,"enemies":"Lagavulin","floor":14,"turns":4},{"damage":27,"enemies":"Hexaghost","floor":16,"turns":10},{"damage":6,"enemies":"Chosen","floor":18,"turns":5},{"damage":0,"enemies":"Shell Parasite","floor":20,"turns":6},{"damage":2,"enemies":"Centurion and Healer","floor":21,"turns":8},{"damage":25,"enemies":"Slavers","floor":23,"turns":5},{"damage":8,"enemies":"Snecko","floor":24,"turns":6},{"damage":12,"enemies":"Snake Plant","floor":27,"turns":3},{"damage":39,"enemies":"3 Cultists","floor":31,"turns":4}],"seed_played":"-6513376053417079316","potions_obtained":[{"floor":2.0,"key":"Strength Potion"},{"floor":3.0,"key":"FearPotion"},{"floor":10,"key":"Swift Potion"},{"floor":12,"key":"Weak Potion"},{"floor":14,"key":"Regen Potion"},{"floor":16,"key":"FearPotion"},{"floor":18,"key":"Block Potion"},{"floor":23,"key":"Weak Potion"},{"floor":24,"key":"Fire Potion"},{"floor":27,"key":"Poison Potion"}],"is_trial":false,"path_per_floor":["M","M","M","?","M","E","R","E","T","M","R","M","R","E","R","B",null,"M","?","M","M","?","E","M","R","T","M","?","?","R","M"],"character_chosen":"THE_SILENT","items_purchased":[],"campfire_rested":4,"item_purchase_floors":[],"current_hp_per_floor":[56,54,53,53,42,27,46,34,34,27,46,42,42,33,33,21,55,49,49,49,47,38,13,5,24,24,12,12,12,31,0,0],"gold":46,"neow_bonus":"BOSS_RELIC","is_daily":false,"chose_seed":false,"campfire_upgraded":2,"win_rate":0.0,"timestamp":1614299217,"path_taken":["M","M","?","?","M","E","R","E","T","M","R","M","R","E","R","BOSS","M","?","M","M","?","E","M","R","T","?","?","?","R","M"],"items_purchased_type":[],"build_version":"2020-12-22","purchased_purges":0,"victory":false,"max_hp_per_floor":[66,66,66,66,66,66,66,66,66,66,66,66,66,66,66,66,66,66,66,66,66,66,66,66,66,66,66,66,66,66,66,66],"relic_stats":{"Busted Crown":12,"counters":[17,87],"PreservedInsect":92,"Black Star":4,"Art of War":[0],"Whetstone":["Strike_G","Strike_G"],"Orichalcum":[72],"Boot":[118],"Question Card":0,"obtain_stats":[{"Girya":23,"PreservedInsect":6,"Whetstone":9,"Bottled Tornado":6,"Orichalcum":14,"Boot":14,"Question Card":29,"White Beast Statue":8,"HornCleat":8,"Busted Crown":17,"Molten Egg 2":23,"Black Star":0,"Art of War":26,"Ring of the Snake":0},{"Girya":14,"PreservedInsect":5,"Whetstone":6,"Bottled Tornado":5,"Orichalcum":9,"Boot":9,"Question Card":16,"White Beast Statue":6,"HornCleat":6,"Busted Crown":10,"Molten Egg 2":14,"Black Star":0,"Art of War":15,"Ring of the Snake":0},{"Girya":74,"PreservedInsect":23,"Whetstone":27,"Bottled Tornado":23,"Orichalcum":40,"Boot":40,"Question Card":83,"White Beast Statue":27,"HornCleat":27,"Busted Crown":50,"Molten Egg 2":74,"Black Star":0,"Art of War":80,"Ring of the Snake":0}]},"card_choices":[{"not_picked":["Sucker Punch","PiercingWail"],"picked":"Blade Dance","floor":1.0},{"not_picked":["Quick Slash","Slice"],"picked":"Infinite Blades","floor":2.0},{"not_picked":["Masterful Stab","Outmaneuver"],"picked":"Slice","floor":3.0},{"not_picked":["Cloak And Dagger","Venomology"],"picked":"Flying Knee","floor":5.0},{"not_picked":["Sucker Punch","Terror"],"picked":"Finisher","floor":6},{"not_picked":["Bullet Time","Blur"],"picked":"Noxious Fumes","floor":8},{"not_picked":["Choke","Calculated Gamble"],"picked":"Cloak And Dagger","floor":10},{"not_picked":["Expertise","Deflect"],"picked":"PiercingWail","floor":12},{"not_picked":["Calculated Gamble","Bouncing Flask"],"picked":"Deflect","floor":14},{"not_picked":["Wraith Form v2","Storm of Steel"],"picked":"Malaise","floor":16},{"not_picked":[],"picked":"Footwork","floor":18},{"not_picked":["Quick Slash"],"picked":"SKIP","floor":20},{"not_picked":[],"picked":"Deadly Poison+1","floor":21},{"not_picked":["Expertise"],"picked":"SKIP","floor":23},{"not_picked":["Distraction"],"picked":"SKIP","floor":24},{"not_picked":[],"picked":"Deflect","floor":27}],"player_experience":389253,"relics_obtained":[{"floor":6,"key":"Bottled Tornado"},{"floor":6,"key":"PreservedInsect"},{"floor":8,"key":"White Beast Statue"},{"floor":8,"key":"HornCleat"},{"floor":9,"key":"Whetstone"},{"floor":14,"key":"Boot"},{"floor":14,"key":"Orichalcum"},{"floor":23,"key":"Girya"},{"floor":23,"key":"Molten Egg 2"},{"floor":26,"key":"Art of War"}],"event_choices":[{"cards_removed":["Strike_G"],"damage_healed":0.0,"max_hp_gain":0.0,"max_hp_loss":0.0,"gold_gain":0.0,"event_name":"The Cleric","player_choice":"Card Removal","floor":4.0,"gold_loss":75.0,"damage_taken":0.0},{"damage_healed":0,"gold_gain":0,"player_choice":"Paid Fearfully","damage_taken":0,"max_hp_gain":0,"max_hp_loss":0,"event_name":"Masked Bandits","floor":19,"gold_loss":290},{"damage_healed":0,"gold_gain":0,"player_choice":"Damaged","damage_taken":9,"max_hp_gain":0,"max_hp_loss":0,"event_name":"Wheel of Change","floor":22,"gold_loss":0},{"damage_healed":0,"gold_gain":0,"player_choice":"Smashed Altar","damage_taken":0,"max_hp_gain":0,"max_hp_loss":0,"event_name":"Forgotten Altar","floor":28,"gold_loss":0,"cards_obtained":["Decay"]},{"damage_healed":0,"gold_gain":0,"player_choice":"Obtained Relic","damage_taken":0,"relics_obtained":["Question Card"],"max_hp_gain":0,"max_hp_loss":0,"event_name":"Addict","floor":29,"gold_loss":85}],"is_beta":false,"boss_relics":[{"not_picked":["Velvet Choker","Sozu"],"picked":"Busted Crown"}],"items_purged_floors":[],"is_endless":false,"potions_floor_spawned":[2,3,5,10,12,14,16,18,20,21,23,24,27],"killed_by":"3 Cultists","ascension_level":17}}