{"host":"3azvxbhvx7nk2p5g","time":1614323455,"event":{"mods":["10 clothes from DAL","100% Spire Juice","ATMod(∞¢Ë™Mod)","BaseMod","Colored Powertips","Minty Spire (QoL Compilation)","MostiFishMod","Reimu£®≤©¿ˆ¡È√Œ£©","Remilia£®¿Ÿ√◊¿Ú—«£©","Robot Space Explorer","StSLib","The Administrix","The Alterego","The Bug Knight","The Servant 0.9.4","Waifu the Spire","WarShipGirlsR/’ΩΩ¢…Ÿ≈ÆR mod","Warlord Emblem","Youmu£®ªÍ∆«—˝√Œ£©","Yuri Mod","°æ“≈ŒÔø®≈∆°øREMEMod"],"gold_per_floor":[-1286,-1286,-1272,-1258,-1258,-1214,-1214,14,14,14,38,62,62,82,82,211,91,116,116,140,140,113,113,149,149,149,149,162,162,186,199,199,324,84,105,105,123,144,63,101,101,101,101,125,149,168,208,224,224,224,224,224,43,77,77],"floor_reached":56,"language":"ZHS","playtime":4233,"items_purged":[],"score":1556,"play_id":"a23c2428-23b1-42cc-a50b-e6497060c695","local_time":"20210226151055","is_ascension_mode":false,"campfire_choices":[{"data":"Moonworks:x16BigRocket","floor":7.0,"key":"SMITH"},{"data":"Moonworks:x16BigRocket+1","floor":13.0,"key":"SMITH"},{"data":"Moonworks:SubspaceTunnel","floor":15.0,"key":"SMITH"},{"data":"Moonworks:AccelHyper","floor":23.0,"key":"SMITH"},{"data":"Moonworks:UnluckyCharm","floor":27.0,"key":"SMITH"},{"data":"Moonworks:MeltingMemories","floor":32.0,"key":"SMITH"},{"data":"Moonworks:MiracleWalker","floor":42,"key":"SMITH"},{"floor":49,"key":"RECALL"},{"data":"Moonworks:MeltingMemories","floor":52,"key":"SMITH"}],"circlet_count":0,"master_deck":["Moonworks:Strike","Moonworks:Strike","Moonworks:Defend","Moonworks:Defend","Moonworks:Defend","Moonworks:Defend","Moonworks:Ambush","Moonworks:LongDistanceShot","WarlordEmblem:DeathGateway","Moonworks:StiffCrystal","Moonworks:WindyEnchantment","Moonworks:ImmovableObject","Moonworks:x16BigRocket+2","Moonworks:SubspaceTunnel+1","Moonworks:MiracleRedBeanIceCream","Moonworks:AccelHyper+1","Moonworks:TacticalRetreat","Moonworks:DeployBits","Moonworks:RocketCannon","Moonworks:UnluckyCharm+1","Moonworks:SakisCookie","Moonworks:MeltingMemories+1","Moonworks:FullSpeedAlicianrone+1","Moonworks:ImmovableObject","Moonworks:MetallicMonocoque","Moonworks:MiracleWalker+1","Moonworks:RedAndBlue+1","Moonworks:TacticalRetreat","Moonworks:FullSpeedAlicianrone","Moonworks:ImmovableObject","Madness","Madness","Moonworks:ImmovableObject+1","Moonworks:SakisCookie+1","Moonworks:MeltingMemories+1","Moonworks:LuckyCharm","MostiFishMod:Mottled","Moonworks:TacticalRetreat+1"],"relics":["Moonworks:BrokenBomb","Moonworks:Homemark","AT_ATBox","DaveBox","REME_ComplimentaryCards","SynthV:MejaisSoulstealer","AT_RedTearstoneRing","SynthV:TestCard","Golden Idol","REME_LimitBreaker","AT_BellowingDragoncrestRing","RuthlessExorcism:ReiMu","xbg","alterego_mod:SomeoneToFightFor","Dream Catcher","REME_HourglassOfDeath","JellyFishMachine","Smiling Mask","AT_ArchangelStaff","Pear"],"acts_visited":["Exordium","TheCity","TheBeyond","TheEnding"],"potions_floor_usage":[44,50,55,55,55,55,55],"damage_taken":[{"damage":0.0,"enemies":"Small Slimes","floor":1.0,"turns":4.0},{"damage":0.0,"enemies":"Cultist","floor":3.0,"turns":3.0},{"damage":0.0,"enemies":"2 Louse","floor":4.0,"turns":2.0},{"damage":9.0,"enemies":"Lagavulin","floor":6.0,"turns":5.0},{"damage":3.0,"enemies":"Exordium Thugs","floor":8.0,"turns":3.0},{"damage":0.0,"enemies":"3 Louse","floor":12.0,"turns":1.0},{"damage":0.0,"enemies":"2 Fungi Beasts","floor":14.0,"turns":3.0},{"damage":0.0,"enemies":"The Guardian","floor":16.0,"turns":5.0},{"damage":0.0,"enemies":"Chosen","floor":18.0,"turns":1.0},{"damage":0.0,"enemies":"Shell Parasite","floor":20.0,"turns":1.0},{"damage":1.0,"enemies":"Gremlin Leader","floor":24.0,"turns":5.0},{"damage":0.0,"enemies":"Snake Plant","floor":28.0,"turns":3.0},{"damage":0.0,"enemies":"Snecko","floor":30.0,"turns":2.0},{"damage":10.0,"enemies":"Cultist and Chosen","floor":31.0,"turns":4.0},{"damage":0.0,"enemies":"Collector","floor":33.0,"turns":4.0},{"damage":0,"enemies":"3 Darklings","floor":35,"turns":5},{"damage":0,"enemies":"3 Shapes","floor":37,"turns":5},{"damage":1,"enemies":"Sphere and 2 Shapes","floor":38,"turns":1},{"damage":0,"enemies":"Nemesis","floor":40,"turns":7},{"damage":0,"enemies":"Transient","floor":44,"turns":5},{"damage":0,"enemies":"Maw","floor":45,"turns":7},{"damage":0,"enemies":"Sphere and 2 Shapes","floor":46,"turns":2},{"damage":0,"enemies":"Reptomancer","floor":47,"turns":5},{"damage":0,"enemies":"Writhing Mass","floor":48,"turns":2},{"damage":0,"enemies":"Time Eater","floor":50,"turns":2},{"damage":0,"enemies":"Shield and Spear","floor":54,"turns":4},{"damage":50,"enemies":"The Heart","floor":55,"turns":6}],"seed_played":"-4427261757654117222","potions_obtained":[{"floor":1.0,"key":"AttackPotion"},{"floor":6.0,"key":"SpeedPotion"},{"floor":20.0,"key":"Swift Potion"},{"floor":46,"key":"EntropicBrew"},{"floor":54,"key":"Strength Potion"}],"is_trial":false,"path_per_floor":["M","?","M","M","?","E","R","M","T","?","T","M","R","M","R","B",null,"M","?","M","?","$","R","E","?","T","R","M","?","M","M","R","B",null,"M","?","M","M","$","E","?","R","T","M","M","M","E","M","R","B",null,"R","$","E","B",null],"character_chosen":"THE_STARBREAKER","items_purchased":["Moonworks:DeployBits","Moonworks:FullSpeedAlicianrone","MostiFishMod:Mottled"],"campfire_rested":0,"item_purchase_floors":[22,39,53],"current_hp_per_floor":[60,60,60,60,45,36,36,33,33,33,33,33,33,33,33,38,60,60,60,60,60,60,60,59,59,59,59,60,60,60,60,60,60,60,60,60,60,60,60,60,52,52,52,57,60,60,60,60,60,60,60,60,60,70,23],"gold":77,"neow_bonus":"RANDOM_COMMON_RELIC","is_daily":false,"chose_seed":false,"campfire_upgraded":8,"win_rate":0.0,"timestamp":1614323455,"path_taken":["M","?","?","M","?","E","R","M","T","?","?","M","R","?","R","BOSS","M","?","M","?","$","R","E","?","T","R","?","?","M","M","R","BOSS","M","?","M","?","?","E","?","R","T","M","M","?","E","M","R","BOSS","R","$","E","BOSS"],"items_purchased_type":["Card","Card","Card"],"build_version":"2020-12-22","purchased_purges":0,"victory":true,"max_hp_per_floor":[60,60,60,60,60,60,60,60,60,60,60,60,60,60,60,60,60,60,60,60,60,60,60,60,60,60,60,60,60,60,60,60,60,60,60,60,60,60,60,60,60,60,60,60,60,60,60,60,60,60,60,60,60,70,70],"card_choices":[{"not_picked":["Moonworks:DeployBits","Moonworks:EvilSpyWorkPreparation"],"picked":"Moonworks:StiffCrystal","floor":1.0},{"not_picked":["Moonworks:x16BigRocket","Moonworks:JonathanRush","Moonworks:ImOnFire","Moonworks:MixPhenomenon"],"picked":"Moonworks:WindyEnchantment","floor":3.0},{"not_picked":["Moonworks:BeyondHell","Moonworks:SakisCookie","Moonworks:IndiscriminateFireSupport","Moonworks:CookingTime"],"picked":"Moonworks:ImmovableObject","floor":4.0},{"not_picked":["Moonworks:SweetBattle","Moonworks:CookingTime","Moonworks:ScrambledEve","Moonworks:JonathanRush"],"picked":"Moonworks:x16BigRocket","floor":6.0},{"not_picked":["Moonworks:BigMagnum","Moonworks:SakisCookie","Moonworks:EvilSpyWorkPreparation","Moonworks:JonathanRush"],"picked":"Moonworks:SubspaceTunnel","floor":8.0},{"not_picked":["Moonworks:DeployBits","Moonworks:BigBangBell","Moonworks:SweetBattle","Moonworks:NicePresent","Moonworks:SakisCookie"],"picked":"SKIP","floor":12.0},{"not_picked":["Moonworks:EvilSpyWorkPreparation","Moonworks:RedAndBlue","Moonworks:SakisCookie","Moonworks:CloudOfSeagulls"],"picked":"Moonworks:MiracleRedBeanIceCream","floor":14.0},{"not_picked":["Moonworks:EvilMastermind","Moonworks:OutOfAmmo","Moonworks:ReflectiveShell","Moonworks:Blazing"],"picked":"Moonworks:AccelHyper","floor":16.0},{"not_picked":["Moonworks:CompletionReward","Moonworks:BigMagnum","Moonworks:LulusLuckyEgg","Moonworks:EvilSpyWorkPreparation","Moonworks:ExtendedPhotonRifle"],"picked":"SKIP","floor":18.0},{"not_picked":["Moonworks:FinalSurgery","Moonworks:NicePresent","Moonworks:IndiscriminateFireSupport","Moonworks:Assault"],"picked":"Moonworks:TacticalRetreat","floor":20.0},{"not_picked":["Moonworks:NicePresent+1","Moonworks:TacticalRetreat","Moonworks:UnluckyCharm","Moonworks:BeyondHell+1"],"picked":"Moonworks:RocketCannon","floor":24.0},{"not_picked":["Moonworks:CloudOfSeagulls","Moonworks:DeployBits","Moonworks:UnpaidWork","Moonworks:Poppoformation"],"picked":"Moonworks:SakisCookie","floor":28.0},{"not_picked":[],"picked":"Moonworks:MeltingMemories","floor":29.0},{"not_picked":["Moonworks:NicePresent","Moonworks:DeployBits","Moonworks:ImOnFire","Moonworks:CloudOfSeagulls+1"],"picked":"Moonworks:FullSpeedAlicianrone+1","floor":30.0},{"not_picked":["Moonworks:JonathanRush","Moonworks:EvilSpyWorkPreparation","Moonworks:TreasureThief","Moonworks:SubspaceTunnel"],"picked":"Moonworks:ImmovableObject","floor":31.0},{"not_picked":["Moonworks:SubspaceTunnel","Moonworks:CrystalBarrier","Moonworks:OutOfAmmo","Moonworks:AnotherUltimateWeapon"],"picked":"Moonworks:MetallicMonocoque","floor":33.0},{"not_picked":["Moonworks:SealedMemories+1","Moonworks:SakisCookie+1","Moonworks:Assault+1","Moonworks:EvilSpyWorkPreparation+1"],"picked":"Moonworks:MiracleWalker","floor":35},{"not_picked":["Moonworks:JonathanRush+1","Moonworks:Dash+1","Moonworks:NicePresent","Moonworks:TreasureThief+1"],"picked":"Moonworks:RedAndBlue+1","floor":37},{"not_picked":["Moonworks:Flamethrower","Moonworks:EvilSpyWorkPreparation+1","Moonworks:JonathanRush+1","Moonworks:NicePresent+1"],"picked":"Moonworks:TacticalRetreat","floor":38},{"not_picked":["Moonworks:CloudOfSeagulls+1","Moonworks:Assault+1","Moonworks:ImOnFire","Moonworks:NicePresent"],"picked":"Moonworks:ImmovableObject","floor":40},{"not_picked":["Moonworks:EvilSpyWorkPreparation+1","Moonworks:BindingChains","Moonworks:ReproductionOfRecords","Moonworks:NicePresent","Moonworks:CloudOfSeagulls"],"picked":"SKIP","floor":44},{"not_picked":["Moonworks:Heat300Percent+1","Moonworks:ImOnFire","Moonworks:EvilSpyWorkPreparation+1","Moonworks:SelfDestruct"],"picked":"Moonworks:ImmovableObject+1","floor":45},{"not_picked":["Moonworks:Poppoformation+1","Moonworks:NicePresent","Moonworks:DeployBits+1","Moonworks:ImOnFire+1"],"picked":"Moonworks:SakisCookie+1","floor":46},{"not_picked":["Moonworks:StarBlastingFuse","Moonworks:ImOnFire","Moonworks:LulusLuckyEgg","Moonworks:CastOff+1"],"picked":"Moonworks:MeltingMemories","floor":47},{"not_picked":["Moonworks:JonathanRush","Moonworks:DeployBits+1","Moonworks:Assault","Moonworks:ImmovableObject"],"picked":"Moonworks:LuckyCharm","floor":48},{"not_picked":["Moonworks:Assault","Moonworks:SealedMemories+1","Moonworks:ImOnFire+1","Moonworks:CompletionReward+1"],"picked":"Moonworks:TacticalRetreat+1","floor":54}],"player_experience":182900,"relics_obtained":[{"floor":1.0,"key":"SynthV:TestCard"},{"floor":6.0,"key":"REME_LimitBreaker"},{"floor":9.0,"key":"AT_BellowingDragoncrestRing"},{"floor":11.0,"key":"RuthlessExorcism:ReiMu"},{"floor":24.0,"key":"Dream Catcher"},{"floor":26.0,"key":"REME_HourglassOfDeath"},{"floor":40,"key":"Smiling Mask"},{"floor":47,"key":"AT_ArchangelStaff"},{"floor":54,"key":"Pear"}],"event_choices":[{"damage_healed":0.0,"max_hp_gain":0.0,"max_hp_loss":0.0,"gold_gain":0.0,"event_name":"NoteForYourself","player_choice":"Ignored","floor":2.0,"gold_loss":0.0,"damage_taken":0.0},{"damage_healed":0.0,"max_hp_gain":0.0,"max_hp_loss":0.0,"gold_gain":0.0,"event_name":"Golden Idol","player_choice":"Take Damage","floor":5.0,"gold_loss":0.0,"damage_taken":15.0,"relics_obtained":["Golden Idol"]},{"damage_healed":0.0,"max_hp_gain":0.0,"max_hp_loss":0.0,"gold_gain":0.0,"event_name":"Liars Game","player_choice":"Ignored","floor":10.0,"gold_loss":0.0,"damage_taken":0.0},{"cards_removed":["Moonworks:Strike"],"damage_healed":0.0,"max_hp_gain":0.0,"max_hp_loss":0.0,"gold_gain":0.0,"event_name":"Back to Basics","player_choice":"Elegance","floor":19.0,"gold_loss":0.0,"damage_taken":0.0},{"damage_healed":0.0,"max_hp_gain":0.0,"max_hp_loss":0.0,"gold_gain":0.0,"event_name":"∞Æµƒ…Ò •ª®‘∞","player_choice":"Choice 2","floor":21.0,"gold_loss":0.0,"damage_taken":0.0,"relics_obtained":["alterego_mod:SomeoneToFightFor"]},{"damage_healed":0.0,"max_hp_gain":0.0,"max_hp_loss":0.0,"gold_gain":0.0,"cards_transformed":["Moonworks:Strike"],"event_name":"Transmorgrifier","player_choice":"Transformed","floor":25.0,"gold_loss":0.0,"damage_taken":0.0,"cards_obtained":["Moonworks:UnluckyCharm"]},{"cards_removed":["AT_WarpDrive"],"damage_healed":0,"gold_gain":0,"player_choice":"Offered Uncommon","damage_taken":0,"max_hp_gain":0,"max_hp_loss":0,"event_name":"Bonfire Elementals","floor":36,"gold_loss":0},{"damage_healed":0,"gold_gain":0,"player_choice":"Embrace Madness","damage_taken":8,"max_hp_gain":0,"max_hp_loss":0,"event_name":"Winding Halls","floor":41,"gold_loss":0,"cards_obtained":["Madness","Madness"]}],"is_beta":false,"boss_relics":[{"not_picked":["Ectoplasm","Busted Crown"],"picked":"xbg"},{"not_picked":["ChiXiaoBlade","NightmareShop"],"picked":"JellyFishMachine"}],"items_purged_floors":[],"is_endless":false,"potions_floor_spawned":[1,6,20,28,30,35,37,38,46,54],"ascension_level":0}}