{"host":"ibckqdmmf9y74ymf","time":1614304805,"event":{"mods":["2.2 Compatiblity","Ascension Unlocker","BaseMod","Colored Map","Curses Come First","Highlight Path","Minty Spire (QoL Compilation)","Quick Restart","Rare Cards Sparkle","Relic Stats","StSLib"],"gold_per_floor":[117,117,117,134,153,187,187,220,247,247,265,333,408,441,441,518,518,533,545,510,72,87,87,87],"floor_reached":23,"language":"ENG","playtime":923,"items_purged":["Strike_B"],"score":472,"play_id":"f36290a7-5025-4bcb-a704-d6f40e318057","local_time":"20210226030005","is_ascension_mode":true,"campfire_choices":[{"floor":7,"key":"REST"},{"floor":10,"key":"REST"},{"data":"Loop","floor":15,"key":"SMITH"}],"circlet_count":0,"master_deck":["AscendersBane","Strike_B","Strike_B","Strike_B+1","Defend_B+1","Defend_B+1","Defend_B","Defend_B","Zap","Dualcast","Streamline","Conserve Battery","Loop+1","Sunder","Ball Lightning","Doom and Gloom","Seek+1","Lockon","Coolheaded","Turbo","Cold Snap"],"relics":["Cracked Core","Pocketwatch","SsserpentHead","Strawberry","Nunchaku","MealTicket","Lantern","Ornamental Fan","Black Star","War Paint","Membership Card","Akabeko","Bag of Marbles"],"acts_visited":["Exordium","TheCity"],"potions_floor_usage":[8,14,22],"damage_taken":[{"damage":0,"enemies":"Cultist","floor":1,"turns":3},{"damage":5,"enemies":"Small Slimes","floor":4,"turns":3},{"damage":0,"enemies":"Jaw Worm","floor":5,"turns":4},{"damage":22,"enemies":"3 Sentries","floor":6,"turns":9},{"damage":20,"enemies":"Lagavulin","floor":8,"turns":5},{"damage":0,"enemies":"2 Fungi Beasts","floor":11,"turns":3},{"damage":8,"enemies":"3 Louse","floor":12,"turns":2},{"damage":5,"enemies":"3 Sentries","floor":14,"turns":5},{"damage":28,"enemies":"Hexaghost","floor":16,"turns":8},{"damage":25,"enemies":"3 Byrds","floor":18,"turns":4},{"damage":9,"enemies":"Spheric Guardian","floor":19,"turns":4},{"damage":34,"enemies":"Shelled Parasite and Fungi","floor":22,"turns":6},{"damage":32,"enemies":"Slavers","floor":23,"turns":3}],"seed_played":"-3715095802955466852","potions_obtained":[{"floor":1,"key":"FocusPotion"},{"floor":6,"key":"Ancient Potion"},{"floor":8,"key":"Strength Potion"},{"floor":14,"key":"BlessingOfTheForge"},{"floor":18,"key":"Strength Potion"}],"is_trial":false,"path_per_floor":["M","?","?","M","M","E","R","E","T","R","M","M","T","E","R","B",null,"M","M","?","$","M","E"],"character_chosen":"DEFECT","items_purchased":["Membership Card","Akabeko","Bag of Marbles","Turbo","Regen Potion"],"campfire_rested":2,"item_purchase_floors":[21,21,21,21,21],"current_hp_per_floor":[64,45,45,40,40,25,46,26,26,47,47,39,39,34,34,6,55,30,21,21,36,16,0,0],"gold":87,"neow_bonus":"ONE_RARE_RELIC","is_daily":false,"chose_seed":false,"campfire_upgraded":1,"win_rate":0.0,"timestamp":1614304805,"path_taken":["M","?","?","M","M","E","R","E","T","R","M","?","?","E","R","BOSS","M","M","?","$","M","E"],"items_purchased_type":["Relic","Relic","Relic","Card","Potion"],"build_version":"2020-12-22","purchased_purges":1,"victory":false,"max_hp_per_floor":[64,64,64,64,64,71,71,71,71,71,71,71,71,71,71,71,71,71,71,71,71,71,71,71],"relic_stats":{"SsserpentHead":150,"Nunchaku":[5],"counters":[13,59],"Ornamental Fan":[8],"MealTicket":15,"Black Star":0,"War Paint":["Seek","Defend_B"],"obtain_stats":[{"Lantern":13,"War Paint":20,"Akabeko":21,"SsserpentHead":3,"Nunchaku":8,"Ornamental Fan":14,"Strawberry":6,"MealTicket":9,"Black Star":17,"Bag of Marbles":21,"Membership Card":21,"Cracked Core":0,"Pocketwatch":0},{"Lantern":7,"War Paint":11,"Akabeko":11,"SsserpentHead":1,"Nunchaku":5,"Ornamental Fan":8,"Strawberry":4,"MealTicket":5,"Black Star":9,"Bag of Marbles":11,"Membership Card":11,"Cracked Core":0,"Pocketwatch":0},{"Lantern":29,"War Paint":50,"Akabeko":50,"SsserpentHead":3,"Nunchaku":24,"Ornamental Fan":34,"Strawberry":19,"MealTicket":24,"Black Star":42,"Bag of Marbles":50,"Membership Card":50,"Cracked Core":0,"Pocketwatch":0}],"Pocketwatch":[111]},"card_choices":[{"not_picked":["Double Energy","Beam Cell","Storm"],"picked":"SKIP","floor":1},{"not_picked":["Chill","Reprogram"],"picked":"Streamline","floor":4},{"not_picked":["Reprogram","Blizzard"],"picked":"Conserve Battery","floor":5},{"not_picked":["Sweeping Beam","Hologram"],"picked":"Loop","floor":6},{"not_picked":["Blizzard","Stack","Streamline"],"picked":"SKIP","floor":8},{"not_picked":["Skim","Beam Cell"],"picked":"Sunder","floor":11},{"not_picked":["Redo","Rip and Tear"],"picked":"Ball Lightning","floor":12},{"not_picked":["Darkness","Turbo"],"picked":"Doom and Gloom","floor":14},{"not_picked":["Reboot","Machine Learning"],"picked":"Seek","floor":16},{"not_picked":["Doom and Gloom","Streamline"],"picked":"Lockon","floor":18},{"not_picked":["Stack","Lockon+1"],"picked":"Coolheaded","floor":19},{"not_picked":["Chaos","Ball Lightning"],"picked":"Cold Snap","floor":22}],"player_experience":571982,"relics_obtained":[{"floor":6,"key":"Strawberry"},{"floor":8,"key":"Nunchaku"},{"floor":9,"key":"MealTicket"},{"floor":13,"key":"Lantern"},{"floor":14,"key":"Ornamental Fan"}],"event_choices":[{"damage_healed":0,"gold_gain":0,"player_choice":"Entered Light","damage_taken":19,"max_hp_gain":0,"max_hp_loss":0,"event_name":"Shining Light","floor":2,"gold_loss":0,"cards_upgraded":["Strike_B","Defend_B"]},{"damage_healed":0,"gold_gain":0,"player_choice":"Trade","damage_taken":0,"relics_obtained":["SsserpentHead"],"max_hp_gain":0,"max_hp_loss":0,"event_name":"FaceTrader","floor":3,"gold_loss":0},{"damage_healed":0,"gold_gain":0,"player_choice":"Obtained Relic","damage_taken":0,"relics_obtained":["War Paint"],"max_hp_gain":0,"max_hp_loss":0,"event_name":"Addict","floor":20,"gold_loss":85}],"is_beta":false,"boss_relics":[{"not_picked":["Empty Cage","Cursed Key"],"picked":"Black Star"}],"items_purged_floors":[21],"is_endless":false,"potions_floor_spawned":[1,6,8,14,18],"killed_by":"Slavers","ascension_level":20}}