{"host":"yx5rao87132cy5xq","time":1614355578,"event":{"mods":["2.2 Compatiblity","AchievementEnabler","BaseMod","Bestiary","Colored Map","Colored Powertips","Highlight Path","Minty Spire (QoL Compilation)","Quick Restart","Relic Stats","Slay-I","SuperFastMode"],"gold_per_floor":[112,128,128,128,58,111,111,141,168,193,217,260,260,260,260,399,480,513,337,295,318,345,345,42,60,60,74,74,92,137,37,37,37,37],"floor_reached":33,"language":"ENG","playtime":4863,"items_purged":["Expertise","Infinite Blades"],"score":344,"play_id":"ba3867b2-b840-4f8c-ba1b-9d662bf92b3b","local_time":"20210226170618","is_ascension_mode":true,"campfire_choices":[{"floor":7,"key":"REST"},{"data":"Blade Dance","floor":13,"key":"SMITH"},{"floor":15,"key":"REST"},{"floor":23,"key":"REST"},{"floor":28,"key":"REST"},{"floor":32,"key":"REST"}],"circlet_count":0,"master_deck":["Survivor","Neutralize","Blade Dance+1","Quick Slash","Noxious Fumes","Dodge and Roll","Cloak And Dagger","All Out Attack","Bane","Cloak And Dagger","Malaise","Underhanded Strike","Dagger Throw","Dash","Crippling Poison","Backflip","Accuracy","Blade Dance","Tools of the Trade","Eviscerate","Bite","Bite","Bite","Bite","Bite"],"relics":["Ring of the Snake","Bag of Preparation","Golden Idol","CeramicFish","Turnip","Pandora\u0027s Box","Regal Pillow","Vajra","Dead Branch"],"acts_visited":["Exordium","TheCity"],"potions_floor_usage":[16,16,16,22,22,22,33],"damage_taken":[{"damage":3,"enemies":"2 Louse","floor":1,"turns":3},{"damage":0,"enemies":"Small Slimes","floor":2,"turns":4},{"damage":51,"enemies":"Gremlin Nob","floor":6,"turns":5},{"damage":0,"enemies":"Jaw Worm","floor":8,"turns":3},{"damage":4,"enemies":"Red Slaver","floor":10,"turns":4},{"damage":3,"enemies":"2 Fungi Beasts","floor":11,"turns":3},{"damage":13,"enemies":"3 Sentries","floor":12,"turns":9},{"damage":4,"enemies":"Slime Boss","floor":16,"turns":10},{"damage":35,"enemies":"2 Thieves","floor":18,"turns":4},{"damage":9,"enemies":"Spheric Guardian","floor":21,"turns":5},{"damage":12,"enemies":"Shelled Parasite and Fungi","floor":22,"turns":7},{"damage":3,"enemies":"Cultist and Chosen","floor":27,"turns":5},{"damage":43,"enemies":"Sentry and Sphere","floor":29,"turns":6},{"damage":59,"enemies":"Champ","floor":33,"turns":9}],"seed_played":"3949232795765864872","potions_obtained":[{"floor":8,"key":"GhostInAJar"},{"floor":10,"key":"Block Potion"},{"floor":11,"key":"FearPotion"},{"floor":12,"key":"Fire Potion"},{"floor":18,"key":"DuplicationPotion"},{"floor":21,"key":"Block Potion"},{"floor":22,"key":"CunningPotion"}],"is_trial":false,"path_per_floor":["M","M","?","?","$","E","R","M","T","M","M","E","R","?","R","B",null,"M","$","?","M","M","R","$","?","T","M","R","M","?","$","R","B"],"character_chosen":"THE_SILENT","items_purchased":["Noxious Fumes","Explosive Potion","Block Potion","Regal Pillow","Vajra"],"campfire_rested":5,"item_purchase_floors":[5,19,19,24,24],"current_hp_per_floor":[67,67,65,58,58,7,26,26,26,24,23,12,12,12,31,29,56,23,23,23,16,6,25,25,25,25,24,58,17,17,17,51,0,0],"gold":37,"neow_bonus":"RANDOM_COMMON_RELIC","is_daily":false,"chose_seed":false,"campfire_upgraded":1,"win_rate":0.0,"timestamp":1614355578,"path_taken":["M","M","?","?","$","E","R","M","T","M","M","E","R","?","R","BOSS","M","$","?","?","M","R","$","?","T","M","R","M","?","?","R","BOSS"],"items_purchased_type":["Card","Potion","Potion","Relic","Relic"],"build_version":"2020-12-22","purchased_purges":2,"victory":false,"max_hp_per_floor":[70,70,65,65,65,65,65,65,65,65,65,65,65,65,65,65,65,65,65,65,65,65,65,65,65,65,65,65,65,65,65,65,65,65],"relic_stats":{"Regal Pillow":30,"counters":[14,77],"Golden Idol":73,"CeramicFish":234,"Dead Branch":[57],"Pandora\u0027s Box":["Infinite Blades","Underhanded Strike","Dagger Throw","Expertise","Dash","Crippling Poison","Bouncing Flask","Backflip","Accuracy"],"Turnip":[22],"Bag of Preparation":[28],"obtain_stats":[{"Blood Vial":9,"Regal Pillow":24,"Golden Idol":3,"CeramicFish":6,"Dead Branch":26,"Vajra":24,"Pandora\u0027s Box":17,"Turnip":12,"Bag of Preparation":0,"Ring of the Snake":0},{"Blood Vial":4,"Regal Pillow":11,"Golden Idol":2,"CeramicFish":3,"Dead Branch":11,"Vajra":11,"Pandora\u0027s Box":8,"Turnip":7,"Bag of Preparation":0,"Ring of the Snake":0},{"Blood Vial":15,"Regal Pillow":57,"Golden Idol":7,"CeramicFish":12,"Dead Branch":57,"Vajra":57,"Pandora\u0027s Box":41,"Turnip":31,"Bag of Preparation":0,"Ring of the Snake":0}],"Ring of the Snake":[28]},"card_choices":[{"not_picked":["Noxious Fumes","Blur"],"picked":"Blade Dance","floor":1},{"not_picked":["Cloak And Dagger","Dodge and Roll"],"picked":"Quick Slash","floor":2},{"not_picked":["Backflip","Tactician"],"picked":"Dodge and Roll","floor":6},{"not_picked":["Calculated Gamble","Concentrate"],"picked":"Cloak And Dagger","floor":8},{"not_picked":["Dagger Spray","Predator"],"picked":"All Out Attack","floor":10},{"not_picked":["Cloak And Dagger","Expertise"],"picked":"Bane","floor":11},{"not_picked":["Masterful Stab","Outmaneuver"],"picked":"Cloak And Dagger","floor":12},{"not_picked":["Venomology","Storm of Steel"],"picked":"Malaise","floor":16},{"not_picked":["Bane","Dagger Throw+1"],"picked":"Blade Dance","floor":18},{"not_picked":["Slice","Outmaneuver+1","Bane"],"picked":"SKIP","floor":21},{"not_picked":["Blade Dance","Dagger Throw"],"picked":"Wraith Form v2","floor":22},{"not_picked":["Masterful Stab+1","Dodge and Roll","Underhanded Strike"],"picked":"SKIP","floor":27},{"not_picked":["Skewer","Heel Hook+1","Slice"],"picked":"SKIP","floor":29}],"player_experience":1210849,"relics_obtained":[{"floor":6,"key":"CeramicFish"},{"floor":9,"key":"Blood Vial"},{"floor":12,"key":"Turnip"},{"floor":26,"key":"Dead Branch"}],"event_choices":[{"damage_healed":0,"gold_gain":0,"player_choice":"Lose Max HP","damage_taken":0,"relics_obtained":["Golden Idol"],"max_hp_gain":0,"max_hp_loss":5,"event_name":"Golden Idol","floor":3,"gold_loss":0},{"cards_removed":["Defend_G"],"damage_healed":0,"gold_gain":0,"player_choice":"Card Removal","damage_taken":7,"max_hp_gain":0,"max_hp_loss":0,"event_name":"Golden Wing","floor":4,"gold_loss":0},{"damage_healed":0,"gold_gain":0,"player_choice":"Ignored","damage_taken":0,"max_hp_gain":0,"max_hp_loss":0,"event_name":"Shining Light","floor":14,"gold_loss":0},{"damage_healed":0,"gold_gain":0,"cards_transformed":["Infinite Blades","Bouncing Flask"],"player_choice":"Transformed Cards","damage_taken":0,"max_hp_gain":0,"max_hp_loss":0,"event_name":"Designer","floor":20,"gold_loss":60,"cards_obtained":["Prepared","Tools of the Trade"]},{"damage_healed":0,"gold_gain":0,"cards_transformed":["Prepared","Wraith Form v2"],"player_choice":"Became Test Subject","damage_taken":0,"max_hp_gain":0,"max_hp_loss":0,"event_name":"Drug Dealer","floor":25,"gold_loss":0,"cards_obtained":["Eviscerate","Infinite Blades"]},{"damage_healed":0,"gold_gain":0,"player_choice":"Became a vampire (Vial)","damage_taken":0,"max_hp_gain":0,"max_hp_loss":0,"event_name":"Vampires","floor":30,"relics_lost":["Blood Vial"],"gold_loss":0,"cards_obtained":["Bite","Bite","Bite","Bite","Bite"]}],"is_beta":false,"boss_relics":[{"not_picked":["Tiny House","Sozu"],"picked":"Pandora\u0027s Box"}],"items_purged_floors":[19,31],"is_endless":false,"potions_floor_spawned":[8,10,11,12,18,21,22],"killed_by":"Champ","ascension_level":5}}