{"host":"w14xfy17z3c5mpoi","time":1614319990,"event":{"mods":["AchievementEnabler","BaseMod","Minty Spire (QoL Compilation)","Relic Stats"],"gold_per_floor":[117,132,143,153,165,198,198,231,231,248,6,41,58,84,84,162,162,181,201,221,233,233,261,261,293,344,344,364,364,364,364],"floor_reached":30,"language":"ENG","playtime":1383,"items_purged":["Strike_G"],"score":751,"play_id":"7907da26-fc9e-4c31-a3d3-2371b3d936b6","local_time":"20210226011310","is_ascension_mode":true,"campfire_choices":[{"data":"Terror","floor":7,"key":"SMITH"},{"data":"Die Die Die","floor":15,"key":"SMITH"},{"data":"Phantasmal Killer","floor":24,"key":"SMITH"},{"floor":29,"key":"REST"}],"circlet_count":0,"master_deck":["AscendersBane","Defend_G","Defend_G","Defend_G","Defend_G","Defend_G","Survivor","Neutralize","Flying Knee+1","Backstab+1","All Out Attack+1","Dagger Spray","Leg Sweep","Slice","Dagger Throw","Endless Agony","Terror+1","Blade Dance","Dagger Spray","Escape Plan","Die Die Die+1","Phantasmal Killer+1","Dagger Throw","Slice+1","Acrobatics","Bite","Bite","Bite","Bite","Bite","Acrobatics","Footwork","Decay","Die Die Die","Backstab"],"relics":["Astrolabe","Happy Flower","Mercury Hourglass","Question Card","Strange Spoon","CaptainsWheel","Gremlin Horn","Runic Dome","InkBottle","Dream Catcher","Snake Skull"],"acts_visited":["Exordium","TheCity"],"potions_floor_usage":[12,13,16,21,23],"damage_taken":[{"damage":0,"enemies":"2 Louse","floor":1,"turns":1},{"damage":0,"enemies":"Cultist","floor":2,"turns":2},{"damage":0,"enemies":"Small Slimes","floor":3,"turns":1},{"damage":6,"enemies":"Exordium Thugs","floor":4,"turns":3},{"damage":7,"enemies":"2 Fungi Beasts","floor":5,"turns":3},{"damage":5,"enemies":"3 Sentries","floor":6,"turns":5},{"damage":7,"enemies":"Lagavulin","floor":8,"turns":6},{"damage":0,"enemies":"Blue Slaver","floor":10,"turns":2},{"damage":11,"enemies":"3 Sentries","floor":12,"turns":3},{"damage":0,"enemies":"3 Louse","floor":13,"turns":2},{"damage":5,"enemies":"Lagavulin","floor":14,"turns":3},{"damage":0,"enemies":"Slime Boss","floor":16,"turns":6},{"damage":0,"enemies":"Chosen","floor":18,"turns":4},{"damage":0,"enemies":"Spheric Guardian","floor":19,"turns":4},{"damage":21,"enemies":"Snake Plant","floor":20,"turns":3},{"damage":6,"enemies":"3 Cultists","floor":21,"turns":3},{"damage":0,"enemies":"Slavers","floor":23,"turns":3},{"damage":25,"enemies":"Book of Stabbing","floor":25,"turns":5},{"damage":0,"enemies":"Chosen and Byrds","floor":28,"turns":4},{"damage":43,"enemies":"Snake Plant","floor":30,"turns":2}],"seed_played":"-3334116862924808015","potions_obtained":[{"floor":4,"key":"Regen Potion"},{"floor":6,"key":"Swift Potion"},{"floor":10,"key":"Regen Potion"},{"floor":13,"key":"CultistPotion"},{"floor":16,"key":"GhostInAJar"},{"floor":19,"key":"Swift Potion"},{"floor":25,"key":"FearPotion"},{"floor":28,"key":"DuplicationPotion"}],"is_trial":false,"path_per_floor":["M","M","M","M","M","E","R","E","T","M","$","E","M","E","R","B",null,"M","M","M","M","?","E","R","E","T","?","M","R","M"],"character_chosen":"THE_SILENT","items_purchased":["Strange Spoon"],"campfire_rested":1,"item_purchase_floors":[11],"current_hp_per_floor":[59,59,59,53,46,41,41,34,34,34,34,32,37,32,32,32,58,58,58,37,31,31,35,35,20,20,20,28,41,0,0],"gold":364,"neow_bonus":"BOSS_RELIC","is_daily":false,"chose_seed":false,"campfire_upgraded":3,"win_rate":0.0,"timestamp":1614319990,"path_taken":["M","M","M","M","M","E","R","E","T","M","$","E","M","E","R","BOSS","M","M","M","M","?","E","R","E","T","?","M","R","M"],"items_purchased_type":["Relic"],"build_version":"2020-12-22","purchased_purges":1,"victory":false,"max_hp_per_floor":[66,66,66,66,66,66,66,66,66,66,66,66,66,66,66,66,66,66,66,66,66,46,46,46,46,46,46,46,46,46,46],"relic_stats":{"Strange Spoon":[35],"Dream Catcher":1,"Happy Flower":[16],"Gremlin Horn":[6,6],"counters":[20,62],"Astrolabe":["Flying Knee","Backstab","All Out Attack"],"Snake Skull":[0],"Question Card":13,"obtain_stats":[{"Strange Spoon":11,"Runic Dome":17,"CaptainsWheel":12,"Dream Catcher":25,"Happy Flower":6,"Gremlin Horn":14,"Astrolabe":0,"Snake Skull":26,"Question Card":9,"InkBottle":23,"Ring of the Snake":0,"Mercury Hourglass":8},{"Strange Spoon":8,"Runic Dome":12,"CaptainsWheel":9,"Dream Catcher":18,"Happy Flower":6,"Gremlin Horn":11,"Astrolabe":0,"Snake Skull":18,"Question Card":7,"InkBottle":17,"Ring of the Snake":0,"Mercury Hourglass":7},{"Strange Spoon":23,"Runic Dome":35,"CaptainsWheel":26,"Dream Catcher":56,"Happy Flower":15,"Gremlin Horn":30,"Astrolabe":0,"Snake Skull":56,"Question Card":21,"InkBottle":51,"Ring of the Snake":0,"Mercury Hourglass":21}],"InkBottle":[6],"Mercury Hourglass":[169]},"card_choices":[{"not_picked":["Acrobatics","Backflip"],"picked":"Dagger Spray","floor":1},{"not_picked":["Slice","Predator"],"picked":"Leg Sweep","floor":2},{"not_picked":["Expertise","Noxious Fumes"],"picked":"Slice","floor":3},{"not_picked":["Deadly Poison","PiercingWail"],"picked":"Dagger Throw","floor":4},{"not_picked":["Crippling Poison","Dodge and Roll"],"picked":"Endless Agony","floor":5},{"not_picked":["Masterful Stab","Finisher"],"picked":"Terror","floor":6},{"not_picked":["Backstab","Tools of the Trade"],"picked":"Blade Dance","floor":8},{"not_picked":["Flechettes","Deflect","Slice"],"picked":"Dagger Spray","floor":10},{"not_picked":["Crippling Poison","Corpse Explosion","Distraction"],"picked":"Escape Plan","floor":12},{"not_picked":["Blade Dance","Deflect","Poisoned Stab","Prepared"],"picked":"SKIP","floor":13},{"not_picked":["Sucker Punch","Backflip","Crippling Poison"],"picked":"Die Die Die","floor":14},{"not_picked":["Night Terror","Unload","Storm of Steel"],"picked":"Phantasmal Killer","floor":16},{"not_picked":["Blade Dance","Poisoned Stab","Skewer"],"picked":"Dagger Throw","floor":18},{"not_picked":["Skewer","Deadly Poison","Prepared","Blade Dance"],"picked":"SKIP","floor":19},{"not_picked":["Poisoned Stab","Bullet Time","Flying Knee"],"picked":"Slice+1","floor":20},{"not_picked":["Dodge and Roll","Well Laid Plans","Poisoned Stab"],"picked":"Acrobatics","floor":21},{"not_picked":["Slice","Endless Agony","Bane"],"picked":"Acrobatics","floor":23},{"not_picked":["Setup","Sucker Punch+1","Underhanded Strike"],"picked":"Footwork","floor":25},{"not_picked":["Slice","Deflect","Quick Slash"],"picked":"Die Die Die","floor":28},{"not_picked":["Infinite Blades","Underhanded Strike","Finisher"],"picked":"Backstab","floor":29}],"player_experience":822846,"relics_obtained":[{"floor":6,"key":"Happy Flower"},{"floor":8,"key":"Mercury Hourglass"},{"floor":9,"key":"Question Card"},{"floor":12,"key":"CaptainsWheel"},{"floor":14,"key":"Gremlin Horn"},{"floor":23,"key":"InkBottle"},{"floor":25,"key":"Dream Catcher"},{"floor":26,"key":"Snake Skull"}],"event_choices":[{"damage_healed":0,"gold_gain":0,"player_choice":"Became a vampire","damage_taken":0,"max_hp_gain":0,"max_hp_loss":20,"event_name":"Vampires","floor":22,"gold_loss":0,"cards_obtained":["Bite","Bite","Bite","Bite","Bite"]},{"damage_healed":0,"gold_gain":0,"player_choice":"Cursed","damage_taken":0,"max_hp_gain":0,"max_hp_loss":0,"event_name":"Wheel of Change","floor":27,"gold_loss":0,"cards_obtained":["Decay"]}],"is_beta":false,"boss_relics":[{"not_picked":["Tiny House","Snecko Eye"],"picked":"Runic Dome"}],"items_purged_floors":[11],"is_endless":false,"potions_floor_spawned":[4,6,10,13,16,19,25,28],"killed_by":"Snake Plant","ascension_level":17}}