{"host":"1ie89x0glpq08u84","time":1614303683,"event":{"mods":["AchievementEnabler","BaseMod","Highlight Path","Minty Spire (QoL Compilation)","StSLib","Unceasing Turn Reminder"],"gold_per_floor":[116,116,116,132,132,132,166,166,166,204,183,183,204,222,222,341,341,357,357,373,416,24,24,45,83,83,83,83,106,106,106,106],"floor_reached":31,"language":"ENG","playtime":884,"items_purged":["Strike_B"],"score":276,"play_id":"9404260b-b3dc-40e3-8c84-482542663f00","local_time":"20210225204123","is_ascension_mode":true,"campfire_choices":[{"data":"Compile Driver","floor":6,"key":"SMITH"},{"floor":12,"key":"REST"},{"floor":15,"key":"REST"},{"data":"Heatsinks","floor":23,"key":"SMITH"},{"floor":27,"key":"REST"},{"floor":30,"key":"REST"}],"circlet_count":0,"master_deck":["Strike_B+1","Strike_B+1","Defend_B","Defend_B","Defend_B","Defend_B","Zap","Dualcast","Compile Driver+1","Ball Lightning+1","Core Surge","Genetic Algorithm","Tempest","Cold Snap","Coolheaded+1","Ball Lightning","Lockon","Amplify","Heatsinks+1","Ball Lightning","Rip and Tear","Biased Cognition"],"relics":["Philosopher\u0027s Stone","Golden Idol","Nunchaku","Bronze Scales","Ice Cream","Black Star","Strawberry","DataDisk","Mercury Hourglass","Ornamental Fan"],"acts_visited":["Exordium","TheCity"],"potions_floor_usage":[7,10,16,21,25,31],"damage_taken":[{"damage":0,"enemies":"Jaw Worm","floor":1,"turns":3},{"damage":7,"enemies":"2 Louse","floor":4,"turns":3},{"damage":25,"enemies":"3 Sentries","floor":7,"turns":5},{"damage":9,"enemies":"Gremlin Nob","floor":10,"turns":4},{"damage":4,"enemies":"Small Slimes","floor":13,"turns":2},{"damage":9,"enemies":"3 Louse","floor":14,"turns":2},{"damage":16,"enemies":"Hexaghost","floor":16,"turns":6},{"damage":3,"enemies":"3 Byrds","floor":18,"turns":4},{"damage":7,"enemies":"Shell Parasite","floor":20,"turns":5},{"damage":16,"enemies":"Shelled Parasite and Fungi","floor":21,"turns":4},{"damage":11,"enemies":"Snecko","floor":24,"turns":5},{"damage":45,"enemies":"Book of Stabbing","floor":25,"turns":4},{"damage":1,"enemies":"Centurion and Healer","floor":29,"turns":6},{"damage":56,"enemies":"Slavers","floor":31,"turns":4}],"seed_played":"8649574849546061646","potions_obtained":[{"floor":1,"key":"BlessingOfTheForge"},{"floor":4,"key":"LiquidBronze"},{"floor":7,"key":"SpeedPotion"},{"floor":10,"key":"SmokeBomb"},{"floor":18,"key":"ColorlessPotion"},{"floor":24,"key":"SkillPotion"},{"floor":29,"key":"Dexterity Potion"}],"is_trial":false,"path_per_floor":["M","?","?","M","?","R","E","?","T","E","?","R","M","M","R","B",null,"M","?","M","M","$","R","M","E","T","R","?","M","R","E"],"character_chosen":"DEFECT","items_purchased":["Amplify","Strawberry","Heatsinks"],"campfire_rested":4,"item_purchase_floors":[22,22,22],"current_hp_per_floor":[75,69,55,48,48,48,23,16,16,7,7,27,23,14,34,18,69,66,79,72,56,63,63,52,7,7,32,32,31,56,0,0],"gold":106,"neow_bonus":"BOSS_RELIC","is_daily":false,"chose_seed":false,"campfire_upgraded":2,"win_rate":0.0,"timestamp":1614303683,"path_taken":["M","?","?","M","?","R","E","?","T","E","?","R","M","M","R","BOSS","M","?","M","?","$","R","M","E","T","R","?","M","R","E"],"items_purchased_type":["Card","Relic","Card"],"build_version":"2020-12-22","purchased_purges":1,"victory":false,"max_hp_per_floor":[75,69,69,69,69,69,69,69,69,69,69,69,69,69,69,69,69,69,79,79,79,86,86,86,86,86,86,86,86,86,86,86],"card_choices":[{"not_picked":["Steam","Leap"],"picked":"Compile Driver","floor":1},{"not_picked":["Conserve Battery","Leap"],"picked":"Ball Lightning","floor":4},{"not_picked":["Scrape","Cold Snap"],"picked":"Core Surge","floor":7},{"not_picked":["Loop","Reboot"],"picked":"Genetic Algorithm","floor":10},{"not_picked":["Leap","Compile Driver"],"picked":"Tempest","floor":13},{"not_picked":["Turbo","Stack"],"picked":"Cold Snap","floor":14},{"not_picked":["Meteor Strike","Amplify"],"picked":"Core Surge","floor":16},{"not_picked":["Melter","Redo"],"picked":"Coolheaded","floor":18},{"not_picked":["Go for the Eyes","BootSequence"],"picked":"Ball Lightning","floor":20},{"not_picked":["Coolheaded","Beam Cell"],"picked":"Lockon","floor":21},{"not_picked":["BootSequence+1","Scrape"],"picked":"Ball Lightning","floor":24},{"not_picked":["Stack","Steam Power"],"picked":"Rip and Tear","floor":25},{"not_picked":["Streamline","Beam Cell+1"],"picked":"Biased Cognition","floor":29}],"player_experience":441373,"relics_obtained":[{"floor":7,"key":"Nunchaku"},{"floor":9,"key":"Bronze Scales"},{"floor":10,"key":"Ice Cream"},{"floor":25,"key":"DataDisk"},{"floor":25,"key":"Mercury Hourglass"},{"floor":26,"key":"Ornamental Fan"}],"event_choices":[{"damage_healed":0,"gold_gain":0,"player_choice":"Lose Max HP","damage_taken":0,"relics_obtained":["Golden Idol"],"max_hp_gain":0,"max_hp_loss":6,"event_name":"Golden Idol","floor":2,"gold_loss":0},{"damage_healed":0,"gold_gain":0,"player_choice":"Entered Light","damage_taken":14,"max_hp_gain":0,"max_hp_loss":0,"event_name":"Shining Light","floor":3,"gold_loss":0,"cards_upgraded":["Strike_B","Strike_B"]},{"damage_healed":0,"gold_gain":0,"player_choice":"Grow","damage_taken":0,"max_hp_gain":0,"max_hp_loss":0,"event_name":"Living Wall","floor":5,"gold_loss":0,"cards_upgraded":["Ball Lightning"]},{"cards_removed":["Strike_B"],"damage_healed":0,"gold_gain":0,"player_choice":"Card Removal","damage_taken":7,"max_hp_gain":0,"max_hp_loss":0,"event_name":"Golden Wing","floor":8,"gold_loss":0},{"damage_healed":0,"gold_gain":0,"player_choice":"Left Gold","damage_taken":0,"max_hp_gain":0,"max_hp_loss":0,"event_name":"World of Goop","floor":11,"gold_loss":21},{"cards_removed":["Core Surge"],"damage_healed":3,"gold_gain":0,"player_choice":"Offered Rare","damage_taken":0,"max_hp_gain":10,"max_hp_loss":0,"event_name":"Bonfire Elementals","floor":19,"gold_loss":0},{"damage_healed":0,"gold_gain":0,"player_choice":"Forge","damage_taken":0,"max_hp_gain":0,"max_hp_loss":0,"event_name":"Accursed Blacksmith","floor":28,"gold_loss":0,"cards_upgraded":["Coolheaded"]}],"is_beta":false,"boss_relics":[{"not_picked":["Tiny House","Sozu"],"picked":"Black Star"}],"items_purged_floors":[22],"is_endless":false,"potions_floor_spawned":[1,4,7,10,18,24,29],"killed_by":"Slavers","ascension_level":1}}