{"host":"v6biu77h43umse0l","time":1614315817,"event":{"mods":["BaseMod","DeckTracker","Lobotomy","Minty Spire (QoL Compilation)","StSLib","SuperFastMode"],"gold_per_floor":[119,131,146,146,146,146,159,193,193,193,193],"floor_reached":10,"language":"KOR","playtime":239,"items_purged":[],"score":85,"play_id":"69006a1f-e49f-45a4-9c5e-f4cdb04c7773","local_time":"20210226140337","is_ascension_mode":true,"campfire_choices":[{"data":"Dualcast","floor":6,"key":"SMITH"}],"circlet_count":0,"master_deck":["Strike_B","Strike_B","Strike_B","Defend_B","Defend_B","Defend_B","Defend_B","Zap","Dualcast+1","Porccubus","Ball Lightning","PunishingBird","Sweeping Beam","OldLady","Compile Driver","OSAHOGD","Sunder","Scorched","Cold Snap"],"relics":["Cracked Core","CogitoBucket","Question Card","Cables"],"acts_visited":["Exordium"],"potions_floor_usage":[10],"damage_taken":[{"damage":1,"enemies":"Cultist","floor":1,"turns":3},{"damage":7,"enemies":"2 Louse","floor":2,"turns":2},{"damage":10,"enemies":"Small Slimes","floor":3,"turns":2},{"damage":9,"enemies":"3 Louse","floor":7,"turns":2},{"damage":35,"enemies":"3 Sentries","floor":8,"turns":4},{"damage":27,"enemies":"Lagavulin","floor":10,"turns":2}],"seed_played":"-5469183398066773692","potions_obtained":[{"floor":3,"key":"Energy Potion"},{"floor":7,"key":"DuplicationPotion"}],"is_trial":false,"path_per_floor":["M","M","M","?","?","R","M","E","T","E"],"character_chosen":"DEFECT","items_purchased":[],"campfire_rested":0,"item_purchase_floors":[],"current_hp_per_floor":[74,67,59,52,52,52,45,12,12,0,0],"gold":193,"neow_bonus":"","is_daily":false,"chose_seed":false,"campfire_upgraded":1,"win_rate":0.0,"timestamp":1614315817,"path_taken":["M","M","M","?","?","R","M","E","T","E"],"items_purchased_type":[],"build_version":"2020-12-22","purchased_purges":0,"victory":false,"max_hp_per_floor":[75,75,75,75,75,75,75,75,75,75,75],"card_choices":[{"not_picked":["FairyFestival","UniverseFragment"],"picked":"Porccubus","floor":1},{"not_picked":["Beam Cell","Turbo"],"picked":"Ball Lightning","floor":1},{"not_picked":["UniverseFragment","Bloodbath"],"picked":"PunishingBird","floor":2},{"not_picked":["Stack","Beam Cell"],"picked":"Sweeping Beam","floor":2},{"not_picked":["BeautyBeast","VoidDream"],"picked":"OldLady","floor":3},{"not_picked":["Steam","Gash"],"picked":"Compile Driver","floor":3},{"not_picked":["MHz","ShyLook"],"picked":"OSAHOGD","floor":7},{"not_picked":["Cold Snap","Self Repair"],"picked":"Sunder","floor":7},{"not_picked":["WallGazer","BeautyBeast"],"picked":"Scorched","floor":8},{"not_picked":["Hello World","Redo"],"picked":"Cold Snap","floor":8}],"player_experience":387778,"relics_obtained":[{"floor":8,"key":"Question Card"},{"floor":9,"key":"Cables"}],"event_choices":[{"cards_removed":["Strike_B"],"damage_healed":0,"gold_gain":0,"player_choice":"Card Removal","damage_taken":7,"max_hp_gain":0,"max_hp_loss":0,"event_name":"Golden Wing","floor":4,"gold_loss":0},{"damage_healed":0,"gold_gain":0,"player_choice":"Ignored","damage_taken":0,"max_hp_gain":0,"max_hp_loss":0,"event_name":"Liars Game","floor":5,"gold_loss":0}],"is_beta":false,"boss_relics":[],"items_purged_floors":[],"is_endless":false,"potions_floor_spawned":[3,7],"killed_by":"Lagavulin","ascension_level":5}}