{"host":"k6u7q08ihsmpx7o5","time":1614352934,"event":{"mods":["BaseMod","Bestiary","Filter the Spire","Minty Spire (QoL Compilation)","Permanent Neow","Relic Stats","StSLib"],"gold_per_floor":[115,127,127,137,137,137,165,185,209,284,301,301,331,331,331,407,407,417,417,448,9,24,24,39,64,64,78,78,106,120,132,132,204,204,224,224,124,139,154,154,154,376,430,430,455,127,141,173,173,173,173,173,173,9,41,41],"floor_reached":57,"language":"ENG","playtime":4492,"items_purged":["Writhe","Eruption"],"score":2820,"play_id":"a6cc71db-6fdb-4699-bb91-474aa26f7c9e","local_time":"20210226162214","is_ascension_mode":true,"campfire_choices":[{"floor":6,"key":"REST"},{"floor":12,"key":"REST"},{"data":"TalkToTheHand","floor":15,"key":"SMITH"},{"data":"Wallop","floor":23,"key":"SMITH"},{"data":"Vigilance","floor":28,"key":"SMITH"},{"data":"DevaForm","floor":32,"key":"SMITH"},{"floor":40,"key":"RECALL"},{"floor":49,"key":"REST"},{"floor":53,"key":"REST"}],"circlet_count":0,"master_deck":["AscendersBane","Vigilance+1","CurseOfTheBell","ThirdEye+1","PathToVictory+1","TalkToTheHand+1","ThirdEye+1","Prostrate+1","PathToVictory+1","Judgement+1","WreathOfFlame+1","Protect+1","DevaForm+1","Omniscience+1","Scrawl+1","DeusExMachina+1","Wallop+1","Evaluate+1","Prostrate+1","ThirdEye+1","ThirdEye+1","PathToVictory+1","Prostrate+1","PathToVictory+1","Evaluate+1","Evaluate+1","Vault+1","Study+1","ClearTheMind+1","EmptyMind+1","Dark Shackles+1"],"relics":["Calling Bell","Bronze Scales","Toxic Egg 2","Prayer Wheel","Damaru","Orichalcum","Juzu Bracelet","Art of War","Pandora\u0027s Box","TeardropLocket","Red Mask","Question Card","Pantograph","Pear","InkBottle","Runic Pyramid","Toy Ornithopter","Membership Card","CaptainsWheel","Potion Belt","Lizard Tail","Nunchaku"],"acts_visited":["Exordium","TheCity","TheBeyond","TheEnding"],"potions_floor_usage":[13,33,45,51],"damage_taken":[{"damage":5,"enemies":"Small Slimes","floor":1,"turns":2},{"damage":0,"enemies":"Jaw Worm","floor":2,"turns":4},{"damage":0,"enemies":"Cultist","floor":4,"turns":3},{"damage":19,"enemies":"Lagavulin","floor":7,"turns":8},{"damage":2,"enemies":"Blue Slaver","floor":8,"turns":4},{"damage":0,"enemies":"Looter","floor":11,"turns":2},{"damage":14,"enemies":"3 Sentries","floor":13,"turns":5},{"damage":23,"enemies":"The Guardian","floor":16,"turns":8},{"damage":0,"enemies":"Spheric Guardian","floor":18,"turns":2},{"damage":6,"enemies":"Masked Bandits","floor":20,"turns":4},{"damage":0,"enemies":"3 Byrds","floor":22,"turns":2},{"damage":2,"enemies":"Centurion and Healer","floor":24,"turns":4},{"damage":1,"enemies":"Book of Stabbing","floor":25,"turns":4},{"damage":18,"enemies":"Cultist and Chosen","floor":27,"turns":7},{"damage":1,"enemies":"Slavers","floor":29,"turns":4},{"damage":0,"enemies":"Snake Plant","floor":30,"turns":3},{"damage":0,"enemies":"Centurion and Healer","floor":31,"turns":4},{"damage":1,"enemies":"Automaton","floor":33,"turns":8},{"damage":1,"enemies":"3 Darklings","floor":35,"turns":4},{"damage":0,"enemies":"3 Shapes","floor":38,"turns":5},{"damage":1,"enemies":"Spire Growth","floor":39,"turns":3},{"damage":36,"enemies":"Reptomancer","floor":45,"turns":4},{"damage":0,"enemies":"Jaw Worm Horde","floor":47,"turns":4},{"damage":0,"enemies":"Giant Head","floor":48,"turns":5},{"damage":19,"enemies":"Donu and Deca","floor":50,"turns":9},{"damage":12,"enemies":"Time Eater","floor":51,"turns":5},{"damage":25,"enemies":"Shield and Spear","floor":55,"turns":6},{"damage":117,"enemies":"The Heart","floor":56,"turns":11}],"seed_played":"3818187782281042508","potions_obtained":[{"floor":4,"key":"Fire Potion"},{"floor":11,"key":"Strength Potion"},{"floor":20,"key":"SteroidPotion"},{"floor":25,"key":"Dexterity Potion"},{"floor":29,"key":"DuplicationPotion"},{"floor":33,"key":"Fire Potion"}],"is_trial":false,"path_per_floor":["M","M","?","M","?","R","E","M","T","?","M","R","E","?","R","B",null,"M","?","?","$","M","R","M","E","T","M","R","E","M","M","R","B",null,"M","?","$","M","M","R","?","?","T","?","E","$","M","E","R","B","B",null,"R","$","E","B",null],"character_chosen":"WATCHER","items_purchased":["Question Card","Prostrate+1","ThirdEye+1","Membership Card","CaptainsWheel","Lizard Tail"],"campfire_rested":4,"item_purchase_floors":[21,21,21,46,46,54],"current_hp_per_floor":[56,56,45,45,25,45,26,24,24,13,13,33,19,24,24,1,55,55,55,49,49,49,49,47,46,56,38,38,37,37,37,37,61,78,77,77,77,77,76,76,76,76,76,76,40,40,40,40,64,64,71,80,83,83,58,10],"gold":41,"neow_bonus":"BOSS_RELIC","is_daily":false,"chose_seed":false,"campfire_upgraded":4,"win_rate":0.0,"timestamp":1614352934,"path_taken":["M","M","?","M","?","R","E","M","T","?","M","R","E","?","R","BOSS","M","?","?","$","M","R","M","E","T","M","R","E","M","M","R","BOSS","M","?","?","M","M","R","?","?","T","?","E","$","M","E","R","BOSS","BOSS","R","$","E","BOSS"],"items_purchased_type":["Relic","Card","Card","Relic","Relic","Relic"],"build_version":"2020-12-22","purchased_purges":2,"victory":true,"max_hp_per_floor":[68,68,68,68,68,68,68,68,68,68,68,68,68,73,73,73,73,73,73,73,73,73,73,73,73,83,83,83,83,83,83,83,83,83,83,83,83,83,83,83,83,83,83,83,83,83,83,83,83,83,83,83,83,83,83,83],"relic_stats":{"counters":[28,134],"Juzu Bracelet":1,"Orichalcum":[54],"Question Card":25,"Lizard Tail":41,"Nunchaku":[0],"Bronze Scales":[492],"Pantograph":88,"Prayer Wheel":15,"Pandora\u0027s Box":["WreathOfFlame","Protect","DevaForm","Omniscience","Scrawl","DeusExMachina","Wallop","Evaluate"],"Art of War":[51],"obtain_stats":[{"Potion Belt":48,"Pear":26,"Damaru":3,"Juzu Bracelet":9,"TeardropLocket":19,"Orichalcum":7,"Question Card":21,"Calling Bell":0,"CaptainsWheel":46,"Lizard Tail":54,"Nunchaku":55,"Bronze Scales":0,"Pantograph":25,"Prayer Wheel":0,"Pandora\u0027s Box":17,"Art of War":13,"Red Mask":20,"Membership Card":46,"PureWater":0,"Toxic Egg 2":0,"InkBottle":29,"Toy Ornithopter":45,"Runic Pyramid":34},{"Potion Belt":24,"Pear":13,"Damaru":2,"Juzu Bracelet":5,"TeardropLocket":9,"Orichalcum":4,"Question Card":10,"Calling Bell":0,"CaptainsWheel":22,"Lizard Tail":26,"Nunchaku":27,"Bronze Scales":0,"Pantograph":13,"Prayer Wheel":0,"Pandora\u0027s Box":8,"Art of War":7,"Red Mask":10,"Membership Card":22,"PureWater":0,"Toxic Egg 2":0,"InkBottle":15,"Toy Ornithopter":22,"Runic Pyramid":18},{"Potion Belt":103,"Pear":52,"Damaru":6,"Juzu Bracelet":21,"TeardropLocket":38,"Orichalcum":17,"Question Card":42,"Calling Bell":0,"CaptainsWheel":94,"Lizard Tail":117,"Nunchaku":123,"Bronze Scales":0,"Pantograph":52,"Prayer Wheel":0,"Pandora\u0027s Box":36,"Art of War":28,"Red Mask":42,"Membership Card":94,"PureWater":0,"Toxic Egg 2":0,"InkBottle":63,"Toy Ornithopter":94,"Runic Pyramid":78}],"InkBottle":[50],"Toy Ornithopter":0},"card_choices":[{"not_picked":["BowlingBash","Adaptation"],"picked":"ThirdEye+1","floor":1},{"not_picked":["Pray+1","ClearTheMind+1"],"picked":"PathToVictory+1","floor":1},{"not_picked":["FlyingSleeves","FlurryOfBlows"],"picked":"BowlingBash","floor":2},{"not_picked":["EmptyBody+1","Conclude","Devotion"],"picked":"SKIP","floor":2},{"not_picked":["ClearTheMind+1","EmptyMind+1"],"picked":"TalkToTheHand","floor":4},{"not_picked":["BattleHymn","FollowUp","Crescendo+1"],"picked":"SKIP","floor":4},{"not_picked":["Pray+1","EmptyBody+1"],"picked":"ThirdEye+1","floor":7},{"not_picked":["Consecrate","Adaptation"],"picked":"Prostrate+1","floor":8},{"not_picked":["FlurryOfBlows","JustLucky"],"picked":"PathToVictory+1","floor":8},{"not_picked":["Nirvana","Protect+1","LikeWater"],"picked":"SKIP","floor":11},{"not_picked":["ClearTheMind+1","Wireheading","FollowUp"],"picked":"SKIP","floor":11},{"not_picked":["Sanctity+1","EmptyFist"],"picked":"Judgement+1","floor":13},{"not_picked":["Collect+1","MentalFortress","CrushJoints"],"picked":"SKIP","floor":18},{"not_picked":["Fasting2","ClearTheMind+1","Worship+1"],"picked":"SKIP","floor":18},{"not_picked":["Weave+1","Study","Crescendo+1"],"picked":"ThirdEye+1","floor":22},{"not_picked":["CarveReality","FlyingSleeves","Conclude","Perseverance+1"],"picked":"SKIP","floor":22},{"not_picked":["Consecrate","JustLucky","Halt+1"],"picked":"PathToVictory+1","floor":24},{"not_picked":["TalkToTheHand","SashWhip","WindmillStrike"],"picked":"Prostrate+1","floor":24},{"not_picked":["Crescendo+1","Adaptation","Halt+1","SpiritShield+1"],"picked":"SKIP","floor":25},{"not_picked":["FearNoEvil","Consecrate","WheelKick"],"picked":"PathToVictory+1","floor":27},{"not_picked":["EmptyBody+1","EmptyFist","CrushJoints","CutThroughFate"],"picked":"SKIP","floor":27},{"not_picked":["WheelKick","Fasting2","SandsOfTime","Adaptation"],"picked":"SKIP","floor":29},{"not_picked":["SignatureMove+1","CrushJoints","Weave"],"picked":"Evaluate+1","floor":30},{"not_picked":["Protect+1","Swivel+1","FlyingSleeves","JustLucky"],"picked":"SKIP","floor":30},{"not_picked":["Consecrate","BowlingBash","Halt+1"],"picked":"Evaluate+1","floor":31},{"not_picked":["SashWhip","Adaptation","Fasting2","Alpha+1"],"picked":"SKIP","floor":31},{"not_picked":["SpiritShield+1","DeusExMachina+1","MasterReality"],"picked":"Vault+1","floor":33},{"not_picked":["Consecrate","PathToVictory+1","Meditate+1"],"picked":"Study+1","floor":35},{"not_picked":["LikeWater","Prostrate+1","JustLucky","FlurryOfBlows"],"picked":"SKIP","floor":35},{"not_picked":["Wireheading+1","WreathOfFlame+1","EmptyMind+1"],"picked":"ClearTheMind+1","floor":38},{"not_picked":["Halt+1","Protect+1","Fasting2+1"],"picked":"EmptyMind+1","floor":38},{"not_picked":["MentalFortress+1","SpiritShield+1","Indignation+1","Consecrate"],"picked":"SKIP","floor":39},{"not_picked":["Perseverance+1","EmptyFist","FlyingSleeves+1","EmptyBody+1"],"picked":"SKIP","floor":39},{"not_picked":["Swift Strike","Panache","Impatience+1"],"picked":"Dark Shackles+1","floor":44},{"not_picked":["SashWhip","BattleHymn","WindmillStrike","WreathOfFlame+1"],"picked":"SKIP","floor":45},{"not_picked":["Weave+1","Consecrate","FollowUp","EmptyBody+1"],"picked":"SKIP","floor":47},{"not_picked":["TalkToTheHand","ReachHeaven","Consecrate","CutThroughFate"],"picked":"SKIP","floor":47},{"not_picked":["Consecrate","SashWhip","Devotion","FlyingSleeves+1"],"picked":"SKIP","floor":48},{"not_picked":["ForeignInfluence+1","ClearTheMind+1","InnerPeace+1","SandsOfTime"],"picked":"SKIP","floor":55}],"player_experience":1993835,"relics_obtained":[{"floor":0,"key":"Bronze Scales"},{"floor":0,"key":"Toxic Egg 2"},{"floor":0,"key":"Prayer Wheel"},{"floor":7,"key":"Orichalcum"},{"floor":9,"key":"Juzu Bracelet"},{"floor":13,"key":"Art of War"},{"floor":20,"key":"Red Mask"},{"floor":25,"key":"Pantograph"},{"floor":26,"key":"Pear"},{"floor":29,"key":"InkBottle"},{"floor":45,"key":"Toy Ornithopter"},{"floor":48,"key":"Potion Belt"},{"floor":55,"key":"Nunchaku"}],"event_choices":[{"damage_healed":0,"gold_gain":0,"player_choice":"Success","damage_taken":11,"relics_obtained":["Damaru"],"max_hp_gain":0,"max_hp_loss":0,"event_name":"Scrap Ooze","floor":3,"gold_loss":0},{"damage_healed":0,"gold_gain":0,"player_choice":"Entered Light","damage_taken":20,"max_hp_gain":0,"max_hp_loss":0,"event_name":"Shining Light","floor":5,"gold_loss":0,"cards_upgraded":["Defend_P","BowlingBash"]},{"damage_healed":0,"gold_gain":75,"player_choice":"Gather Gold","damage_taken":11,"max_hp_gain":0,"max_hp_loss":0,"event_name":"World of Goop","floor":10,"gold_loss":0},{"damage_healed":0,"gold_gain":0,"player_choice":"Donut","damage_taken":0,"max_hp_gain":5,"max_hp_loss":0,"event_name":"Big Fish","floor":14,"gold_loss":0},{"damage_healed":0,"gold_gain":0,"player_choice":"Opened","damage_taken":0,"relics_obtained":["TeardropLocket"],"max_hp_gain":0,"max_hp_loss":0,"event_name":"The Mausoleum","floor":19,"gold_loss":0,"cards_obtained":["Writhe"]},{"damage_healed":0,"gold_gain":0,"player_choice":"Fought Bandits","damage_taken":0,"max_hp_gain":0,"max_hp_loss":0,"event_name":"Masked Bandits","floor":20,"gold_loss":0},{"damage_healed":0,"gold_gain":0,"player_choice":"Ignored","damage_taken":0,"max_hp_gain":0,"max_hp_loss":0,"event_name":"Accursed Blacksmith","floor":36,"gold_loss":0},{"cards_removed":["BowlingBash"],"damage_healed":0,"gold_gain":0,"player_choice":"Removed Attack","damage_taken":0,"max_hp_gain":0,"max_hp_loss":0,"event_name":"Falling","floor":41,"gold_loss":0},{"damage_healed":0,"gold_gain":222,"player_choice":"Wore Mask","damage_taken":0,"max_hp_gain":0,"max_hp_loss":0,"event_name":"Tomb of Lord Red Mask","floor":42,"gold_loss":0},{"damage_healed":0,"gold_gain":0,"player_choice":"Memory 1","damage_taken":0,"max_hp_gain":0,"max_hp_loss":0,"event_name":"SensoryStone","floor":44,"gold_loss":0}],"is_beta":false,"boss_relics":[{"not_picked":["Black Star","Empty Cage"],"picked":"Pandora\u0027s Box"},{"not_picked":["SacredBark","Velvet Choker"],"picked":"Runic Pyramid"}],"items_purged_floors":[21,37],"is_endless":false,"potions_floor_spawned":[4,11,20,25,29,30,31,33,38,39],"ascension_level":20}}