{"host":"onfdonezo2qmaex3","time":1614334982,"event":{"mods":["2.2 Compatiblity","AchievementEnabler","Act Like it!","Aspiration","BaseMod","Colored Powertips","Downfall","Elementarium","Friendly Minions","Gensokyo","Hallownest","Hermit","Highlight Path","Jorbs\u0027s Wanderer Trilogy","Marisa????????","Marked Mod","Menagerie","Minty Spire (QoL Compilation)","Pale of the Ancients","Quick Restart","Reliquary","Ruina","Shop Mod","StSLib","The Bug Knight","The Cursed","The Disciple","The Hayseed","The Hierophant","The Marked","The Runesmith"],"gold_per_floor":[114,114,214,214,229,229,101,116,166,6,36,51,66,81,81,181,181,196,196,196,111,126,126,156,156,181,81,96,96,126,141,141,241,241,256,306,321,139,154,154,184,184,209,209,224,239,269,284,284,284],"floor_reached":51,"language":"ENG","playtime":3645,"items_purged":["champ:ArenaPreparation","champ:ArenaPreparation"],"score":872,"play_id":"d8109681-2758-4486-b00d-3ad67542e1a3","local_time":"20210226112302","daily_mods":["SealedDeck","Vintage","Lethality"],"is_ascension_mode":false,"campfire_choices":[{"data":"champ:DefensiveStyle","floor":6,"key":"SMITH"},{"data":"champ:ShieldWall","floor":15,"key":"SMITH"},{"data":"1","floor":23,"key":"LIFT"},{"data":"2","floor":25,"key":"LIFT"},{"data":"3","floor":29,"key":"LIFT"},{"data":"champ:SkillfulDodge","floor":32,"key":"SMITH"},{"data":"champ:Circumvent","floor":40,"key":"SMITH"},{"data":"champ:Circumvent","floor":42,"key":"SMITH"},{"floor":44,"key":"REST"},{"data":"champ:FlashCut","floor":49,"key":"SMITH"}],"circlet_count":0,"master_deck":["champ:Circumvent+1","champ:Circumvent+1","champ:SkillfulDodge+1","champ:ShieldWall+1","champ:DefensiveStyle+1","champ:FlashCut+1","hexamod:WildfireWeapon+1","Magnetism+1","theMarked:ChannelForce+1"],"relics":["champ:ChampionCrown","aspiration:SeaSaltIceCream","Frozen Egg 2","Happy Flower","Girya","Bronze Scales","champ:FightingForDummies","PrismaticShard","reliquary:Firecrackers","reliquary:PartyBalloon","PreservedInsect","Potion Belt","Empty Cage","reliquary:PurpleTingedLeaf","MutagenicStrength","Runesmith:Nanobots","Juzu Bracelet","Turnip","reliquary:RosewoodLute","Regal Pillow","reliquary:Spinner","Dead Branch","sneckomod:SneckoTalon","reliquary:Knoch","Runesmith:Locket","Bag of Marbles","Shuriken","Strawberry","reliquary:ExpiredCoupon","Lantern","reliquary:Aerogel","Akabeko","Gremlin Horn"],"acts_visited":["Gensokyo:Gensokyo","TheCity","TheBeyond"],"potions_floor_usage":[24,24,33,39,46],"damage_taken":[{"damage":45,"enemies":"Gensokyo:Python","floor":1,"turns":1},{"damage":5,"enemies":"Gensokyo:Gryphon","floor":5,"turns":2},{"damage":4,"enemies":"Gensokyo:2_Kodama","floor":8,"turns":4},{"damage":5,"enemies":"Gensokyo:Cirno","floor":11,"turns":5},{"damage":0,"enemies":"Gensokyo:LivingMonolith","floor":12,"turns":3},{"damage":0,"enemies":"Gensokyo:2_Rabbits","floor":13,"turns":3},{"damage":0,"enemies":"Gensokyo:3_Kodama","floor":14,"turns":2},{"damage":28,"enemies":"Gensokyo:Reimu","floor":16,"turns":7},{"damage":0,"enemies":"Spheric Guardian","floor":18,"turns":4},{"damage":0,"enemies":"Chosen","floor":22,"turns":3},{"damage":0,"enemies":"Book of Stabbing","floor":24,"turns":4},{"damage":10,"enemies":"Shelled Parasite and Fungi","floor":28,"turns":4},{"damage":10,"enemies":"Gremlin Leader","floor":30,"turns":7},{"damage":0,"enemies":"3 Cultists","floor":31,"turns":7},{"damage":0,"enemies":"Collector","floor":33,"turns":13},{"damage":0,"enemies":"3 Shapes","floor":35,"turns":4},{"damage":0,"enemies":"Mind Bloom Boss Battle","floor":36,"turns":7},{"damage":3,"enemies":"Orb Walker","floor":37,"turns":4},{"damage":31,"enemies":"Writhing Mass","floor":39,"turns":4},{"damage":30,"enemies":"Reptomancer","floor":41,"turns":7},{"damage":0,"enemies":"Maw","floor":45,"turns":7},{"damage":0,"enemies":"Transient","floor":46,"turns":5},{"damage":2,"enemies":"Giant Head","floor":47,"turns":7},{"damage":15,"enemies":"4 Shapes","floor":48,"turns":4},{"damage":61,"enemies":"Donu and Deca","floor":50,"turns":11}],"seed_played":"4728103701414758894","potions_obtained":[{"floor":5,"key":"Dexterity Potion"},{"floor":8,"key":"Energy Potion"},{"floor":11,"key":"Block Potion"},{"floor":14,"key":"DuplicationPotion"},{"floor":18,"key":"SteroidPotion"},{"floor":31,"key":"sneckomod:MuddlingPotion"},{"floor":36,"key":"Strength Potion"},{"floor":39,"key":"DistilledChaos"},{"floor":45,"key":"DuplicationPotion"}],"is_trial":false,"path_per_floor":["M","?","?","?","M","R","$","M","T","COS","?","M","M","M","R","B",null,"M","?","?","?","M","R","E","R","T","$","M","R","E","M","R","B",null,"M","?","M","$","M","R","E","R","T","R","M","M","E","M","R","B",null],"character_chosen":"THE_CHAMP","items_purchased":["champ:FlashCut","Magnetism+1"],"campfire_rested":1,"item_purchase_floors":[7,38],"current_hp_per_floor":[90,90,90,99,99,99,99,95,95,95,90,90,90,90,90,62,99,99,99,79,79,82,82,84,84,84,84,75,75,69,71,71,83,104,104,104,102,102,73,73,53,53,53,101,103,106,107,92,92,40],"gold":284,"neow_bonus":"","is_daily":true,"chose_seed":false,"campfire_upgraded":6,"win_rate":0.0,"timestamp":1614334982,"path_taken":["M","?","?","?","M","R","$","M","T","COS","?","M","M","M","R","BOSS","M","?","?","?","M","R","E","R","T","$","M","R","E","M","R","BOSS","M","?","M","$","M","R","E","R","T","R","M","M","E","M","R","BOSS"],"items_purchased_type":["Card","Card"],"build_version":"2020-12-22","purchased_purges":2,"victory":true,"max_hp_per_floor":[90,90,90,99,99,99,99,99,99,99,99,99,99,99,99,99,99,99,99,104,104,104,104,104,104,104,104,104,104,104,104,104,104,104,104,104,104,104,104,104,111,111,111,111,111,111,111,111,111,111],"card_choices":[{"not_picked":["sneckomod:UnknownClassCULL_RED_COLOR","TheCursedMod:Torture","TheSimpletonMod:Aerate"],"picked":"SKIP","floor":11},{"not_picked":["theMarked:RepellingDischarge+1","hermit:Roughhouse","theMarked:PowerFlow"],"picked":"SKIP","floor":24},{"not_picked":["TheSimpletonMod:Onions+1","SlimeSpray","bronze:Branch"],"picked":"SKIP","floor":30},{"not_picked":["hierophant:DivineIntervention","hexamod:ApocalypticArmor+1"],"picked":"hexamod:WildfireWeapon+1","floor":33},{"not_picked":["theMarked:ElectricStrings+1","stsjorbsmod:ForcedPresence","champ:GutPunch"],"picked":"SKIP","floor":41},{"not_picked":["Slimebound:PressTheAttack","Conclude+1"],"picked":"theMarked:ChannelForce+1","floor":47}],"player_experience":242615,"relics_obtained":[{"floor":1,"key":"aspiration:SeaSaltIceCream"},{"floor":5,"key":"Girya"},{"floor":8,"key":"Bronze Scales"},{"floor":9,"key":"champ:FightingForDummies"},{"floor":11,"key":"reliquary:Firecrackers"},{"floor":12,"key":"reliquary:PartyBalloon"},{"floor":13,"key":"PreservedInsect"},{"floor":14,"key":"Potion Belt"},{"floor":18,"key":"reliquary:PurpleTingedLeaf"},{"floor":22,"key":"Juzu Bracelet"},{"floor":24,"key":"Turnip"},{"floor":26,"key":"reliquary:RosewoodLute"},{"floor":28,"key":"Regal Pillow"},{"floor":30,"key":"reliquary:Spinner"},{"floor":31,"key":"Dead Branch"},{"floor":35,"key":"reliquary:Knoch"},{"floor":36,"key":"Runesmith:Locket"},{"floor":37,"key":"Bag of Marbles"},{"floor":39,"key":"Shuriken"},{"floor":41,"key":"Strawberry"},{"floor":43,"key":"reliquary:ExpiredCoupon"},{"floor":45,"key":"Lantern"},{"floor":46,"key":"reliquary:Aerogel"},{"floor":47,"key":"Akabeko"},{"floor":48,"key":"Gremlin Horn"}],"event_choices":[{"damage_healed":0,"gold_gain":0,"player_choice":"Inject Mutagens","damage_taken":0,"relics_obtained":["MutagenicStrength"],"max_hp_gain":0,"max_hp_loss":0,"event_name":"Drug Dealer","floor":19,"gold_loss":0},{"damage_healed":0,"gold_gain":0,"player_choice":"Shed Blood","damage_taken":25,"max_hp_gain":5,"max_hp_loss":0,"event_name":"Forgotten Altar","floor":20,"gold_loss":0},{"damage_healed":0,"gold_gain":0,"player_choice":"Obtained Relic","damage_taken":0,"relics_obtained":["Runesmith:Nanobots"],"max_hp_gain":0,"max_hp_loss":0,"event_name":"Addict","floor":21,"gold_loss":85},{"damage_healed":0,"gold_gain":0,"player_choice":"Fight","damage_taken":0,"max_hp_gain":0,"max_hp_loss":0,"event_name":"MindBloom","floor":36,"gold_loss":0}],"is_beta":false,"boss_relics":[{"not_picked":["champ:PowerArmor","Busted Crown"],"picked":"Empty Cage"},{"not_picked":["aspiration:FutureDiary","reliquary:KinkedSpring"],"picked":"sneckomod:SneckoTalon"}],"items_purged_floors":[7,27],"is_endless":false,"potions_floor_spawned":[5,8,11,13,14,18,31,36,39,45],"ascension_level":0}}