{"host":"lofekbk9st7qup1x","time":1614323684,"event":{"mods":["BaseMod","BetterRewards","Minty Spire (QoL Compilation)"],"gold_per_floor":[114,129,145,245,255,267,283,296,343,355,397,434,462,494,506,617,629,660,682,708,745,757,769,806,818,830,842,869,881,910,934,946,958,958],"floor_reached":33,"language":"ENG","playtime":2247,"items_purged":[],"score":300,"play_id":"a64ead71-1234-4756-bb51-b773d6ae6e4c","local_time":"20210226151444","is_ascension_mode":true,"campfire_choices":[{"floor":15,"key":"RECALL"},{"floor":23,"key":"REST"},{"floor":27,"key":"REST"},{"floor":32,"key":"REST"}],"circlet_count":0,"master_deck":["Defend_G+1","Defend_G+1","Defend_G+1","Defend_G+1","Defend_G+1","Survivor+1","Neutralize+1","Dagger Throw","Quick Slash","Acrobatics","Quick Slash","Prepared","Noxious Fumes","Prepared","Slice","Backflip","Malaise","Tactician","Blur","Quick Slash+1","Bouncing Flask+1","Adrenaline","Prepared","Bite","Bite","Bite","Bite","Bite","Dagger Throw","Underhanded Strike+1"],"relics":["Ring of the Snake","MawBank","Letter Opener","Philosopher\u0027s Stone","Red Mask","Nilry\u0027s Codex","Art of War","Calipers"],"acts_visited":["TheCity"],"potions_floor_usage":[21,21,30,33,33],"damage_taken":[{"damage":0.0,"enemies":"2 Louse","floor":1.0,"turns":2.0},{"damage":0.0,"enemies":"Cultist","floor":2.0,"turns":3.0},{"damage":0.0,"enemies":"Jaw Worm","floor":3.0,"turns":2.0},{"damage":0,"enemies":"Exordium Wildlife","floor":5,"turns":4},{"damage":9,"enemies":"Exordium Thugs","floor":6,"turns":5},{"damage":0,"enemies":"Looter","floor":7,"turns":3},{"damage":0,"enemies":"Exordium Wildlife","floor":8,"turns":4},{"damage":15,"enemies":"Gremlin Nob","floor":11,"turns":5},{"damage":7,"enemies":"Blue Slaver","floor":13,"turns":4},{"damage":0,"enemies":"Red Slaver","floor":14,"turns":2},{"damage":8,"enemies":"Hexaghost","floor":16,"turns":12},{"damage":3,"enemies":"Chosen","floor":18,"turns":5},{"damage":5,"enemies":"Shell Parasite","floor":19,"turns":6},{"damage":22,"enemies":"Chosen and Byrds","floor":20,"turns":8},{"damage":4,"enemies":"Masked Bandits","floor":21,"turns":4},{"damage":49,"enemies":"Slavers","floor":24,"turns":6},{"damage":12,"enemies":"Sentry and Sphere","floor":28,"turns":4},{"damage":10,"enemies":"Snake Plant","floor":30,"turns":4},{"damage":1,"enemies":"Centurion and Healer","floor":31,"turns":5},{"damage":42,"enemies":"Automaton","floor":33,"turns":6}],"seed_played":"5316349338657863518","potions_obtained":[{"floor":1.0,"key":"Explosive Potion"},{"floor":3.0,"key":"Block Potion"},{"floor":6,"key":"LiquidBronze"},{"floor":13,"key":"Block Potion"},{"floor":20,"key":"LiquidMemories"},{"floor":21,"key":"LiquidBronze"},{"floor":24,"key":"Energy Potion"}],"is_trial":false,"path_per_floor":["M","M","M","?","M","M","M","M","T","$","E","T","M","M","R","B",null,"M","M","M","?","?","R","E","$","T","R","M","?","M","M","R","B"],"character_chosen":"THE_SILENT","items_purchased":[],"campfire_rested":3,"item_purchase_floors":[],"current_hp_per_floor":[77,77,77,77,77,68,68,68,68,68,53,53,46,46,46,38,77,74,69,47,43,27,50,1,1,1,24,12,12,8,17,32,0,0],"gold":958,"neow_bonus":"TEN_PERCENT_HP_BONUS","is_daily":false,"chose_seed":false,"campfire_upgraded":0,"win_rate":0.0,"timestamp":1614323684,"path_taken":["M","M","M","?","M","M","M","?","T","$","E","?","M","M","R","BOSS","M","M","M","?","?","R","E","$","T","R","?","?","M","M","R","BOSS"],"items_purchased_type":[],"build_version":"2020-12-22","purchased_purges":0,"victory":false,"max_hp_per_floor":[77,77,77,77,77,77,77,77,77,77,77,77,77,77,77,77,77,77,77,77,77,77,77,77,77,77,77,77,53,53,53,53,53,53],"card_choices":[{"not_picked":["Masterful Stab","Dash","Accuracy"],"picked":"SKIP","floor":1.0},{"not_picked":["Slice","Heel Hook"],"picked":"Dagger Throw","floor":2.0},{"not_picked":["Skewer","Noxious Fumes"],"picked":"Quick Slash","floor":3.0},{"not_picked":["Leg Sweep","Slice"],"picked":"Acrobatics","floor":5},{"not_picked":["Leg Sweep","Slice"],"picked":"Quick Slash","floor":6},{"not_picked":["Dagger Spray","Blade Dance"],"picked":"Prepared","floor":7},{"not_picked":["Prepared","Deadly Poison"],"picked":"Noxious Fumes","floor":8},{"not_picked":["Tools of the Trade","Caltrops"],"picked":"Prepared","floor":11},{"not_picked":["Riddle With Holes","Dagger Spray"],"picked":"Slice","floor":13},{"not_picked":["Concentrate","Blade Dance"],"picked":"Backflip","floor":14},{"not_picked":["Storm of Steel","Tools of the Trade"],"picked":"Malaise","floor":16},{"not_picked":["Dagger Throw","Setup"],"picked":"Tactician","floor":18},{"not_picked":["Slice","Cloak And Dagger"],"picked":"Blur","floor":19},{"not_picked":["Setup","Infinite Blades"],"picked":"Quick Slash+1","floor":20},{"not_picked":["Blade Dance","Poisoned Stab+1"],"picked":"Bouncing Flask+1","floor":21},{"not_picked":["Calculated Gamble","Dagger Throw"],"picked":"Adrenaline","floor":24},{"not_picked":["Quick Slash","Flechettes+1"],"picked":"Prepared","floor":28},{"not_picked":["Deadly Poison","Skewer"],"picked":"Dagger Throw","floor":30},{"not_picked":["Slice+1","Dodge and Roll"],"picked":"Underhanded Strike+1","floor":31}],"player_experience":20783,"relics_obtained":[{"floor":9,"key":"MawBank"},{"floor":11,"key":"Letter Opener"},{"floor":21,"key":"Red Mask"},{"floor":22,"key":"Nilry\u0027s Codex"},{"floor":24,"key":"Art of War"},{"floor":26,"key":"Calipers"}],"event_choices":[{"damage_healed":0.0,"max_hp_gain":0.0,"max_hp_loss":0.0,"gold_gain":100.0,"event_name":"Wheel of Change","player_choice":"Gold","floor":4.0,"gold_loss":0.0,"damage_taken":0.0},{"damage_healed":0,"gold_gain":0,"player_choice":"Fought Bandits","damage_taken":0,"max_hp_gain":0,"max_hp_loss":0,"event_name":"Masked Bandits","floor":21,"gold_loss":0},{"damage_healed":0,"gold_gain":0,"player_choice":"Obtained Book","damage_taken":16,"max_hp_gain":0,"max_hp_loss":0,"event_name":"Cursed Tome","floor":22,"gold_loss":0},{"damage_healed":0,"gold_gain":0,"player_choice":"Became a vampire","damage_taken":0,"max_hp_gain":0,"max_hp_loss":24,"event_name":"Vampires","floor":29,"gold_loss":0,"cards_obtained":["Bite","Bite","Bite","Bite","Bite"]}],"is_beta":false,"boss_relics":[{"not_picked":["Coffee Dripper","Snecko Eye"],"picked":"Philosopher\u0027s Stone"}],"items_purged_floors":[],"is_endless":false,"potions_floor_spawned":[1,3,6,11,13,20,21,24],"killed_by":"Automaton","ascension_level":0}}