{"host":"d73an99q9oevilk5","time":1614327417,"event":{"mods":["2.2 Compatiblity","AchievementEnabler","Act Like it!","Aspiration","BaseMod","Beaked The Cultist","Better Third Choice","BetterRewards","Bossed Relics","Colored Map","Colored Powertips","Conspire","Downfall","GifTheSpireLib","GungeonMod","Halation","Hubris","Infinite Spire","Marisa????????","Mimic Mod","Minty Spire (QoL Compilation)","MostiFishMod","Quick Restart","Relic Sorter","Reliquary","Replay The Spire","Shop Mod","Spikes Relics","StSLib","Stuff the Spire","The Cursed","The Jungle","The Necromancer","The Saiyan","TheHero","Waifu the Spire","egg","slay the spire mod where everything is the same but ironclad has a cowboy hat"],"gold_per_floor":[117,117,128,128,128,128,163,13,44,44,41,54,84,106,118,225,237,259,271,283,311,335,379,401,441,476,507,519,557,569,595,607,722,734,763,775,805,833,845,857,899,929,967,979,1043,1031,309,309,309,309],"floor_reached":51,"language":"ENG","playtime":1752,"items_purged":["Languid"],"score":1423,"play_id":"ab3d3098-a064-440e-8342-48d46cdc6293","local_time":"20210226011657","is_ascension_mode":false,"campfire_choices":[{"data":"Footwork","floor":6.0,"key":"SMITH"},{"data":"Footwork","floor":10.0,"key":"SMITH"},{"data":"Fluid Movement","floor":15.0,"key":"SMITH"},{"data":"Deadly Poison","floor":28,"key":"SMITH"},{"data":"Accuracy","floor":30,"key":"SMITH"},{"data":"MostiFishMod:WinterMarkForm","floor":32,"key":"SMITH"},{"data":"A Thousand Cuts","floor":40,"key":"SMITH"},{"data":"MostiFishMod:BrokenBlackCloak","floor":49,"key":"SMITH"}],"circlet_count":0,"master_deck":["Strike_G+1","Strike_G","Strike_G+1","Strike_G","Strike_G","Defend_G","Defend_G","Defend_G","Defend_G","Survivor","Neutralize","MostiFishMod:BrokenBlackCloak+1","Footwork+1","Footwork+1","Caltrops","Replay:Poison Smokescreen","MostiFishMod:Wind","Fluid Movement+1","A Thousand Cuts+1","Blade Dance","hubris:Counter+1","StuffTheSpire:Injection","MostiFishMod:WinterMarkForm+1","Blade Dance+1","Deadly Poison+1","Deadly Poison+1","Accuracy+1","Backflip","CurseOfTheBell","Accuracy+1","Fluid Movement+1","Finisher+1","Madness","Madness","Infinite Blades+1","Leg Sweep+1","Cloak And Dagger+1","Footwork","Blade Dance"],"relics":["Ring of the Snake","hubris:Icosahedron","DaveBox","RhineCircuit","DianDianMeat","MerchantsRug","SynthV:TestCard","BrokenLever","StuffTheSpire:RedRose","Ancient Tea Set","Mercury Hourglass","DemoMod:GlassGuonStoneRelic","MawBank","Coffee Dripper","hubris:BottledHeart","MutagenicStrength","DemoMod:NanoMachines","DemoMod:Armor","hubris:ToyBattleship","Pen Nib","reliquary:RadioactivePellet","Calling Bell","Simple Rune","halation:BottledLove","hubris:Spice","halation:PinkSoulGem","Bottled Flame","halation:AfternoonTea","CatCart","Mummified Hand"],"acts_visited":["Exordium","TheCity","TheBeyond"],"potions_floor_usage":[25,25,42,50,50],"damage_taken":[{"damage":0.0,"enemies":"Cultist","floor":1.0,"turns":4.0},{"damage":0.0,"enemies":"2 Louse","floor":3.0,"turns":3.0},{"damage":5.0,"enemies":"Gremlin Nob","floor":7.0,"turns":6.0},{"damage":6.0,"enemies":"Small Slimes","floor":9.0,"turns":8.0},{"damage":0.0,"enemies":"Small Slimes","floor":12.0,"turns":3.0},{"damage":0.0,"enemies":"Replay:BlueRogue","floor":13.0,"turns":5.0},{"damage":0.0,"enemies":"conspire:2 RoseBushes","floor":14.0,"turns":3.0},{"damage":0.0,"enemies":"Slime Boss","floor":16.0,"turns":7.0},{"damage":0.0,"enemies":"conspire:FuzzyDice","floor":18.0,"turns":5.0},{"damage":0,"enemies":"Chosen","floor":21,"turns":4},{"damage":0,"enemies":"Shelled Parasite and Fungi","floor":22,"turns":4},{"damage":0,"enemies":"conspire:Head Lice","floor":23,"turns":5},{"damage":0,"enemies":"3 Cultists","floor":24,"turns":3},{"damage":0,"enemies":"Slavers","floor":25,"turns":3},{"damage":0,"enemies":"conspire:HollyBat","floor":27,"turns":7},{"damage":0,"enemies":"conspire:SneckoGhost","floor":29,"turns":3},{"damage":0,"enemies":"Snecko","floor":31,"turns":3},{"damage":0,"enemies":"conspire:MysteriousRune","floor":33,"turns":5},{"damage":0,"enemies":"3 Darklings","floor":35,"turns":3},{"damage":0,"enemies":"3 Shapes","floor":37,"turns":2},{"damage":0,"enemies":"Spire Growth","floor":38,"turns":5},{"damage":0,"enemies":"R_Hoarder","floor":41,"turns":5},{"damage":0,"enemies":"3 Darklings","floor":42,"turns":3},{"damage":0,"enemies":"Orin","floor":45,"turns":5},{"damage":0,"enemies":"beaked:SuperParasite","floor":46,"turns":4},{"damage":0,"enemies":"Time Eater","floor":50,"turns":7}],"seed_played":"6449071097268446476","potions_obtained":[{"floor":3.0,"key":"Poison Potion"},{"floor":12.0,"key":"Explosive Potion"},{"floor":14.0,"key":"Explosive Potion"},{"floor":16.0,"key":"Strength Potion"},{"floor":22,"key":"SkillPotion"},{"floor":23,"key":"Toxic Potion"},{"floor":29,"key":"SpeedPotion"},{"floor":31,"key":"Energy Potion"},{"floor":35,"key":"Weak Potion"},{"floor":46,"key":"Adrenaline Potion"}],"is_trial":false,"path_per_floor":["M","?","M","?","?","R","E","$","MIM","R","$","M","E","M","R","B",null,"M","?","?","M","M","E","M","E","T","M","R","E","R","M","R","B",null,"M","?","M","M","?","R","E","M","T","?","?","E","$","?","R","B",null],"character_chosen":"THE_SILENT","items_purchased":["MostiFishMod:BrokenBlackCloak","Footwork","DollysMirror","MerchantsRug","Ancient Tea Set","hubris:Spice","hubris:Spice","Footwork","Blade Dance"],"campfire_rested":0,"item_purchase_floors":[0,0,0,0,8,47,47,47,47],"current_hp_per_floor":[80,80,80,85,91,91,86,86,80,80,80,80,87,95,95,104,115,125,1,1,1,1,1,1,1,1,1,1,1,1,1,1,1,1,1,1,1,1,1,1,1,1,1,1,1,1,1,1,1,1],"gold":309,"neow_bonus":"","is_daily":false,"chose_seed":false,"campfire_upgraded":8,"win_rate":0.0,"timestamp":1614327417,"path_taken":["M","?","M","?","?","R","E","$","MIM","R","$","?","E","M","R","BOSS","M","?","?","M","M","E","M","E","T","M","R","E","R","M","R","BOSS","M","?","M","M","?","R","E","M","T","?","?","E","$","?","R","BOSS"],"items_purchased_type":["Card","Card","Relic","Relic","Relic","Relic","Relic","Card","Card"],"build_version":"2020-12-22","purchased_purges":1,"victory":true,"max_hp_per_floor":[80,80,80,85,91,91,91,91,91,91,91,91,98,106,106,115,115,125,1,1,1,1,1,1,1,1,1,1,1,1,1,1,1,1,1,1,1,1,1,1,1,1,1,1,1,1,1,1,1,1],"card_choices":[{"not_picked":["Outmaneuver","Dash"],"picked":"Replay:Poison Smokescreen","floor":1.0},{"not_picked":["Terror","Cloak And Dagger","StuffTheSpire:ClusterCrunch","hubris:SlightOfHand","ShadowRift"],"picked":"SKIP","floor":3.0},{"not_picked":["Hidden Blade","Reflex","StuffTheSpire:Sprint","Predator","StuffTheSpire:Injection"],"picked":"SKIP","floor":7.0},{"not_picked":["Accuracy","Bane","Hidden Blade","Concentrate","Prepared"],"picked":"SKIP","floor":12.0},{"not_picked":["ReplayTheSpireMod:Tripwire","Bane","MostiFishMod:PoisonShield","Backflip"],"picked":"MostiFishMod:Wind","floor":13.0},{"not_picked":["Deflect","Crippling Poison","Skewer","MostiFishMod:PreservedThorns"],"picked":"Fluid Movement","floor":14.0},{"not_picked":["Atom Bomb","MostiFishMod:HiddenBlade","ReplayTheSpireMod:Necrosis","Unload"],"picked":"A Thousand Cuts","floor":16.0},{"not_picked":["Quick Slash","StuffTheSpire:Fury","Slice+1","Deflect+1"],"picked":"Blade Dance","floor":18.0},{"not_picked":["StuffTheSpire:Python+1","Cloak And Dagger","Backflip","Hidden Blade"],"picked":"hubris:Counter+1","floor":21},{"not_picked":["Endless Agony","Blur","StuffTheSpire:Fury+1","hubris:SlightOfHand"],"picked":"StuffTheSpire:Injection","floor":22},{"not_picked":["ReplayTheSpireMod:Speed Training+1","StuffTheSpire:Python","All Out Attack","MostiFishMod:PerfectParry"],"picked":"MostiFishMod:WinterMarkForm","floor":23},{"not_picked":["Hidden Blade","Underhanded Strike","MostiFishMod:InvigoratingSolution","Predator"],"picked":"Blade Dance+1","floor":24},{"not_picked":["hubris:SlightOfHand+1","Choke","Cloak And Dagger","Outmaneuver"],"picked":"Deadly Poison+1","floor":25},{"not_picked":["Slice","Riddle With Holes+1","MostiFishMod:VineMother","Setup"],"picked":"Deadly Poison","floor":27},{"not_picked":["Die Die Die","Deflect+1","Outmaneuver","PiercingWail"],"picked":"Accuracy","floor":29},{"not_picked":["Sucker Punch","Underhanded Strike","Slice","Deflect"],"picked":"Backflip","floor":31},{"not_picked":["Storm of Steel","Venomology","ReplayTheSpireMod:Necrosis","A Thousand Cuts"],"picked":"MostiFishMod:FullyArmed","floor":33},{"not_picked":["hubris:SlightOfHand+1","Underhanded Strike+1","Blade Dance+1","MostiFishMod:PerfectParry"],"picked":"Accuracy+1","floor":35},{"not_picked":["Bane","Deflect+1","Backflip+1","ShadowRift"],"picked":"Fluid Movement+1","floor":37},{"not_picked":["Eviscerate+1","StuffTheSpire:BumpUp+1","Dagger Throw","Dodge and Roll"],"picked":"Finisher+1","floor":38},{"not_picked":["Deadly Poison+1","InfectiousVector+1","Flying Knee","Fluid Movement"],"picked":"Infinite Blades+1","floor":41},{"not_picked":["Cloak And Dagger","Heel Hook","Slice","StuffTheSpire:Injection","Bane+1"],"picked":"SKIP","floor":42},{"not_picked":["Replay:Poison Smokescreen","Flying Knee","StuffTheSpire:Incursion","StuffTheSpire:Fury+1"],"picked":"Leg Sweep+1","floor":45},{"not_picked":["Crippling Poison+1","Skewer+1","Hidden Blade","Grand Finale"],"picked":"Cloak And Dagger+1","floor":46}],"player_experience":2004896,"relics_obtained":[{"floor":1.0,"key":"SynthV:TestCard"},{"floor":2.0,"key":"BrokenLever"},{"floor":7.0,"key":"hubris:MysteriousPyramids"},{"floor":9.0,"key":"Mercury Hourglass"},{"floor":13.0,"key":"MawBank"},{"floor":23,"key":"DemoMod:NanoMachines"},{"floor":25,"key":"hubris:ToyBattleship"},{"floor":26,"key":"Pen Nib"},{"floor":29,"key":"reliquary:RadioactivePellet"},{"floor":34,"key":"Simple Rune"},{"floor":34,"key":"halation:BottledLove"},{"floor":34,"key":"hubris:Spice"},{"floor":41,"key":"Bottled Flame"},{"floor":43,"key":"halation:AfternoonTea"},{"floor":45,"key":"CatCart"},{"floor":46,"key":"Mummified Hand"}],"event_choices":[{"damage_healed":0.0,"max_hp_gain":0.0,"max_hp_loss":0.0,"gold_gain":0.0,"cards_transformed":["Regret"],"event_name":"Transmorgrifier","player_choice":"Transformed","floor":5.0,"gold_loss":0.0,"damage_taken":0.0,"cards_obtained":["Languid"]},{"damage_healed":0,"gold_gain":0,"player_choice":"Inject Mutagens","damage_taken":0,"relics_obtained":["MutagenicStrength"],"max_hp_gain":0,"max_hp_loss":0,"event_name":"Drug Dealer","floor":20,"gold_loss":0},{"damage_healed":0,"gold_gain":0,"player_choice":"Embrace Madness","damage_taken":0,"max_hp_gain":0,"max_hp_loss":0,"event_name":"Winding Halls","floor":39,"gold_loss":0,"cards_obtained":["Madness","Madness"]},{"damage_healed":0,"gold_gain":0,"player_choice":"Fight","damage_taken":0,"max_hp_gain":0,"max_hp_loss":0,"event_name":"OrinTheCat","floor":45,"gold_loss":0}],"is_beta":false,"boss_relics":[{"not_picked":["conspire:SeveredTorchhead","EE1DDrone"],"picked":"Coffee Dripper"},{"not_picked":["hubris:HollowSoul","reliquary:Ember"],"picked":"Calling Bell"}],"items_purged_floors":[11],"is_endless":false,"potions_floor_spawned":[3,12,14,16,22,23,24,29,31,35,37,46],"ascension_level":0}}