{"host":"i29s15dsg0c43zmx","time":1614359702,"event":{"mods":["AchievementEnabler","BaseMod","Colored Map","Minty Spire (QoL Compilation)","StSLib"],"gold_per_floor":[112,112,163,174,174,174,207,157,157,157,186,97,110,110,110,210,210,230,155,175,193,193,193,212,212,212],"floor_reached":25,"language":"ENG","playtime":760,"items_purged":["Strike_B"],"score":246,"play_id":"dbc6fce3-05a4-4a5c-88ce-c4f9d442c613","local_time":"20210226181502","is_ascension_mode":true,"campfire_choices":[{"data":"Streamline","floor":6,"key":"SMITH"},{"data":"Loop","floor":10,"key":"SMITH"},{"floor":15,"key":"REST"},{"floor":23,"key":"REST"}],"circlet_count":0,"master_deck":["Strike_B","Defend_B","Defend_B","Defend_B+1","Defend_B+1","Zap","Dualcast","Redo","Streamline+1","Loop+1","Rip and Tear+1","FTL+1","Enlightenment","Conserve Battery","Electrodynamics","CurseOfTheBell","Genetic Algorithm+1","Rebound+1","Sweeping Beam+1","Leap"],"relics":["Cracked Core","NeowsBlessing","Molten Egg 2","Mercury Hourglass","StrikeDummy","Calling Bell","Lantern","Shuriken","Pocketwatch","Nilry\u0027s Codex"],"acts_visited":["Exordium","TheCity"],"potions_floor_usage":[16,25,25],"damage_taken":[{"damage":0,"enemies":"Small Slimes","floor":1,"turns":1},{"damage":0,"enemies":"Jaw Worm","floor":4,"turns":1},{"damage":0,"enemies":"3 Sentries","floor":7,"turns":1},{"damage":21,"enemies":"Lagavulin","floor":11,"turns":4},{"damage":2,"enemies":"2 Louse","floor":13,"turns":2},{"damage":33,"enemies":"Hexaghost","floor":16,"turns":7},{"damage":12,"enemies":"Shell Parasite","floor":18,"turns":3},{"damage":2,"enemies":"Chosen","floor":20,"turns":3},{"damage":23,"enemies":"Sentry and Sphere","floor":21,"turns":4},{"damage":15,"enemies":"Centurion and Healer","floor":24,"turns":4},{"damage":33,"enemies":"Book of Stabbing","floor":25,"turns":4}],"seed_played":"-9045694713547431432","potions_obtained":[{"floor":1,"key":"ColorlessPotion"},{"floor":13,"key":"Fire Potion"},{"floor":20,"key":"SkillPotion"}],"is_trial":false,"path_per_floor":["M","?","?","M","?","R","E","?","T","R","E","$","M","?","R","B",null,"M","$","M","M","?","R","M","E"],"character_chosen":"DEFECT","items_purchased":["Enlightenment"],"campfire_rested":2,"item_purchase_floors":[12],"current_hp_per_floor":[75,75,75,75,75,75,75,75,75,75,54,54,52,37,59,26,75,63,63,61,38,22,44,29,0,0],"gold":212,"neow_bonus":"THREE_ENEMY_KILL","is_daily":false,"chose_seed":false,"campfire_upgraded":2,"win_rate":0.0,"timestamp":1614359702,"path_taken":["M","?","?","M","?","R","E","?","T","R","E","$","M","?","R","BOSS","M","$","M","M","?","R","M","E"],"items_purchased_type":["Card"],"build_version":"2020-12-22","purchased_purges":1,"victory":false,"max_hp_per_floor":[75,75,75,75,75,75,75,75,75,75,75,75,75,75,75,75,75,75,75,75,75,75,75,75,75,75],"card_choices":[{"not_picked":["Hello World","Barrage"],"picked":"Redo","floor":1},{"not_picked":["Barrage","Skim"],"picked":"Loop","floor":4},{"not_picked":["Double Energy","Compile Driver+1"],"picked":"Rip and Tear+1","floor":7},{"not_picked":["Cold Snap+1","Auto Shields"],"picked":"FTL+1","floor":11},{"not_picked":["Barrage+1","Coolheaded"],"picked":"Conserve Battery","floor":13},{"not_picked":["Meteor Strike+1","Amplify"],"picked":"Electrodynamics","floor":16},{"not_picked":["Ball Lightning+1","Go for the Eyes+1"],"picked":"Genetic Algorithm+1","floor":18},{"not_picked":["Cold Snap+1","Coolheaded"],"picked":"Rebound+1","floor":20},{"not_picked":["Redo","Turbo"],"picked":"Sweeping Beam+1","floor":21},{"not_picked":["Rip and Tear+1","Steam"],"picked":"Leap","floor":24}],"player_experience":145369,"relics_obtained":[{"floor":7,"key":"Molten Egg 2"},{"floor":9,"key":"Mercury Hourglass"},{"floor":11,"key":"StrikeDummy"},{"floor":17,"key":"Lantern"},{"floor":17,"key":"Shuriken"},{"floor":17,"key":"Pocketwatch"},{"floor":22,"key":"Nilry\u0027s Codex"}],"event_choices":[{"damage_healed":0,"gold_gain":0,"cards_transformed":["Strike_B"],"player_choice":"Change","damage_taken":0,"max_hp_gain":0,"max_hp_loss":0,"event_name":"Living Wall","floor":2,"gold_loss":0,"cards_obtained":["Streamline"]},{"damage_healed":0,"gold_gain":51,"player_choice":"Gained Gold","damage_taken":0,"max_hp_gain":0,"max_hp_loss":0,"event_name":"Golden Wing","floor":3,"gold_loss":0},{"damage_healed":0,"gold_gain":0,"player_choice":"Ignored","damage_taken":0,"max_hp_gain":0,"max_hp_loss":0,"event_name":"Liars Game","floor":5,"gold_loss":0},{"cards_removed":["Strike_B"],"damage_healed":0,"gold_gain":0,"player_choice":"Card Removal","damage_taken":0,"max_hp_gain":0,"max_hp_loss":0,"event_name":"The Cleric","floor":8,"gold_loss":50},{"damage_healed":0,"gold_gain":0,"player_choice":"Entered Light","damage_taken":15,"max_hp_gain":0,"max_hp_loss":0,"event_name":"Shining Light","floor":14,"gold_loss":0,"cards_upgraded":["Defend_B","Defend_B"]},{"damage_healed":0,"gold_gain":0,"player_choice":"Obtained Book","damage_taken":16,"max_hp_gain":0,"max_hp_loss":0,"event_name":"Cursed Tome","floor":22,"gold_loss":0}],"is_beta":false,"boss_relics":[{"not_picked":["Empty Cage","Philosopher\u0027s Stone"],"picked":"Calling Bell"}],"items_purged_floors":[19],"is_endless":false,"potions_floor_spawned":[1,13,20],"killed_by":"Book of Stabbing","ascension_level":1}}