{"host":"dyzdf8svqmiivg97","time":1614344048,"event":{"mods":["AchievementEnabler","BaseMod","Colored Map","DeckTracker","Minty Spire (QoL Compilation)","Quick Restart","Rare Cards Sparkle","SuperFastMode"],"gold_per_floor":[116,136,147,164,176,176,203,219,242,254,254,266,266,266,266,337,337,355,365,365,380,380,380,390,390,443,368,399,399,408,422,422,507,561,584,593,60,72,95,95,95],"floor_reached":40,"language":"KOR","playtime":884,"items_purged":["Strike_P","Decay"],"score":762,"play_id":"8e42bbf9-3821-455c-92f5-9308aaf5847b","local_time":"20210226215408","is_ascension_mode":true,"campfire_choices":[{"data":"Eruption","floor":6,"key":"SMITH"},{"floor":13,"key":"REST"},{"data":"CrushJoints","floor":15,"key":"SMITH"},{"data":"Ragnarok","floor":23,"key":"SMITH"},{"floor":25,"key":"REST"},{"data":"FollowUp","floor":29,"key":"SMITH"},{"floor":32,"key":"REST"}],"circlet_count":0,"master_deck":["AscendersBane","Eruption+1","Vigilance+1","CrushJoints+1","InnerPeace+1","FearNoEvil","FearNoEvil","FollowUp+1","Ragnarok+1","Tantrum","Halt+1","Necronomicurse","DeusExMachina","Vengeance","CrushJoints","SandsOfTime","Conclude","Meditate","Wallop","MentalFortress","Halt+1"],"relics":["PureWater","NeowsBlessing","Regal Pillow","Bag of Preparation","VioletLotus","Nunchaku","CeramicFish","Necronomicon","Pandora\u0027s Box","War Paint","Melange"],"acts_visited":["Exordium","TheCity","TheBeyond"],"potions_floor_usage":[5,7,16,21,28,28],"damage_taken":[{"damage":0,"enemies":"Cultist","floor":1,"turns":1},{"damage":0,"enemies":"Jaw Worm","floor":2,"turns":1},{"damage":0,"enemies":"2 Louse","floor":3,"turns":1},{"damage":11,"enemies":"Red Slaver","floor":4,"turns":5},{"damage":0,"enemies":"Gremlin Gang","floor":5,"turns":4},{"damage":35,"enemies":"Lagavulin","floor":7,"turns":4},{"damage":8,"enemies":"2 Fungi Beasts","floor":8,"turns":4},{"damage":0,"enemies":"3 Louse","floor":10,"turns":2},{"damage":0,"enemies":"Gremlin Gang","floor":12,"turns":2},{"damage":20,"enemies":"Hexaghost","floor":16,"turns":7},{"damage":0,"enemies":"Chosen","floor":18,"turns":2},{"damage":12,"enemies":"Shell Parasite","floor":19,"turns":3},{"damage":12,"enemies":"3 Cultists","floor":21,"turns":4},{"damage":1,"enemies":"Centurion and Healer","floor":24,"turns":4},{"damage":17,"enemies":"Slavers","floor":28,"turns":4},{"damage":0,"enemies":"Cultist and Chosen","floor":31,"turns":2},{"damage":34,"enemies":"Automaton","floor":33,"turns":6},{"damage":0,"enemies":"Orb Walker","floor":35,"turns":2},{"damage":9,"enemies":"3 Shapes","floor":38,"turns":4},{"damage":31,"enemies":"Writhing Mass","floor":39,"turns":3},{"damage":19,"enemies":"Reptomancer","floor":40,"turns":2}],"seed_played":"-2285538628732928644","potions_obtained":[{"floor":3,"key":"DuplicationPotion"},{"floor":4,"key":"SkillPotion"},{"floor":8,"key":"SteroidPotion"},{"floor":16,"key":"SpeedPotion"},{"floor":18,"key":"SkillPotion"},{"floor":24,"key":"Swift Potion"},{"floor":28,"key":"Strength Potion"},{"floor":33,"key":"SpeedPotion"}],"is_trial":false,"path_per_floor":["M","M","M","M","M","R","E","M","T","M","?","M","R","?","R","B",null,"M","M","?","M","?","R","M","R","T","$","E","R","?","M","R","B",null,"M","?","$","M","M","E"],"character_chosen":"WATCHER","items_purchased":["PowerPotion","PowerPotion","War Paint","Melange"],"campfire_rested":3,"item_purchase_floors":[37,37,37,37],"current_hp_per_floor":[61,61,61,50,50,50,15,7,7,7,7,7,42,42,42,22,57,57,45,45,33,33,33,32,67,67,67,50,50,29,29,64,30,59,59,59,59,50,19,0,0],"gold":95,"neow_bonus":"THREE_ENEMY_KILL","is_daily":false,"chose_seed":false,"campfire_upgraded":4,"win_rate":0.0,"timestamp":1614344048,"path_taken":["M","?","M","M","M","R","E","M","T","M","?","?","R","?","R","BOSS","M","M","?","?","?","R","M","R","T","$","E","R","?","M","R","BOSS","M","?","$","?","M","E"],"items_purchased_type":["Potion","Potion","Relic","Relic"],"build_version":"2020-12-22","purchased_purges":2,"victory":false,"max_hp_per_floor":[68,68,68,68,68,68,68,68,68,68,68,68,68,68,68,68,68,68,68,68,68,68,68,68,68,68,68,68,68,68,68,68,68,68,68,68,68,68,68,68,68],"card_choices":[{"not_picked":["WaveOfTheHand","Fasting2"],"picked":"CrushJoints","floor":1},{"not_picked":["CrushJoints","CarveReality"],"picked":"InnerPeace","floor":2},{"not_picked":["ThirdEye","Conclude","BowlingBash"],"picked":"SKIP","floor":3},{"not_picked":["JustLucky","Meditate","Nirvana"],"picked":"SKIP","floor":4},{"not_picked":["Consecrate","MasterReality","Crescendo"],"picked":"SKIP","floor":5},{"not_picked":["Swivel","ReachHeaven","Crescendo"],"picked":"SKIP","floor":7},{"not_picked":["ClearTheMind","BowlingBash","Consecrate"],"picked":"SKIP","floor":8},{"not_picked":["FlyingSleeves","PathToVictory"],"picked":"FearNoEvil","floor":10},{"not_picked":["JustLucky","ConjureBlade"],"picked":"FollowUp","floor":12},{"not_picked":["Brilliance","DeusExMachina"],"picked":"Ragnarok","floor":16},{"not_picked":["JustLucky","Protect"],"picked":"Tantrum","floor":18},{"not_picked":["CutThroughFate","Evaluate"],"picked":"Halt","floor":19},{"not_picked":["Wireheading","FearNoEvil+1","WheelKick"],"picked":"SKIP","floor":21},{"not_picked":["Protect","BowlingBash","Prostrate+1"],"picked":"SKIP","floor":24},{"not_picked":["Crescendo","BattleHymn","Omniscience"],"picked":"SKIP","floor":28},{"not_picked":["Prostrate","FlurryOfBlows","Crescendo"],"picked":"SKIP","floor":31},{"not_picked":["Wish","ConjureBlade"],"picked":"DeusExMachina","floor":33},{"not_picked":["ClearTheMind","FlurryOfBlows+1"],"picked":"MentalFortress","floor":35},{"not_picked":["JustLucky+1","Prostrate","BowlingBash+1"],"picked":"SKIP","floor":38},{"not_picked":["BowlingBash","FollowUp"],"picked":"Halt+1","floor":39}],"player_experience":615060,"relics_obtained":[{"floor":7,"key":"Regal Pillow"},{"floor":9,"key":"Bag of Preparation"},{"floor":26,"key":"Nunchaku"},{"floor":28,"key":"CeramicFish"},{"floor":30,"key":"Necronomicon"}],"event_choices":[{"damage_healed":0,"gold_gain":0,"player_choice":"1 cards matched","damage_taken":0,"max_hp_gain":0,"max_hp_loss":0,"event_name":"Match and Keep!","floor":11,"gold_loss":0,"cards_obtained":["FearNoEvil"]},{"cards_removed":["Strike_P"],"damage_healed":0,"gold_gain":0,"player_choice":"Purged","damage_taken":0,"max_hp_gain":0,"max_hp_loss":0,"event_name":"Purifier","floor":14,"gold_loss":0},{"damage_healed":0,"gold_gain":0,"player_choice":"Forge","damage_taken":0,"max_hp_gain":0,"max_hp_loss":0,"event_name":"Accursed Blacksmith","floor":20,"gold_loss":0,"cards_upgraded":["Halt"]},{"damage_healed":0,"gold_gain":0,"player_choice":"Ignored","damage_taken":0,"max_hp_gain":0,"max_hp_loss":0,"event_name":"The Mausoleum","floor":22,"gold_loss":0},{"damage_healed":0,"gold_gain":0,"player_choice":"Obtained Book","damage_taken":21,"max_hp_gain":0,"max_hp_loss":0,"event_name":"Cursed Tome","floor":30,"gold_loss":0},{"damage_healed":0,"gold_gain":0,"player_choice":"Cursed","damage_taken":0,"max_hp_gain":0,"max_hp_loss":0,"event_name":"Wheel of Change","floor":36,"gold_loss":0,"cards_obtained":["Decay"]}],"is_beta":false,"boss_relics":[{"not_picked":["Ectoplasm","Cursed Key"],"picked":"VioletLotus"},{"not_picked":["Snecko Eye","Fusion Hammer"],"picked":"Pandora\u0027s Box"}],"items_purged_floors":[27,37],"is_endless":false,"potions_floor_spawned":[3,4,8,16,18,24,28,33,38],"killed_by":"Reptomancer","ascension_level":17}}