{"host":"xa0kvhbb1ful01xu","time":1614347805,"event":{"mods":["BaseMod","BetterRewards","Custom Start","Downfall","Hubris","Marisa????????","Minty Spire (QoL Compilation)","READ ME - Snecko Mod","StSLib"],"gold_per_floor":[99,99,738,738,758,658,713,730,630,630,642,661,661,693,707,805,805,805,818,831,831,291,306,332,363,376,195,95,110,110,128,146,242,242,242,261,277,478,493,493,493,493,509,509,509,554,554,554,572,572,572,599,347,347,347,347],"floor_reached":57,"language":"POL","playtime":7854,"items_purged":[],"score":1149,"play_id":"8995a559-d745-4d87-b1b4-39c0bfc7cfc4","local_time":"20210226145645","is_ascension_mode":false,"campfire_choices":[{"floor":1,"key":"RECALL"},{"data":"Guardian:ExploitGems","floor":6,"key":"SMITH"},{"data":"Guardian:CrystalBeam","floor":9,"key":"SMITH"},{"data":"Guardian:BronzeArmor","floor":18,"key":"SMITH"},{"data":"Apotheosis","floor":28,"key":"SMITH"},{"floor":30,"key":"REST"},{"data":"Guardian:TimeCapacitor","floor":35,"key":"SMITH"},{"data":"Guardian:TwinSlam","floor":42,"key":"SMITH"},{"data":"Guardian:ShieldCharger","floor":45,"key":"SMITH"},{"data":"expansioncontent:Hexaburn","floor":47,"key":"SMITH"},{"data":"Guardian:Orbwalk","floor":54,"key":"SMITH"}],"circlet_count":0,"master_deck":["Guardian:Strike_Guardian","Guardian:Strike_Guardian+1","Guardian:Strike_Guardian","Guardian:Strike_Guardian","Guardian:Defend_Guardian","Guardian:Defend_Guardian","Guardian:Defend_Guardian","Guardian:CurlUp","Guardian:TwinSlam+1","Guardian:ExploitGems+1","Guardian:VentSteam","Guardian:CrystalBeam+1","Guardian:ShieldCharger+1","Guardian:TemporalStrike+1","Guardian:BronzeArmor+1","Guardian:SentryBeam","Guardian:SentryBeam+1","Guardian:FloatingOrbs","Guardian:SentryBeam+1","Guardian:TimeCapacitor+1","Guardian:PrismaticBeam+1","Guardian:DonusPower+1","Apotheosis+1","Guardian:DonusPower","Guardian:RevengeProtocol","Guardian:Orbwalk+1","expansioncontent:Hexaburn+1","Guardian:ExploitGems","Guardian:Orbwalk+1"],"relics":["Guardian:ModeShifter","hubris:Towel","TheAbacus","downfall:HeartBlessingRed","downfall:HeartBlessingBlue","downfall:ShatteredFragment","Lantern","Velvet Choker","Sling","Torii","Whetstone","hubris:DisguiseKit","hubris:Reverence","hubris:EmptyBottle","downfall:HeartBlessingGreen","Guardian:StasisSlotReductionRelic","Slimebound:StickyStick","hubris:SphereOfDissonance","Du-Vu Doll","Bag of Marbles","HandDrill"],"acts_visited":["Exordium","TheCity","TheBeyond","TheEnding"],"potions_floor_usage":[16,39,39,46,49,50,56,56,56],"damage_taken":[{"damage":0,"enemies":"downfall:FleeingMerchant","floor":3,"turns":4},{"damage":6,"enemies":"Jaw Worm","floor":5,"turns":3},{"damage":0,"enemies":"Small Slimes","floor":8,"turns":3},{"damage":0,"enemies":"Cultist","floor":11,"turns":2},{"damage":0,"enemies":"Gremlin Gang","floor":12,"turns":4},{"damage":15,"enemies":"Lagavulin","floor":14,"turns":4},{"damage":7,"enemies":"2 Fungi Beasts","floor":15,"turns":3},{"damage":14,"enemies":"IC_STATUS_ARCHETYPE","floor":16,"turns":6},{"damage":2,"enemies":"Chosen","floor":19,"turns":4},{"damage":4,"enemies":"Shell Parasite","floor":20,"turns":4},{"damage":5,"enemies":"downfall:FleeingMerchant","floor":22,"turns":4},{"damage":1,"enemies":"Cultist and Chosen","floor":23,"turns":4},{"damage":13,"enemies":"Book of Stabbing","floor":25,"turns":6},{"damage":3,"enemies":"Chosen and Byrds","floor":26,"turns":5},{"damage":4,"enemies":"downfall:FleeingMerchant","floor":27,"turns":4},{"damage":12,"enemies":"Sentry and Sphere","floor":29,"turns":4},{"damage":1,"enemies":"Snake Plant","floor":31,"turns":4},{"damage":16,"enemies":"Shelled Parasite and Fungi","floor":32,"turns":4},{"damage":12,"enemies":"SI_MIRROR_ARCHETYPE","floor":33,"turns":7},{"damage":12,"enemies":"3 Darklings","floor":36,"turns":5},{"damage":11,"enemies":"3 Shapes","floor":37,"turns":3},{"damage":2,"enemies":"downfall:FleeingMerchant","floor":38,"turns":3},{"damage":9,"enemies":"Transient","floor":39,"turns":5},{"damage":15,"enemies":"Writhing Mass","floor":43,"turns":3},{"damage":23,"enemies":"2 Orb Walkers","floor":46,"turns":5},{"damage":17,"enemies":"Spire Growth","floor":49,"turns":3},{"damage":62,"enemies":"DF_ARCHETYPE_ORBS","floor":50,"turns":9},{"damage":52,"enemies":"downfall:CharBossMerchant","floor":52,"turns":8},{"damage":90,"enemies":"downfall:NeowBoss","floor":55,"turns":13},{"damage":111,"enemies":"downfall:NeowBossFinal","floor":56,"turns":10}],"seed_played":"-5403691359127748226","potions_obtained":[{"floor":11,"key":"AttackPotion"},{"floor":14,"key":"DuplicationPotion"},{"floor":19,"key":"Ancient Potion"},{"floor":23,"key":"Strength Potion"},{"floor":25,"key":"DistilledChaos"},{"floor":43,"key":"Regen Potion"}],"is_trial":false,"path_per_floor":["R","?","$","?","M","R","T","M","R","?","M","M","?","E","M","B",null,"R","M","M","?","$","M","T","E","M","$","R","M","R","M","M","B",null,"R","M","M","$","M","?","T","R","M","?","R","?","R","?","M","B",null,"E","$","R","B","B",null],"character_chosen":"GUARDIAN","items_purchased":["TheAbacus","Orichalcum","Guardian:VentSteam","Sling","Guardian:FloatingOrbs","Torii","Guardian:Gem_Purple","Apotheosis","hubris:Reverence","hubris:EmptyBottle","Slimebound:StickyStick","HandDrill","Guardian:Gem_Lightblue","Guardian:Orbwalk"],"campfire_rested":1,"item_purchase_floors":[3,3,3,22,22,22,27,27,27,27,38,53,53,53],"current_hp_per_floor":[80,80,80,74,68,68,68,68,78,54,54,54,84,69,62,48,90,90,88,84,84,79,78,78,65,62,58,58,46,73,72,56,44,90,90,78,67,65,56,56,56,56,41,41,41,30,30,30,90,28,90,38,38,38,90,34],"gold":347,"neow_bonus":"TRANSFORM_CARD","is_daily":false,"chose_seed":false,"campfire_upgraded":9,"win_rate":0.0,"timestamp":1614347805,"path_taken":["R","?","$","?","M","R","T","M","R","?","M","M","?","E","M","BOSS","R","M","M","?","$","M","T","E","M","$","R","?","R","?","M","BOSS","R","M","M","$","M","?","T","R","?","?","R","?","R","?","M","BOSS","E","$","R","BOSS","BOSS"],"items_purchased_type":["Relic","Relic","Card","Relic","Card","Relic","Card","Card","Relic","Relic","Relic","Relic","Card","Card"],"build_version":"2020-12-22","purchased_purges":0,"victory":true,"max_hp_per_floor":[80,80,80,80,80,80,80,80,90,90,90,90,90,90,90,90,90,90,90,90,90,90,90,90,90,90,90,90,90,90,90,90,90,90,90,90,90,90,90,90,90,90,90,90,90,90,90,90,90,90,90,90,90,90,90,90],"card_choices":[{"not_picked":["Guardian:Reroute","Guardian:ShieldSpikes"],"picked":"Guardian:Gem_Cyan","floor":3},{"not_picked":["Guardian:Gem_Cyan","Guardian:PrimingBeam"],"picked":"Guardian:CrystalBeam","floor":5},{"not_picked":["Guardian:BaubleBeam","Guardian:Clone"],"picked":"Guardian:Gem_Red","floor":8},{"not_picked":["Guardian:BodySlam","Guardian:CrystalBeam"],"picked":"Guardian:Gem_Green","floor":11},{"not_picked":["Guardian:DecasProtection","Guardian:ArmoredProtocol"],"picked":"Guardian:ShieldCharger","floor":12},{"not_picked":["Guardian:Suspension","Guardian:VentSteam"],"picked":"Guardian:TemporalStrike","floor":14},{"not_picked":["Guardian:PrismaticBarrier","Guardian:Planning"],"picked":"Guardian:BronzeArmor","floor":15},{"not_picked":["Guardian:ConstructionForm","Guardian:HyperBeam_Guardian"],"picked":"Guardian:Gem_Synthetic","floor":16},{"not_picked":["Guardian:ShieldCharger","Guardian:Suspension+1"],"picked":"Guardian:Gem_Green","floor":19},{"not_picked":["Guardian:PrismaticBarrier","Guardian:Gem_Lightblue"],"picked":"Guardian:SentryBeam","floor":20},{"not_picked":["Guardian:TemporalStrike+1","Guardian:Gem_Yellow"],"picked":"Guardian:SentryBeam+1","floor":22},{"not_picked":["Guardian:Preprogram","Guardian:VentSteam"],"picked":"Guardian:SentryBeam+1","floor":23},{"not_picked":["Guardian:ChargeCore","Guardian:Planning+1"],"picked":"Guardian:TimeCapacitor","floor":25},{"not_picked":["Guardian:TemporalStrike+1","Guardian:ShieldCharger+1","Feel No Pain"],"picked":"Guardian:PrismaticBeam+1","floor":26},{"not_picked":["Guardian:Incinerate","Guardian:Gem_Cyan","Headbutt"],"picked":"Guardian:DonusPower+1","floor":27},{"not_picked":["Guardian:Recover","Guardian:BronzeArmor","Fire Breathing"],"picked":"Guardian:Gem_Purple","floor":29},{"not_picked":["Guardian:Recover","Guardian:Gem_Lightblue","Disarm"],"picked":"Guardian:DonusPower","floor":31},{"not_picked":["Guardian:TemporalShield+1","Guardian:Gem_Fragmented","Guardian:Incinerate","Hemokinesis"],"picked":"SKIP","floor":32},{"not_picked":["Guardian:BaubleBeam","Guardian:SphericShield","Exhume"],"picked":"Guardian:RevengeProtocol","floor":33},{"not_picked":["Guardian:Reroute","Guardian:PrimingBeam","Guardian:Planning+1","Flame Barrier"],"picked":"SKIP","floor":36},{"not_picked":["Guardian:Planning+1","Guardian:AncientConstruct","True Grit"],"picked":"Guardian:Orbwalk+1","floor":37},{"not_picked":["Guardian:MultiBeam","Guardian:VentSteam","Guardian:Planning+1","Fire Breathing"],"picked":"SKIP","floor":38},{"not_picked":["Guardian:SpikerProtocol","Guardian:Planning","Guardian:Suspension","hubris:ReadiedAction"],"picked":"SKIP","floor":39},{"not_picked":["Guardian:Suspension+1","Guardian:RollAttack+1","Guardian:Incinerate","Berserk"],"picked":"SKIP","floor":43},{"not_picked":["expansioncontent:InvincibleStrength","expansioncontent:PrepareCrush"],"picked":"expansioncontent:Hexaburn","floor":44},{"not_picked":["Guardian:Clone","Guardian:Incinerate+1","Flex"],"picked":"Guardian:Gem_Lightblue","floor":46},{"not_picked":["Guardian:DecasProtection+1","Guardian:TimeCapacitor","Inflame"],"picked":"Guardian:Gem_Red","floor":49},{"not_picked":["Guardian:HyperBeam_Guardian","Guardian:WalkerClaw","Guardian:DecasProtection","True Grit"],"picked":"SKIP","floor":52}],"player_experience":150032,"relics_obtained":[{"floor":14,"key":"Lantern"},{"floor":24,"key":"Whetstone"},{"floor":25,"key":"hubris:DisguiseKit"},{"floor":41,"key":"hubris:SphereOfDissonance"},{"floor":46,"key":"Du-Vu Doll"},{"floor":52,"key":"Bag of Marbles"}],"event_choices":[{"damage_healed":30,"gold_gain":0,"player_choice":"Banana","damage_taken":0,"max_hp_gain":0,"max_hp_loss":0,"event_name":"Big Fish","floor":13,"gold_loss":0},{"damage_healed":0,"gold_gain":0,"player_choice":"Ignored","damage_taken":0,"max_hp_gain":0,"max_hp_loss":0,"event_name":"NoteForYourself","floor":40,"gold_loss":0},{"damage_healed":0,"gold_gain":0,"player_choice":"Fight","damage_taken":0,"max_hp_gain":0,"max_hp_loss":0,"event_name":"Mysterious Sphere","floor":46,"gold_loss":0}],"is_beta":false,"boss_relics":[{"not_picked":["hubris:Stopwatch","Runic Dome"],"picked":"Velvet Choker"},{"not_picked":["Runic Pyramid","Pandora\u0027s Box"],"picked":"Guardian:StasisSlotReductionRelic"}],"items_purged_floors":[],"is_endless":false,"potions_floor_spawned":[11,14,15,19,23,25,29,31,43,46],"ascension_level":0}}