{"host":"0cm5wy4nhuju7tij","time":1614372652,"event":{"mods":["2.2 Compatiblity","AchievementEnabler","BaseMod","Better Third Choice","BetterRewards","Colored Powertips","Curses Come First","Custom Start","Displayed Cursed Tome","Downfall","Energized Spire","Evolution","Filter the Spire","Fireblade Mod","Highlight Path","Jess\u0027s Bottle","KinomotoSakuraMod(????)","Minty Spire (QoL Compilation)","Permanent Neow","Poor People Problems","Relic Filter Mod","Relic Stats","Shop Mod","Spicy Shops","StSLib","The Cursed","The Servant 0.9.4","TheSwordswoman","TheVacant","Weighted Paths"],"gold_per_floor":[117,127,146,158,11,42,55,89,138,138,148,159,159,176,176,276,276,294,294,311,330,40,68,68,80,80,112,123,123,135,135,135,239,239,251,263,281,281,281],"floor_reached":38,"language":"ENG","playtime":2687,"items_purged":[],"score":459,"play_id":"554ba037-675e-4b2f-91f6-9c9d33060985","local_time":"20210226155052","is_ascension_mode":false,"campfire_choices":[{"data":"FireBladeMod:EruptionSlash","floor":10,"key":"SMITH"},{"data":"FireBladeMod:AfterBurn","floor":13,"key":"SMITH"},{"floor":15,"key":"REST"},{"floor":24,"key":"REST"},{"floor":29,"key":"REST"},{"floor":32,"key":"REST"}],"circlet_count":0,"master_deck":["FireBladeMod:ScorchingStrike","FireBladeMod:ScorchingStrike","FireBladeMod:ScorchingStrike+1","FireBladeMod:ScorchingStrike","FireBladeMod:Robust","FireBladeMod:Robust","FireBladeMod:Robust","FireBladeMod:FlamingSword+1","FireBladeMod:FireBarrier","FireBladeMod:Reposition","FireBladeMod:ComplexDefense","FireBladeMod:Accelerant","FireBladeMod:SpinningSmash","FireBladeMod:ComboSlashes","FireBladeMod:Speed","FireBladeMod:QuickJabs","FireBladeMod:Speed","FireBladeMod:EruptionSlash+1","FireBladeMod:HealthyEndurance","FireBladeMod:AfterBurn+1","FireBladeMod:EruptionSlash","FireBladeMod:Ignition","FireBladeMod:SoulSword","FireBladeMod:SmashingEndurance","Pride","FireBladeMod:SmokeScreen","FireBladeMod:SoulStrike","FireBladeMod:GlassGreatsword","FireBladeMod:ComplexAttack","FireBladeMod:ComplexAttack+1","FireBladeMod:ComboCleave+1"],"relics":["FireBladeMod:DuelistLocket","EVO:Axolotl","Whetstone","Bottled Flame","Strawberry","Busted Crown","FireBladeMod:BronzeKnuckles","Darkstone Periapt","Mummified Hand","Ancient Tea Set","downfall:ExtraCursedKey","jessBottle:WaterBottleRelic"],"acts_visited":["Exordium","TheCity","TheBeyond"],"potions_floor_usage":[27],"damage_taken":[{"damage":0,"enemies":"Cultist","floor":1,"turns":3},{"damage":0,"enemies":"2 Louse","floor":2,"turns":3},{"damage":5,"enemies":"Jaw Worm","floor":3,"turns":2},{"damage":4,"enemies":"3 Louse","floor":4,"turns":3},{"damage":11,"enemies":"3 Sentries","floor":6,"turns":6},{"damage":4,"enemies":"Looter","floor":7,"turns":3},{"damage":10,"enemies":"Lagavulin","floor":8,"turns":6},{"damage":6,"enemies":"2 Fungi Beasts","floor":11,"turns":2},{"damage":6,"enemies":"Blue Slaver","floor":12,"turns":2},{"damage":8,"enemies":"Gremlin Gang","floor":14,"turns":3},{"damage":5,"enemies":"Slime Boss","floor":16,"turns":8},{"damage":19,"enemies":"2 Thieves","floor":18,"turns":5},{"damage":14,"enemies":"Shell Parasite","floor":20,"turns":4},{"damage":21,"enemies":"Sentry and Sphere","floor":21,"turns":5},{"damage":7,"enemies":"Book of Stabbing","floor":23,"turns":6},{"damage":15,"enemies":"Snecko","floor":25,"turns":5},{"damage":34,"enemies":"Slavers","floor":27,"turns":5},{"damage":0,"enemies":"Chosen and Byrds","floor":28,"turns":4},{"damage":20,"enemies":"Sentry and Sphere","floor":30,"turns":5},{"damage":30,"enemies":"Champ","floor":33,"turns":8},{"damage":31,"enemies":"3 Darklings","floor":35,"turns":6},{"damage":3,"enemies":"3 Shapes","floor":36,"turns":5},{"damage":17,"enemies":"3 Darklings","floor":37,"turns":6},{"damage":48,"enemies":"Sphere and 2 Shapes","floor":38,"turns":3}],"seed_played":"-439160788547208337","potions_obtained":[{"floor":2,"key":"BlessingOfTheForge"},{"floor":4,"key":"FearPotion"},{"floor":7,"key":"Weak Potion"},{"floor":27,"key":"PowerPotion"}],"is_trial":false,"path_per_floor":["M","M","M","M","$","E","M","E","T","R","M","M","R","M","R","B",null,"M","?","M","M","$","E","R","M","T","E","M","R","M","?","R","B",null,"M","M","M","M"],"character_chosen":"THE_FIREBLADE","items_purchased":["FireBladeMod:Speed","FireBladeMod:QuickJabs","FireBladeMod:BronzeKnuckles","FireBladeMod:SmokeScreen"],"campfire_rested":4,"item_purchase_floors":[5,5,22,22],"current_hp_per_floor":[70,70,65,61,61,50,46,36,43,43,37,31,31,29,52,53,77,62,62,48,33,33,32,55,46,46,18,24,47,33,33,56,32,77,50,53,42,0,0],"gold":281,"neow_bonus":"TRANSFORM_CARD","is_daily":false,"chose_seed":false,"campfire_upgraded":2,"win_rate":0.0,"timestamp":1614372652,"path_taken":["M","M","M","M","$","E","M","E","T","R","?","M","R","M","R","BOSS","M","?","M","M","$","E","R","M","T","E","M","R","M","?","R","BOSS","M","M","M","M"],"items_purchased_type":["Card","Card","Relic","Card"],"build_version":"2020-12-22","purchased_purges":0,"victory":false,"max_hp_per_floor":[70,70,70,70,70,70,70,70,77,77,77,77,77,77,77,77,77,77,77,77,77,77,77,77,77,77,77,77,77,77,77,77,77,77,77,77,77,77,77],"relic_stats":{"Darkstone Periapt":0,"Busted Crown":24,"counters":[24,108],"Mummified Hand":[33],"Whetstone":["FireBladeMod:FlamingSword","FireBladeMod:ScorchingStrike"],"obtain_stats":[{"Darkstone Periapt":23,"Bottled Flame":8,"Busted Crown":17,"FireBladeMod:DuelistLocket":0,"Mummified Hand":26,"Strawberry":9,"FireBladeMod:BronzeKnuckles":22,"downfall:ExtraCursedKey":31,"EVO:Axolotl":0,"Whetstone":6,"Ancient Tea Set":27,"jessBottle:WaterBottleRelic":34},{"Darkstone Periapt":15,"Bottled Flame":7,"Busted Crown":11,"FireBladeMod:DuelistLocket":0,"Mummified Hand":16,"Strawberry":7,"FireBladeMod:BronzeKnuckles":14,"downfall:ExtraCursedKey":19,"EVO:Axolotl":0,"Whetstone":5,"Ancient Tea Set":17,"jessBottle:WaterBottleRelic":20},{"Darkstone Periapt":61,"Bottled Flame":26,"Busted Crown":41,"FireBladeMod:DuelistLocket":0,"Mummified Hand":66,"Strawberry":26,"FireBladeMod:BronzeKnuckles":55,"downfall:ExtraCursedKey":80,"EVO:Axolotl":0,"Whetstone":17,"Ancient Tea Set":71,"jessBottle:WaterBottleRelic":88}]},"card_choices":[{"not_picked":["FireBladeMod:Robust","FireBladeMod:StunningBlow"],"picked":"FireBladeMod:ComplexDefense","floor":1},{"not_picked":["FireBladeMod:ArmSmash","FireBladeMod:StingingSlash"],"picked":"FireBladeMod:Accelerant","floor":2},{"not_picked":["FireBladeMod:Flames","FireBladeMod:ScorchingStrike"],"picked":"FireBladeMod:SpinningSmash","floor":3},{"not_picked":["FireBladeMod:EternalEndurance","FireBladeMod:BasicSmash"],"picked":"FireBladeMod:ComboSlashes","floor":4},{"not_picked":["FireBladeMod:BodyAsFuel","FireBladeMod:FerventSlash"],"picked":"FireBladeMod:Speed","floor":6},{"not_picked":["FireBladeMod:BackhandSwing","FireBladeMod:ComboSlashes"],"picked":"FireBladeMod:EruptionSlash","floor":7},{"not_picked":["FireBladeMod:SpinningSmash","FireBladeMod:SmashingEndurance"],"picked":"FireBladeMod:HealthyEndurance","floor":8},{"not_picked":["FireBladeMod:ComboSlashes","FireBladeMod:RapidDodges"],"picked":"FireBladeMod:AfterBurn","floor":11},{"not_picked":["FireBladeMod:Refreshment","FireBladeMod:StingingSlash","FireBladeMod:BackhandSwing"],"picked":"SKIP","floor":12},{"not_picked":["FireBladeMod:Refreshment","FireBladeMod:StingingSlash"],"picked":"FireBladeMod:EruptionSlash","floor":14},{"not_picked":["FireBladeMod:LearnTells","FireBladeMod:Blitzkreig"],"picked":"FireBladeMod:Ignition","floor":16},{"not_picked":["FireBladeMod:Robust"],"picked":"SKIP","floor":18},{"not_picked":[],"picked":"FireBladeMod:SmashingEndurance","floor":20},{"not_picked":["FireBladeMod:BackhandSwing"],"picked":"SKIP","floor":21},{"not_picked":["FireBladeMod:QuickJabs"],"picked":"SKIP","floor":23},{"not_picked":["FireBladeMod:BackhandSwing"],"picked":"SKIP","floor":25},{"not_picked":[],"picked":"FireBladeMod:SoulStrike","floor":27},{"not_picked":["FireBladeMod:BackhandSwing"],"picked":"SKIP","floor":28},{"not_picked":["FireBladeMod:WellPrepared"],"picked":"SKIP","floor":30},{"not_picked":[],"picked":"FireBladeMod:GlassGreatsword","floor":33},{"not_picked":[],"picked":"FireBladeMod:ComplexAttack","floor":35},{"not_picked":[],"picked":"FireBladeMod:ComplexAttack+1","floor":36},{"not_picked":[],"picked":"FireBladeMod:ComboCleave+1","floor":37}],"player_experience":468022,"relics_obtained":[{"floor":6,"key":"Whetstone"},{"floor":8,"key":"Bottled Flame"},{"floor":9,"key":"Strawberry"},{"floor":23,"key":"Darkstone Periapt"},{"floor":26,"key":"Mummified Hand"},{"floor":27,"key":"Ancient Tea Set"}],"event_choices":[{"damage_healed":0,"gold_gain":0,"player_choice":"Read","damage_taken":0,"max_hp_gain":0,"max_hp_loss":0,"event_name":"The Library","floor":19,"gold_loss":0,"cards_obtained":["FireBladeMod:SoulSword"]}],"is_beta":false,"boss_relics":[{"not_picked":["Pandora\u0027s Box","SacredBark"],"picked":"Busted Crown"},{"not_picked":["Fusion Hammer","Calling Bell"],"picked":"jessBottle:WaterBottleRelic"}],"items_purged_floors":[],"is_endless":false,"potions_floor_spawned":[2,4,7,8,14,16,20,21,27,28,35],"killed_by":"Sphere and 2 Shapes","ascension_level":0}}