{"host":"xi8yg1ddhptuxb9d","time":1614347695,"event":{"mods":["AchievementEnabler","BaseMod","Block Reminder","Minty Spire (QoL Compilation)","Relic Sorter","StSLib"],"gold_per_floor":[109,120,270,270,242,242,268,268,291,324,348,1,1,12,12,12,12],"floor_reached":16,"language":"ENG","playtime":593,"items_purged":[],"score":212,"play_id":"d8270f83-ee88-4dc7-bd9b-db110f1c8b9d","local_time":"20210226085455","is_ascension_mode":true,"campfire_choices":[{"data":"Eruption","floor":6,"key":"SMITH"},{"floor":8,"key":"REST"},{"floor":13,"key":"REST"},{"floor":15,"key":"REST"}],"circlet_count":0,"master_deck":["AscendersBane","Strike_P+1","Strike_P","Strike_P","Strike_P","Defend_P","Defend_P","Defend_P","Defend_P","Eruption+1","Vigilance","ThirdEye","Protect","FlyingSleeves","EmptyMind","TalkToTheHand","Worship","LessonLearned","Tantrum"],"relics":["PureWater","StoneCalendar","Tiny Chest","Damaru","PreservedInsect","Odd Mushroom","Meat on the Bone"],"acts_visited":["Exordium"],"potions_floor_usage":[10,10],"damage_taken":[{"damage":2,"enemies":"2 Louse","floor":1,"turns":4},{"damage":2,"enemies":"Jaw Worm","floor":2,"turns":3},{"damage":8,"enemies":"Lagavulin","floor":7,"turns":7},{"damage":8,"enemies":"Gremlin Nob","floor":10,"turns":3},{"damage":32,"enemies":"The Mushroom Lair","floor":11,"turns":7},{"damage":19,"enemies":"Small Slimes","floor":14,"turns":3},{"damage":42,"enemies":"Slime Boss","floor":16,"turns":6}],"seed_played":"-2623601617593916944","potions_obtained":[{"floor":1,"key":"Fire Potion"},{"floor":2,"key":"Explosive Potion"}],"is_trial":false,"path_per_floor":["M","M","?","?","$","R","E","R","T","E","?","$","R","M","R","B"],"character_chosen":"WATCHER","items_purchased":["FlyingSleeves","Meat on the Bone","LessonLearned"],"campfire_rested":3,"item_purchase_floors":[5,12,12],"current_hp_per_floor":[41,39,39,32,32,32,24,44,44,36,4,4,24,17,37,0,0],"gold":12,"neow_bonus":"ONE_RARE_RELIC","is_daily":false,"chose_seed":false,"campfire_upgraded":1,"win_rate":0.0,"timestamp":1614347695,"path_taken":["M","M","?","?","?","R","E","R","T","E","?","$","R","M","R","BOSS"],"items_purchased_type":["Card","Relic","Card"],"build_version":"2020-12-22","purchased_purges":0,"victory":false,"max_hp_per_floor":[68,68,68,68,68,68,68,68,68,68,68,68,68,68,68,68,68],"card_choices":[{"not_picked":["CrushJoints","WheelKick"],"picked":"ThirdEye","floor":1},{"not_picked":["CrushJoints","Crescendo"],"picked":"Protect","floor":2},{"not_picked":["SignatureMove","ClearTheMind"],"picked":"EmptyMind","floor":7},{"not_picked":["CarveReality","Consecrate"],"picked":"TalkToTheHand","floor":10},{"not_picked":["BowlingBash","CrushJoints"],"picked":"Worship","floor":11},{"not_picked":["Blasphemy","Crescendo"],"picked":"Tantrum","floor":14}],"player_experience":724328,"relics_obtained":[{"floor":7,"key":"Tiny Chest"},{"floor":9,"key":"Damaru"},{"floor":10,"key":"PreservedInsect"},{"floor":11,"key":"Odd Mushroom"}],"event_choices":[{"damage_healed":0,"gold_gain":150,"player_choice":"AGREE","damage_taken":0,"max_hp_gain":0,"max_hp_loss":0,"event_name":"Liars Game","floor":3,"gold_loss":0,"cards_obtained":["Doubt"]},{"cards_removed":["Doubt"],"damage_healed":0,"gold_gain":0,"player_choice":"Card Removal","damage_taken":7,"max_hp_gain":0,"max_hp_loss":0,"event_name":"Golden Wing","floor":4,"gold_loss":0},{"damage_healed":0,"gold_gain":0,"player_choice":"Fought Mushrooms","damage_taken":0,"max_hp_gain":0,"max_hp_loss":0,"event_name":"Mushrooms","floor":11,"gold_loss":0}],"is_beta":false,"boss_relics":[],"items_purged_floors":[],"is_endless":false,"potions_floor_spawned":[1,2],"killed_by":"Slime Boss","ascension_level":20}}