{"host":"3sqvgza1l4ip9ny1","time":1614355218,"event":{"mods":["BaseMod","Minty Spire (QoL Compilation)"],"gold_per_floor":[115,135,135,146,1,32,32,64,88,115,133,158,173,173,173,276,276,293,293,310,310,330,358,358,369,369,90,121,136,149,111,111,211,211,221,221,221,232,18,45,45,71,98,113,113,130,147,177,177,177,177,177,2,32,32,32],"floor_reached":55,"language":"ENG","playtime":3469,"items_purged":["Strike_B","Dualcast"],"score":960,"play_id":"59528811-07d2-48b6-a1a6-1fa82a1ae41f","local_time":"20210226160018","is_ascension_mode":true,"campfire_choices":[{"data":"Static Discharge","floor":7,"key":"SMITH"},{"data":"Glacier","floor":15,"key":"SMITH"},{"data":"Storm","floor":24,"key":"SMITH"},{"data":"Creative AI","floor":32,"key":"SMITH"},{"floor":41,"key":"RECALL"},{"floor":45,"key":"REST"},{"floor":49,"key":"REST"},{"floor":52,"key":"REST"}],"circlet_count":0,"master_deck":["Defend_B","Defend_B","Defend_B","Zap","Sunder","Glacier+1","Static Discharge+1","Thunder Strike","Thunder Strike","Rebound","Conserve Battery","Conserve Battery","Storm+1","Aggregate","Electrodynamics","Storm+1","Turbo","Multi-Cast","Steam Power+1","Static Discharge","Creative AI+1","Capacitor","Loop+1","Defragment+1","Defragment","Seek","Tempest+1","Reinforced Body","Panache","Hologram","Fission","Glacier+1","Parasite","White Noise","Static Discharge+1","Force Field","Static Discharge","Defragment+1"],"relics":["Cracked Core","Toy Ornithopter","Centennial Puzzle","Bag of Preparation","Letter Opener","Meat on the Bone","Pen Nib","Smiling Mask","Molten Egg 2","PreservedInsect","White Beast Statue","Fusion Hammer","Ancient Tea Set","The Courier","Oddly Smooth Stone","Nunchaku"],"acts_visited":["Exordium","TheCity","TheBeyond","TheEnding"],"potions_floor_usage":[6,12,16,22,25,25,28,29,30,33,46,47,48,50,54,55,55,55],"damage_taken":[{"damage":0,"enemies":"Small Slimes","floor":1,"turns":3},{"damage":0,"enemies":"Cultist","floor":2,"turns":4},{"damage":0,"enemies":"2 Louse","floor":4,"turns":1},{"damage":10,"enemies":"Gremlin Nob","floor":6,"turns":4},{"damage":12,"enemies":"3 Sentries","floor":8,"turns":6},{"damage":3,"enemies":"Lagavulin","floor":10,"turns":6},{"damage":0,"enemies":"Exordium Wildlife","floor":11,"turns":4},{"damage":2,"enemies":"3 Sentries","floor":12,"turns":3},{"damage":2,"enemies":"Blue Slaver","floor":13,"turns":3},{"damage":29,"enemies":"The Guardian","floor":16,"turns":13},{"damage":5,"enemies":"Chosen","floor":18,"turns":4},{"damage":5,"enemies":"3 Byrds","floor":20,"turns":3},{"damage":19,"enemies":"Snecko","floor":22,"turns":8},{"damage":14,"enemies":"Book of Stabbing","floor":23,"turns":5},{"damage":7,"enemies":"Shelled Parasite and Fungi","floor":25,"turns":3},{"damage":14,"enemies":"Gremlin Leader","floor":28,"turns":4},{"damage":3,"enemies":"Centurion and Healer","floor":29,"turns":4},{"damage":15,"enemies":"Snake Plant","floor":30,"turns":3},{"damage":18,"enemies":"Collector","floor":33,"turns":6},{"damage":6,"enemies":"Orb Walker","floor":35,"turns":2},{"damage":18,"enemies":"3 Darklings","floor":38,"turns":2},{"damage":6,"enemies":"Giant Head","floor":40,"turns":5},{"damage":0,"enemies":"Reptomancer","floor":42,"turns":2},{"damage":4,"enemies":"Writhing Mass","floor":44,"turns":3},{"damage":0,"enemies":"Jaw Worm Horde","floor":46,"turns":1},{"damage":1,"enemies":"4 Shapes","floor":47,"turns":2},{"damage":0,"enemies":"Nemesis","floor":48,"turns":1},{"damage":51,"enemies":"Awakened One","floor":50,"turns":5},{"damage":8,"enemies":"Shield and Spear","floor":54,"turns":3},{"damage":87,"enemies":"The Heart","floor":55,"turns":3}],"seed_played":"-4074783843124694577","potions_obtained":[{"floor":2,"key":"DuplicationPotion"},{"floor":4,"key":"Energy Potion"},{"floor":10,"key":"Fire Potion"},{"floor":11,"key":"Energy Potion"},{"floor":13,"key":"Energy Potion"},{"floor":16,"key":"Ancient Potion"},{"floor":22,"key":"Fire Potion"},{"floor":23,"key":"AttackPotion"},{"floor":28,"key":"EssenceOfSteel"},{"floor":29,"key":"PowerPotion"},{"floor":30,"key":"LiquidBronze"},{"floor":33,"key":"Strength Potion"},{"floor":35,"key":"AttackPotion"},{"floor":38,"key":"SmokeBomb"},{"floor":40,"key":"Fire Potion"},{"floor":42,"key":"SteroidPotion"},{"floor":44,"key":"GamblersBrew"},{"floor":46,"key":"Energy Potion"},{"floor":47,"key":"SneckoOil"},{"floor":48,"key":"SteroidPotion"},{"floor":54,"key":"BlessingOfTheForge"}],"is_trial":false,"path_per_floor":["M","M","?","M","$","E","R","E","T","E","M","E","M","?","R","B",null,"M","?","M","T","M","E","R","M","T","$","E","M","M","$","R","B",null,"M","?","?","M","$","E","R","E","T","M","R","M","M","E","R","B",null,"R","$","E","B"],"character_chosen":"DEFECT","items_purchased":["Thunder Strike","Capacitor","PreservedInsect","Defragment","Panache","Hologram","Static Discharge","PotionOfCapacity","LiquidBronze"],"campfire_rested":3,"item_purchase_floors":[5,27,27,31,39,39,53,53,53],"current_hp_per_floor":[75,75,75,75,75,65,65,53,53,50,50,53,51,51,51,39,75,70,70,65,65,51,49,49,52,52,52,43,45,47,47,47,46,75,69,69,69,51,51,45,45,45,45,41,63,68,72,75,75,36,75,75,75,72,0,0],"gold":32,"neow_bonus":"RANDOM_COLORLESS","is_daily":false,"chose_seed":false,"campfire_upgraded":4,"win_rate":0.0,"timestamp":1614355218,"path_taken":["M","M","?","M","$","E","R","E","T","E","?","E","M","?","R","BOSS","M","?","M","?","M","E","R","M","T","?","E","M","M","$","R","BOSS","M","?","?","M","$","E","R","E","T","M","R","M","?","E","R","BOSS","R","$","E","BOSS"],"items_purchased_type":["Card","Card","Relic","Card","Card","Card","Card","Potion","Potion"],"build_version":"2020-12-22","purchased_purges":2,"victory":false,"max_hp_per_floor":[75,75,75,75,75,75,75,75,75,75,75,75,75,75,75,75,75,75,75,75,75,75,75,75,75,75,75,75,75,75,75,75,75,75,75,75,75,75,75,75,75,75,75,75,75,75,75,75,75,75,75,75,75,75,75,75],"card_choices":[{"not_picked":["Finesse","Enlightenment"],"picked":"Deep Breath","floor":0},{"not_picked":["Coolheaded","Streamline"],"picked":"Sunder","floor":1},{"not_picked":["Compile Driver","Gash"],"picked":"Glacier","floor":2},{"not_picked":["Beam Cell","Steam"],"picked":"Static Discharge","floor":4},{"not_picked":["Stack","Auto Shields"],"picked":"Thunder Strike","floor":6},{"not_picked":["Skim","Hello World"],"picked":"Rebound","floor":8},{"not_picked":["Beam Cell","Barrage"],"picked":"Conserve Battery","floor":10},{"not_picked":["Scrape","Go for the Eyes"],"picked":"Conserve Battery","floor":11},{"not_picked":["Turbo","Tempest"],"picked":"Storm","floor":12},{"not_picked":["Beam Cell","Sweeping Beam"],"picked":"Aggregate","floor":13},{"not_picked":["Biased Cognition","Buffer"],"picked":"Electrodynamics","floor":16},{"not_picked":["Sweeping Beam","Turbo+1"],"picked":"Storm","floor":18},{"not_picked":["Barrage","Gash","Steam"],"picked":"SKIP","floor":20},{"not_picked":["Ball Lightning","Auto Shields"],"picked":"Steam Power+1","floor":22},{"not_picked":["Streamline","Redo"],"picked":"Static Discharge","floor":23},{"not_picked":["Force Field","BootSequence+1"],"picked":"Creative AI","floor":25},{"not_picked":["Chill+1","Rip and Tear+1"],"picked":"Loop+1","floor":28},{"not_picked":["Coolheaded","Turbo"],"picked":"Defragment+1","floor":29},{"not_picked":["Sweeping Beam+1","Chaos","Rebound+1"],"picked":"SKIP","floor":30},{"not_picked":["Creative AI","Machine Learning"],"picked":"Seek","floor":33},{"not_picked":["Go for the Eyes+1","Beam Cell+1"],"picked":"Tempest+1","floor":35},{"not_picked":["Chaos","Ball Lightning+1"],"picked":"Reinforced Body","floor":38},{"not_picked":["Stack","Scrape+1"],"picked":"Fission","floor":40},{"not_picked":["Turbo+1","Skim+1"],"picked":"Glacier+1","floor":42},{"not_picked":["Cold Snap+1","Go for the Eyes+1"],"picked":"White Noise","floor":44},{"not_picked":["Barrage+1","Rebound+1","Sweeping Beam+1"],"picked":"SKIP","floor":46},{"not_picked":["Reprogram","Leap"],"picked":"Static Discharge+1","floor":47},{"not_picked":["Coolheaded+1","Stack"],"picked":"Force Field","floor":48},{"not_picked":["Darkness","Barrage+1"],"picked":"Defragment+1","floor":54}],"player_experience":225526,"relics_obtained":[{"floor":6,"key":"Toy Ornithopter"},{"floor":8,"key":"Centennial Puzzle"},{"floor":9,"key":"Bag of Preparation"},{"floor":10,"key":"Letter Opener"},{"floor":12,"key":"Meat on the Bone"},{"floor":21,"key":"Pen Nib"},{"floor":23,"key":"Smiling Mask"},{"floor":26,"key":"Molten Egg 2"},{"floor":28,"key":"White Beast Statue"},{"floor":40,"key":"Ancient Tea Set"},{"floor":42,"key":"The Courier"},{"floor":48,"key":"Oddly Smooth Stone"},{"floor":54,"key":"Nunchaku"}],"event_choices":[{"cards_removed":["Strike_B"],"damage_healed":0,"gold_gain":0,"player_choice":"Offered Basic","damage_taken":0,"max_hp_gain":0,"max_hp_loss":0,"event_name":"Bonfire Elementals","floor":3,"gold_loss":0},{"damage_healed":0,"gold_gain":0,"player_choice":"Grow","damage_taken":0,"max_hp_gain":0,"max_hp_loss":0,"event_name":"Living Wall","floor":14,"gold_loss":0,"cards_upgraded":["Storm"]},{"damage_healed":0,"gold_gain":0,"cards_transformed":["Strike_B","Strike_B"],"player_choice":"Became Test Subject","damage_taken":0,"max_hp_gain":0,"max_hp_loss":0,"event_name":"Drug Dealer","floor":19,"gold_loss":0,"cards_obtained":["Turbo","Multi-Cast"]},{"cards_removed":["Deep Breath"],"damage_healed":0,"gold_gain":0,"player_choice":"Removed Skill","damage_taken":0,"max_hp_gain":0,"max_hp_loss":0,"event_name":"Falling","floor":36,"gold_loss":0},{"cards_removed":["Defend_B"],"damage_healed":0,"gold_gain":0,"player_choice":"Purged","damage_taken":0,"max_hp_gain":0,"max_hp_loss":0,"event_name":"Purifier","floor":37,"gold_loss":0}],"is_beta":false,"boss_relics":[{"not_picked":["Runic Pyramid","FrozenCore","Runic Dome"]},{"not_picked":["Velvet Choker","Calling Bell"],"picked":"Fusion Hammer"}],"items_purged_floors":[5,27],"is_endless":false,"potions_floor_spawned":[2,4,10,11,13,16,20,22,23,28,29,30,33,35,38,40,42,44,46,47,48,54],"killed_by":"The Heart","ascension_level":2}}