{"host":"8hlq24ta5nit70vz","time":1614354981,"event":{"mods":["Act Like it!","Arknights","BaseMod","Better Skull","Better Third Choice","Friendly Minions","Highlight Path","Minty Spire (QoL Compilation)","Relic Stats","Reliquary","Replay The Spire","Ruina","Shop Mod","Spicy Shops","Spire Arcade","StSLib"],"gold_per_floor":[113,113,128,128,143,143,154,154,181,210,281,21,45,71,71,178,205,228,228,228,228],"floor_reached":20,"language":"ENG","playtime":1244,"items_purged":[],"score":166,"play_id":"fd01ed5d-29d4-4803-8b0c-4baf0cbb21a5","local_time":"20210226165621","is_ascension_mode":false,"campfire_choices":[{"data":"ats:Emotion Absorption","floor":6,"key":"SMITH"},{"floor":8,"key":"RECALL"},{"data":"ats:Assault Order","floor":15,"key":"SMITH"}],"circlet_count":0,"master_deck":["ats:Strike C","ats:Strike G","ats:Strike S","ats:Strike V","ats:Armor Crushing Shot","ats:Defend","ats:Defend","ats:Defend","ats:Defend","ats:Emotion Absorption+1","Dramatic Entrance+1","ats:Powerful Strike","ats:Counter Healing Mode","ats:Thermite Blade","ats:Revitalization","ats:Assault Order+1","ats:Part Time Job","ats:Mental Burst","ats:Wolf Pack","Clumsy","CommonCold","Parasite","ats:Charging Defense"],"relics":["ats:Sanity","CeramicFish","Shuriken","reliquary:IridiumChain","Replay:Ancient Bell","reliquary:PartyBalloon","reliquary:JackalopeAntler","Ice Cream","Omamori","Frozen Eye"],"acts_visited":["Exordium","ruina:Briah"],"potions_floor_usage":[5,16,16,18,20],"damage_taken":[{"damage":7,"enemies":"Small Slimes","floor":1,"turns":4},{"damage":2,"enemies":"ats:Genji","floor":3,"turns":3},{"damage":0,"enemies":"Jaw Worm","floor":5,"turns":1},{"damage":0,"enemies":"Lots of Slimes","floor":7,"turns":1},{"damage":14,"enemies":"Exordium Thugs","floor":10,"turns":3},{"damage":6,"enemies":"Exordium Wildlife","floor":13,"turns":2},{"damage":0,"enemies":"2 Fungi Beasts","floor":14,"turns":2},{"damage":18,"enemies":"The Guardian","floor":16,"turns":7},{"damage":73,"enemies":"ruina:BadWolf","floor":18,"turns":8},{"damage":28,"enemies":"ruina:2_Scarecrows","floor":20,"turns":3}],"seed_played":"4612078716145500314","potions_obtained":[{"floor":1,"key":"Dexterity Potion"},{"floor":4,"key":"ColorlessPotion"},{"floor":4,"key":"Languid Potion"},{"floor":4,"key":"Adrenaline Potion"},{"floor":7,"key":"BlessingOfTheForge"},{"floor":16,"key":"SpeedPotion"}],"is_trial":false,"path_per_floor":["M","?","M","?","M","R","M","R","T","M","T","$","M","M","R","B",null,"M","?","M"],"character_chosen":"DOCTOR_CLASS","items_purchased":["reliquary:IridiumChain"],"campfire_rested":0,"item_purchase_floors":[12],"current_hp_per_floor":[65,65,63,63,63,63,63,63,63,49,49,49,43,43,43,54,72,20,20,0,0],"gold":228,"neow_bonus":"RANDOM_COLORLESS","is_daily":false,"chose_seed":false,"campfire_upgraded":2,"win_rate":0.0,"timestamp":1614354981,"path_taken":["M","?","M","?","?","R","M","R","T","?","?","?","M","M","R","BOSS","M","?","M"],"items_purchased_type":["Relic"],"build_version":"2020-12-22","purchased_purges":0,"victory":false,"max_hp_per_floor":[72,72,72,72,72,72,72,72,72,72,72,72,72,72,72,72,72,72,72,72,72],"relic_stats":{"counters":[10,34],"Shuriken":[7],"CeramicFish":72,"obtain_stats":[{"reliquary:JackalopeAntler":17,"Ice Cream":17,"Frozen Eye":20,"Shuriken":11,"reliquary:PartyBalloon":17,"CeramicFish":9,"Replay:Ancient Bell":17,"Omamori":19,"ats:Sanity":0,"reliquary:IridiumChain":12},{"reliquary:JackalopeAntler":8,"Ice Cream":8,"Frozen Eye":9,"Shuriken":5,"reliquary:PartyBalloon":8,"CeramicFish":4,"Replay:Ancient Bell":8,"Omamori":9,"ats:Sanity":0,"reliquary:IridiumChain":5},{"reliquary:JackalopeAntler":23,"Ice Cream":23,"Frozen Eye":31,"Shuriken":12,"reliquary:PartyBalloon":23,"CeramicFish":9,"Replay:Ancient Bell":23,"Omamori":31,"ats:Sanity":0,"reliquary:IridiumChain":12}]},"card_choices":[{"not_picked":["Good Instincts","Flash of Steel"],"picked":"Dramatic Entrance","floor":0},{"not_picked":["ats:Closed Bolt Burst Fire","ats:Explosion Area Strengthen"],"picked":"ats:Powerful Strike","floor":1},{"not_picked":["ats:Apocalypse","ats:Flexible Camouflage"],"picked":"ats:Counter Healing Mode","floor":3},{"not_picked":["ats:Assault Order","ats:Closed Bolt Burst Fire"],"picked":"ats:Thermite Blade","floor":5},{"not_picked":["ats:Ignite","ats:Powerful Strike"],"picked":"ats:Revitalization","floor":7},{"not_picked":["ats:Beaten Up","ats:Song Of Battle"],"picked":"ats:Assault Order","floor":10},{"not_picked":["ats:Poison Spread","ats:Literary Storm"],"picked":"ats:Part Time Job","floor":13},{"not_picked":["ats:Consecutive Shot Auto","ats:Disruption Kick"],"picked":"ats:Mental Burst","floor":14},{"not_picked":["ats:Roar Of Ursus","ats:Soul Rend"],"picked":"ats:Wolf Pack","floor":16},{"not_picked":["AbeCurse","Regret"],"picked":"Clumsy","floor":17},{"not_picked":["Decay","Pain"],"picked":"CommonCold","floor":17},{"not_picked":["Languid","Regret"],"picked":"Parasite","floor":17},{"not_picked":["ats:Poison Spread+1","ats:Absolute Focus"],"picked":"ats:Charging Defense","floor":18}],"player_experience":278469,"relics_obtained":[{"floor":9,"key":"CeramicFish"},{"floor":11,"key":"Shuriken"}],"event_choices":[{"damage_healed":0,"gold_gain":0,"player_choice":"Grow","damage_taken":0,"max_hp_gain":0,"max_hp_loss":0,"event_name":"Living Wall","floor":2,"gold_loss":0,"cards_upgraded":["Dramatic Entrance"]},{"damage_healed":0,"gold_gain":0,"player_choice":"Got Potions","damage_taken":0,"max_hp_gain":0,"max_hp_loss":0,"event_name":"Lab","floor":4,"gold_loss":0}],"is_beta":false,"boss_relics":[{"not_picked":["Empty Cage","Replay:Drink Me"],"picked":"Replay:Ancient Bell"},{"not_picked":["Replay:Mystery Machine","Tiny Chest"],"picked":"reliquary:PartyBalloon"},{"not_picked":["HornCleat","Replay:Bottled Flurry"],"picked":"reliquary:JackalopeAntler"},{"not_picked":["CaptainsWheel","Replay:Multitool"],"picked":"Ice Cream"}],"items_purged_floors":[],"is_endless":false,"potions_floor_spawned":[1,7,16],"killed_by":"ruina:2_Scarecrows","ascension_level":0}}