{"host":"ia9e4s524g7bamk7","time":1614380111,"event":{"mods":["AchievementEnabler","BaseMod","Colored Map","Minty Spire (QoL Compilation)","Permanent Neow","Slay-I","slay the spire mod where everything is the same but ironclad has a cowboy hat"],"gold_per_floor":[117,137,155,167,92,92,10,10,34,61,9,9,42,55,55,151,151,171,171,188,205,217,242,242,270,270,270,270,22,33,68,68,164,164,175,185,205,224,68,68,68],"floor_reached":40,"language":"ENG","playtime":5820,"items_purged":["Strike_G","Strike_G"],"score":652,"play_id":"3d1cb2c6-a7e6-43fa-a863-c7325c2b268e","local_time":"20210226235511","is_ascension_mode":true,"campfire_choices":[{"data":"Survivor","floor":6,"key":"SMITH"},{"data":"Escape Plan","floor":8,"key":"SMITH"},{"floor":12,"key":"REST"},{"data":"Well Laid Plans","floor":15,"key":"SMITH"},{"floor":24,"key":"REST"},{"floor":27,"key":"REST"},{"floor":32,"key":"REST"}],"circlet_count":0,"master_deck":["Strike_G","Strike_G","Strike_G","Defend_G","Defend_G+1","Defend_G","Defend_G+1","Defend_G","Survivor+1","Neutralize","Escape Plan+1","Dagger Throw","Flying Knee","Backstab","Well Laid Plans+1","All Out Attack","Bouncing Flask","Backflip","Corpse Explosion","Deflect","Prepared+1","Predator","Calculated Gamble+1","Wraith Form v2","Footwork+1","Doppelganger","Flying Knee+1","Bouncing Flask+1","Predator+1"],"relics":["Ring of the Snake","Happy Flower","Omamori","War Paint","Strawberry","SlaversCollar","Orichalcum","The Specimen","Regal Pillow","ClockworkSouvenir","Shovel","Snecko Eye","Lee\u0027s Waffle"],"acts_visited":["Exordium","TheCity","TheBeyond"],"potions_floor_usage":[4,14,16,21,22,31,31,33],"damage_taken":[{"damage":2,"enemies":"Small Slimes","floor":1,"turns":5},{"damage":0,"enemies":"Cultist","floor":2,"turns":5},{"damage":4,"enemies":"2 Louse","floor":3,"turns":4},{"damage":12,"enemies":"Lots of Slimes","floor":4,"turns":9},{"damage":18,"enemies":"Gremlin Nob","floor":10,"turns":5},{"damage":6,"enemies":"3 Sentries","floor":13,"turns":10},{"damage":2,"enemies":"Gremlin Gang","floor":14,"turns":5},{"damage":10,"enemies":"Hexaghost","floor":16,"turns":8},{"damage":13,"enemies":"Shell Parasite","floor":18,"turns":7},{"damage":0,"enemies":"Chosen","floor":20,"turns":7},{"damage":0,"enemies":"3 Cultists","floor":21,"turns":2},{"damage":0,"enemies":"Chosen and Byrds","floor":22,"turns":8},{"damage":45,"enemies":"Book of Stabbing","floor":23,"turns":7},{"damage":30,"enemies":"Slavers","floor":25,"turns":3},{"damage":6,"enemies":"Cultist and Chosen","floor":30,"turns":5},{"damage":14,"enemies":"Book of Stabbing","floor":31,"turns":5},{"damage":29,"enemies":"Automaton","floor":33,"turns":11},{"damage":40,"enemies":"3 Darklings","floor":35,"turns":7},{"damage":8,"enemies":"Orb Walker","floor":36,"turns":4},{"damage":14,"enemies":"Writhing Mass","floor":37,"turns":8},{"damage":0,"enemies":"Jaw Worm Horde","floor":38,"turns":4},{"damage":78,"enemies":"Giant Head","floor":40,"turns":10}],"seed_played":"-3404697085702014021","potions_obtained":[{"floor":1,"key":"LiquidBronze"},{"floor":2,"key":"GhostInAJar"},{"floor":13,"key":"GhostInAJar"},{"floor":14,"key":"Explosive Potion"},{"floor":18,"key":"Energy Potion"},{"floor":22,"key":"Energy Potion"},{"floor":28,"key":"LiquidMemories"},{"floor":31,"key":"Regen Potion"},{"floor":35,"key":"Strength Potion"},{"floor":38,"key":"Strength Potion"}],"is_trial":false,"path_per_floor":["M","M","M","M","$","R","$","R","T","E","$","R","E","M","R","B",null,"M","?","M","M","M","E","R","E","T","R","?","$","M","E","R","B",null,"M","M","M","M","$","E"],"character_chosen":"THE_SILENT","items_purchased":["Well Laid Plans","SkillPotion","ClockworkSouvenir","Lee\u0027s Waffle"],"campfire_rested":4,"item_purchase_floors":[7,11,29,39],"current_hp_per_floor":[61,61,57,45,45,45,45,45,45,27,27,48,49,47,47,37,67,54,54,54,54,54,9,32,2,2,40,40,40,34,20,58,44,69,29,21,7,7,84,6,6],"gold":68,"neow_bonus":"RANDOM_COMMON_RELIC","is_daily":false,"chose_seed":false,"campfire_upgraded":3,"win_rate":0.0,"timestamp":1614380111,"path_taken":["M","M","M","M","$","R","$","R","T","E","$","R","E","M","R","BOSS","M","?","M","?","M","E","R","E","T","R","?","$","?","E","R","BOSS","M","M","?","M","$","E"],"items_purchased_type":["Card","Potion","Relic","Relic"],"build_version":"2020-12-22","purchased_purges":2,"victory":false,"max_hp_per_floor":[70,70,70,70,70,70,70,70,70,70,70,70,77,77,77,77,77,77,77,77,77,77,77,77,77,77,77,77,77,77,77,77,77,77,77,77,77,77,84,84,84],"card_choices":[{"not_picked":["Eviscerate","Calculated Gamble"],"picked":"Escape Plan","floor":1},{"not_picked":["Dodge and Roll","Crippling Poison"],"picked":"Dagger Throw","floor":2},{"not_picked":["Deflect","Skewer"],"picked":"Flying Knee","floor":3},{"not_picked":["Quick Slash","Eviscerate"],"picked":"Backstab","floor":4},{"not_picked":["Underhanded Strike","Setup"],"picked":"All Out Attack","floor":10},{"not_picked":["Masterful Stab","Escape Plan"],"picked":"Bouncing Flask","floor":13},{"not_picked":["Outmaneuver","Prepared"],"picked":"Backflip","floor":14},{"not_picked":["Night Terror","Malaise"],"picked":"Corpse Explosion","floor":16},{"not_picked":["Choke+1","Calculated Gamble"],"picked":"Deflect","floor":18},{"not_picked":["Outmaneuver+1","Heel Hook","Noxious Fumes"],"picked":"SKIP","floor":20},{"not_picked":["Calculated Gamble","Slice"],"picked":"Prepared+1","floor":21},{"not_picked":["Distraction","Masterful Stab"],"picked":"Predator","floor":22},{"not_picked":["Deflect","Tactician"],"picked":"Calculated Gamble+1","floor":23},{"not_picked":["Slice","Dodge and Roll"],"picked":"Wraith Form v2","floor":25},{"not_picked":["PiercingWail","Quick Slash"],"picked":"Footwork+1","floor":30},{"not_picked":["Grand Finale","Dagger Throw+1","Slice"],"picked":"SKIP","floor":31},{"not_picked":["Grand Finale","Unload"],"picked":"Doppelganger","floor":33},{"not_picked":["Acrobatics","Poisoned Stab"],"picked":"Flying Knee+1","floor":35},{"not_picked":["Quick Slash+1","Prepared+1","Deadly Poison+1"],"picked":"SKIP","floor":36},{"not_picked":["Tactician+1","Acrobatics+1"],"picked":"Bouncing Flask+1","floor":37},{"not_picked":["Infinite Blades+1","Terror"],"picked":"Predator+1","floor":38}],"player_experience":435846,"relics_obtained":[{"floor":9,"key":"Omamori"},{"floor":10,"key":"War Paint"},{"floor":13,"key":"Strawberry"},{"floor":23,"key":"Orichalcum"},{"floor":25,"key":"The Specimen"},{"floor":26,"key":"Regal Pillow"},{"floor":31,"key":"Shovel"}],"event_choices":[{"damage_healed":0,"gold_gain":0,"player_choice":"Bought 0 Potions","damage_taken":0,"max_hp_gain":0,"max_hp_loss":0,"event_name":"The Woman in Blue","floor":19,"gold_loss":0},{"damage_healed":0,"gold_gain":0,"player_choice":"Got Potions","damage_taken":0,"max_hp_gain":0,"max_hp_loss":0,"event_name":"Lab","floor":28,"gold_loss":0}],"is_beta":false,"boss_relics":[{"not_picked":["Velvet Choker","Busted Crown"],"picked":"SlaversCollar"},{"not_picked":["Tiny House","Black Star"],"picked":"Snecko Eye"}],"items_purged_floors":[5,29],"is_endless":false,"potions_floor_spawned":[1,2,13,14,18,20,22,31,35,38],"killed_by":"Giant Head","ascension_level":7}}