{"host":"9jojwlkiolcvds8e","time":1614355341,"event":{"mods":["ATMod(°¢èªMod)","Act Like it!","BaseMod","Better Vampires","Colored Powertips","Gensokyo","Hallownest","Jedi Mod","Lobotomy","Minty Spire (QoL Compilation)","MostiFishMod","Pale of the Ancients","Prisma Mod","Quick Restart","Replay The Spire","Shop Mod","StSLib","TestMod","Waifu the Spire","WarShipGirlsR/Õ½½¢ÉÙÅ®R mod","Yakumo Yukari mod","Youmu£¨»êÆÇÑýÃÎ£©","¡¾ÒÅÎï¿¨ÅÆ¡¿REMEMod","óô»ðÖ¸ÄÏ"],"gold_per_floor":[119,119,135,135,150,176,195,195,222,254,254,281,281,298,298,397,397,410,427,427,527,313,361,361,392,392,177,207,207,252,269,269,571,571,593,614,314,314,333,368,395,451,498,498,898,898,931,931,931,990,1035,1072,1122,784,435,540,417,442,442,562],"floor_reached":61,"language":"ZHS","playtime":3941,"items_purged":["Hologram","Strike_B","Strike_B","Hallucinations","Strike_B"],"score":2043,"play_id":"d56fd9bc-5794-40f8-86a6-e8808a0ffd8b","local_time":"20210227000221","is_ascension_mode":true,"campfire_choices":[{"data":"jedi:overflow","floor":13,"key":"SMITH"},{"data":"AT_ThunderBolt","floor":15,"key":"SMITH"},{"data":"MostiFishMod:StarOceanB","floor":24,"key":"SMITH"},{"data":"Storm","floor":29,"key":"SMITH"},{"data":"MostiFishMod:IntelligentEquipment","floor":32,"key":"SMITH"},{"floor":44,"key":"RECALL"},{"data":"AT_ThreeBodyProblem","floor":46,"key":"SMITH"},{"data":"Defragment","floor":49,"key":"SMITH"}],"circlet_count":0,"master_deck":["Strike_B+1","Defend_B","Defend_B","Defend_B","Defend_B","Zap","Dualcast","AT_StudyProgram","Self Repair+1","Leap+1","Ball Lightning","Injury","AT_ThunderBolt+1","Undo","Storm+1","MostiFishMod:TalkingToTheRain+1","Clumsy","jedi:overflow+1","Panic Button","MostiFishMod:Hijack+1","Redo+1","ReplayTheSpireMod:Calculation Training","Defragment","MostiFishMod:StarOceanB+1","Fusion+1","ReplaySolidLightProjector+1","Panacea","Ball Lightning","MostiFishMod:IntelligentEquipment+1","jedi:locknload","MostiFishMod:Prepare","Crystallizer+1","Discovery","Discovery","Defragment+1","Gensokyo:PrivateSquare","Conserve Battery","jedi:reiji+1","AT_ThreeBodyProblem+1","AT_EMC2+1","MostiFishMod:StarOceanB+1","FTL","jedi:frostbite","Echo Form+1","MostiFishMod:Impulse+1","Panache","Pain","Buffer","Pain"],"relics":["Cracked Core","DaveBox","AT_ATBox","REME_ComplimentaryCards","SynthV:C4","testmod-Register","Ice Cream","SynthV:TestCard","Replay:Bottled Eggs","Mummified Hand","Chameleon Ring","ReplayFunnel","Strawberry","Gensokyo:NagashiBinaDoll","testmod-LifeArmor","Sozu","Thread and Needle","testmod-TheFather","Guide Book","jedi:crownofsimplicity","ReplayTheSpireMod:TigerMarble","Blue Doll","testmod-Justice","AT_ChloranthyRing","Pen Nib","REME_DuelDisc","DollysMirror","testmod-Acrobat","Toxic Egg 2","paleoftheancients:Timepiece","paleoftheancients:KeyRelic","Letter Opener","CultistMask","paleoftheancients:SoulOfTheSilent","Ring of Fury","Ring of Greed","Membership Card","Smiling Mask","REME_PuzzleBoxRelic","Garlic","ReplayTheSpireMod:CursedCoin","ReplayTheSpireMod:Shallot","testmod-BouquetWithThorns","Lantern","Nunchaku"],"acts_visited":["Gensokyo:Gensokyo","Gensokyo:Gensokyoer","Gensokyo:Gensokyoest","paleoftheancients:PaleOfTheAncients"],"potions_floor_usage":[25],"damage_taken":[{"damage":8.0,"enemies":"Gensokyo:Gryphon","floor":1.0,"turns":2.0},{"damage":0,"enemies":"Gensokyo:2_Kodama","floor":3,"turns":1},{"damage":7,"enemies":"Gensokyo:Python","floor":5,"turns":3},{"damage":18,"enemies":"Gensokyo:Mamizou","floor":6,"turns":7},{"damage":9,"enemies":"Gensokyo:VengefulSpirit","floor":7,"turns":5},{"damage":22,"enemies":"Gensokyo:Aya","floor":10,"turns":4},{"damage":0,"enemies":"Gensokyo:Mamizou","floor":12,"turns":4},{"damage":0,"enemies":"Gensokyo:Kitsune","floor":14,"turns":2},{"damage":12,"enemies":"Gensokyo:Yukari","floor":16,"turns":10},{"damage":0,"enemies":"Gensokyo:Chomper","floor":18,"turns":4},{"damage":4,"enemies":"Gensokyo:AngelMirror","floor":19,"turns":3},{"damage":8,"enemies":"Gensokyo:AngelMirror","floor":21,"turns":8},{"damage":3,"enemies":"Gensokyo:Reisen","floor":23,"turns":5},{"damage":16,"enemies":"Gensokyo:Koishi","floor":25,"turns":4},{"damage":12,"enemies":"Gensokyo:Tenshi","floor":28,"turns":3},{"damage":0,"enemies":"Gensokyo:Reisen","floor":30,"turns":3},{"damage":2,"enemies":"Gensokyo:3_Gloops","floor":31,"turns":3},{"damage":19,"enemies":"Gensokyo:Kaguya","floor":33,"turns":5},{"damage":0,"enemies":"Gensokyo:3_Bats","floor":35,"turns":1},{"damage":0,"enemies":"Gensokyo:AncientGuardian","floor":36,"turns":6},{"damage":0,"enemies":"Gensokyo:Dusk_and_Dawn","floor":39,"turns":1},{"damage":0,"enemies":"Gensokyo:Doremy","floor":40,"turns":3},{"damage":10,"enemies":"Gensokyo:Sharpion","floor":41,"turns":2},{"damage":0,"enemies":"Gensokyo:Kasen","floor":42,"turns":3},{"damage":0,"enemies":"Gensokyo:SeedOfUnknown","floor":47,"turns":1},{"damage":0,"enemies":"Gensokyo:Yuyuko","floor":50,"turns":3},{"damage":0,"enemies":"Gensokyo:Yuyuko","floor":51,"turns":2},{"damage":32,"enemies":"Gensokyo:Yuyuko","floor":52,"turns":7},{"damage":2,"enemies":"Gensokyo:Yuyuko","floor":56,"turns":4},{"damage":0,"enemies":"paleoftheancients:N","floor":60,"turns":4}],"seed_played":"8964681750884726592","potions_obtained":[{"floor":3,"key":"Toxic Potion"},{"floor":5,"key":"BlessingOfTheForge"},{"floor":6,"key":"LiquidBronze"}],"is_trial":false,"path_per_floor":["M","?","M","?","M","E","M","T","T","E","?","E","R","M","R","B",null,"M","M","?","?","COS","E","R","E","T","$","E","R","E","M","R","B",null,"M","M","$","?","M","E","M","E","T","R","?","R","M","?","R","B","M","M","?","$","R","M","R","T","?","B",null],"character_chosen":"DEFECT","items_purchased":["ReplaySolidLightProjector+1","Panacea","Discovery","DollysMirror","REME_PuzzleBoxRelic","Garlic","MostiFishMod:StarOceanB+1","FTL","ReplayTheSpireMod:CursedCoin","ReplayTheSpireMod:Shallot","testmod-BouquetWithThorns","Echo Form+1","MostiFishMod:Impulse+1","Panache","Lantern"],"campfire_rested":0,"item_purchase_floors":[27,27,37,37,54,54,54,54,55,55,55,55,55,55,57],"current_hp_per_floor":[46,46,53,53,57,50,52,52,52,48,48,59,59,70,70,69,79,80,82,82,82,82,82,82,77,77,77,76,76,77,75,75,66,78,79,82,82,82,82,82,82,82,82,82,82,82,82,82,82,82,82,77,77,77,77,81,81,81,81,82],"gold":562,"neow_bonus":"ONE_RARE_RELIC","is_daily":false,"chose_seed":false,"campfire_upgraded":7,"win_rate":0.0,"timestamp":1614355341,"path_taken":["M","?","?","?","M","E","M","?","T","E","?","E","R","M","R","BOSS","M","M","?","?","COS","E","R","E","T","$","E","R","E","M","R","BOSS","M","M","$","?","M","E","M","E","T","R","?","R","M","?","R","BOSS","M","M","?","$","R","M","R","T","?","BOSS"],"items_purchased_type":["Card","Card","Card","Relic","Relic","Relic","Card","Card","Relic","Relic","Relic","Card","Card","Card","Card"],"build_version":"2020-12-22","purchased_purges":5,"victory":true,"max_hp_per_floor":[75,75,75,75,75,75,75,75,75,82,82,82,82,82,82,82,82,82,82,82,82,82,82,82,82,82,82,82,82,82,82,82,82,82,82,82,82,82,82,82,82,82,82,82,82,82,82,82,82,82,82,82,82,82,82,82,82,82,82,82],"card_choices":[{"not_picked":["Gash","Conserve Battery"],"picked":"Self Repair","floor":1.0},{"not_picked":["Streamline","jedi:BurstLightning","Rebound","Barrage"],"picked":"Ball Lightning","floor":3},{"not_picked":["Streamline","White Noise","MostiFishMod:Overload","Coolheaded"],"picked":"AT_ThunderBolt","floor":5},{"not_picked":["Skim","Conserve Battery","Stack","Double Energy"],"picked":"Undo","floor":6},{"not_picked":["AT_ThreeBodyProblem","Loop","Hologram","ReplayTheSpireMod:GoodbyeWorld"],"picked":"Storm","floor":7},{"not_picked":["jedi:markofdeath","jedi:blockon","Barrage","AT_HeatAcrobatics"],"picked":"MostiFishMod:TalkingToTheRain","floor":10},{"not_picked":["jedi:blockon","jedi:hex","Heatsinks","MostiFishMod:IceShield"],"picked":"jedi:overflow","floor":12},{"not_picked":["Leap","Gash","Sweeping Beam","jedi:locknload"],"picked":"Panic Button","floor":14},{"not_picked":["Biased Cognition","Buffer","jedi:gatheringstorm","jedi:bruteforce"],"picked":"MostiFishMod:Hijack","floor":16},{"not_picked":["Double Energy","Gash+1","MostiFishMod:PushDownKick","Stack+1"],"picked":"Redo+1","floor":18},{"not_picked":["Glacier","BasicCrystalCard","Ball Lightning","MostiFishMod:FluxCapactior"],"picked":"ReplayTheSpireMod:Calculation Training","floor":19},{"not_picked":["Barrage","Turbo","MostiFishMod:PushDownKick+1","Steam"],"picked":"Hologram","floor":21},{"not_picked":["BasicCrystalCard","Fusion","Rebound","MostiFishMod:GatherIntelligence"],"picked":"MostiFishMod:StarOceanB","floor":23},{"not_picked":["Turbo","MostiFishMod:PushDownKick","ReplayTheSpireMod:GoodbyeWorld","Leap"],"picked":"Fusion+1","floor":25},{"not_picked":["ReplaySort","Go for the Eyes","Meteor Strike","Redo"],"picked":"Ball Lightning","floor":28},{"not_picked":["Crystallizer","MostiFishMod:PushDownKick","ReplayTheSpireMod:GoodbyeWorld","Coolheaded"],"picked":"MostiFishMod:IntelligentEquipment","floor":30},{"not_picked":["Go for the Eyes","Coolheaded+1","Reinforced Body","Sweeping Beam+1"],"picked":"jedi:locknload","floor":31},{"not_picked":["Core Surge","MostiFishMod:TalkingToTheRain","Reboot","AT_WaterDrop"],"picked":"MostiFishMod:Prepare","floor":33},{"not_picked":["jedi:blockon","Ball Lightning","Turbo+1","jedi:BurstFrost+1","Go for the Eyes+1"],"picked":"SKIP","floor":35},{"not_picked":["jedi:sharpshooter","Compile Driver+1","Leap","jedi:BurstFrost+1"],"picked":"Crystallizer+1","floor":36},{"not_picked":["Sunder+1","jedi:reiji","MostiFishMod:PushDownKick+1","AT_HeatAcrobatics+1","Streamline"],"picked":"SKIP","floor":39},{"not_picked":["Steam","Steam Power","BasicCrystalCard","Panic Button"],"picked":"Conserve Battery","floor":40},{"not_picked":["Stack","Panic Button+1","Go for the Eyes+1","ReplayRNGCard"],"picked":"jedi:reiji+1","floor":41},{"not_picked":["jedi:sharpshooter","ReplayTheSpireMod:Repulse+1","Recycle+1","jedi:BurstLightning"],"picked":"AT_ThreeBodyProblem","floor":42},{"not_picked":["Steam+1","Gash+1","Beam Cell+1","Rebound+1","Barrage"],"picked":"SKIP","floor":47},{"not_picked":["Blizzard+1","Undo+1","Rebound","jedi:BurstFrost+1","Cold Snap+1"],"picked":"SKIP","floor":51},{"not_picked":["MostiFishMod:FluxCapactior+1","AT_ThunderBolt+1","Ball Lightning","Go for the Eyes"],"picked":"AT_EMC2+1","floor":52},{"not_picked":["BasicCrystalCard+1","Coolheaded+1","MostiFishMod:GatherIntelligence+1","ReplayTheSpireMod:Repulse+1"],"picked":"Buffer","floor":56}],"player_experience":216373,"relics_obtained":[{"floor":1.0,"key":"SynthV:TestCard"},{"floor":6,"key":"Mummified Hand"},{"floor":8,"key":"Chameleon Ring"},{"floor":9,"key":"ReplayFunnel"},{"floor":10,"key":"Strawberry"},{"floor":12,"key":"testmod-LifeArmor"},{"floor":21,"key":"Thread and Needle"},{"floor":21,"key":"testmod-TheFather"},{"floor":23,"key":"jedi:crownofsimplicity"},{"floor":25,"key":"Blue Doll"},{"floor":26,"key":"testmod-Justice"},{"floor":28,"key":"AT_ChloranthyRing"},{"floor":30,"key":"Pen Nib"},{"floor":40,"key":"testmod-Acrobat"},{"floor":42,"key":"Toxic Egg 2"},{"floor":52,"key":"paleoftheancients:SoulOfTheSilent"},{"floor":53,"key":"Ring of Fury"},{"floor":53,"key":"Ring of Greed"},{"floor":53,"key":"Membership Card"},{"floor":53,"key":"Smiling Mask"},{"floor":58,"key":"Nunchaku"}],"event_choices":[{"damage_healed":0,"gold_gain":400,"player_choice":"Sell","damage_taken":0,"max_hp_gain":0,"max_hp_loss":0,"event_name":"¶÷ÂåË¹µÄÅÌ×Ó","floor":45,"relics_lost":["testmod-TestBox"],"gold_loss":0}],"is_beta":false,"boss_relics":[{"not_picked":["TimeKeys","Empty Cage"],"picked":"Sozu"},{"not_picked":["Snecko Eye","Velvet Choker"],"picked":"REME_DuelDisc"}],"items_purged_floors":[27,37,54,55,57],"is_endless":false,"potions_floor_spawned":[3,5,6,14,18,25,28,30,35,39,40,42,51,52],"ascension_level":5}}