{"host":"1vxemzms76200xsp","time":1614374486,"event":{"mods":["AchievementEnabler","BaseMod","Better Synergies","Highlight Path","Minty Spire (QoL Compilation)","StSLib","The Bug Knight"],"gold_per_floor":[17,34,34,47,47,91,91,91,91,110,131,150,150,48,48,48,48],"floor_reached":16,"language":"ENG","playtime":603,"items_purged":["Finisher"],"score":127,"play_id":"a9cea79d-26a1-4cd9-9449-c032498b3df1","local_time":"20210226232126","is_ascension_mode":false,"campfire_choices":[{"floor":7,"key":"REST"},{"floor":13,"key":"REST"},{"floor":15,"key":"REST"}],"circlet_count":0,"master_deck":["Strike_G","Strike_G","Strike_G","Strike_G","Strike_G","Defend_G","Defend_G","Defend_G","Defend_G","Neutralize","PiercingWail","Choke","PiercingWail","Skewer","Flechettes","PiercingWail","PiercingWail","Flying Knee"],"relics":["Ring of the Snake","Golden Idol","Eternal Feather","Sundial"],"acts_visited":["Exordium"],"potions_floor_usage":[],"damage_taken":[{"damage":9,"enemies":"Cultist","floor":1,"turns":4},{"damage":3,"enemies":"2 Louse","floor":2,"turns":2},{"damage":3,"enemies":"Small Slimes","floor":4,"turns":3},{"damage":43,"enemies":"3 Sentries","floor":6,"turns":11},{"damage":10,"enemies":"Looter","floor":10,"turns":3},{"damage":6,"enemies":"Blue Slaver","floor":11,"turns":3},{"damage":5,"enemies":"Lots of Slimes","floor":12,"turns":5},{"damage":71,"enemies":"The Guardian","floor":16,"turns":6}],"seed_played":"1525378466067701960","potions_obtained":[{"floor":1,"key":"EntropicBrew"},{"floor":2,"key":"LiquidMemories"},{"floor":6,"key":"Fire Potion"}],"is_trial":false,"path_per_floor":["M","M","$","M","?","E","R","?","T","M","M","M","R","$","R","B"],"character_chosen":"THE_SILENT","items_purchased":["Flying Knee"],"campfire_rested":3,"item_purchase_floors":[14],"current_hp_per_floor":[61,58,58,55,55,12,42,42,42,32,26,21,51,51,70,0,0],"gold":48,"neow_bonus":"TRANSFORM_TWO_CARDS","is_daily":false,"chose_seed":false,"campfire_upgraded":0,"win_rate":0.0,"timestamp":1614374486,"path_taken":["M","M","$","M","?","E","R","?","T","M","M","M","R","$","R","BOSS"],"items_purchased_type":["Card"],"build_version":"2020-12-22","purchased_purges":1,"victory":false,"max_hp_per_floor":[70,70,70,70,70,70,70,70,70,70,70,70,70,70,70,70,70],"card_choices":[{"not_picked":["Masterful Stab","Heel Hook"],"picked":"PiercingWail","floor":1},{"not_picked":["Catalyst","Deflect"],"picked":"Skewer","floor":2},{"not_picked":["Sucker Punch","Reflex"],"picked":"Flechettes","floor":4},{"not_picked":["Riddle With Holes","Acrobatics"],"picked":"Finisher","floor":6},{"not_picked":["Expertise","Underhanded Strike","Prepared"],"picked":"SKIP","floor":10},{"not_picked":["Bane","Dodge and Roll"],"picked":"PiercingWail","floor":11},{"not_picked":["Deflect","Blade Dance"],"picked":"PiercingWail","floor":12}],"player_experience":39547,"relics_obtained":[{"floor":6,"key":"Eternal Feather"},{"floor":9,"key":"Sundial"}],"event_choices":[{"damage_healed":0,"gold_gain":0,"player_choice":"Take Wound","damage_taken":0,"relics_obtained":["Golden Idol"],"max_hp_gain":0,"max_hp_loss":0,"event_name":"Golden Idol","floor":5,"gold_loss":0,"cards_obtained":["Injury"]},{"cards_removed":["Injury"],"damage_healed":0,"gold_gain":0,"player_choice":"Forget","damage_taken":0,"max_hp_gain":0,"max_hp_loss":0,"event_name":"Living Wall","floor":8,"gold_loss":0}],"is_beta":false,"boss_relics":[],"items_purged_floors":[14],"is_endless":false,"potions_floor_spawned":[1,2,6],"killed_by":"The Guardian","ascension_level":0}}