{"host":"kzw87w9fb0mudblt","time":1614318927,"event":{"mods":["BaseMod","Colored Map","Minty Spire (QoL Compilation)","Replay The Spire","StSLib","SuperFastMode"],"gold_per_floor":[113,125,145,145,354,354,354,354,354,354,372,372,405,405,405,502,602,644,644,644,644,680,680,715,715,742,742,785,348,365,403,403,498,498,540,583,583,583,606,606,531,548,575,575,575,575,575,641,641,641,641,641,541,571,571,571],"floor_reached":55,"language":"ENG","playtime":3791,"items_purged":["Strike_P"],"score":681,"play_id":"f360c3ed-3f96-4a09-a360-4404f8179437","local_time":"20210226065527","is_ascension_mode":false,"campfire_choices":[{"floor":6,"key":"REST"},{"data":"Eruption","floor":8,"key":"SMITH"},{"data":"Tantrum","floor":10,"key":"SMITH"},{"data":"Vault","floor":12,"key":"SMITH"},{"floor":15,"key":"REST"},{"floor":23,"key":"REST"},{"data":"ClearTheMind","floor":25,"key":"SMITH"},{"data":"LikeWater","floor":27,"key":"SMITH"},{"floor":32,"key":"REST"},{"data":"Alpha","floor":40,"key":"SMITH"},{"floor":49,"key":"RECALL"},{"data":"Wish","floor":52,"key":"SMITH"}],"circlet_count":0,"master_deck":["Strike_P+1","Strike_P","Defend_P+1","Defend_P+1","Defend_P+1","Eruption+1","Vigilance+1","Tantrum+1","ClearTheMind+1","LikeWater+1","Vault+1","EmptyMind+1","Wish+1","ForeignInfluence+1","Alpha+1","ReachHeaven+1","Wish+1","Halt+1","BattleHymn+1"],"relics":["PureWater","Tiny Chest","Question Card","Quantum Egg","Kunai","Replay:Wanted Poster","Replay:PocketPolymizer","Mercury Hourglass","Omamori","Counterbalance","Calling Bell","Bag of Preparation","GoldenEye","Replay:Bottled Eggs","MealTicket","War Paint","Snack Pack","Ring of Fury","Ring of Peace","White Beast Statue"],"acts_visited":["Exordium","TheCity","TheBeyond","TheEnding"],"potions_floor_usage":[13,16,22,30,33,35,35,35,35,50,50,54,54,54],"damage_taken":[{"damage":7,"enemies":"Cultist","floor":1,"turns":3},{"damage":0,"enemies":"Small Slimes","floor":2,"turns":2},{"damage":1,"enemies":"Jaw Worm","floor":3,"turns":4},{"damage":1,"enemies":"Large Slime","floor":11,"turns":6},{"damage":4,"enemies":"3 Sentries","floor":13,"turns":4},{"damage":10,"enemies":"The Guardian","floor":16,"turns":7},{"damage":14,"enemies":"Chosen","floor":18,"turns":4},{"damage":10,"enemies":"2 Thieves","floor":22,"turns":5},{"damage":13,"enemies":"Book of Stabbing","floor":24,"turns":5},{"damage":0,"enemies":"Centurion and Healer","floor":28,"turns":4},{"damage":12,"enemies":"Cultist and Chosen","floor":30,"turns":2},{"damage":8,"enemies":"Snake Plant","floor":31,"turns":4},{"damage":27,"enemies":"Automaton","floor":33,"turns":7},{"damage":11,"enemies":"3 Shapes","floor":35,"turns":4},{"damage":0,"enemies":"Orb Walker","floor":36,"turns":4},{"damage":0,"enemies":"4 Shapes","floor":42,"turns":5},{"damage":0,"enemies":"Transient","floor":48,"turns":6},{"damage":56,"enemies":"Time Eater","floor":50,"turns":7},{"damage":56,"enemies":"Shield and Spear","floor":54,"turns":6},{"damage":21,"enemies":"The Heart","floor":55,"turns":4}],"seed_played":"-6019305242396163144","potions_obtained":[{"floor":1,"key":"Strength Potion"},{"floor":13,"key":"AttackPotion"},{"floor":18,"key":"Fire Potion"},{"floor":22,"key":"Death Potion"},{"floor":30,"key":"SkillPotion"},{"floor":33,"key":"EntropicBrew"},{"floor":36,"key":"BottledMiracle"},{"floor":42,"key":"FearPotion"},{"floor":48,"key":"BottledMiracle"}],"is_trial":false,"path_per_floor":["M","M","M","?","?","R","T","R","T","R","M","R","E","?","R","B",null,"M","?","?","T","M","R","E","R","T","R","M","$","M","M","R","B",null,"M","M","?","?","T","R","$","M","T","?","T","?","$","M","R","B",null,"R","$","E","B"],"character_chosen":"WATCHER","items_purchased":["Omamori","Counterbalance","ColorlessPotion","SpeedPotion"],"campfire_rested":4,"item_purchase_floors":[29,29,53,53],"current_hp_per_floor":[65,65,64,50,32,53,53,53,53,53,52,52,48,48,69,59,72,58,58,58,58,48,69,56,56,56,56,56,56,44,36,57,30,72,61,61,61,61,61,61,72,72,72,72,72,72,72,72,72,16,72,72,72,18,0,0],"gold":571,"neow_bonus":"RANDOM_COMMON_RELIC","is_daily":false,"chose_seed":false,"campfire_upgraded":7,"win_rate":0.0,"timestamp":1614318927,"path_taken":["M","M","?","?","?","R","?","R","T","R","M","R","E","?","R","BOSS","M","?","?","?","M","R","E","R","T","R","M","?","M","M","R","BOSS","M","M","?","?","?","R","?","?","T","?","?","?","$","M","R","BOSS","R","$","E","BOSS"],"items_purchased_type":["Relic","Relic","Potion","Potion"],"build_version":"2020-12-22","purchased_purges":1,"victory":false,"max_hp_per_floor":[72,72,72,72,72,72,72,72,72,72,72,72,72,72,72,72,72,72,72,72,72,72,72,72,72,72,72,72,72,72,72,72,72,72,72,72,72,72,72,72,72,72,72,72,72,72,72,72,72,72,72,72,72,72,72,72],"card_choices":[{"not_picked":["Replay:Hum","EmptyFist"],"picked":"Tantrum","floor":1},{"not_picked":["Wallop","Protect","Worship"],"picked":"SKIP","floor":2},{"not_picked":["Crescendo","Replay:BluntJabs"],"picked":"ClearTheMind","floor":3},{"not_picked":["Collect","CutThroughFate"],"picked":"LikeWater","floor":5},{"not_picked":["Replay:ManipulateFuture","LikeWater","FlurryOfBlows"],"picked":"Vault","floor":11},{"not_picked":["FollowUp","Replay:ManipulateFuture","Study"],"picked":"EmptyMind","floor":13},{"not_picked":["Judgement","Replay:AllIn","ConjureBlade"],"picked":"Wish","floor":16},{"not_picked":["Crescendo","Nirvana","SandsOfTime","EmptyBody+1"],"picked":"SKIP","floor":18},{"not_picked":["JustLucky","Fasting2","Replay:BluntJabs","EmptyBody"],"picked":"SKIP","floor":22},{"not_picked":["SashWhip","EmptyFist","FlyingSleeves"],"picked":"ForeignInfluence+1","floor":24},{"not_picked":["LessonLearned","SandsOfTime","Replay:Battleflow","Consecrate+1"],"picked":"SKIP","floor":28},{"not_picked":["Crescendo","ReachHeaven+1","Study","FollowUp+1"],"picked":"SKIP","floor":30},{"not_picked":["Replay:ManipulateFuture","Consecrate+1","PathToVictory+1","CutThroughFate"],"picked":"SKIP","floor":31},{"not_picked":["SpiritShield","Omniscience","ConjureBlade"],"picked":"Alpha","floor":33},{"not_picked":["MentalFortress","WheelKick+1","Consecrate","ReachHeaven+1"],"picked":"SKIP","floor":35},{"not_picked":["MentalFortress","WheelKick+1","Consecrate"],"picked":"ReachHeaven+1","floor":35},{"not_picked":["Prostrate+1","FlurryOfBlows+1","Replay:BluntJabs+1","EmptyFist+1"],"picked":"SKIP","floor":36},{"not_picked":["ClearTheMind","Prostrate+1","Fasting2","Replay:ManipulateFuture+1"],"picked":"SKIP","floor":42},{"not_picked":["ClearTheMind+1","Protect+1","Conclude"],"picked":"Halt+1","floor":48},{"not_picked":["Replay:Anticipation+1","Weave","ThirdEye"],"picked":"BattleHymn+1","floor":54}],"player_experience":40881,"relics_obtained":[{"floor":7,"key":"Question Card"},{"floor":9,"key":"Quantum Egg"},{"floor":13,"key":"Kunai"},{"floor":21,"key":"Replay:PocketPolymizer"},{"floor":24,"key":"Mercury Hourglass"},{"floor":34,"key":"Bag of Preparation"},{"floor":34,"key":"GoldenEye"},{"floor":34,"key":"Replay:Bottled Eggs"},{"floor":39,"key":"MealTicket"},{"floor":43,"key":"War Paint"},{"floor":45,"key":"Snack Pack"},{"floor":46,"key":"Ring of Fury"},{"floor":46,"key":"Ring of Peace"},{"floor":54,"key":"White Beast Statue"}],"event_choices":[{"damage_healed":0,"gold_gain":0,"player_choice":"Entered Light","damage_taken":14,"max_hp_gain":0,"max_hp_loss":0,"event_name":"Shining Light","floor":4,"gold_loss":0,"cards_upgraded":["Vigilance","Strike_P"]},{"damage_healed":0,"gold_gain":0,"player_choice":"Ignored","damage_taken":0,"max_hp_gain":0,"max_hp_loss":0,"event_name":"Liars Game","floor":14,"gold_loss":0},{"damage_healed":0,"gold_gain":0,"player_choice":"Ignored","damage_taken":0,"max_hp_gain":0,"max_hp_loss":0,"event_name":"Ghosts","floor":19,"gold_loss":0},{"damage_healed":0,"gold_gain":0,"player_choice":"Ignored","damage_taken":0,"max_hp_gain":0,"max_hp_loss":0,"event_name":"Cursed Tome","floor":20,"gold_loss":0},{"cards_removed":["Defend_P"],"damage_healed":0,"gold_gain":0,"player_choice":"Removed Skill","damage_taken":0,"max_hp_gain":0,"max_hp_loss":0,"event_name":"Falling","floor":37,"gold_loss":0},{"damage_healed":0,"gold_gain":0,"cards_transformed":["Strike_P"],"player_choice":"Transformed","damage_taken":0,"max_hp_gain":0,"max_hp_loss":0,"event_name":"Transmorgrifier","floor":38,"gold_loss":0,"cards_obtained":["Wish"]},{"damage_healed":0,"gold_gain":0,"player_choice":"Memory 1","damage_taken":0,"max_hp_gain":0,"max_hp_loss":0,"event_name":"SensoryStone","floor":44,"gold_loss":0}],"is_beta":false,"boss_relics":[{"not_picked":["Replay:Drink Me","ChewingGum"],"picked":"Replay:Wanted Poster"},{"not_picked":["Astrolabe","Runic Pyramid"],"picked":"Calling Bell"}],"items_purged_floors":[41],"is_endless":false,"potions_floor_spawned":[1,13,18,22,30,33,36,42,48],"killed_by":"The Heart","ascension_level":0}}