{"host":"xdbac5uiks898er5","time":1614345407,"event":{"mods":["2.2 Compatiblity","BaseMod","Become a monster ???","Lobotomy","LobotomyExtend","Minty Spire (QoL Compilation)","Spire Arcade","StSLib","SuperFastMode","Unknown Chances"],"gold_per_floor":[110,127,127,143,143,169,18,18,18,37,37,57,57,91,91,91,91],"floor_reached":16,"language":"ENG","playtime":523,"items_purged":[],"score":110,"play_id":"8a82b1dc-bba2-4171-a2d5-0942a162c320","local_time":"20210226141647","is_ascension_mode":false,"campfire_choices":[{"data":"Feed","floor":13,"key":"SMITH"},{"data":"Inflame","floor":15,"key":"SMITH"}],"circlet_count":0,"master_deck":["Strike_R","Strike_R","Strike_R","Strike_R","Defend_R","Defend_R","Defend_R","Defend_R","Bash","CherryBlossoms","DreamingCurrent","Inflame+1","Heavy Blade","ShyLook","Fiend Fire","Feed+1"],"relics":["Burning Blood","CogitoBucket","LetterFromLob","White Beast Statue","Ornamental Fan","Darkstone Periapt"],"acts_visited":["Exordium"],"potions_floor_usage":[6,16,16,16],"damage_taken":[{"damage":2,"enemies":"2 Louse","floor":1,"turns":4},{"damage":0,"enemies":"Small Slimes","floor":2,"turns":3},{"damage":25,"enemies":"Cultist","floor":4,"turns":4},{"damage":65,"enemies":"3 Sentries","floor":6,"turns":8},{"damage":6,"enemies":"Exordium Wildlife","floor":10,"turns":3},{"damage":46,"enemies":"Red Slaver","floor":12,"turns":9},{"damage":57,"enemies":"Lagavulin","floor":14,"turns":7},{"damage":109,"enemies":"Hexaghost","floor":16,"turns":12}],"seed_played":"3679789313108035947","potions_obtained":[{"floor":1,"key":"Explosive Potion"},{"floor":8,"key":"Block Potion"},{"floor":8,"key":"SpeedPotion"},{"floor":8,"key":"FearPotion"},{"floor":14,"key":"PowerPotion"}],"is_trial":false,"path_per_floor":["M","M","?","M","?","E","$","?","T","M","?","M","R","E","R","B"],"character_chosen":"IRONCLAD","items_purchased":["Feed"],"campfire_rested":0,"item_purchase_floors":[7],"current_hp_per_floor":[80,80,73,66,66,37,37,37,37,52,52,51,51,34,34,0,0],"gold":91,"neow_bonus":"","is_daily":false,"chose_seed":false,"campfire_upgraded":2,"win_rate":0.0,"timestamp":1614345407,"path_taken":["M","M","?","M","?","E","$","?","T","?","?","?","R","E","R","BOSS"],"items_purchased_type":["Card"],"build_version":"2020-12-22","purchased_purges":0,"victory":false,"max_hp_per_floor":[80,80,80,80,80,80,80,80,80,83,83,86,86,90,90,90,90],"card_choices":[{"not_picked":["Murderer","CrumblingArmor"],"picked":"CherryBlossoms","floor":1},{"not_picked":["Clash","Anger","Cleave"],"picked":"SKIP","floor":1},{"not_picked":["FairyFestival","Mercenary"],"picked":"DreamingCurrent","floor":2},{"not_picked":["Body Slam","Power Through"],"picked":"Inflame","floor":2},{"not_picked":["Twin Strike","Cleave"],"picked":"Heavy Blade","floor":4},{"not_picked":["OldLady","LongBird"],"picked":"ShyLook","floor":6},{"not_picked":["Entrench","Body Slam"],"picked":"Fiend Fire","floor":6},{"not_picked":["Shrug It Off","Uppercut","Blood for Blood"],"picked":"SKIP","floor":10},{"not_picked":["Flex","Thunderclap","Armaments"],"picked":"SKIP","floor":12},{"not_picked":["Dark Embrace","Flex","Heavy Blade"],"picked":"SKIP","floor":14}],"player_experience":977,"relics_obtained":[{"floor":1,"key":"LetterFromLob"},{"floor":6,"key":"White Beast Statue"},{"floor":9,"key":"Ornamental Fan"},{"floor":14,"key":"Darkstone Periapt"}],"event_choices":[{"cards_removed":["Strike_R"],"damage_healed":0,"gold_gain":0,"player_choice":"Card Removal","damage_taken":7,"max_hp_gain":0,"max_hp_loss":0,"event_name":"Golden Wing","floor":3,"gold_loss":0},{"damage_healed":0,"gold_gain":0,"player_choice":"Leave","damage_taken":0,"max_hp_gain":0,"max_hp_loss":0,"event_name":"The Cleric","floor":5,"gold_loss":0},{"damage_healed":0,"gold_gain":0,"player_choice":"Got Potions","damage_taken":0,"max_hp_gain":0,"max_hp_loss":0,"event_name":"Lab","floor":8,"gold_loss":0},{"damage_healed":0,"gold_gain":0,"player_choice":"Ignored","damage_taken":0,"max_hp_gain":0,"max_hp_loss":0,"event_name":"NoteForYourself","floor":11,"gold_loss":0}],"is_beta":false,"boss_relics":[],"items_purged_floors":[],"is_endless":false,"potions_floor_spawned":[1,10,12,14],"killed_by":"Hexaghost","ascension_level":0}}