{"host":"Sean","time":1614355076,"event":{"mods":["BaseMod","Block Reminder","Colored Map","Colored Powertips","Highlight Path","Minty Spire (QoL Compilation)","Permanent Neow","Relic Stats"],"gold_per_floor":[111,127,127,127,147,147,175,175,175,201,211,211,230,244,244,244,244],"floor_reached":16,"language":"ENG","playtime":635,"items_purged":[],"score":185,"play_id":"5756c9c1-5358-457f-a005-3bf56904e89f","local_time":"20210226155756","is_ascension_mode":true,"campfire_choices":[{"data":"Sucker Punch","floor":6.0,"key":"SMITH"},{"floor":8.0,"key":"REST"},{"floor":15.0,"key":"REST"}],"circlet_count":0,"master_deck":["AscendersBane","Strike_G","Strike_G","Strike_G","Strike_G","Defend_G","Defend_G","Defend_G","Survivor","Neutralize","Sucker Punch+1","PiercingWail","Dodge and Roll","PiercingWail","Corpse Explosion","Dagger Throw","Blade Dance","Quick Slash"],"relics":["Ring of the Snake","Paper Crane","Toy Ornithopter","Matryoshka"],"acts_visited":["Exordium"],"potions_floor_usage":[],"damage_taken":[{"damage":1.0,"enemies":"Cultist","floor":1.0,"turns":5.0},{"damage":12.0,"enemies":"Small Slimes","floor":2.0,"turns":4.0},{"damage":3.0,"enemies":"2 Louse","floor":5.0,"turns":3.0},{"damage":16.0,"enemies":"Gremlin Nob","floor":7.0,"turns":4.0},{"damage":24.0,"enemies":"3 Sentries","floor":10.0,"turns":15.0},{"damage":0.0,"enemies":"Blue Slaver","floor":11.0,"turns":5.0},{"damage":0.0,"enemies":"Exordium Wildlife","floor":13.0,"turns":6.0},{"damage":0.0,"enemies":"Looter","floor":14.0,"turns":4.0},{"damage":27,"enemies":"The Guardian","floor":16,"turns":2}],"seed_played":"-2986846714435430703","potions_obtained":[{"floor":1.0,"key":"LiquidBronze"},{"floor":2.0,"key":"Fire Potion"},{"floor":7.0,"key":"Fire Potion"}],"is_trial":false,"path_per_floor":["M","M","?","?","M","R","E","R","T","E","M","?","M","M","R","B"],"character_chosen":"THE_SILENT","items_purchased":[],"campfire_rested":2,"item_purchase_floors":[],"current_hp_per_floor":[44,32,25,25,22,22,6,27,27,8,8,1,1,1,22,0,0],"gold":244,"neow_bonus":"REMOVE_TWO","is_daily":false,"chose_seed":false,"campfire_upgraded":1,"win_rate":0.0,"timestamp":1614355076,"path_taken":["M","M","?","?","M","R","E","R","T","E","M","?","M","M","R","BOSS"],"items_purchased_type":[],"build_version":"2020-12-18","purchased_purges":0,"victory":false,"max_hp_per_floor":[70,70,70,70,70,70,70,70,70,70,70,70,70,70,70,70,70],"relic_stats":{"counters":[9,48],"obtain_stats":[{"Matryoshka":10,"Paper Crane":7,"Toy Ornithopter":9,"Ring of the Snake":0},{"Matryoshka":5,"Paper Crane":4,"Toy Ornithopter":4,"Ring of the Snake":0},{"Matryoshka":31,"Paper Crane":16,"Toy Ornithopter":16,"Ring of the Snake":0}],"Toy Ornithopter":5,"Ring of the Snake":[18]},"card_choices":[{"not_picked":["Heel Hook","Catalyst"],"picked":"Sucker Punch","floor":1.0},{"not_picked":["Infinite Blades","Well Laid Plans"],"picked":"PiercingWail","floor":2.0},{"not_picked":["Outmaneuver","Concentrate"],"picked":"Dodge and Roll","floor":5.0},{"not_picked":["Backflip","Flying Knee"],"picked":"PiercingWail","floor":7.0},{"not_picked":["Flying Knee","Catalyst"],"picked":"Corpse Explosion","floor":10.0},{"not_picked":["Endless Agony","Expertise"],"picked":"Dagger Throw","floor":11.0},{"not_picked":["Reflex","Calculated Gamble"],"picked":"Blade Dance","floor":13.0},{"not_picked":["Accuracy","Cloak And Dagger"],"picked":"Quick Slash","floor":14.0}],"player_experience":614444,"relics_obtained":[{"floor":7.0,"key":"Paper Crane"},{"floor":9.0,"key":"Toy Ornithopter"},{"floor":10.0,"key":"Matryoshka"}],"event_choices":[{"cards_removed":["Defend_G"],"damage_healed":0.0,"max_hp_gain":0.0,"max_hp_loss":0.0,"gold_gain":0.0,"event_name":"Golden Wing","player_choice":"Card Removal","floor":3.0,"gold_loss":0.0,"damage_taken":7.0},{"damage_healed":0.0,"max_hp_gain":0.0,"max_hp_loss":0.0,"gold_gain":0.0,"event_name":"Liars Game","player_choice":"Ignored","floor":4.0,"gold_loss":0.0,"damage_taken":0.0},{"damage_healed":0.0,"max_hp_gain":0.0,"max_hp_loss":0.0,"gold_gain":0.0,"event_name":"Wheel of Change","player_choice":"Damaged","floor":12.0,"gold_loss":0.0,"damage_taken":7.0}],"is_beta":true,"boss_relics":[],"items_purged_floors":[],"is_endless":false,"potions_floor_spawned":[1,2,5,7],"killed_by":"The Guardian","ascension_level":13}}