{"host":"KYO","time":1614338065,"event":{"mods":["Act Like it!","Arknights","BaseMod","Minty Spire (QoL Compilation)","Permanent Neow","Reliquary","Shop Mod","StSLib","SuperFastMode","TestMod","[IsaacMod]以撒尖塔"],"gold_per_floor":[119,119,131,144,144,144,174,194,194,211,236,63,80,115,115,188,188,205,217,217,217,237,237,70,70,97,97,129,129,129,129],"floor_reached":30,"language":"ZHS","playtime":1388,"items_purged":[],"score":686,"play_id":"77b9c3a6-1924-4c0b-bee7-fa2d3c2f49d8","local_time":"20210226191425","is_ascension_mode":true,"campfire_choices":[{"data":"Zap","floor":6.0,"key":"SMITH"},{"floor":15.0,"key":"REST"},{"data":"Multi-Cast","floor":23.0,"key":"SMITH"},{"data":"Coolheaded","floor":25,"key":"SMITH"},{"data":"Coolheaded","floor":27,"key":"SMITH"},{"floor":29,"key":"REST"}],"circlet_count":0,"master_deck":["AscendersBane","Strike_B","Strike_B","Defend_B","Defend_B","Defend_B","Defend_B","Zap+1","Dualcast","Ball Lightning","Cold Snap","Seek","Coolheaded+1","Blizzard","Multi-Cast+1","Coolheaded+1","Self Repair"],"relics":["HushsDoor","testmod-TestBox","DoctorsRemote","testmod-CrystalShield","reliquary:Spinner","DataDisk","NineVolt","Smiling Mask","reliquary:Craggleroot","Regal Pillow","testmod-Justice","Membership Card","Bag of Preparation","TheBean"],"acts_visited":["Exordium","TheCity"],"potions_floor_usage":[],"damage_taken":[{"damage":0.0,"enemies":"Jaw Worm","floor":1.0,"turns":1.0},{"damage":9.0,"enemies":"ats:Genji","floor":3.0,"turns":4.0},{"damage":0.0,"enemies":"2 Louse","floor":4.0,"turns":1.0},{"damage":32.0,"enemies":"Lagavulin","floor":7.0,"turns":8.0},{"damage":0.0,"enemies":"Gremlin Gang","floor":8.0,"turns":1.0},{"damage":10.0,"enemies":"Lots of Slimes","floor":10.0,"turns":4.0},{"damage":2.0,"enemies":"3 Sentries","floor":11.0,"turns":5.0},{"damage":0.0,"enemies":"Exordium Thugs","floor":13.0,"turns":4.0},{"damage":0.0,"enemies":"Lagavulin","floor":14.0,"turns":6.0},{"damage":0.0,"enemies":"The Guardian","floor":16.0,"turns":11.0},{"damage":0.0,"enemies":"Spheric Guardian","floor":18.0,"turns":1.0},{"damage":21.0,"enemies":"3 Byrds","floor":19.0,"turns":4.0},{"damage":14.0,"enemies":"Shelled Parasite and Fungi","floor":22.0,"turns":9.0},{"damage":20,"enemies":"Gremlin Leader","floor":28,"turns":7},{"damage":0,"enemies":"Slavers","floor":30,"turns":1}],"seed_played":"-489728608282070618","potions_obtained":[{"floor":1.0,"key":"BlessingOfTheForge"},{"floor":4.0,"key":"LiquidBronze"},{"floor":10.0,"key":"Explosive Potion"},{"floor":14.0,"key":"Dexterity Potion"},{"floor":19.0,"key":"BlessingOfTheForge"},{"floor":22.0,"key":"CultistPotion"}],"is_trial":false,"path_per_floor":["M","?","M","M","?","R","E","M","T","M","E","$","M","E","R","B",null,"M","M","?","?","M","R","$","R","T","R","E","R","E"],"character_chosen":"DEFECT","items_purchased":["NineVolt","Membership Card"],"campfire_rested":2,"item_purchase_floors":[12,24],"current_hp_per_floor":[64,57,48,48,48,48,16,16,16,6,4,4,4,4,25,25,60,60,39,39,39,25,25,25,25,25,25,5,41,41,41],"gold":129,"neow_bonus":"BOSS_RELIC","is_daily":false,"chose_seed":false,"campfire_upgraded":4,"win_rate":0.0,"timestamp":1614338065,"path_taken":["M","?","M","M","?","R","E","?","T","?","E","?","M","E","R","BOSS","M","M","?","?","M","R","$","R","T","R","E","R","E"],"items_purchased_type":["Relic","Relic"],"build_version":"2020-12-18","purchased_purges":0,"victory":false,"max_hp_per_floor":[71,71,71,71,71,71,71,71,71,71,71,71,71,71,71,71,71,71,71,71,71,71,71,71,71,71,71,71,71,71,71],"card_choices":[{"not_picked":["Heatsinks","Conserve Battery"],"picked":"Ball Lightning","floor":1.0},{"not_picked":["Consume","Conserve Battery","Hello World"],"picked":"SKIP","floor":3.0},{"not_picked":["Distribution","Compile Driver"],"picked":"Cold Snap","floor":4.0},{"not_picked":["Steam Power","Doom and Gloom"],"picked":"Coolheaded","floor":7.0},{"not_picked":["Fan","Conserve Battery","Undo"],"picked":"SKIP","floor":8.0},{"not_picked":["Machine Learning","Compile Driver","Redo"],"picked":"SKIP","floor":10.0},{"not_picked":["Machine Learning","Compile Driver","Redo"],"picked":"SKIP","floor":10.0},{"not_picked":["Leap","Rebound","Barrage"],"picked":"SKIP","floor":11.0},{"not_picked":["Cold Snap","Conserve Battery","Distribution"],"picked":"SKIP","floor":13.0},{"not_picked":["Pulse","Turbo"],"picked":"Blizzard","floor":14.0},{"not_picked":["Meteor Strike","Thunder Strike"],"picked":"Multi-Cast","floor":16.0},{"not_picked":["Hello World","Undo","Go for the Eyes"],"picked":"SKIP","floor":18.0},{"not_picked":["Reprogram","Barrage"],"picked":"Coolheaded","floor":19.0},{"not_picked":["Stack","Compile Driver","Chill"],"picked":"SKIP","floor":22.0},{"not_picked":["Stack","Compile Driver","Chill"],"picked":"SKIP","floor":22.0},{"not_picked":["BootSequence","Leap"],"picked":"Self Repair","floor":28}],"player_experience":815324,"relics_obtained":[{"floor":7.0,"key":"reliquary:Spinner"},{"floor":11.0,"key":"DataDisk"},{"floor":14.0,"key":"Smiling Mask"},{"floor":26,"key":"Bag of Preparation"},{"floor":28,"key":"TheBean"}],"event_choices":[{"cards_removed":["Strike_B"],"damage_healed":0.0,"max_hp_gain":0.0,"max_hp_loss":0.0,"gold_gain":0.0,"event_name":"Golden Wing","player_choice":"Card Removal","floor":2.0,"gold_loss":0.0,"damage_taken":7.0},{"damage_healed":0.0,"max_hp_gain":0.0,"max_hp_loss":0.0,"gold_gain":0.0,"cards_transformed":["Strike_B"],"event_name":"Living Wall","player_choice":"Change","floor":5.0,"gold_loss":0.0,"damage_taken":0.0,"cards_obtained":["Seek"]},{"damage_healed":0.0,"max_hp_gain":0.0,"max_hp_loss":0.0,"gold_gain":0.0,"event_name":"给自己的盒子","player_choice":"Swap Relic","floor":20.0,"relics_lost":["reliquary:WritOfMandamus"],"gold_loss":0.0,"damage_taken":0.0,"relics_obtained":["Regal Pillow"]},{"damage_healed":0.0,"max_hp_gain":0.0,"max_hp_loss":0.0,"gold_gain":0.0,"event_name":"WeMeetAgain","player_choice":"Gave Potion","floor":21.0,"gold_loss":0.0,"damage_taken":0.0,"relics_obtained":["testmod-Justice"]}],"is_beta":true,"boss_relics":[{"not_picked":["Velvet Choker","Fusion Hammer"],"picked":"reliquary:Craggleroot"},{"not_picked":[]}],"items_purged_floors":[],"is_endless":false,"potions_floor_spawned":[1,4,10,14,19,22],"killed_by":"Slavers","ascension_level":20}}