{"host":"c2bue2hyafvtxka5","time":1614301232,"event":{"mods":["BaseMod","Hermit","Minty Spire (QoL Compilation)","Replay The Spire","StSLib","SuperFastMode","The Cursed","The Disciple","The Necromancer","The Servant 0.9.4"],"gold_per_floor":[112,112,37,112,12,12,39,95,95,95,124,135,170,188,188,188,188],"floor_reached":16,"language":"ENG","playtime":408,"items_purged":["Regret","Strike_W"],"score":139,"play_id":"45ea242b-2e53-4002-883f-e5b7e8680ca9","local_time":"20210225200032","is_ascension_mode":true,"campfire_choices":[{"data":"Bone_Wall","floor":6,"key":"SMITH"},{"floor":10,"key":"REST"}],"circlet_count":0,"master_deck":["Strike_W","Strike_W","Strike_W","Defend_W","Defend_W","Defend_W","Defend_W","Negative_Energy_Arrows","Bone_Wall+1","Bone_Spikes","Negative_Energy_Sphere"],"relics":["Vampire_Amulet","Bag of Preparation","PrismaticShard","Iron Hammer","Chameleon Ring","Bottled Flame","ReplayTheSpireMod:Lightbulb","Replay:Mystery Machine"],"acts_visited":["Exordium"],"potions_floor_usage":[13,16],"damage_taken":[{"damage":10,"enemies":"Jaw Worm","floor":1,"turns":5},{"damage":39,"enemies":"Gremlin Nob","floor":7,"turns":5},{"damage":15,"enemies":"3 Sentries","floor":8,"turns":9},{"damage":9,"enemies":"3 Sentries","floor":11,"turns":8},{"damage":0,"enemies":"Small Slimes","floor":12,"turns":2},{"damage":15,"enemies":"Gremlin Nob","floor":13,"turns":3},{"damage":0,"enemies":"2 Louse","floor":14,"turns":3},{"damage":26,"enemies":"Hexaghost","floor":16,"turns":9}],"seed_played":"-6183718615967777314","potions_obtained":[{"floor":8,"key":"Fire Potion"},{"floor":11,"key":"Dexterity Potion"}],"is_trial":false,"path_per_floor":["M","?","$","?","$","R","E","?","T","R","E","M","E","M","R","B"],"character_chosen":"NECROMANCER","items_purchased":[],"campfire_rested":1,"item_purchase_floors":[],"current_hp_per_floor":[67,67,67,56,56,56,19,10,10,32,29,33,20,24,24,0,0],"gold":188,"neow_bonus":"RANDOM_EVENT","is_daily":false,"chose_seed":false,"campfire_upgraded":1,"win_rate":0.0,"timestamp":1614301232,"path_taken":["M","?","$","?","$","R","E","?","T","R","E","M","E","M","R","BOSS"],"items_purchased_type":[],"build_version":"2020-12-22","purchased_purges":2,"victory":false,"max_hp_per_floor":[75,75,75,75,75,75,75,75,75,75,75,75,75,75,75,75,75],"card_choices":[{"not_picked":["Negative_Energy_Mist","Acid_Javelin"],"picked":"Bone_Spikes","floor":1},{"not_picked":["ReapSow","Blood_Whip","FastForward"],"picked":"SKIP","floor":7},{"not_picked":["Echo Form","hermit:ItchyTrigger"],"picked":"hermit:TakeCover","floor":11},{"not_picked":["Headbutt","Gash","Goo"],"picked":"SKIP","floor":12},{"not_picked":["EmptyBody","Crescendo","Replay:AtTheReady"],"picked":"SKIP","floor":13},{"not_picked":["Evolve","Genetic Algorithm","hermit:LoneWolf"],"picked":"SKIP","floor":14}],"player_experience":118697,"relics_obtained":[{"floor":7,"key":"Iron Hammer"},{"floor":8,"key":"Chameleon Ring"},{"floor":9,"key":"Bottled Flame"},{"floor":11,"key":"ReplayTheSpireMod:Lightbulb"},{"floor":13,"key":"Replay:Mystery Machine"}],"event_choices":[{"damage_healed":0,"gold_gain":0,"player_choice":"Box","damage_taken":0,"relics_obtained":["Bag of Preparation"],"max_hp_gain":0,"max_hp_loss":0,"event_name":"Big Fish","floor":0,"gold_loss":0,"cards_obtained":["Regret"]},{"damage_healed":0,"gold_gain":75,"player_choice":"Gather Gold","damage_taken":11,"max_hp_gain":0,"max_hp_loss":0,"event_name":"World of Goop","floor":4,"gold_loss":0},{"damage_healed":0,"gold_gain":0,"player_choice":"Searched \u00272\u0027 times","damage_taken":0,"max_hp_gain":0,"max_hp_loss":0,"event_name":"Dead Adventurer","floor":8,"gold_loss":0}],"is_beta":false,"boss_relics":[],"items_purged_floors":[3,5],"is_endless":false,"potions_floor_spawned":[8,11],"killed_by":"Hexaghost","ascension_level":4}}