{"host":"5jdby9iqu3ct6557","time":1614376003,"event":{"mods":["BaseMod","DeckTracker","Highlight Path","Minty Spire (QoL Compilation)","Relic Stats","StSLib","ojb\u0027s Info Mod"],"gold_per_floor":[109,119,131,56,56,56,82,82,82,110,110,127,155,173,173,248,248,258,258,14,29,29,29,54,54,54,66,66,85,120,139,139,215,215,235,235,247,264,264,264,0,0,0],"floor_reached":42,"language":"ENG","playtime":11035,"items_purged":["Strike_B"],"score":962,"play_id":"78c26ddf-1ca9-4d73-8bb2-6e7a8884fb2e","local_time":"20210226164643","is_ascension_mode":true,"campfire_choices":[{"data":"Ball Lightning","floor":6.0,"key":"SMITH"},{"floor":8.0,"key":"REST"},{"floor":11.0,"key":"REST"},{"data":"Chill","floor":15.0,"key":"SMITH"},{"floor":23.0,"key":"REST"},{"data":"Defragment","floor":32,"key":"SMITH"},{"floor":40,"key":"RECALL"}],"circlet_count":0,"master_deck":["AscendersBane","Strike_B","Defend_B","Defend_B","Defend_B","Defend_B","Zap","Dualcast","Compile Driver","Ball Lightning+1","Loop","Melter","Capacitor","Sweeping Beam","Chill+1","Biased Cognition","Glacier","Compile Driver","RitualDagger","Beam Cell+1","Go for the Eyes+1","Sweeping Beam+1","Defragment+1","BootSequence","Electrodynamics","PanicButton","Dark Shackles","Skim"],"relics":["Cracked Core","NeowsBlessing","Symbiotic Virus","Bag of Preparation","Orichalcum","HornCleat","Cursed Key","Happy Flower","Molten Egg 2","MutagenicStrength","Eternal Feather","Inserter","Red Mask"],"acts_visited":["Exordium","TheCity","TheBeyond"],"potions_floor_usage":[24,30,37],"damage_taken":[{"damage":0.0,"enemies":"Jaw Worm","floor":1.0,"turns":1.0},{"damage":0.0,"enemies":"2 Louse","floor":2.0,"turns":1.0},{"damage":0.0,"enemies":"Small Slimes","floor":3.0,"turns":1.0},{"damage":29.0,"enemies":"Gremlin Nob","floor":7.0,"turns":4.0},{"damage":25.0,"enemies":"3 Sentries","floor":10.0,"turns":6.0},{"damage":0.0,"enemies":"2 Fungi Beasts","floor":12.0,"turns":2.0},{"damage":2.0,"enemies":"Gremlin Nob","floor":13.0,"turns":3.0},{"damage":0.0,"enemies":"3 Louse","floor":14.0,"turns":3.0},{"damage":21.0,"enemies":"Slime Boss","floor":16.0,"turns":7.0},{"damage":5.0,"enemies":"2 Thieves","floor":18.0,"turns":4.0},{"damage":0.0,"enemies":"Spheric Guardian","floor":21.0,"turns":2.0},{"damage":26,"enemies":"Gremlin Leader","floor":24,"turns":4},{"damage":0,"enemies":"Centurion and Healer","floor":27,"turns":5},{"damage":10,"enemies":"Cultist and Chosen","floor":29,"turns":5},{"damage":3,"enemies":"Book of Stabbing","floor":30,"turns":4},{"damage":0,"enemies":"Snecko","floor":31,"turns":3},{"damage":3,"enemies":"Champ","floor":33,"turns":11},{"damage":0,"enemies":"Orb Walker","floor":35,"turns":2},{"damage":4,"enemies":"3 Darklings","floor":37,"turns":5},{"damage":13,"enemies":"Writhing Mass","floor":38,"turns":6},{"damage":60,"enemies":"Nemesis","floor":42,"turns":6}],"seed_played":"-1552821167613645836","potions_obtained":[{"floor":1.0,"key":"GamblersBrew"},{"floor":2.0,"key":"Weak Potion"},{"floor":10.0,"key":"FearPotion"},{"floor":12.0,"key":"GamblersBrew"},{"floor":14.0,"key":"AttackPotion"},{"floor":18.0,"key":"Explosive Potion"},{"floor":29,"key":"FearPotion"},{"floor":31,"key":"Strength Potion"},{"floor":33,"key":"SkillPotion"}],"is_trial":false,"path_per_floor":["M","M","M","?","?","R","E","R","T","E","R","M","E","M","R","B",null,"M","?","$","M","?","R","E","?","T","M","?","M","E","M","R","B",null,"M","?","M","M","?","R","?","E"],"character_chosen":"DEFECT","items_purchased":["Happy Flower"],"campfire_rested":3,"item_purchase_floors":[20],"current_hp_per_floor":[64,64,64,64,57,57,28,49,49,24,45,45,43,43,43,22,59,54,54,54,54,48,69,43,43,43,43,43,33,30,30,42,39,63,63,53,49,36,36,51,51,0,0],"gold":0,"neow_bonus":"THREE_ENEMY_KILL","is_daily":false,"chose_seed":false,"campfire_upgraded":3,"win_rate":0.0,"timestamp":1614376003,"path_taken":["M","M","M","?","?","R","E","R","T","E","R","M","E","M","R","BOSS","M","?","$","M","?","R","E","?","T","M","?","M","E","M","R","BOSS","M","?","M","M","?","R","?","E"],"items_purchased_type":["Relic"],"build_version":"2020-12-22","purchased_purges":1,"victory":false,"max_hp_per_floor":[71,71,71,71,71,71,71,71,71,71,71,71,71,71,71,71,71,71,71,71,71,71,71,71,71,71,71,71,71,71,71,71,71,71,71,71,71,71,67,67,67,67,67],"relic_stats":{"Inserter":[9],"Happy Flower":[17],"counters":[21,85],"Eternal Feather":27,"Bag of Preparation":[34],"Orichalcum":[144],"Cursed Key":0,"obtain_stats":[{"Inserter":34,"NeowsBlessing":0,"Happy Flower":20,"Eternal Feather":30,"Bag of Preparation":9,"Orichalcum":10,"Cursed Key":17,"HornCleat":13,"MutagenicStrength":25,"Molten Egg 2":24,"Red Mask":41,"Cracked Core":0,"Symbiotic Virus":7},{"Inserter":17,"NeowsBlessing":0,"Happy Flower":10,"Eternal Feather":15,"Bag of Preparation":4,"Orichalcum":5,"Cursed Key":9,"HornCleat":7,"MutagenicStrength":12,"Molten Egg 2":12,"Red Mask":20,"Cracked Core":0,"Symbiotic Virus":4},{"Inserter":66,"NeowsBlessing":0,"Happy Flower":32,"Eternal Feather":52,"Bag of Preparation":7,"Orichalcum":13,"Cursed Key":28,"HornCleat":18,"MutagenicStrength":38,"Molten Egg 2":38,"Red Mask":79,"Cracked Core":0,"Symbiotic Virus":7}]},"card_choices":[{"not_picked":["Steam","Tempest"],"picked":"Compile Driver","floor":2.0},{"not_picked":["Conserve Battery","Genetic Algorithm"],"picked":"Ball Lightning","floor":3.0},{"not_picked":["Static Discharge","Storm"],"picked":"Loop","floor":7.0},{"not_picked":["Tempest","Redo"],"picked":"Melter","floor":10.0},{"not_picked":["Beam Cell","Compile Driver"],"picked":"Capacitor","floor":12.0},{"not_picked":["Turbo","Ball Lightning"],"picked":"Sweeping Beam","floor":13.0},{"not_picked":["Ball Lightning","Sweeping Beam"],"picked":"Chill","floor":14.0},{"not_picked":["Machine Learning","Buffer"],"picked":"Biased Cognition","floor":16.0},{"not_picked":["Steam","Chaos"],"picked":"Glacier","floor":18.0},{"not_picked":["Hologram","Chill"],"picked":"Beam Cell+1","floor":24},{"not_picked":["Leap","Static Discharge"],"picked":"Go for the Eyes+1","floor":27},{"not_picked":["Cold Snap+1","Beam Cell+1"],"picked":"Sweeping Beam+1","floor":29},{"not_picked":["Static Discharge","Meteor Strike+1"],"picked":"Defragment","floor":30},{"not_picked":["Capacitor","Hologram"],"picked":"BootSequence","floor":31},{"not_picked":["Buffer","Meteor Strike+1"],"picked":"Electrodynamics","floor":33},{"not_picked":["Finesse","Jack Of All Trades"],"picked":"PanicButton","floor":36},{"not_picked":["Impatience","Jack Of All Trades"],"picked":"Dark Shackles","floor":36},{"not_picked":["Melter+1","Coolheaded"],"picked":"Skim","floor":38}],"player_experience":2831334,"relics_obtained":[{"floor":7.0,"key":"Symbiotic Virus"},{"floor":9.0,"key":"Bag of Preparation"},{"floor":10.0,"key":"Orichalcum"},{"floor":13.0,"key":"HornCleat"},{"floor":24,"key":"Molten Egg 2"},{"floor":30,"key":"Eternal Feather"}],"event_choices":[{"cards_removed":["Strike_B"],"damage_healed":0.0,"max_hp_gain":0.0,"max_hp_loss":0.0,"gold_gain":0.0,"event_name":"The Cleric","player_choice":"Card Removal","floor":4.0,"gold_loss":75.0,"damage_taken":0.0},{"cards_removed":["Strike_B"],"damage_healed":0.0,"max_hp_gain":0.0,"max_hp_loss":0.0,"gold_gain":0.0,"event_name":"Golden Wing","player_choice":"Card Removal","floor":5.0,"gold_loss":0.0,"damage_taken":7.0},{"damage_healed":0.0,"max_hp_gain":0.0,"max_hp_loss":0.0,"gold_gain":0.0,"event_name":"The Library","player_choice":"Read","floor":19.0,"gold_loss":0.0,"damage_taken":0.0,"cards_obtained":["Compile Driver"]},{"damage_healed":0.0,"max_hp_gain":0.0,"max_hp_loss":0.0,"gold_gain":0.0,"event_name":"Nest","player_choice":"Joined the Cult","floor":22.0,"gold_loss":0.0,"damage_taken":6.0,"cards_obtained":["RitualDagger"]},{"damage_healed":0,"gold_gain":0,"player_choice":"Inject Mutagens","damage_taken":0,"relics_obtained":["MutagenicStrength"],"max_hp_gain":0,"max_hp_loss":0,"event_name":"Drug Dealer","floor":25,"gold_loss":0},{"damage_healed":0,"gold_gain":0,"player_choice":"Memory 3","damage_taken":10,"max_hp_gain":0,"max_hp_loss":0,"event_name":"SensoryStone","floor":36,"gold_loss":0},{"damage_healed":0,"gold_gain":0,"player_choice":"Max HP","damage_taken":0,"max_hp_gain":0,"max_hp_loss":4,"event_name":"Winding Halls","floor":39,"gold_loss":0},{"damage_healed":0,"gold_gain":0,"player_choice":"Paid","damage_taken":0,"relics_obtained":["Red Mask"],"max_hp_gain":0,"max_hp_loss":0,"event_name":"Tomb of Lord Red Mask","floor":41,"gold_loss":264}],"is_beta":false,"boss_relics":[{"not_picked":["Snecko Eye","Philosopher\u0027s Stone"],"picked":"Cursed Key"},{"not_picked":["Calling Bell","Fusion Hammer"],"picked":"Inserter"}],"items_purged_floors":[20],"is_endless":false,"potions_floor_spawned":[1,2,10,12,14,18,29,31,33],"killed_by":"Nemesis","ascension_level":20}}