{"host":"eksvfr80mef7di1h","time":1614367183,"event":{"mods":["AchievementEnabler","BaseMod","Colored Map","Minty Spire (QoL Compilation)","StSLib","SuperFastMode"],"gold_per_floor":[114,132,143,157,157,167,167,167,167,167,183,193,207,220,220,320,370,382,65,65,75,75,90,121,121,121,121,136,169,169,169,169,268,268,284,89,106,106,118,144,0,25,51,67,87,87,107,121,121,121],"floor_reached":51,"language":"ENG","playtime":1359,"items_purged":[],"score":820,"play_id":"8990c10b-084a-467f-95b5-9d95ad33e128","local_time":"20210226201943","is_ascension_mode":false,"campfire_choices":[{"data":"A Thousand Cuts","floor":7,"key":"SMITH"},{"data":"Neutralize","floor":10,"key":"SMITH"},{"data":"Cloak And Dagger","floor":15,"key":"SMITH"},{"data":"Burst","floor":25,"key":"SMITH"},{"data":"Blade Dance","floor":27,"key":"SMITH"},{"data":"Blade Dance","floor":30,"key":"SMITH"},{"data":"Infinite Blades","floor":32,"key":"SMITH"},{"data":"A Thousand Cuts","floor":49,"key":"SMITH"}],"circlet_count":0,"master_deck":["Strike_G","Strike_G","Strike_G+1","Strike_G","Defend_G","Defend_G","Defend_G","Defend_G","Defend_G+1","Survivor","Neutralize+1","Slice","Quick Slash","Cloak And Dagger+1","A Thousand Cuts+1","Escape Plan","Cloak And Dagger+1","Backstab","Escape Plan","Blade Dance+1","Backflip","Infinite Blades+1","Backflip","Blade Dance+1","Burst+1","Escape Plan","A Thousand Cuts+1","Escape Plan","Quick Slash+1","Heel Hook+1","Dramatic Entrance+1","Deflect+1","Blade Dance+1","Dagger Spray+1"],"relics":["Coffee Dripper","Shuriken","Tiny House","Molten Egg 2","Omamori","Paper Crane","Thread and Needle","SlaversCollar","Bag of Preparation","Anchor","Red Mask","Sundial","Smiling Mask"],"acts_visited":["Exordium","TheCity","TheBeyond"],"potions_floor_usage":[16,21,24,24,24,29,33,40,45,45,50,50],"damage_taken":[{"damage":0,"enemies":"Small Slimes","floor":1,"turns":4},{"damage":0,"enemies":"2 Louse","floor":2,"turns":2},{"damage":0,"enemies":"Cultist","floor":3,"turns":3},{"damage":0,"enemies":"Red Slaver","floor":4,"turns":3},{"damage":12,"enemies":"Exordium Thugs","floor":6,"turns":5},{"damage":0,"enemies":"Large Slime","floor":11,"turns":4},{"damage":0,"enemies":"Blue Slaver","floor":12,"turns":3},{"damage":2,"enemies":"Looter","floor":13,"turns":2},{"damage":0,"enemies":"Large Slime","floor":14,"turns":2},{"damage":11,"enemies":"The Guardian","floor":16,"turns":9},{"damage":0,"enemies":"Spheric Guardian","floor":18,"turns":3},{"damage":2,"enemies":"2 Thieves","floor":21,"turns":4},{"damage":4,"enemies":"Centurion and Healer","floor":23,"turns":4},{"damage":15,"enemies":"Book of Stabbing","floor":24,"turns":2},{"damage":4,"enemies":"Snake Plant","floor":28,"turns":4},{"damage":4,"enemies":"Slavers","floor":29,"turns":4},{"damage":24,"enemies":"Collector","floor":33,"turns":6},{"damage":0,"enemies":"Orb Walker","floor":35,"turns":3},{"damage":0,"enemies":"3 Darklings","floor":37,"turns":4},{"damage":5,"enemies":"Spire Growth","floor":39,"turns":3},{"damage":25,"enemies":"Reptomancer","floor":40,"turns":5},{"damage":0,"enemies":"Giant Head","floor":42,"turns":5},{"damage":0,"enemies":"4 Shapes","floor":44,"turns":2},{"damage":13,"enemies":"Maw","floor":45,"turns":5},{"damage":0,"enemies":"3 Darklings","floor":47,"turns":3},{"damage":0,"enemies":"Transient","floor":48,"turns":5},{"damage":1,"enemies":"Donu and Deca","floor":50,"turns":5}],"seed_played":"1432412815093483510","potions_obtained":[{"floor":3,"key":"DuplicationPotion"},{"floor":6,"key":"BlessingOfTheForge"},{"floor":11,"key":"Weak Potion"},{"floor":14,"key":"SkillPotion"},{"floor":17,"key":"SpeedPotion"},{"floor":18,"key":"ColorlessPotion"},{"floor":21,"key":"FearPotion"},{"floor":24,"key":"Explosive Potion"},{"floor":29,"key":"Poison Potion"},{"floor":33,"key":"SkillPotion"},{"floor":37,"key":"Dexterity Potion"},{"floor":40,"key":"DuplicationPotion"},{"floor":44,"key":"Poison Potion"},{"floor":48,"key":"Dexterity Potion"}],"is_trial":false,"path_per_floor":["M","M","M","M","?","M","R","?","T","R","M","M","M","M","R","B",null,"M","$","?","M","$","M","E","R","T","R","M","E","R","?","R","B",null,"M","$","M","?","M","E","?","E","T","M","M","?","M","M","R","B",null],"character_chosen":"THE_SILENT","items_purchased":["Infinite Blades","Molten Egg 2","Bag of Preparation","Quick Slash+1"],"campfire_rested":0,"item_purchase_floors":[19,19,36,36],"current_hp_per_floor":[70,70,70,70,56,44,44,44,44,44,44,44,42,42,42,31,75,75,75,75,73,73,69,54,54,54,54,50,46,46,32,32,8,80,80,80,80,80,75,50,50,50,50,50,37,29,29,29,29,28],"gold":121,"neow_bonus":"BOSS_RELIC","is_daily":false,"chose_seed":false,"campfire_upgraded":8,"win_rate":0.0,"timestamp":1614367183,"path_taken":["M","M","M","M","?","M","R","?","T","R","M","M","?","M","R","BOSS","M","$","?","M","?","M","E","R","T","R","M","E","R","?","R","BOSS","M","$","M","?","M","E","?","E","T","M","M","?","?","M","R","BOSS"],"items_purchased_type":["Card","Relic","Relic","Card"],"build_version":"2020-12-22","purchased_purges":0,"victory":true,"max_hp_per_floor":[70,70,70,70,70,70,70,70,70,70,70,70,70,70,70,70,75,75,75,75,75,75,75,75,75,75,75,75,75,75,80,80,80,80,80,80,80,80,80,80,80,80,80,80,80,80,80,80,80,80],"card_choices":[{"not_picked":["Well Laid Plans","Underhanded Strike"],"picked":"Slice","floor":1},{"not_picked":["PiercingWail","Heel Hook"],"picked":"Quick Slash","floor":2},{"not_picked":["Deflect","Quick Slash"],"picked":"Cloak And Dagger","floor":3},{"not_picked":["Riddle With Holes","Well Laid Plans"],"picked":"A Thousand Cuts","floor":4},{"not_picked":["Dagger Throw","Dodge and Roll"],"picked":"Escape Plan","floor":6},{"not_picked":["Choke","Accuracy"],"picked":"Cloak And Dagger","floor":11},{"not_picked":["Flying Knee","Blur"],"picked":"Backstab","floor":12},{"not_picked":["Sucker Punch","Caltrops","Setup"],"picked":"SKIP","floor":13},{"not_picked":["PiercingWail","Dodge and Roll"],"picked":"Escape Plan","floor":14},{"not_picked":["Escape Plan","Caltrops"],"picked":"Blade Dance","floor":17},{"not_picked":["PiercingWail+1","Flying Knee"],"picked":"Backflip","floor":18},{"not_picked":["Sucker Punch+1","Outmaneuver"],"picked":"Backflip","floor":21},{"not_picked":["Concentrate+1","Riddle With Holes+1"],"picked":"Blade Dance","floor":23},{"not_picked":["Dagger Spray+1","Deflect"],"picked":"Burst","floor":24},{"not_picked":["Flying Knee+1","Predator+1","Prepared"],"picked":"SKIP","floor":28},{"not_picked":["Riddle With Holes+1","Deadly Poison"],"picked":"Escape Plan","floor":29},{"not_picked":["Malaise","Tools of the Trade"],"picked":"A Thousand Cuts","floor":33},{"not_picked":["Eviscerate+1","Expertise"],"picked":"Escape Plan","floor":35},{"not_picked":["Dash+1","Sucker Punch+1"],"picked":"Heel Hook+1","floor":37},{"not_picked":["Bandage Up","The Bomb"],"picked":"Dramatic Entrance+1","floor":38},{"not_picked":["Deadly Poison","Backflip"],"picked":"Deflect+1","floor":39},{"not_picked":["Deadly Poison+1","Concentrate","Terror"],"picked":"SKIP","floor":40},{"not_picked":["Poisoned Stab+1","Doppelganger","Backstab+1"],"picked":"SKIP","floor":42},{"not_picked":["Cloak And Dagger+1","Prepared"],"picked":"Blade Dance+1","floor":44},{"not_picked":["Prepared","Catalyst","Outmaneuver"],"picked":"SKIP","floor":45},{"not_picked":["Grand Finale+1","Dodge and Roll+1","Backflip"],"picked":"SKIP","floor":47},{"not_picked":["Setup+1","Dodge and Roll"],"picked":"Dagger Spray+1","floor":48}],"player_experience":188135,"relics_obtained":[{"floor":9,"key":"Shuriken"},{"floor":24,"key":"Omamori"},{"floor":26,"key":"Paper Crane"},{"floor":29,"key":"Thread and Needle"},{"floor":40,"key":"Anchor"},{"floor":42,"key":"Sundial"},{"floor":43,"key":"Smiling Mask"}],"event_choices":[{"damage_healed":0,"gold_gain":0,"player_choice":"Entered Light","damage_taken":14,"max_hp_gain":0,"max_hp_loss":0,"event_name":"Shining Light","floor":5,"gold_loss":0,"cards_upgraded":["Defend_G","Cloak And Dagger"]},{"damage_healed":0,"gold_gain":0,"player_choice":"Ignored","damage_taken":0,"max_hp_gain":0,"max_hp_loss":0,"event_name":"NoteForYourself","floor":8,"gold_loss":0},{"cards_removed":["Strike_G"],"damage_healed":0,"gold_gain":0,"player_choice":"Offered Basic","damage_taken":0,"max_hp_gain":0,"max_hp_loss":0,"event_name":"Bonfire Elementals","floor":20,"gold_loss":0},{"damage_healed":0,"gold_gain":0,"player_choice":"Shed Blood","damage_taken":19,"max_hp_gain":5,"max_hp_loss":0,"event_name":"Forgotten Altar","floor":31,"gold_loss":0},{"damage_healed":0,"gold_gain":0,"player_choice":"Memory 1","damage_taken":0,"max_hp_gain":0,"max_hp_loss":0,"event_name":"SensoryStone","floor":38,"gold_loss":0},{"damage_healed":0,"gold_gain":0,"player_choice":"Paid","damage_taken":0,"relics_obtained":["Red Mask"],"max_hp_gain":0,"max_hp_loss":0,"event_name":"Tomb of Lord Red Mask","floor":41,"gold_loss":144},{"damage_healed":0,"gold_gain":0,"player_choice":"Damaged","damage_taken":8,"max_hp_gain":0,"max_hp_loss":0,"event_name":"Wheel of Change","floor":46,"gold_loss":0}],"is_beta":false,"boss_relics":[{"not_picked":["Pandora\u0027s Box","Fusion Hammer"],"picked":"Tiny House"},{"not_picked":["SacredBark","Snecko Eye"],"picked":"SlaversCollar"}],"items_purged_floors":[],"is_endless":false,"potions_floor_spawned":[3,6,11,14,18,21,24,29,33,37,40,44,48],"ascension_level":0}}