{"host":"069ovbzinfpenk8v","time":1614315173,"event":{"mods":["2.2 Compatiblity","AchievementEnabler","Act Like it!","BaseMod","Colored Map","Colored Powertips","Downfall","Highlight Path","Minty Spire (QoL Compilation)","Quick Restart","Random Character Button","Rare Cards Sparkle","Relic Stats","Replay The Spire","StSLib","SuperFastMode","Transform Curses"],"gold_per_floor":[99,114,129,144,144,159,159,159,159,159],"floor_reached":8,"language":"ENG","playtime":664,"items_purged":[],"score":73,"play_id":"100b05b8-0f1d-49bd-adf7-98f7109c9bef","local_time":"20210225225253","daily_mods":["Specialized","Flight","downfall:WorldOfGoo"],"is_ascension_mode":false,"campfire_choices":[{"floor":1.0,"key":"RECALL"}],"circlet_count":0,"master_deck":["sneckomod:Strike","sneckomod:Strike","sneckomod:Strike","sneckomod:Defend","sneckomod:Defend","sneckomod:Defend","sneckomod:TailWhip","sneckomod:SnekBite","sneckomod:Unknown","sneckomod:Unknown","sneckomod:Cheat","sneckomod:Cheat","sneckomod:Cheat","sneckomod:Cheat","sneckomod:RainOfDice","sneckomod:UnknownX","sneckomod:UnknownDraw","sneckomod:IronFang+1","sneckomod:SoulRoll"],"relics":["sneckomod:SneckoSoul","sneckomod:ConfusingCodex"],"acts_visited":["Exordium"],"potions_floor_usage":[],"damage_taken":[{"damage":4.0,"enemies":"2 Louse","floor":2.0,"turns":4.0},{"damage":9.0,"enemies":"Small Slimes","floor":3.0,"turns":5.0},{"damage":8.0,"enemies":"Jaw Worm","floor":4.0,"turns":2.0},{"damage":8.0,"enemies":"Large Slime","floor":6.0,"turns":5.0},{"damage":0,"enemies":"3 Sentries","floor":8,"turns":1}],"seed_played":"3523290589944034342","potions_obtained":[{"floor":3.0,"key":"DistilledChaos"}],"is_trial":false,"path_per_floor":["R_BF","M","M","M","?","M","T","E"],"character_chosen":"THE_SNECKO","items_purchased":[],"campfire_rested":0,"item_purchase_floors":[],"current_hp_per_floor":[90,86,77,69,69,61,61,61,61,61],"gold":159,"neow_bonus":"","is_daily":true,"chose_seed":false,"campfire_upgraded":0,"win_rate":0.0,"timestamp":1614315173,"path_taken":["R_BF","M","M","M","?","M","T","E"],"items_purchased_type":[],"build_version":"2020-12-22","purchased_purges":0,"victory":false,"max_hp_per_floor":[90,90,90,90,90,90,90,90,90,90],"relic_stats":{"counters":[5,17],"obtain_stats":[{"sneckomod:ConfusingCodex":7,"sneckomod:SneckoSoul":0},{"sneckomod:ConfusingCodex":4,"sneckomod:SneckoSoul":0},{"sneckomod:ConfusingCodex":16,"sneckomod:SneckoSoul":0}]},"card_choices":[{"not_picked":["sneckomod:DiceCrush","sneckomod:UnknownBlock"],"picked":"sneckomod:RainOfDice","floor":2.0},{"not_picked":["sneckomod:UnknownBlock","sneckomod:UnknownDraw"],"picked":"sneckomod:UnknownX","floor":3.0},{"not_picked":["sneckomod:UnknownExhaust","sneckomod:QuickBite"],"picked":"sneckomod:UnknownDraw","floor":4.0},{"not_picked":["sneckomod:ImprovisedGuard","sneckomod:UnknownWeak"],"picked":"sneckomod:SoulRoll","floor":6}],"player_experience":593675,"relics_obtained":[{"floor":7,"key":"sneckomod:ConfusingCodex"}],"event_choices":[],"is_beta":false,"boss_relics":[],"items_purged_floors":[],"is_endless":false,"potions_floor_spawned":[3],"killed_by":"3 Sentries","ascension_level":0}}