{"host":"9c9syrivwe4sfpe0","time":1614336579,"event":{"mods":["AchievementEnabler","BaseMod","Colored Powertips","DeckTracker","GifTheSpireLib","Highlight Path","Minty Spire (QoL Compilation)","Quick Restart","Random Character Button","StSLib","SuperFastMode"],"gold_per_floor":[164,164,55,230,152,152,168,201,247,258,312,326,351,23,23,128,128,68,18,32,42,42,42,42,61,61,61,61,92,14,14,14,14,14],"floor_reached":33,"language":"ENG","playtime":2257,"items_purged":[],"score":363,"play_id":"01fcf62b-a980-4b26-b2e3-68cbe4761c01","local_time":"20210226214939","is_ascension_mode":true,"campfire_choices":[{"data":"Dualcast","floor":6,"key":"SMITH"},{"floor":15,"key":"REST"},{"data":"Doom and Gloom","floor":23,"key":"SMITH"},{"floor":28,"key":"REST"},{"floor":32,"key":"REST"}],"circlet_count":0,"master_deck":["Strike_B+1","Strike_B","Strike_B","Strike_B","Defend_B","Defend_B","Defend_B","Defend_B","Zap+1","Dualcast+1","Genetic Algorithm","Glacier","Doom and Gloom+1","Defragment","Doubt","Stack","Coolheaded","Loop","Storm","Amplify","Hello World","Conserve Battery","Blizzard","Force Field","Go for the Eyes","Barrage+1","Amplify"],"relics":["Tiny House","Letter Opener","Tiny Chest","Bag of Preparation","Cables","Bottled Flame","Inserter","MealTicket","Mercury Hourglass","Art of War","Smiling Mask"],"acts_visited":["Exordium","TheCity"],"potions_floor_usage":[7,13,16,25,29,33],"damage_taken":[{"damage":4,"enemies":"2 Louse","floor":1,"turns":3},{"damage":0,"enemies":"Small Slimes","floor":7,"turns":2},{"damage":22,"enemies":"Lagavulin","floor":8,"turns":8},{"damage":0,"enemies":"Cultist","floor":10,"turns":3},{"damage":19,"enemies":"Exordium Thugs","floor":12,"turns":5},{"damage":17,"enemies":"3 Sentries","floor":13,"turns":7},{"damage":32,"enemies":"The Guardian","floor":16,"turns":12},{"damage":28,"enemies":"2 Thieves","floor":18,"turns":4},{"damage":13,"enemies":"3 Byrds","floor":20,"turns":6},{"damage":28,"enemies":"Snecko","floor":21,"turns":11},{"damage":30,"enemies":"Cultist and Chosen","floor":25,"turns":5},{"damage":19,"enemies":"Book of Stabbing","floor":29,"turns":6},{"damage":78,"enemies":"Collector","floor":33,"turns":7}],"seed_played":"-6516220230045732968","potions_obtained":[{"floor":0,"key":"FairyPotion"},{"floor":1,"key":"Explosive Potion"},{"floor":8,"key":"GamblersBrew"},{"floor":10,"key":"GamblersBrew"},{"floor":20,"key":"CultistPotion"},{"floor":21,"key":"GamblersBrew"},{"floor":25,"key":"SkillPotion"}],"is_trial":false,"path_per_floor":["M","?","$","?","?","R","M","E","T","M","T","M","E","$","R","B",null,"M","$","M","M","T","R","$","M","T","?","R","E","$","T","R","B"],"character_chosen":"DEFECT","items_purchased":["Doom and Gloom","Defragment","Storm","Bottled Flame","Conserve Battery","Amplify"],"campfire_rested":3,"item_purchase_floors":[3,3,14,14,19,30],"current_hp_per_floor":[69,69,69,69,69,69,69,47,47,47,47,28,11,11,35,3,61,33,33,20,22,22,22,37,7,7,33,57,38,53,53,77,0,0],"gold":14,"neow_bonus":"BOSS_RELIC","is_daily":false,"chose_seed":false,"campfire_upgraded":2,"win_rate":0.0,"timestamp":1614336579,"path_taken":["M","?","$","?","?","R","?","E","T","M","?","M","E","$","R","BOSS","M","?","M","?","?","R","?","M","T","?","R","E","?","?","R","BOSS"],"items_purchased_type":["Card","Card","Card","Relic","Card","Card"],"build_version":"2020-12-22","purchased_purges":0,"victory":false,"max_hp_per_floor":[80,80,80,80,80,80,80,80,80,80,80,80,80,80,80,80,80,80,80,80,80,80,80,80,80,80,80,80,80,80,80,80,80,80],"card_choices":[{"not_picked":["FTL","Fusion"],"picked":"Genetic Algorithm","floor":0},{"not_picked":["Conserve Battery","Rebound"],"picked":"Glacier","floor":1},{"not_picked":["Go for the Eyes","Coolheaded"],"picked":"Stack","floor":7},{"not_picked":["Consume","Turbo","Genetic Algorithm"],"picked":"SKIP","floor":8},{"not_picked":["Heatsinks","Reprogram"],"picked":"Coolheaded","floor":10},{"not_picked":["Coolheaded","Turbo","Reprogram"],"picked":"SKIP","floor":12},{"not_picked":["Coolheaded","Gash"],"picked":"Loop","floor":13},{"not_picked":["Meteor Strike","Core Surge"],"picked":"Amplify","floor":16},{"not_picked":["Beam Cell","Reinforced Body"],"picked":"Hello World","floor":18},{"not_picked":["Gash","Compile Driver"],"picked":"Blizzard","floor":20},{"not_picked":["Coolheaded","Glacier"],"picked":"Force Field","floor":21},{"not_picked":["Rebound","Coolheaded"],"picked":"Go for the Eyes","floor":25},{"not_picked":["Genetic Algorithm","Lockon"],"picked":"Barrage+1","floor":29}],"player_experience":863885,"relics_obtained":[{"floor":8,"key":"Tiny Chest"},{"floor":11,"key":"Bag of Preparation"},{"floor":13,"key":"Cables"},{"floor":22,"key":"MealTicket"},{"floor":26,"key":"Mercury Hourglass"},{"floor":29,"key":"Art of War"},{"floor":31,"key":"Smiling Mask"}],"event_choices":[{"damage_healed":0,"gold_gain":0,"player_choice":"Grow","damage_taken":0,"max_hp_gain":0,"max_hp_loss":0,"event_name":"Living Wall","floor":2,"gold_loss":0,"cards_upgraded":["Zap"]},{"damage_healed":0,"gold_gain":175,"player_choice":"AGREE","damage_taken":0,"max_hp_gain":0,"max_hp_loss":0,"event_name":"Liars Game","floor":4,"gold_loss":0,"cards_obtained":["Doubt"]},{"damage_healed":0,"gold_gain":0,"player_choice":"Paid Gold","damage_taken":0,"relics_obtained":["Letter Opener"],"max_hp_gain":0,"max_hp_loss":0,"event_name":"WeMeetAgain","floor":5,"gold_loss":78},{"damage_healed":26,"gold_gain":0,"player_choice":"Heal","damage_taken":0,"max_hp_gain":0,"max_hp_loss":0,"event_name":"The Library","floor":27,"gold_loss":0}],"is_beta":false,"boss_relics":[{"not_picked":["Velvet Choker","Nuclear Battery"],"picked":"Inserter"}],"items_purged_floors":[],"is_endless":false,"potions_floor_spawned":[1,8,10,20,21,25],"killed_by":"Collector","ascension_level":7}}