{"host":"ve9aztkoyqeblvav","time":1614334909,"event":{"mods":["Act Like it!","Aspiration","BaseMod","Colored Map","Colored Powertips","Highlight Path","Marked Mod","Minty Spire (QoL Compilation)","Pale of the Ancients","Quick Restart","Reorder Act Four","StSLib","The Hierophant","Waifu the Spire","[IsaacMod]ÒÔÈö¼âËþ"],"gold_per_floor":[111,36,53,53,64,64,81,81,81],"floor_reached":8,"language":"ZHS","playtime":190,"items_purged":["Strike_G"],"score":96,"play_id":"7e95d328-4b5c-4d93-83e1-d76af809d760","local_time":"20210226182149","is_ascension_mode":true,"campfire_choices":[{"data":"Neutralize","floor":6,"key":"SMITH"}],"circlet_count":0,"master_deck":["AscendersBane","Strike_G","Strike_G","Strike_G","Strike_G","Defend_G","Defend_G","Defend_G","Defend_G","Defend_G","Survivor","Neutralize+1","Bomb","Terror"],"relics":["Ring of the Snake","HushsDoor","GuppysTail","NeowsBlessing"],"acts_visited":["Exordium"],"potions_floor_usage":[7],"damage_taken":[{"damage":0,"enemies":"Jaw Worm","floor":1,"turns":1},{"damage":0,"enemies":"Small Slimes","floor":3,"turns":1},{"damage":0,"enemies":"2 Louse","floor":5,"turns":1},{"damage":21,"enemies":"Large Slime","floor":7,"turns":8},{"damage":0,"enemies":"Lagavulin","floor":8,"turns":1}],"seed_played":"3363253754224714634","potions_obtained":[{"floor":3,"key":"Explosive Potion"}],"is_trial":false,"path_per_floor":["M","$","M","?","M","R","M","E"],"character_chosen":"THE_SILENT","items_purchased":[],"campfire_rested":0,"item_purchase_floors":[],"current_hp_per_floor":[59,59,59,64,64,64,43,43,43],"gold":81,"neow_bonus":"THREE_ENEMY_KILL","is_daily":false,"chose_seed":false,"campfire_upgraded":1,"win_rate":0.0,"timestamp":1614334909,"path_taken":["M","$","M","?","M","R","M","E"],"items_purchased_type":[],"build_version":"2020-12-22","purchased_purges":1,"victory":false,"max_hp_per_floor":[66,66,66,71,71,71,71,71,71],"card_choices":[{"not_picked":[],"picked":"Bomb","floor":0},{"not_picked":["Outmaneuver","Leg Sweep","Bane"],"picked":"SKIP","floor":1},{"not_picked":["Catalyst","Outmaneuver","Deflect"],"picked":"SKIP","floor":3},{"not_picked":["Deflect","Deadly Poison","Prepared"],"picked":"SKIP","floor":5},{"not_picked":["Backflip","Dodge and Roll"],"picked":"Terror","floor":7}],"player_experience":1717029,"relics_obtained":[],"event_choices":[{"damage_healed":0,"gold_gain":0,"player_choice":"Donut","damage_taken":0,"max_hp_gain":5,"max_hp_loss":0,"event_name":"Big Fish","floor":4,"gold_loss":0}],"is_beta":false,"boss_relics":[],"items_purged_floors":[2],"is_endless":false,"potions_floor_spawned":[3],"killed_by":"Lagavulin","ascension_level":20}}