{"host":"e0rtortnmozl44qq","time":1614367242,"event":{"mods":["AchievementEnabler","Act Like it!","BaseMod","Better Third Choice","Colored Map","Downfall","Gensokyo","Hermit","Highlight Path","Marisa????????","Minty Spire (QoL Compilation)","Permanent Neow","Quick Restart","Remilia??????","Shop Mod","StSLib","SuperFastMode","The Cursed","The Jungle","The Senshi","The Servant 0.9.4"],"gold_per_floor":[110,110,77,77,91,91,105,105,128,146,146,164,164,174,174,269,269,286,286,0,0,13,38,61,6,43,55,87,99,111,111],"floor_reached":30,"language":"ENG","playtime":1320,"items_purged":[],"score":339,"play_id":"152a1ab5-ae61-44b7-a80b-ed034008b344","local_time":"20210226202042","is_ascension_mode":true,"campfire_choices":[{"data":"Entrench","floor":6.0,"key":"SMITH"},{"data":"Body Slam","floor":8.0,"key":"SMITH"},{"floor":13.0,"key":"REST"},{"data":"Juggernaut","floor":15.0,"key":"SMITH"},{"floor":27.0,"key":"REST"}],"circlet_count":0,"master_deck":["Strike_R+1","Strike_R+1","Strike_R+1","Strike_R","Strike_R+1","Defend_R","Defend_R","Defend_R+1","Defend_R","Bash","Juggernaut+1","Entrench+1","Ghostly Armor","Body Slam+1","Berserk","Gensokyo:TarnishedGold","Gensokyo:ScrapIron","Iron Wave+1"],"relics":["Burning Blood","Gensokyo:CelestialsFlawlessClothing","Pantograph","Whetstone","Gensokyo:DirgeOfMelancholy","Gensokyo:ConquerorOfFear","MawBank","Omamori"],"acts_visited":["Gensokyo:Gensokyo","Gensokyo:Gensokyoer"],"potions_floor_usage":[],"damage_taken":[{"damage":6.0,"enemies":"Gensokyo:Gryphon","floor":1.0,"turns":4.0},{"damage":2.0,"enemies":"Gensokyo:Python","floor":5.0,"turns":4.0},{"damage":7.0,"enemies":"Gensokyo:3_Fairies","floor":7.0,"turns":6.0},{"damage":9.0,"enemies":"Gensokyo:Gryphon_and_Rabbit","floor":10.0,"turns":7.0},{"damage":21.0,"enemies":"Gensokyo:3_Kodama","floor":12.0,"turns":6.0},{"damage":12.0,"enemies":"Gensokyo:CorruptedTreant","floor":14.0,"turns":5.0},{"damage":66.0,"enemies":"Gensokyo:Yukari","floor":16.0,"turns":14.0},{"damage":21.0,"enemies":"Gensokyo:2_Gloops","floor":18.0,"turns":5.0},{"damage":7.0,"enemies":"Gensokyo:Chomper","floor":22.0,"turns":4.0},{"damage":25.0,"enemies":"Gensokyo:Tenshi","floor":23.0,"turns":5.0},{"damage":103.0,"enemies":"Gensokyo:Swordslinger","floor":24.0,"turns":13.0},{"damage":39.0,"enemies":"Gensokyo:Wraith","floor":28.0,"turns":7.0},{"damage":0,"enemies":"Gensokyo:Reisen","floor":30,"turns":1}],"seed_played":"-467064794814687659","potions_obtained":[{"floor":5.0,"key":"SteroidPotion"},{"floor":7.0,"key":"Swift Potion"},{"floor":10.0,"key":"FairyPotion"},{"floor":16.0,"key":"DuplicationPotion"},{"floor":18.0,"key":"EssenceOfSteel"},{"floor":24.0,"key":"PowerPotion"},{"floor":28.0,"key":"BlessingOfTheForge"}],"is_trial":false,"path_per_floor":["M","?","$","T","M","R","M","R","T","M","$","M","R","M","R","B",null,"M","?","?","?","M","E","M","COS","T","R","M","$","E"],"character_chosen":"IRONCLAD","items_purchased":["Entrench"],"campfire_rested":2,"item_purchase_floors":[3],"current_hp_per_floor":[51,31,31,31,35,35,34,34,34,31,31,16,40,34,34,30,68,53,53,53,53,52,33,39,39,39,63,30,30,30,30],"gold":111,"neow_bonus":"THREE_RARE_CARDS","is_daily":false,"chose_seed":false,"campfire_upgraded":3,"win_rate":0.0,"timestamp":1614367242,"path_taken":["M","?","?","?","M","R","M","R","T","M","$","M","R","?","R","BOSS","M","?","?","?","?","E","M","COS","T","R","M","$","E"],"items_purchased_type":["Card"],"build_version":"2020-12-22","purchased_purges":0,"victory":false,"max_hp_per_floor":[80,80,80,80,80,80,80,80,80,80,80,80,80,80,80,80,80,80,80,80,80,80,80,80,80,80,80,80,80,80,80],"card_choices":[{"not_picked":["Limit Break","Demon Form"],"picked":"Juggernaut","floor":0.0},{"not_picked":["Warcry","Cleave","True Grit"],"picked":"SKIP","floor":1.0},{"not_picked":["Perfected Strike","Warcry"],"picked":"Ghostly Armor","floor":5.0},{"not_picked":["Thunderclap","Headbutt"],"picked":"Body Slam","floor":7.0},{"not_picked":["True Grit","Blood for Blood","Sever Soul"],"picked":"SKIP","floor":10.0},{"not_picked":["Power Through","Spot Weakness","Hemokinesis"],"picked":"SKIP","floor":12.0},{"not_picked":["Warcry","Cleave","Perfected Strike"],"picked":"SKIP","floor":14.0},{"not_picked":["Feed","Brutality"],"picked":"Berserk","floor":16.0},{"not_picked":["Clash","Cleave+1","Armaments+1"],"picked":"SKIP","floor":18.0},{"not_picked":["Armaments","Cleave","Dual Wield+1"],"picked":"SKIP","floor":22.0},{"not_picked":["Burning Pact","Limit Break","Twin Strike"],"picked":"SKIP","floor":23.0},{"not_picked":["Pummel","Flex","Pommel Strike"],"picked":"SKIP","floor":24.0},{"not_picked":["Pummel","Reckless Charge"],"picked":"Iron Wave+1","floor":28.0}],"player_experience":33420,"relics_obtained":[{"floor":4.0,"key":"Pantograph"},{"floor":9.0,"key":"Whetstone"},{"floor":22.0,"key":"Gensokyo:ConquerorOfFear"},{"floor":23.0,"key":"MawBank"},{"floor":26.0,"key":"Omamori"}],"event_choices":[],"is_beta":false,"boss_relics":[{"not_picked":["Runic Dome","Fusion Hammer","Snecko Eye"]}],"items_purged_floors":[],"is_endless":false,"potions_floor_spawned":[5,7,10,16,18,24,28],"killed_by":"Gensokyo:Reisen","ascension_level":9}}