{"host":"d0btaf6p0msba79e","time":1614360962,"event":{"mods":["BaseMod","BetterRewards","Minty Spire (QoL Compilation)"],"gold_per_floor":[112,130,142,26,46,46,77,95,95,115,2,34,34,34,34,129,129,145,145,145,163,10,10,39,59,83,83,33,33,133,165,165,270,270,283,293,310,310,330,349,349,683,729,758,469,489,489,512,512,512,512,512,189,223,223],"floor_reached":56,"language":"ENG","playtime":4177,"items_purged":["Strike_P","Defend_P","Strike_P","Strike_P+1"],"score":2390,"play_id":"653854b9-f1c7-4fb0-9278-60c980ce119a","local_time":"20210227043602","is_ascension_mode":true,"campfire_choices":[{"floor":6,"key":"REST"},{"data":"1","floor":13,"key":"LIFT"},{"floor":15,"key":"REST"},{"data":"Defend_P","floor":23,"key":"PURGE"},{"data":"Defend_P","floor":27,"key":"PURGE"},{"data":"Eruption","floor":29,"key":"SMITH"},{"data":"Defend_P","floor":32,"key":"PURGE"},{"floor":41,"key":"RECALL"},{"data":"SpiritShield+1","floor":47,"key":"PURGE"},{"data":"Strike_P+1","floor":49,"key":"PURGE"},{"data":"Evaluate+1","floor":52,"key":"PURGE"}],"circlet_count":0,"master_deck":["Eruption+1","Vigilance+1","MasterReality+1","WheelKick","ConjureBlade+1","Consecrate+1","Protect+1","CarveReality","Perseverance+1","Establishment","CutThroughFate","CarveReality","Ghostly+1","Ghostly+1","Ghostly+1","Ghostly+1","Ghostly+1","FollowUp","Scrawl+1","CutThroughFate+1","FlurryOfBlows","Vault+1","SashWhip+1","BattleHymn","DevaForm"],"relics":["PureWater","Bag of Marbles","CloakClasp","Membership Card","Peace Pipe","Toxic Egg 2","Girya","HandDrill","Ice Cream","Calipers","ClockworkSouvenir","Orichalcum","Yang","Vajra","Pear","Black Star","TeardropLocket","Pen Nib","Nunchaku","PreservedInsect","Incense Burner","Whetstone","Gambling Chip","Bottled Lightning","Matryoshka","Blue Candle","Sozu","CeramicFish","Old Coin","HornCleat","Dream Catcher","Bag of Preparation","Strange Spoon","Akabeko","Omamori","Medical Kit","Strawberry","War Paint","Lantern","Boot"],"acts_visited":["Exordium","TheCity","TheBeyond","TheEnding"],"potions_floor_usage":[16],"damage_taken":[{"damage":0,"enemies":"Cultist","floor":1,"turns":2},{"damage":2,"enemies":"Small Slimes","floor":2,"turns":4},{"damage":0,"enemies":"Jaw Worm","floor":3,"turns":2},{"damage":2,"enemies":"Large Slime","floor":5,"turns":5},{"damage":4,"enemies":"Gremlin Nob","floor":7,"turns":4},{"damage":0,"enemies":"Looter","floor":8,"turns":2},{"damage":0,"enemies":"Exordium Thugs","floor":10,"turns":4},{"damage":0,"enemies":"3 Sentries","floor":12,"turns":8},{"damage":8,"enemies":"The Guardian","floor":16,"turns":8},{"damage":4,"enemies":"Spheric Guardian","floor":18,"turns":4},{"damage":0,"enemies":"Shell Parasite","floor":21,"turns":3},{"damage":0,"enemies":"Gremlin Leader","floor":24,"turns":4},{"damage":2,"enemies":"Cultist and Chosen","floor":25,"turns":8},{"damage":0,"enemies":"Colosseum Slavers","floor":30,"turns":2},{"damage":0,"enemies":"Colosseum Nobs","floor":30,"turns":3},{"damage":0,"enemies":"Slavers","floor":31,"turns":3},{"damage":0,"enemies":"Collector","floor":33,"turns":5},{"damage":0,"enemies":"Orb Walker","floor":35,"turns":2},{"damage":0,"enemies":"3 Shapes","floor":36,"turns":3},{"damage":0,"enemies":"Maw","floor":37,"turns":6},{"damage":0,"enemies":"Transient","floor":39,"turns":5},{"damage":0,"enemies":"3 Darklings","floor":40,"turns":1},{"damage":0,"enemies":"Giant Head","floor":42,"turns":4},{"damage":0,"enemies":"Reptomancer","floor":44,"turns":4},{"damage":0,"enemies":"4 Shapes","floor":46,"turns":2},{"damage":0,"enemies":"Jaw Worm Horde","floor":48,"turns":2},{"damage":0,"enemies":"Time Eater","floor":50,"turns":6},{"damage":0,"enemies":"Shield and Spear","floor":54,"turns":3},{"damage":35,"enemies":"The Heart","floor":55,"turns":7}],"seed_played":"903816918573694076","potions_obtained":[{"floor":3,"key":"EssenceOfSteel"},{"floor":7,"key":"PowerPotion"},{"floor":8,"key":"LiquidBronze"},{"floor":10,"key":"EssenceOfSteel"},{"floor":24,"key":"BlessingOfTheForge"},{"floor":31,"key":"PowerPotion"},{"floor":33,"key":"StancePotion"}],"is_trial":false,"path_per_floor":["M","M","M","$","M","R","E","M","T","M","$","E","R","?","R","B",null,"M","?","?","M","$","R","E","M","T","R","$","R","?","E","R","B",null,"M","M","M","?","M","M","R","E","T","E","$","M","R","M","R","B",null,"R","$","E","B",null],"character_chosen":"WATCHER","items_purchased":["MasterReality","Bag of Marbles","Membership Card","Peace Pipe","Toxic Egg 2","WheelKick","HandDrill","ConjureBlade+1","Evaluate+1","Consecrate","ClockworkSouvenir","Establishment","Vajra","CarveReality","Pen Nib","Nunchaku","Strange Spoon","Akabeko","Omamori","Medical Kit","Strawberry","War Paint","BattleHymn"],"campfire_rested":2,"item_purchase_floors":[0,0,0,0,0,0,0,0,0,0,4,4,11,11,22,22,45,45,45,53,53,53,53],"current_hp_per_floor":[23,21,21,21,19,40,36,36,36,36,36,46,46,30,54,46,73,69,69,41,41,41,41,41,39,39,39,39,39,39,39,39,39,41,41,41,41,41,41,41,41,41,41,41,41,41,41,41,41,41,41,41,48,48,13],"gold":223,"neow_bonus":"","is_daily":false,"chose_seed":false,"campfire_upgraded":1,"win_rate":0.0,"timestamp":1614360962,"path_taken":["M","M","?","$","M","R","E","M","T","M","?","E","R","?","R","BOSS","M","?","?","M","$","R","E","M","T","R","$","R","?","E","R","BOSS","M","M","M","?","M","M","R","E","T","E","$","M","R","M","R","BOSS","R","$","E","BOSS"],"items_purchased_type":["Card","Relic","Relic","Relic","Relic","Card","Relic","Card","Card","Card","Relic","Card","Relic","Card","Relic","Relic","Relic","Relic","Relic","Relic","Relic","Relic","Card"],"build_version":"2020-12-22","purchased_purges":4,"victory":true,"max_hp_per_floor":[72,72,72,72,72,72,72,72,72,72,72,82,82,82,82,82,82,82,82,41,41,41,41,41,41,41,41,41,41,41,41,41,41,41,41,41,41,41,41,41,41,41,41,41,41,41,41,41,41,41,41,41,48,48,48],"card_choices":[{"not_picked":["ThirdEye+1","Consecrate"],"picked":"Protect+1","floor":1},{"not_picked":["ThirdEye+1","Conclude"],"picked":"CarveReality","floor":2},{"not_picked":["Fasting2","Meditate+1"],"picked":"Perseverance+1","floor":3},{"not_picked":["ReachHeaven","Meditate+1","EmptyBody+1"],"picked":"SKIP","floor":5},{"not_picked":["LikeWater","Prostrate+1","JustLucky"],"picked":"SKIP","floor":7},{"not_picked":["Prostrate+1","Worship+1"],"picked":"CutThroughFate","floor":8},{"not_picked":["WindmillStrike","ThirdEye+1"],"picked":"SpiritShield+1","floor":10},{"not_picked":["JustLucky","Protect+1","BowlingBash"],"picked":"SKIP","floor":12},{"not_picked":["LikeWater+1","PathToVictory+1","EmptyFist"],"picked":"SKIP","floor":18},{"not_picked":["InnerPeace+1","Crescendo+1","WheelKick+1"],"picked":"SKIP","floor":21},{"not_picked":["CarveReality","FlurryOfBlows","Wish+1"],"picked":"SKIP","floor":24},{"not_picked":["EmptyFist","Prostrate+1"],"picked":"FollowUp","floor":25},{"not_picked":["Crescendo+1","FollowUp+1","SashWhip"],"picked":"SKIP","floor":31},{"not_picked":["Devotion","ConjureBlade+1"],"picked":"Scrawl+1","floor":33},{"not_picked":["SashWhip+1","Evaluate+1"],"picked":"CutThroughFate+1","floor":35},{"not_picked":["Consecrate+1","InnerPeace+1","Weave"],"picked":"SKIP","floor":36},{"not_picked":["Pray+1","Indignation+1","FearNoEvil"],"picked":"SKIP","floor":37},{"not_picked":["PathToVictory+1","Adaptation"],"picked":"FlurryOfBlows","floor":39},{"not_picked":["JustLucky","LikeWater"],"picked":"Vault+1","floor":40},{"not_picked":["FollowUp+1","ClearTheMind+1","JustLucky+1"],"picked":"SKIP","floor":42},{"not_picked":["Blasphemy+1","SashWhip+1","WreathOfFlame+1"],"picked":"SKIP","floor":44},{"not_picked":["FlyingSleeves","JustLucky+1","FollowUp"],"picked":"SKIP","floor":46},{"not_picked":["FearNoEvil","ThirdEye+1"],"picked":"SashWhip+1","floor":48},{"not_picked":["EmptyFist","Vault+1"],"picked":"DevaForm","floor":54}],"player_experience":1101850,"relics_obtained":[{"floor":7,"key":"Orichalcum"},{"floor":9,"key":"Yang"},{"floor":12,"key":"Pear"},{"floor":24,"key":"PreservedInsect"},{"floor":24,"key":"Incense Burner"},{"floor":26,"key":"Whetstone"},{"floor":30,"key":"Gambling Chip"},{"floor":30,"key":"Bottled Lightning"},{"floor":31,"key":"Matryoshka"},{"floor":31,"key":"Blue Candle"},{"floor":42,"key":"CeramicFish"},{"floor":42,"key":"Old Coin"},{"floor":43,"key":"HornCleat"},{"floor":44,"key":"Dream Catcher"},{"floor":44,"key":"Bag of Preparation"},{"floor":54,"key":"Lantern"},{"floor":54,"key":"Boot"}],"event_choices":[{"damage_healed":0,"gold_gain":0,"player_choice":"Entered Light","damage_taken":16,"max_hp_gain":0,"max_hp_loss":0,"event_name":"Shining Light","floor":14,"gold_loss":0,"cards_upgraded":["MasterReality","Strike_P"]},{"damage_healed":0,"gold_gain":0,"player_choice":"Opened","damage_taken":0,"relics_obtained":["TeardropLocket"],"max_hp_gain":0,"max_hp_loss":0,"event_name":"The Mausoleum","floor":19,"gold_loss":0},{"damage_healed":0,"gold_gain":0,"player_choice":"Became a Ghost","damage_taken":0,"max_hp_gain":0,"max_hp_loss":41,"event_name":"Ghosts","floor":20,"gold_loss":0,"cards_obtained":["Ghostly","Ghostly","Ghostly","Ghostly","Ghostly"]},{"damage_healed":0,"gold_gain":0,"player_choice":"Fight","damage_taken":0,"max_hp_gain":0,"max_hp_loss":0,"event_name":"Colosseum","floor":30,"gold_loss":0},{"damage_healed":0,"gold_gain":0,"player_choice":"Fought Nobs","damage_taken":0,"max_hp_gain":0,"max_hp_loss":0,"event_name":"Colosseum","floor":30,"gold_loss":0},{"damage_healed":0,"gold_gain":0,"player_choice":"Got Potions","damage_taken":0,"max_hp_gain":0,"max_hp_loss":0,"event_name":"Lab","floor":38,"gold_loss":0}],"is_beta":false,"boss_relics":[{"not_picked":["Calling Bell","Runic Dome"],"picked":"Black Star"},{"not_picked":["Runic Pyramid","Philosopher\u0027s Stone"],"picked":"Sozu"}],"items_purged_floors":[0,28,45,53],"is_endless":false,"potions_floor_spawned":[3,7,8,10,24,31,33,37,40,44,48],"ascension_level":8}}