{"host":"sav7uxregyirlf69","time":1614302627,"event":{"mods":["AchievementEnabler","BaseMod","Colored Map","DeckTracker","Keyboard Shortcuts","Minty Spire (QoL Compilation)","READ ME - Guardian Mod","StSLib","SuperFastMode"],"gold_per_floor":[111,111,123,123,140,140,169,180,204,219,68,83,97,113,113,113,113],"floor_reached":16,"language":"KOR","playtime":300,"items_purged":["Normality"],"score":212,"play_id":"6556bc2a-63ec-4de2-90e3-a075779dafce","local_time":"20210226102347","is_ascension_mode":true,"campfire_choices":[{"data":"Streamline","floor":6,"key":"SMITH"},{"floor":15,"key":"REST"}],"circlet_count":0,"master_deck":["AscendersBane","Strike_B","Strike_B","Strike_B","Strike_B","Defend_B","Defend_B+1","Defend_B+1","Defend_B","Zap","Dualcast","Self Repair","Go for the Eyes","Streamline+1","Undo","Beam Cell","Compile Driver","Turbo","Genetic Algorithm","Conserve Battery","White Noise","Coolheaded","Coolheaded"],"relics":["Cursed Key","Dream Catcher","Lantern"],"acts_visited":["Exordium"],"potions_floor_usage":[7,16],"damage_taken":[{"damage":4,"enemies":"Small Slimes","floor":1,"turns":3},{"damage":0,"enemies":"Cultist","floor":3,"turns":3},{"damage":7,"enemies":"Jaw Worm","floor":5,"turns":4},{"damage":36,"enemies":"Gremlin Nob","floor":7,"turns":5},{"damage":7,"enemies":"Large Slime","floor":8,"turns":6},{"damage":9,"enemies":"3 Louse","floor":10,"turns":3},{"damage":5,"enemies":"Exordium Wildlife","floor":12,"turns":5},{"damage":0,"enemies":"Exordium Thugs","floor":13,"turns":5},{"damage":6,"enemies":"2 Fungi Beasts","floor":14,"turns":4},{"damage":5,"enemies":"The Guardian","floor":16,"turns":5}],"seed_played":"-8973451521360535358","potions_obtained":[{"floor":5,"key":"EssenceOfSteel"},{"floor":7,"key":"SteroidPotion"},{"floor":12,"key":"BlessingOfTheForge"}],"is_trial":false,"path_per_floor":["M","?","M","?","M","R","E","M","T","M","$","M","M","M","R","B"],"character_chosen":"DEFECT","items_purchased":["Genetic Algorithm"],"campfire_rested":1,"item_purchase_floors":[11],"current_hp_per_floor":[60,39,46,46,46,46,17,17,17,8,8,10,17,18,39,34,34],"gold":113,"neow_bonus":"BOSS_RELIC","is_daily":false,"chose_seed":false,"campfire_upgraded":1,"win_rate":0.0,"timestamp":1614302627,"path_taken":["M","?","M","?","M","R","E","M","T","M","$","M","M","M","R","BOSS"],"items_purchased_type":["Card"],"build_version":"2020-12-22","purchased_purges":1,"victory":false,"max_hp_per_floor":[71,71,71,71,71,71,71,71,71,71,71,71,71,71,71,71,71],"card_choices":[{"not_picked":["Cold Snap","Hologram"],"picked":"Self Repair","floor":1},{"not_picked":["Leap","Turbo"],"picked":"Go for the Eyes","floor":3},{"not_picked":["Compile Driver","Redo"],"picked":"Undo","floor":5},{"not_picked":["Melter","Rip and Tear"],"picked":"Beam Cell","floor":7},{"not_picked":["Thunder Strike","Gash"],"picked":"Compile Driver","floor":8},{"not_picked":["Barrage","Aggregate"],"picked":"Turbo","floor":10},{"not_picked":["Double Energy","Go for the Eyes"],"picked":"Conserve Battery","floor":12},{"not_picked":["Scrape","Conserve Battery"],"picked":"White Noise","floor":13},{"not_picked":["Sunder","Genetic Algorithm"],"picked":"Coolheaded","floor":14},{"not_picked":["Beam Cell","Compile Driver"],"picked":"Coolheaded","floor":15}],"player_experience":1704496,"relics_obtained":[{"floor":7,"key":"Dream Catcher"},{"floor":9,"key":"Lantern"}],"event_choices":[{"damage_healed":0,"gold_gain":0,"player_choice":"Entered Light","damage_taken":21,"max_hp_gain":0,"max_hp_loss":0,"event_name":"Shining Light","floor":2,"gold_loss":0,"cards_upgraded":["Defend_B","Defend_B"]},{"damage_healed":0,"gold_gain":0,"player_choice":"1 cards matched","damage_taken":0,"max_hp_gain":0,"max_hp_loss":0,"event_name":"Match and Keep!","floor":4,"gold_loss":0,"cards_obtained":["Streamline"]}],"is_beta":false,"boss_relics":[],"items_purged_floors":[11],"is_endless":false,"potions_floor_spawned":[5,7,12],"killed_by":"The Guardian","ascension_level":20}}