{"host":"d0btaf6p0msba79e","time":1614367424,"event":{"mods":["BaseMod","BetterRewards","Minty Spire (QoL Compilation)"],"gold_per_floor":[118,118,118,118,129,129,129,156,156,167,37,37,70,145,145,250,250,260,289,301,327,0,0,28,42,42,70,79,79,178,197,197,306,306,318,540,540,562,621,621,655,300,300,344,344,372,390,409,409,409,409,409,121,152,152],"floor_reached":56,"language":"ENG","playtime":2844,"items_purged":["Defend_P","Defend_P","Strike_P"],"score":2791,"play_id":"c4f2aa36-c103-491e-ae1c-dad8d826aa87","local_time":"20210227062344","is_ascension_mode":true,"campfire_choices":[{"floor":6,"key":"REST"},{"data":"BattleHymn","floor":12,"key":"SMITH"},{"floor":15,"key":"REST"},{"data":"Vault","floor":23,"key":"SMITH"},{"floor":29,"key":"RECALL"},{"data":"Eruption","floor":32,"key":"SMITH"},{"data":"Wireheading","floor":40,"key":"SMITH"},{"floor":45,"key":"DIG"},{"floor":49,"key":"DIG"},{"floor":52,"key":"DIG"}],"circlet_count":0,"master_deck":["AscendersBane","Strike_P","Strike_P","Strike_P","Defend_P+1","Defend_P","Eruption+1","Vigilance","Tantrum","CarveReality+1","Apotheosis+1","CutThroughFate+1","FollowUp+1","Vault+1","Wireheading+1","FearNoEvil","BattleHymn+1","SpiritShield+1","Protect+1","Secret Weapon+1","CutThroughFate+1","CutThroughFate","SashWhip","Vault+1","CutThroughFate+1","CutThroughFate+1","Master of Strategy+1","Vault+1","CarveReality","TalkToTheHand+1","FearNoEvil"],"relics":["PureWater","Anchor","HandDrill","Dead Branch","Ice Cream","Calipers","ClockworkSouvenir","FossilizedHelix","Membership Card","Mango","Bird Faced Urn","Shuriken","Juzu Bracelet","Damaru","Medical Kit","Toxic Egg 2","Sozu","Red Mask","Oddly Smooth Stone","Lantern","Gremlin Horn","Mummified Hand","CeramicFish","VioletLotus","Thread and Needle","Whetstone","Singing Bowl","Shovel","Dream Catcher","Toy Ornithopter","Bronze Scales","Boot","TeardropLocket","Pear","Frozen Eye","Ginger"],"acts_visited":["Exordium","TheCity","TheBeyond","TheEnding"],"potions_floor_usage":[19,35,50],"damage_taken":[{"damage":0,"enemies":"Small Slimes","floor":1,"turns":2},{"damage":0,"enemies":"Jaw Worm","floor":5,"turns":2},{"damage":0,"enemies":"Lagavulin","floor":8,"turns":3},{"damage":0,"enemies":"Cultist","floor":10,"turns":2},{"damage":0,"enemies":"Gremlin Nob","floor":13,"turns":3},{"damage":0,"enemies":"Slime Boss","floor":16,"turns":3},{"damage":12,"enemies":"Chosen","floor":18,"turns":2},{"damage":0,"enemies":"Masked Bandits","floor":19,"turns":4},{"damage":0,"enemies":"Spheric Guardian","floor":20,"turns":2},{"damage":0,"enemies":"Slavers","floor":24,"turns":2},{"damage":0,"enemies":"Snecko","floor":25,"turns":3},{"damage":0,"enemies":"Gremlin Leader","floor":27,"turns":3},{"damage":0,"enemies":"Shelled Parasite and Fungi","floor":31,"turns":2},{"damage":0,"enemies":"Collector","floor":33,"turns":4},{"damage":0,"enemies":"3 Darklings","floor":35,"turns":3},{"damage":0,"enemies":"3 Shapes","floor":38,"turns":1},{"damage":0,"enemies":"Mind Bloom Boss Battle","floor":39,"turns":3},{"damage":12,"enemies":"Nemesis","floor":41,"turns":4},{"damage":0,"enemies":"Giant Head","floor":44,"turns":5},{"damage":0,"enemies":"Nemesis","floor":46,"turns":5},{"damage":0,"enemies":"Maw","floor":47,"turns":4},{"damage":0,"enemies":"Writhing Mass","floor":48,"turns":3},{"damage":34,"enemies":"Donu and Deca","floor":50,"turns":7},{"damage":0,"enemies":"Shield and Spear","floor":54,"turns":4},{"damage":0,"enemies":"The Heart","floor":55,"turns":8}],"seed_played":"3310983352289368411","potions_obtained":[{"floor":10,"key":"SpeedPotion"},{"floor":13,"key":"StancePotion"},{"floor":16,"key":"Block Potion"}],"is_trial":false,"path_per_floor":["M","?","?","T","M","R","?","E","T","M","$","R","E","?","R","B",null,"M","?","M","T","$","R","E","M","T","E","?","R","?","M","R","B",null,"M","?","?","M","?","R","E","$","T","E","R","E","M","M","R","B",null,"R","$","E","B",null],"character_chosen":"WATCHER","items_purchased":["Anchor","HandDrill","Ice Cream","Calipers","ClockworkSouvenir","Tantrum","CarveReality","Membership Card","Apotheosis","CutThroughFate","Medical Kit","FearNoEvil","BattleHymn","Lantern","Gremlin Horn","Secret Weapon+1","Master of Strategy+1","Singing Bowl","Vault+1","CarveReality","FearNoEvil","Pear","Frozen Eye"],"campfire_rested":2,"item_purchase_floors":[0,0,0,0,0,0,0,0,0,0,11,11,11,22,22,22,42,42,42,42,53,53,53],"current_hp_per_floor":[37,20,20,20,20,45,45,45,45,45,45,45,49,38,63,65,81,71,73,75,75,75,75,77,81,81,85,85,85,85,86,86,86,86,86,86,82,82,82,82,70,70,70,72,72,76,80,84,84,59,81,81,91,95,97],"gold":152,"neow_bonus":"","is_daily":false,"chose_seed":false,"campfire_upgraded":4,"win_rate":0.0,"timestamp":1614367424,"path_taken":["M","?","?","?","?","R","?","E","T","M","?","R","E","?","R","BOSS","M","?","M","?","?","R","E","M","T","E","?","R","?","M","R","BOSS","M","?","?","M","?","R","E","$","T","E","R","E","M","M","R","BOSS","R","$","E","BOSS"],"items_purchased_type":["Relic","Relic","Relic","Relic","Relic","Card","Card","Relic","Card","Card","Relic","Card","Card","Relic","Relic","Card","Card","Relic","Card","Card","Card","Relic","Relic"],"build_version":"2020-12-22","purchased_purges":3,"victory":true,"max_hp_per_floor":[86,86,86,86,86,86,86,86,86,86,86,86,86,86,86,86,86,86,86,86,86,86,86,86,86,86,86,86,86,86,86,86,86,86,86,86,82,82,82,82,82,82,82,82,82,84,86,88,88,88,88,88,98,100,100],"card_choices":[{"not_picked":["Consecrate","Halt"],"picked":"FollowUp","floor":1},{"not_picked":["Nirvana","Meditate","ClearTheMind"],"picked":"SKIP","floor":5},{"not_picked":["Sanctity","BowlingBash"],"picked":"Vault","floor":8},{"not_picked":["Protect","Weave"],"picked":"Wireheading","floor":10},{"not_picked":["CrushJoints","ClearTheMind+1","EmptyBody+1"],"picked":"SKIP","floor":13},{"not_picked":["Blasphemy+1","LessonLearned"],"picked":"SpiritShield+1","floor":16},{"not_picked":["FollowUp+1","DeceiveReality+1","PathToVictory+1"],"picked":"SKIP","floor":18},{"not_picked":["ThirdEye+1","Pray+1"],"picked":"Protect+1","floor":19},{"not_picked":["FollowUp","Meditate+1","Consecrate"],"picked":"SKIP","floor":20},{"not_picked":["FollowUp+1","FearNoEvil"],"picked":"CutThroughFate+1","floor":24},{"not_picked":["Evaluate+1","Omniscience+1"],"picked":"CutThroughFate","floor":25},{"not_picked":["SashWhip","FearNoEvil","Evaluate+1"],"picked":"SKIP","floor":27},{"not_picked":["PathToVictory+1","Protect+1","Collect+1"],"picked":"SKIP","floor":31},{"not_picked":["Ragnarok","Wish+1"],"picked":"Vault+1","floor":33},{"not_picked":["EmptyFist","WreathOfFlame+1","Halt+1"],"picked":"SKIP","floor":35},{"not_picked":["Evaluate+1","FlurryOfBlows+1"],"picked":"CutThroughFate+1","floor":38},{"not_picked":["WheelKick","PathToVictory+1"],"picked":"CutThroughFate+1","floor":39},{"not_picked":["FollowUp+1","ClearTheMind+1","WheelKick"],"picked":"SKIP","floor":41},{"not_picked":["Consecrate+1","PathToVictory+1"],"picked":"TalkToTheHand+1","floor":44},{"not_picked":["Conclude+1","JustLucky","BowlingBash+1"],"picked":"Singing Bowl","floor":46},{"not_picked":["Judgement+1","SashWhip","ThirdEye+1"],"picked":"Singing Bowl","floor":47},{"not_picked":["ClearTheMind+1","Fasting2","EmptyBody+1"],"picked":"Singing Bowl","floor":48},{"not_picked":["Crescendo+1","EmptyBody+1","Wireheading+1"],"picked":"Singing Bowl","floor":54}],"player_experience":1109506,"relics_obtained":[{"floor":4,"key":"Shuriken"},{"floor":8,"key":"Juzu Bracelet"},{"floor":9,"key":"Damaru"},{"floor":13,"key":"Toxic Egg 2"},{"floor":19,"key":"Red Mask"},{"floor":21,"key":"Oddly Smooth Stone"},{"floor":24,"key":"Mummified Hand"},{"floor":27,"key":"CeramicFish"},{"floor":39,"key":"Thread and Needle"},{"floor":41,"key":"Whetstone"},{"floor":43,"key":"Shovel"},{"floor":44,"key":"Dream Catcher"},{"floor":45,"key":"Toy Ornithopter"},{"floor":46,"key":"Bronze Scales"},{"floor":49,"key":"Boot"},{"floor":52,"key":"TeardropLocket"},{"floor":54,"key":"Ginger"}],"event_choices":[{"damage_healed":0,"gold_gain":0,"player_choice":"Entered Light","damage_taken":17,"max_hp_gain":0,"max_hp_loss":0,"event_name":"Shining Light","floor":2,"gold_loss":0,"cards_upgraded":["Defend_P","CarveReality"]},{"damage_healed":0,"gold_gain":0,"player_choice":"Ignored","damage_taken":0,"max_hp_gain":0,"max_hp_loss":0,"event_name":"Golden Idol","floor":3,"gold_loss":0},{"damage_healed":0,"gold_gain":0,"player_choice":"Grow","damage_taken":0,"max_hp_gain":0,"max_hp_loss":0,"event_name":"Living Wall","floor":7,"gold_loss":0,"cards_upgraded":["Apotheosis"]},{"damage_healed":0,"gold_gain":75,"player_choice":"Gather Gold","damage_taken":11,"max_hp_gain":0,"max_hp_loss":0,"event_name":"World of Goop","floor":14,"gold_loss":0},{"damage_healed":0,"gold_gain":0,"player_choice":"Fought Bandits","damage_taken":0,"max_hp_gain":0,"max_hp_loss":0,"event_name":"Masked Bandits","floor":19,"gold_loss":0},{"damage_healed":0,"gold_gain":0,"player_choice":"Read","damage_taken":0,"max_hp_gain":0,"max_hp_loss":0,"event_name":"The Library","floor":28,"gold_loss":0,"cards_obtained":["SashWhip"]},{"damage_healed":0,"gold_gain":99,"player_choice":"Stole From Cult","damage_taken":0,"max_hp_gain":0,"max_hp_loss":0,"event_name":"Nest","floor":30,"gold_loss":0},{"damage_healed":0,"gold_gain":222,"player_choice":"Wore Mask","damage_taken":0,"max_hp_gain":0,"max_hp_loss":0,"event_name":"Tomb of Lord Red Mask","floor":36,"gold_loss":0},{"damage_healed":0,"gold_gain":0,"player_choice":"Max HP","damage_taken":0,"max_hp_gain":0,"max_hp_loss":4,"event_name":"Winding Halls","floor":37,"gold_loss":0},{"damage_healed":0,"gold_gain":0,"player_choice":"Fight","damage_taken":0,"max_hp_gain":0,"max_hp_loss":0,"event_name":"MindBloom","floor":39,"gold_loss":0}],"is_beta":false,"boss_relics":[{"not_picked":["Tiny House","Snecko Eye"],"picked":"Sozu"},{"not_picked":["Coffee Dripper","Philosopher\u0027s Stone"],"picked":"VioletLotus"}],"items_purged_floors":[22,42,53],"is_endless":false,"potions_floor_spawned":[10,13,16,18,24,25,38,39,44,46,54],"ascension_level":10}}