{"host":"lhekd7nyy582zlhr","time":1614378339,"event":{"mods":["AchievementEnabler","BaseMod","Colored Map","Colored Powertips","Googly Eyes","Minty Spire (QoL Compilation)","Quick Restart"],"gold_per_floor":[117,117,71,85,97,129,129,145,198,218,218,238,238,255,255,359,359,379,379,270,283,283,308,308,322,393,393,412,431,449,467,467,569,569,586,71,86,103,122,122,151,169,196,208,208,208],"floor_reached":45,"language":"ENG","playtime":2007,"items_purged":["Strike_B"],"score":500,"play_id":"c2d00255-ee4f-4b17-b3ed-d590046f5971","local_time":"20210226222539","is_ascension_mode":false,"campfire_choices":[{"floor":7,"key":"REST"},{"floor":11,"key":"REST"},{"data":"Ball Lightning","floor":13,"key":"SMITH"},{"floor":15,"key":"REST"},{"floor":24,"key":"REST"},{"floor":27,"key":"REST"},{"floor":32,"key":"REST"},{"floor":40,"key":"REST"}],"circlet_count":0,"master_deck":["Strike_B","Defend_B","Defend_B","Defend_B","Defend_B","Zap","Dualcast","Ball Lightning+1","Redo","Leap","Amplify","Cold Snap","Melter","Turbo","Hyperbeam","Biased Cognition","Ball Lightning","Defragment","White Noise+1","Ball Lightning+1","Self Repair+1","Ball Lightning","Beam Cell+1","Storm","Echo Form","Amplify","Leap+1","Sweeping Beam","BootSequence+1","Melter+1","Genetic Algorithm+1","Loop+1","Capacitor+1","Storm+1"],"relics":["Cracked Core","Shuriken","Nunchaku","SlaversCollar","Boot","DataDisk","HornCleat","Fusion Hammer","Regal Pillow","TungstenRod","Toy Ornithopter","Whetstone"],"acts_visited":["Exordium","TheCity","TheBeyond"],"potions_floor_usage":[16,23,25,33,33,33,38],"damage_taken":[{"damage":3,"enemies":"Jaw Worm","floor":1,"turns":4},{"damage":1,"enemies":"2 Louse","floor":4,"turns":2},{"damage":1,"enemies":"Cultist","floor":5,"turns":3},{"damage":22,"enemies":"Gremlin Nob","floor":6,"turns":4},{"damage":9,"enemies":"3 Louse","floor":8,"turns":3},{"damage":19,"enemies":"Exordium Thugs","floor":10,"turns":4},{"damage":10,"enemies":"Blue Slaver","floor":12,"turns":2},{"damage":8,"enemies":"Large Slime","floor":14,"turns":5},{"damage":14,"enemies":"Slime Boss","floor":16,"turns":6},{"damage":19,"enemies":"Shell Parasite","floor":18,"turns":4},{"damage":15,"enemies":"Chosen","floor":21,"turns":5},{"damage":16,"enemies":"Book of Stabbing","floor":23,"turns":4},{"damage":8,"enemies":"Snake Plant","floor":25,"turns":3},{"damage":29,"enemies":"Shelled Parasite and Fungi","floor":28,"turns":6},{"damage":10,"enemies":"Cultist and Chosen","floor":29,"turns":4},{"damage":18,"enemies":"Snake Plant","floor":30,"turns":3},{"damage":0,"enemies":"Snecko","floor":31,"turns":3},{"damage":25,"enemies":"Champ","floor":33,"turns":6},{"damage":5,"enemies":"3 Shapes","floor":35,"turns":3},{"damage":34,"enemies":"3 Darklings","floor":37,"turns":4},{"damage":9,"enemies":"Transient","floor":38,"turns":5},{"damage":36,"enemies":"Maw","floor":39,"turns":6},{"damage":49,"enemies":"Reptomancer","floor":41,"turns":5},{"damage":39,"enemies":"Jaw Worm Horde","floor":42,"turns":5},{"damage":61,"enemies":"4 Shapes","floor":44,"turns":5},{"damage":24,"enemies":"Spire Growth","floor":45,"turns":3}],"seed_played":"646356184918113603","potions_obtained":[{"floor":4,"key":"Fire Potion"},{"floor":5,"key":"BlessingOfTheForge"},{"floor":6,"key":"BlessingOfTheForge"},{"floor":10,"key":"Regen Potion"},{"floor":21,"key":"SkillPotion"},{"floor":28,"key":"PotionOfCapacity"},{"floor":30,"key":"PotionOfCapacity"},{"floor":31,"key":"Energy Potion"},{"floor":35,"key":"Block Potion"},{"floor":37,"key":"Block Potion"},{"floor":41,"key":"FairyPotion"}],"is_trial":false,"path_per_floor":["M","?","?","M","M","E","R","M","T","M","R","M","R","M","R","B",null,"M","?","$","M","?","E","R","M","T","R","M","M","M","M","R","B",null,"M","$","M","M","M","R","E","M","T","M","M"],"character_chosen":"DEFECT","items_purchased":["Defragment","Regal Pillow","Sweeping Beam","TungstenRod"],"campfire_rested":7,"item_purchase_floors":[20,36,36,36],"current_hp_per_floor":[79,72,72,71,70,48,72,63,63,44,68,58,58,50,74,60,82,63,63,63,48,48,44,68,60,60,82,63,53,45,55,79,64,82,77,77,53,64,48,82,53,34,34,22,0,0],"gold":208,"neow_bonus":"TEN_PERCENT_HP_BONUS","is_daily":false,"chose_seed":false,"campfire_upgraded":1,"win_rate":0.0,"timestamp":1614378339,"path_taken":["M","?","?","M","M","E","R","M","T","M","R","M","R","M","R","BOSS","M","?","$","M","?","E","R","M","T","R","M","M","M","M","R","BOSS","M","$","M","M","M","R","E","M","T","M","M"],"items_purchased_type":["Card","Relic","Card","Relic"],"build_version":"2020-12-22","purchased_purges":1,"victory":false,"max_hp_per_floor":[82,82,82,82,82,82,82,82,82,82,82,82,82,82,82,82,82,82,82,82,82,82,82,82,82,82,82,82,82,82,82,82,82,82,82,82,82,82,82,82,82,82,82,82,82,82],"card_choices":[{"not_picked":["Rebound","Undo"],"picked":"Ball Lightning","floor":1},{"not_picked":["Stack","Beam Cell"],"picked":"Redo","floor":4},{"not_picked":["Go for the Eyes","Redo"],"picked":"Leap","floor":5},{"not_picked":["Go for the Eyes","Hologram"],"picked":"Amplify","floor":6},{"not_picked":["Conserve Battery","Chaos"],"picked":"Cold Snap","floor":8},{"not_picked":["Hologram","Sunder"],"picked":"Melter","floor":10},{"not_picked":["Leap","Glacier"],"picked":"Turbo","floor":12},{"not_picked":["Ball Lightning","Hologram"],"picked":"Hyperbeam","floor":14},{"not_picked":["Core Surge","Fission"],"picked":"Biased Cognition","floor":16},{"not_picked":["Hologram","Tempest"],"picked":"Ball Lightning","floor":18},{"not_picked":["Cold Snap+1","Rebound"],"picked":"White Noise+1","floor":21},{"not_picked":["Barrage","Steam"],"picked":"Ball Lightning+1","floor":23},{"not_picked":["Core Surge","Conserve Battery"],"picked":"Self Repair+1","floor":25},{"not_picked":["Beam Cell","Turbo"],"picked":"Ball Lightning","floor":28},{"not_picked":["Glacier","Redo"],"picked":"Beam Cell","floor":29},{"not_picked":["Turbo","Sweeping Beam+1"],"picked":"Storm","floor":30},{"not_picked":["Beam Cell","Go for the Eyes"],"picked":"Echo Form","floor":31},{"not_picked":["Hyperbeam","Multi-Cast"],"picked":"Amplify","floor":33},{"not_picked":["Reprogram+1","Turbo+1"],"picked":"Leap+1","floor":35},{"not_picked":["Compile Driver","Sweeping Beam"],"picked":"BootSequence+1","floor":37},{"not_picked":["Turbo+1","Recycle+1"],"picked":"Melter","floor":38},{"not_picked":["Streamline+1","Doom and Gloom+1"],"picked":"Genetic Algorithm+1","floor":39},{"not_picked":["Redo","Compile Driver"],"picked":"Loop+1","floor":41},{"not_picked":["Sweeping Beam+1","Barrage+1"],"picked":"Capacitor+1","floor":42},{"not_picked":["Seek","Force Field+1"],"picked":"Storm+1","floor":44}],"player_experience":154609,"relics_obtained":[{"floor":6,"key":"Shuriken"},{"floor":9,"key":"Nunchaku"},{"floor":22,"key":"Boot"},{"floor":23,"key":"DataDisk"},{"floor":26,"key":"HornCleat"},{"floor":41,"key":"Toy Ornithopter"},{"floor":43,"key":"Whetstone"}],"event_choices":[{"cards_removed":["Strike_B"],"damage_healed":0,"gold_gain":0,"player_choice":"Card Removal","damage_taken":7,"max_hp_gain":0,"max_hp_loss":0,"event_name":"Golden Wing","floor":2,"gold_loss":0},{"damage_healed":0,"gold_gain":0,"player_choice":"Left Gold","damage_taken":0,"max_hp_gain":0,"max_hp_loss":0,"event_name":"World of Goop","floor":3,"gold_loss":46},{"cards_removed":["Strike_B"],"damage_healed":0,"gold_gain":0,"player_choice":"Elegance","damage_taken":0,"max_hp_gain":0,"max_hp_loss":0,"event_name":"Back to Basics","floor":19,"gold_loss":0},{"damage_healed":0,"gold_gain":0,"player_choice":"Relic","damage_taken":0,"max_hp_gain":0,"max_hp_loss":0,"event_name":"Wheel of Change","floor":22,"gold_loss":0}],"is_beta":false,"boss_relics":[{"not_picked":["Runic Dome","Cursed Key"],"picked":"SlaversCollar"},{"not_picked":["Calling Bell","Astrolabe"],"picked":"Fusion Hammer"}],"items_purged_floors":[20],"is_endless":false,"potions_floor_spawned":[4,5,6,10,21,28,30,31,35,37,41],"killed_by":"Spire Growth","ascension_level":0}}