{"host":"rwiy0nr47d6nmxat","time":1614360952,"event":{"mods":["2.2 Compatiblity","AchievementEnabler","Act Like it!","Aspiration","BaseMod","Better Note","Better Sensory Stone","Block Reminder","Challenge The Spire","Colored Map","Colored Powertips","Conspire","Curses Come First","Elementarium","Highlight Path","Hubris","Infinite Spire","Mad Scientist","Minty Spire (QoL Compilation)","Permanent Neow","Quick Restart","Rare Cards Sparkle","Reliquary","Replay The Spire","Ruina","Spire Arcade","StSLib","SuperFastMode","The Cursed","TheFirefly","slay the spire mod where everything is the same but ironclad has a cowboy hat"],"gold_per_floor":[116,126,2,2,2,35,35,63,63,93,104,120,120,270,270,394,394,458,561,726,726,726,726,726,726],"floor_reached":24,"language":"ENG","playtime":987,"items_purged":[],"score":477,"play_id":"2dbcbc8f-58b0-4230-9b77-36d56f175e75","local_time":"20210226123552","is_ascension_mode":true,"campfire_choices":[{"data":"Chrysalis","floor":7,"key":"SMITH"},{"floor":13,"key":"REST"},{"floor":15,"key":"REST"},{"floor":23,"key":"REST"}],"circlet_count":0,"master_deck":["Strike_B","Strike_B","Strike_B","Strike_B","Defend_B","Defend_B","Defend_B","Defend_B","Zap","Dualcast","Hello World","Gash","Sweeping Beam","Chrysalis+1","Transmutation","Consume","Pot Of Greed","Pot Of Greed","Ball Lightning","White Noise","Sweeping Beam","Sweeping Beam","Rebound","Redo","hubris:Greed","hubris:Greed","Pot Of Greed","hubris:Greed","hubris:Greed","Multi-Cast","hubris:Greed","hubris:Greed","hubris:Greed","hubris:Greed","hubris:Greed","hubris:Greed","Redo","BootSequence+1","hubris:Greed","Pot Of Greed","hubris:Greed","hubris:Greed","hubris:Greed","hubris:Greed","hubris:Greed","hubris:Greed","hubris:Greed","Ball Lightning","Skim","hubris:Greed","hubris:Greed","hubris:Greed","Pot Of Greed","hubris:Greed","hubris:Greed","hubris:Greed","hubris:Greed","hubris:Greed","hubris:Greed","hubris:Greed","hubris:Greed","hubris:Greed","hubris:Greed","Go for the Eyes","Machine Learning","Pot Of Greed","hubris:Greed","hubris:Greed","hubris:Greed","hubris:Greed","hubris:Greed","hubris:Greed","hubris:Greed","hubris:Greed","hubris:Greed","hubris:Greed","hubris:Greed","hubris:Greed","Pot Of Greed","hubris:Greed"],"relics":["Cracked Core","Prayer Wheel","ReplayTheSpireMod:ShopPack","PreservedInsect","infinitespire:Lucky Rock","Grinning Jar","Turnip","Anchor","ReplayTheSpireMod:CursedCoin","aspiration:PoetsPen_weak","Runic Capacitor"],"acts_visited":["Exordium","Exordium"],"potions_floor_usage":[2,6,6,6,8,8,10,16,24],"damage_taken":[{"damage":2,"enemies":"2 Louse","floor":1,"turns":3},{"damage":3,"enemies":"Cultist","floor":2,"turns":5},{"damage":27,"enemies":"3 Sentries","floor":6,"turns":7},{"damage":0,"enemies":"Lagavulin","floor":8,"turns":3},{"damage":17,"enemies":"Replay:BlueRogue","floor":10,"turns":4},{"damage":4,"enemies":"conspire:RoseBush","floor":11,"turns":3},{"damage":12,"enemies":"Exordium Thugs","floor":12,"turns":4},{"damage":14,"enemies":"Slime Boss","floor":16,"turns":10},{"damage":15,"enemies":"ruina:2_Scarecrows","floor":18,"turns":5},{"damage":29,"enemies":"ruina:3_Bats","floor":19,"turns":4},{"damage":18,"enemies":"ruina:QueenOfHate","floor":20,"turns":5},{"damage":52,"enemies":"Nightmare","floor":24,"turns":6}],"seed_played":"-4874349082080540778","potions_obtained":[{"floor":1,"key":"SkillPotion"},{"floor":8,"key":"BlessingOfTheForge"},{"floor":12,"key":"FearPotion"},{"floor":20,"key":"Elixir"}],"is_trial":false,"path_per_floor":["M","M","$","?","$","E","R","E","T","E","M","M","R","$","R","B",null,"M","M","M","?","AVR","R","NM"],"character_chosen":"DEFECT","items_purchased":["ReplayTheSpireMod:ShopPack","ReplayTheSpireMod:CursedCoin"],"campfire_rested":3,"item_purchase_floors":[3,14],"current_hp_per_floor":[80,77,77,77,77,50,50,50,50,33,29,17,41,41,65,51,82,67,38,20,28,28,52,0,0],"gold":726,"neow_bonus":"TEN_PERCENT_HP_BONUS","is_daily":false,"chose_seed":false,"campfire_upgraded":1,"win_rate":0.0,"timestamp":1614360952,"path_taken":["M","M","$","?","?","E","R","E","T","E","?","M","R","$","R","BOSS","M","M","M","?","AVR","R","NM"],"items_purchased_type":["Relic","Relic"],"build_version":"2020-12-22","purchased_purges":0,"victory":false,"max_hp_per_floor":[82,82,82,82,82,82,82,82,82,82,82,82,82,82,82,82,82,82,82,82,82,82,82,82,82],"card_choices":[{"not_picked":["Panic Button","Chill"],"picked":"Hello World","floor":1},{"not_picked":["ReplayTheSpireMod:Dual Polarity","Cold Snap"],"picked":"Gash","floor":2},{"not_picked":["Panic Button","ReplayTheSpireMod:GoodbyeWorld"],"picked":"Sweeping Beam","floor":2},{"not_picked":["Thinking Ahead","Metamorphosis"],"picked":"Chrysalis","floor":3},{"not_picked":["hubris:EnhanceAbility","Enlightenment"],"picked":"HandOfGreed","floor":3},{"not_picked":["Panacea","Deep Breath"],"picked":"Transmutation","floor":3},{"not_picked":["Steam","Recycle"],"picked":"Consume","floor":6},{"not_picked":["BasicCrystalCard","Doom and Gloom"],"picked":"Ball Lightning","floor":8},{"not_picked":["ReplayTheSpireMod:Calculation Training","Sweeping Beam"],"picked":"White Noise","floor":10},{"not_picked":["Go for the Eyes","Rebound"],"picked":"Sweeping Beam","floor":11},{"not_picked":["Streamline","ReplayTheSpireMod:Calculation Training"],"picked":"Sweeping Beam","floor":11},{"not_picked":["Steam Power","ReplayTheSpireMod:Repulse"],"picked":"Rebound","floor":12},{"not_picked":["Sweeping Beam","Melter"],"picked":"Redo","floor":12},{"not_picked":["Hyperbeam","hubris:DoWhile"],"picked":"Multi-Cast","floor":16},{"not_picked":["ReplayTheSpireMod:GoodbyeWorld+1","Time Bomb"],"picked":"Redo","floor":18},{"not_picked":["Chill","Streamline"],"picked":"BootSequence+1","floor":18},{"not_picked":["Compile Driver","ReplayTheSpireMod:Calculation Training+1"],"picked":"Ball Lightning","floor":19},{"not_picked":["Panic Button","Reinforced Body"],"picked":"Skim","floor":19},{"not_picked":["Reprogram","Rip and Tear"],"picked":"Go for the Eyes","floor":20},{"not_picked":["Beam Cell","ReplayTheSpireMod:Repulse"],"picked":"Machine Learning","floor":20}],"player_experience":77342,"relics_obtained":[{"floor":6,"key":"infinitespire:Lucky Rock"},{"floor":8,"key":"Grinning Jar"},{"floor":9,"key":"Turnip"},{"floor":10,"key":"Anchor"}],"event_choices":[{"cards_removed":["HandOfGreed"],"damage_healed":0,"gold_gain":0,"player_choice":"Gave Card","damage_taken":0,"relics_obtained":["PreservedInsect"],"max_hp_gain":0,"max_hp_loss":0,"event_name":"WeMeetAgain","floor":4,"gold_loss":0}],"is_beta":false,"boss_relics":[{"not_picked":["aspiration:Stellarator","Astrolabe"],"picked":"aspiration:PoetsPen_weak"}],"items_purged_floors":[],"is_endless":false,"potions_floor_spawned":[1,8,12,20],"killed_by":"Nightmare","ascension_level":1}}