{"host":"90jl2h70xtuoeg0i","time":1614326761,"event":{"mods":["AchievementEnabler","BaseMod","Colored Map","Colored Powertips","Minty Spire (QoL Compilation)","Relic Stats","ojb\u0027s Info Mod"],"gold_per_floor":[114,128,142,158,5,5,5,5],"floor_reached":7,"language":"ENG","playtime":364,"items_purged":["Defend_G"],"score":86,"play_id":"d8c95665-d3b5-4174-917f-5e696ac10fc0","local_time":"20210226030601","is_ascension_mode":true,"campfire_choices":[{"floor":6,"key":"REST"}],"circlet_count":0,"master_deck":["AscendersBane","Strike_G","Strike_G","Strike_G","Strike_G","Strike_G","Defend_G","Defend_G","Defend_G","Defend_G","Survivor","Neutralize","Leg Sweep","Dagger Spray","Blade Dance","Catalyst"],"relics":["Ring of the Snake","NeowsBlessing"],"acts_visited":["Exordium"],"potions_floor_usage":[7,7],"damage_taken":[{"damage":0,"enemies":"Small Slimes","floor":1,"turns":1},{"damage":0,"enemies":"Cultist","floor":2,"turns":1},{"damage":0,"enemies":"2 Louse","floor":3,"turns":1},{"damage":20,"enemies":"Exordium Thugs","floor":4,"turns":7},{"damage":64,"enemies":"Lagavulin","floor":7,"turns":9}],"seed_played":"-1606936899932837730","potions_obtained":[{"floor":3,"key":"Explosive Potion"},{"floor":4,"key":"Ancient Potion"}],"is_trial":false,"path_per_floor":["M","M","M","M","$","R","E"],"character_chosen":"THE_SILENT","items_purchased":["Catalyst"],"campfire_rested":1,"item_purchase_floors":[5],"current_hp_per_floor":[59,59,59,39,39,58,0,0],"gold":5,"neow_bonus":"THREE_ENEMY_KILL","is_daily":false,"chose_seed":false,"campfire_upgraded":0,"win_rate":0.0,"timestamp":1614326761,"path_taken":["M","M","M","M","$","R","E"],"items_purchased_type":["Card"],"build_version":"2020-12-22","purchased_purges":1,"victory":false,"max_hp_per_floor":[66,66,66,66,66,66,66,66],"relic_stats":{"counters":[5,19],"obtain_stats":[{"NeowsBlessing":0,"Ring of the Snake":0},{"NeowsBlessing":0,"Ring of the Snake":0},{"NeowsBlessing":0,"Ring of the Snake":0}],"Ring of the Snake":[10]},"card_choices":[{"not_picked":["Dagger Spray","Slice"],"picked":"Leg Sweep","floor":1},{"not_picked":["Cloak And Dagger","Slice","Setup"],"picked":"SKIP","floor":2},{"not_picked":["Deadly Poison","Accuracy"],"picked":"Dagger Spray","floor":3},{"not_picked":["Eviscerate","Endless Agony"],"picked":"Blade Dance","floor":4}],"player_experience":1513980,"relics_obtained":[],"event_choices":[],"is_beta":false,"boss_relics":[],"items_purged_floors":[5],"is_endless":false,"potions_floor_spawned":[3,4],"killed_by":"Lagavulin","ascension_level":20}}