{"host":"0r455zfix56tawas","time":1614327882,"event":{"mods":["AlwaysNeverKeys","BaseMod","Colored Powertips","Downfall","Highlight Path","Minty Spire (QoL Compilation)","Permanent Neow","StSLib","The Necromancer","The Servant 0.9.4"],"gold_per_floor":[99,110,18,37,37,37,37,70,70,70,70,70,70],"floor_reached":11,"language":"ENG","playtime":418,"items_purged":[],"score":69,"play_id":"bfd7637a-3c7c-4286-8669-47773d8d8cfe","local_time":"20210226092442","is_ascension_mode":false,"campfire_choices":[{"data":"hexamod:Float","floor":1,"key":"SMITH"},{"data":"hexamod:TurnItUp","floor":6,"key":"SMITH"},{"data":"hexamod:SkipABeat","floor":10,"key":"SMITH"}],"circlet_count":0,"master_deck":["hexamod:Strike","hexamod:Strike","hexamod:Strike","hexamod:Defend","hexamod:Defend","hexamod:Defend","hexamod:Defend","hexamod:Sear","hexamod:Float+1","hexamod:TurnItUp+1","hexamod:Hexaguard","hexamod:ThirdSeal","hexamod:FifthSeal","hexamod:HauntingEcho","hexamod:FirstSeal","hexamod:RecurringNightmare","hexamod:EmpoweredFlame","hexamod:SkipABeat+1","hexamod:FirstSeal"],"relics":["hexamod:SpiritBrand","Molten Egg 2","Vajra"],"acts_visited":["Exordium"],"potions_floor_usage":[],"damage_taken":[{"damage":5,"enemies":"2 Louse","floor":2,"turns":4},{"damage":0,"enemies":"downfall:FleeingMerchant","floor":3,"turns":4},{"damage":4,"enemies":"Jaw Worm","floor":4,"turns":4},{"damage":9,"enemies":"Lagavulin","floor":8,"turns":7},{"damage":49,"enemies":"3 Sentries","floor":11,"turns":8}],"seed_played":"5036670854627772773","potions_obtained":[],"is_trial":false,"path_per_floor":["R","M","$","M","?","R","T","E","?","R","E"],"character_chosen":"THE_SPIRIT","items_purchased":["hexamod:FifthSeal"],"campfire_rested":0,"item_purchase_floors":[3],"current_hp_per_floor":[63,58,58,54,54,54,54,52,45,45,0,0,0],"gold":70,"neow_bonus":"THREE_RARE_CARDS","is_daily":false,"chose_seed":false,"campfire_upgraded":3,"win_rate":0.0,"timestamp":1614327882,"path_taken":["R","M","$","M","?","R","T","E","?","R","E"],"items_purchased_type":["Card"],"build_version":"2020-12-22","purchased_purges":0,"victory":false,"max_hp_per_floor":[63,63,63,63,63,63,63,63,63,63,63,63,63],"card_choices":[{"not_picked":["hexamod:GiftsFromTheDead","hexamod:GhostOfSpirePresent"],"picked":"hexamod:TurnItUp","floor":0},{"not_picked":["hexamod:GhostLash","hexamod:Rewind"],"picked":"hexamod:Hexaguard","floor":2},{"not_picked":["hexamod:NightmareStrike","hexamod:EmpoweredFlame"],"picked":"hexamod:ThirdSeal","floor":3},{"not_picked":["hexamod:SuperheatedStrike","hexamod:SpectersWail"],"picked":"hexamod:HauntingEcho","floor":4},{"not_picked":["hexamod:ThirdSeal","hexamod:FourthSeal"],"picked":"hexamod:FirstSeal","floor":4},{"not_picked":["hexamod:NightmareGuise","hexamod:Firestarter"],"picked":"hexamod:RecurringNightmare","floor":4},{"not_picked":["hexamod:FourthSeal","hexamod:InspiringFlames"],"picked":"hexamod:EmpoweredFlame","floor":8},{"not_picked":["hexamod:ShieldOfDarkness","hexamod:PowerFromBeyond"],"picked":"hexamod:SkipABeat","floor":8}],"player_experience":1036241,"relics_obtained":[{"floor":7,"key":"Molten Egg 2"},{"floor":8,"key":"Vajra"}],"event_choices":[],"is_beta":false,"boss_relics":[],"items_purged_floors":[],"is_endless":false,"potions_floor_spawned":[],"killed_by":"3 Sentries","ascension_level":0}}