{"host":"v63m4f6t57xrjbnq","time":1614353496,"event":{"mods":["100% Spire Juice","ATMod(阿瑾Mod)","Act Like it!","Arknights","BaseMod","Colored Powertips","Dota2Spire","Downfall","Energized Spire","Gensokyo","Hallownest","KinomotoSakuraMod(木之本樱)","KomeijiMod","LagranYue(拉格朗・月)","Lobotomy","LobotomyExtend","Marisa（F雨　魔理沙）","Marked Mod","Minty Spire (QoL Compilation)","Quick Restart","Reimu（博丽灵梦）","Relic Filter Mod","Remilia（蕾米莉亚）","Replay The Spire","RumiaBox-露米娅的神秘盒子","StSLib","The Administrix","The Marked","The Senshi","The Servant 0.9.4","Waifu the Spire","WarShipGirlsR/战舰少女R mod","Yakumo Yukari mod","Youmu（魂魄妖梦）","Yuyuko","【遗物卡牌】REMEMod"],"gold_per_floor":[113,38,38,58,70,70,70],"floor_reached":6,"language":"ZHS","playtime":201,"items_purged":["ats:Strike C"],"score":59,"play_id":"93893dfb-e657-46e1-a3a9-d116105acd31","local_time":"20210226233136","is_ascension_mode":true,"campfire_choices":[],"circlet_count":0,"master_deck":["AscendersBane","ats:Strike G","ats:Strike S","ats:Strike V","ats:Armor Crushing Shot","ats:Defend","ats:Defend","ats:Defend","ats:Defend","ats:Emotion Absorption","ats:True Silver Slash","ats:Shell Defense","ats:Thermite Blade","ats:Mental Burst"],"relics":["ats:Sanity","AT_ATBox","REME_ComplimentaryCards","LagranYue:RandomDrawCardRelic","Baka","AT_ImmortalShieldbow","Ice Cream","LetterFromLob"],"acts_visited":["Gensokyo:Gensokyo"],"potions_floor_usage":[],"damage_taken":[{"damage":7,"enemies":"Gensokyo:2_Kodama","floor":1,"turns":3},{"damage":8,"enemies":"Gensokyo:Gryphon","floor":4,"turns":4},{"damage":0,"enemies":"Gensokyo:3_Fairies","floor":5,"turns":3},{"damage":35,"enemies":"Gensokyo:Cirno","floor":6,"turns":4}],"seed_played":"-660950476479276197","potions_obtained":[{"floor":1,"key":"SmokeBomb"}],"is_trial":false,"path_per_floor":["M","$","?","M","M","E"],"character_chosen":"DOCTOR_CLASS","items_purchased":[],"campfire_rested":0,"item_purchase_floors":[],"current_hp_per_floor":[40,40,26,28,30,0,0],"gold":70,"neow_bonus":"THREE_RARE_CARDS","is_daily":false,"chose_seed":false,"campfire_upgraded":0,"win_rate":0.0,"timestamp":1614353496,"path_taken":["M","$","?","M","?","E"],"items_purchased_type":[],"build_version":"2020-12-22","purchased_purges":1,"victory":false,"max_hp_per_floor":[72,72,72,72,72,72,72],"card_choices":[{"not_picked":["ats:Disruption Kick","ats:Dogmatic Field"],"picked":"ats:True Silver Slash","floor":0},{"not_picked":["ats:Literary Storm","ats:Spore Proliferation"],"picked":"ats:Shell Defense","floor":1},{"not_picked":["ats:Leaping Hammer","ats:Flexible Camouflage"],"picked":"ats:Thermite Blade","floor":4},{"not_picked":["ats:Blood Oath","ats:Ignite"],"picked":"ats:Mental Burst","floor":5}],"player_experience":277893,"relics_obtained":[{"floor":1,"key":"Baka"},{"floor":4,"key":"Ice Cream"},{"floor":4,"key":"LetterFromLob"}],"event_choices":[],"is_beta":false,"boss_relics":[],"items_purged_floors":[2],"is_endless":false,"potions_floor_spawned":[1],"killed_by":"Gensokyo:Cirno","ascension_level":13}}