{"host":"c4445pi3lkcwywew","time":1614317099,"event":{"mods":["AchievementEnabler","BaseMod","Bestiary","Block Reminder","Card Forge","Colored Map","Downfall","Hubris","Minty Spire (QoL Compilation)","Permanent Neow","Replay The Spire","Shop Mod","StSLib"],"gold_per_floor":[115,129,129,148,223,223,251,251,277,290,315,448,465,615,615,792,792,808,823,748,758,758,758,758,758],"floor_reached":24,"language":"ENG","playtime":2273,"items_purged":["Clothesline"],"score":537,"play_id":"513226ac-81c6-4576-958b-850cb155d833","local_time":"20210225232459","is_ascension_mode":true,"campfire_choices":[{"data":"Inflame","floor":6,"key":"SMITH"},{"data":"Fire Breathing","floor":15,"key":"SMITH"},{"data":"Limit Break","floor":23,"key":"SMITH"}],"circlet_count":0,"master_deck":["AscendersBane","Iron Wave","Iron Wave","Iron Wave","Iron Wave","Fire Breathing+1","Inflame+1","Sword Boomerang","Wild Strike","Doubt","Limit Break+1","Heavy Blade","hubris:NaturalOne","Heavy Blade","RitualDagger"],"relics":["Burning Blood","Hammer of Thor","Seething Fire","Anvil of the Gods","King of Hearts","hubris:Icosahedron","Blood Vial","Lantern","Orichalcum","Mark of Pain"],"acts_visited":["Exordium","TheCity"],"potions_floor_usage":[7,24,24,24],"damage_taken":[{"damage":0,"enemies":"2 Louse","floor":1,"turns":3},{"damage":0,"enemies":"Cultist","floor":2,"turns":4},{"damage":1,"enemies":"Small Slimes","floor":4,"turns":3},{"damage":10,"enemies":"Gremlin Nob","floor":7,"turns":5},{"damage":4,"enemies":"Looter","floor":10,"turns":3},{"damage":5,"enemies":"3 Sentries","floor":12,"turns":4},{"damage":10,"enemies":"3 Louse","floor":13,"turns":2},{"damage":0,"enemies":"Slime Boss","floor":16,"turns":5},{"damage":0,"enemies":"Spheric Guardian","floor":18,"turns":2},{"damage":12,"enemies":"3 Byrds","floor":19,"turns":3},{"damage":30,"enemies":"Snecko","floor":21,"turns":5},{"damage":52,"enemies":"Slavers","floor":24,"turns":3}],"seed_played":"-8504277510826191060","potions_obtained":[{"floor":1,"key":"Block Potion"},{"floor":2,"key":"sneckomod:MuddlingPotion"},{"floor":13,"key":"EntropicBrew"}],"is_trial":false,"path_per_floor":["M","M","?","M","?","R","E","?","T","M","T","E","M","?","R","B",null,"M","M","$","M","?","R","E"],"character_chosen":"IRONCLAD","items_purchased":[],"campfire_rested":0,"item_purchase_floors":[],"current_hp_per_floor":[74,75,75,75,64,64,60,60,60,64,64,67,65,65,65,73,75,75,69,69,47,41,41,0,0],"gold":758,"neow_bonus":"TRANSFORM_TWO_CARDS","is_daily":false,"chose_seed":false,"campfire_upgraded":3,"win_rate":0.0,"timestamp":1614317099,"path_taken":["M","M","?","?","?","R","E","?","T","M","?","E","M","?","R","BOSS","M","M","$","M","?","R","E"],"items_purchased_type":[],"build_version":"2020-12-22","purchased_purges":1,"victory":false,"max_hp_per_floor":[75,75,75,75,75,75,75,75,75,75,75,75,75,75,75,75,75,75,75,75,75,75,75,75,75],"card_choices":[{"not_picked":["Run Through","Rupture"],"picked":"Clothesline","floor":1},{"not_picked":["Burning Pact","Blood for Blood"],"picked":"Intimidate","floor":2},{"not_picked":["Dropkick","True Grit"],"picked":"Inflame","floor":4},{"not_picked":["Feel No Pain","Warcry","hubris:CleavingFinish"],"picked":"SKIP","floor":7},{"not_picked":["Headbutt","Hemogenesis","True Grit"],"picked":"SKIP","floor":10},{"not_picked":["Battle Trance","Dark Embrace"],"picked":"Sword Boomerang","floor":12},{"not_picked":["hubris:ReadiedAction","Iron Wave"],"picked":"Wild Strike","floor":13},{"not_picked":["Eclipse","Demonic Infusion"],"picked":"Limit Break","floor":16},{"not_picked":["Body Slam","Seeing Red"],"picked":"Heavy Blade","floor":18},{"not_picked":["Body Slam","Clothesline+1","Run Through"],"picked":"SKIP","floor":19},{"not_picked":["Abandon+1","Dropkick"],"picked":"Heavy Blade","floor":21}],"player_experience":324200,"relics_obtained":[{"floor":7,"key":"King of Hearts"},{"floor":9,"key":"Blood Vial"},{"floor":11,"key":"Lantern"},{"floor":12,"key":"Orichalcum"}],"event_choices":[{"cards_removed":["Intimidate"],"damage_healed":0,"gold_gain":0,"player_choice":"Offered Uncommon","damage_taken":0,"max_hp_gain":0,"max_hp_loss":0,"event_name":"Bonfire Elementals","floor":3,"gold_loss":0},{"damage_healed":0,"gold_gain":75,"player_choice":"Gather Gold","damage_taken":11,"max_hp_gain":0,"max_hp_loss":0,"event_name":"World of Goop","floor":5,"gold_loss":0},{"damage_healed":0,"gold_gain":150,"player_choice":"AGREE","damage_taken":0,"max_hp_gain":0,"max_hp_loss":0,"event_name":"Liars Game","floor":14,"gold_loss":0,"cards_obtained":["Doubt"]},{"damage_healed":0,"gold_gain":0,"player_choice":"Joined the Cult","damage_taken":6,"max_hp_gain":0,"max_hp_loss":0,"event_name":"Nest","floor":22,"gold_loss":0,"cards_obtained":["RitualDagger"]}],"is_beta":false,"boss_relics":[{"not_picked":["Runic Pyramid","SacredBark"],"picked":"Mark of Pain"}],"items_purged_floors":[20],"is_endless":false,"potions_floor_spawned":[1,2,4,13],"killed_by":"Slavers","ascension_level":20}}