{"host":"ydg0vn0pu4pubmdt","time":1614365424,"event":{"mods":["AchievementEnabler","BaseMod","Colored Map","Minty Spire (QoL Compilation)","Quick Restart","SuperFastMode"],"gold_per_floor":[109,109,124,134,59,85,85,10,10,10,22,22,53,65,65,140,140,156,71,71,104,158,158,177,177,224,238,265,282,282,311,311,391,391,401,435,435,335,348,348,383,383,383,425,425,300,332,159,159,159,159,159,159,105,136,136],"floor_reached":57,"language":"KOR","playtime":1769,"items_purged":["Strike_P","Strike_P+1","Strike_P+1","Strike_P+1"],"score":3192,"play_id":"a90abfcc-2691-4c85-a09e-c8b57af622f1","local_time":"20210227035024","is_ascension_mode":true,"campfire_choices":[{"floor":7.0,"key":"DIG"},{"floor":10.0,"key":"DIG"},{"floor":15.0,"key":"DIG"},{"floor":23.0,"key":"DIG"},{"floor":30.0,"key":"DIG"},{"floor":32.0,"key":"DIG"},{"floor":40.0,"key":"DIG"},{"floor":42.0,"key":"DIG"},{"floor":45.0,"key":"DIG"},{"floor":49.0,"key":"RECALL"},{"floor":53.0,"key":"DIG"}],"circlet_count":0,"master_deck":["AscendersBane","Defend_P+1","Defend_P+1","Defend_P+1","Eruption+1","Vigilance+1","Tantrum+1","EmptyFist+1","InnerPeace+1","WheelKick","Adaptation","LessonLearned+1","EmptyBody+1","Study+1","MasterReality+1","Adaptation","FlurryOfBlows+1","FearNoEvil+1"],"relics":["PureWater","Shovel","InkBottle","Pen Nib","Vajra","Toy Ornithopter","HornCleat","Thread and Needle","VioletLotus","Mummified Hand","Red Mask","Potion Belt","Bronze Scales","CeramicFish","Happy Flower","CaptainsWheel","Fusion Hammer","WingedGreaves","Eternal Feather","Ornamental Fan","Bottled Lightning","Frozen Egg 2","Bag of Preparation","Mango","MawBank","Sundial","Blood Vial"],"acts_visited":["Exordium","TheCity","TheBeyond","TheEnding"],"potions_floor_usage":[56,56,56],"damage_taken":[{"damage":11.0,"enemies":"Jaw Worm","floor":1.0,"turns":4.0},{"damage":0.0,"enemies":"Cultist","floor":3.0,"turns":2.0},{"damage":11.0,"enemies":"Small Slimes","floor":4.0,"turns":3.0},{"damage":0.0,"enemies":"Lagavulin","floor":6.0,"turns":4.0},{"damage":3.0,"enemies":"Blue Slaver","floor":11.0,"turns":2.0},{"damage":10.0,"enemies":"3 Sentries","floor":13.0,"turns":4.0},{"damage":0.0,"enemies":"Large Slime","floor":14.0,"turns":2.0},{"damage":18.0,"enemies":"Hexaghost","floor":16.0,"turns":7.0},{"damage":6.0,"enemies":"Chosen","floor":18.0,"turns":3.0},{"damage":5.0,"enemies":"Masked Bandits","floor":21.0,"turns":3.0},{"damage":12.0,"enemies":"2 Thieves","floor":24.0,"turns":4.0},{"damage":0.0,"enemies":"3 Cultists","floor":27.0,"turns":3.0},{"damage":3.0,"enemies":"Shelled Parasite and Fungi","floor":28.0,"turns":2.0},{"damage":0.0,"enemies":"Snecko","floor":29.0,"turns":3.0},{"damage":0.0,"enemies":"Centurion and Healer","floor":31.0,"turns":5.0},{"damage":41.0,"enemies":"Collector","floor":33.0,"turns":5.0},{"damage":4.0,"enemies":"3 Shapes","floor":35.0,"turns":4.0},{"damage":0.0,"enemies":"Mind Bloom Boss Battle","floor":36.0,"turns":5.0},{"damage":0.0,"enemies":"Orb Walker","floor":39.0,"turns":4.0},{"damage":0.0,"enemies":"Nemesis","floor":41.0,"turns":6.0},{"damage":0.0,"enemies":"Giant Head","floor":44.0,"turns":5.0},{"damage":0.0,"enemies":"Nemesis","floor":47.0,"turns":3.0},{"damage":0.0,"enemies":"Donu and Deca","floor":50.0,"turns":2.0},{"damage":0.0,"enemies":"Awakened One","floor":51.0,"turns":3.0},{"damage":0.0,"enemies":"Shield and Spear","floor":55.0,"turns":1.0},{"damage":41,"enemies":"The Heart","floor":56,"turns":5}],"seed_played":"-5703172074540384360","potions_obtained":[{"floor":3.0,"key":"PowerPotion"},{"floor":13.0,"key":"ColorlessPotion"},{"floor":14.0,"key":"PowerPotion"},{"floor":16.0,"key":"Strength Potion"},{"floor":21.0,"key":"SpeedPotion"},{"floor":27.0,"key":"GamblersBrew"},{"floor":28.0,"key":"Strength Potion"},{"floor":33.0,"key":"StancePotion"},{"floor":39.0,"key":"Swift Potion"},{"floor":41.0,"key":"BlessingOfTheForge"},{"floor":44.0,"key":"BlessingOfTheForge"},{"floor":47.0,"key":"SteroidPotion"}],"is_trial":false,"path_per_floor":["M","?","M","M","$","E","R","?","T","R","M","?","E","M","R","B",null,"M","?","$","?","T","R","M","T","T","M","M","M","R","M","R","B",null,"M","?","?","$","M","R","E","R","T","E","R","$","E","$","R","B","B",null,"R","$","E","B",null],"character_chosen":"WATCHER","items_purchased":["FearNoEvil","FearPotion"],"campfire_rested":0,"item_purchase_floors":[48,54],"current_hp_per_floor":[50,50,50,39,39,39,39,39,39,39,36,36,26,26,26,8,49,43,43,43,48,48,48,36,36,36,36,33,33,33,33,33,7,48,44,44,44,44,44,44,44,53,53,53,76,76,76,76,76,76,76,76,76,76,76,40],"gold":136,"neow_bonus":"ONE_RARE_RELIC","is_daily":false,"chose_seed":false,"campfire_upgraded":0,"win_rate":0.0,"timestamp":1614365424,"path_taken":["M","?","?","M","?","E","R","?","T","R","M","?","E","M","R","BOSS","M","?","$","?","?","R","M","?","T","M","M","M","R","M","R","BOSS","M","?","?","$","M","R","E","R","T","E","R","$","E","$","R","BOSS","BOSS","R","$","E","BOSS"],"items_purchased_type":["Card","Potion"],"build_version":"2020-12-22","purchased_purges":4,"victory":true,"max_hp_per_floor":[62,62,62,62,62,62,62,62,62,62,62,62,62,62,62,62,62,62,62,62,62,62,62,62,62,62,62,62,62,62,62,62,62,62,62,62,62,62,62,62,62,62,62,62,76,76,76,76,76,76,76,76,76,76,76,76],"card_choices":[{"not_picked":["EmptyBody","FollowUp"],"picked":"Tantrum","floor":1.0},{"not_picked":["ThirdEye","Nirvana"],"picked":"EmptyFist","floor":3.0},{"not_picked":["CutThroughFate","WindmillStrike","BattleHymn"],"picked":"SKIP","floor":4.0},{"not_picked":["JustLucky","Prostrate","Weave"],"picked":"SKIP","floor":6.0},{"not_picked":["BowlingBash","Crescendo"],"picked":"InnerPeace","floor":11.0},{"not_picked":["Swivel","WaveOfTheHand"],"picked":"WheelKick","floor":13.0},{"not_picked":["Protect","ReachHeaven"],"picked":"Adaptation","floor":14.0},{"not_picked":["Scrawl","DevaForm"],"picked":"LessonLearned","floor":16.0},{"not_picked":["EmptyFist","Worship+1","Protect"],"picked":"SKIP","floor":18.0},{"not_picked":["ThirdEye","ConjureBlade","PathToVictory"],"picked":"SKIP","floor":24.0},{"not_picked":["Consecrate","JustLucky","ClearTheMind"],"picked":"SKIP","floor":27.0},{"not_picked":["Wish","FollowUp"],"picked":"EmptyBody","floor":28.0},{"not_picked":["Meditate","Fasting2","Evaluate"],"picked":"SKIP","floor":29.0},{"not_picked":["CutThroughFate","Weave"],"picked":"Study+1","floor":31.0},{"not_picked":["Wish","Ragnarok"],"picked":"MasterReality","floor":33.0},{"not_picked":["InnerPeace","SashWhip+1","WreathOfFlame"],"picked":"SKIP","floor":35.0},{"not_picked":["FlyingSleeves","BowlingBash+1"],"picked":"FlurryOfBlows+1","floor":36.0},{"not_picked":["EmptyBody+1","ClearTheMind","Crescendo+1"],"picked":"SKIP","floor":39.0},{"not_picked":["Pray","Vengeance"],"picked":"Adaptation","floor":41.0},{"not_picked":["Wireheading+1","Study+1"],"picked":"FlurryOfBlows","floor":44.0},{"not_picked":["ReachHeaven","Protect","Prostrate"],"picked":"SKIP","floor":47.0},{"not_picked":["Tantrum+1","BattleHymn+1","Nirvana+1"],"picked":"SKIP","floor":55.0}],"player_experience":632514,"relics_obtained":[{"floor":6.0,"key":"InkBottle"},{"floor":7.0,"key":"Pen Nib"},{"floor":9.0,"key":"Vajra"},{"floor":10.0,"key":"Toy Ornithopter"},{"floor":13.0,"key":"HornCleat"},{"floor":15.0,"key":"Thread and Needle"},{"floor":21.0,"key":"Red Mask"},{"floor":22.0,"key":"Potion Belt"},{"floor":23.0,"key":"Bronze Scales"},{"floor":26.0,"key":"CeramicFish"},{"floor":30.0,"key":"Happy Flower"},{"floor":32.0,"key":"CaptainsWheel"},{"floor":36.0,"key":"WingedGreaves"},{"floor":40.0,"key":"Eternal Feather"},{"floor":41.0,"key":"Ornamental Fan"},{"floor":42.0,"key":"Bottled Lightning"},{"floor":43.0,"key":"Frozen Egg 2"},{"floor":44.0,"key":"Bag of Preparation"},{"floor":45.0,"key":"Mango"},{"floor":47.0,"key":"MawBank"},{"floor":53.0,"key":"Sundial"},{"floor":55.0,"key":"Blood Vial"}],"event_choices":[{"damage_healed":0.0,"max_hp_gain":0.0,"max_hp_loss":0.0,"gold_gain":0.0,"event_name":"Upgrade Shrine","player_choice":"Upgraded","floor":2.0,"gold_loss":0.0,"damage_taken":0.0,"cards_upgraded":["Eruption"]},{"cards_removed":["Defend_P"],"damage_healed":0.0,"max_hp_gain":0.0,"max_hp_loss":0.0,"gold_gain":0.0,"event_name":"The Cleric","player_choice":"Card Removal","floor":8.0,"gold_loss":75.0,"damage_taken":0.0},{"damage_healed":0.0,"max_hp_gain":0.0,"max_hp_loss":0.0,"gold_gain":0.0,"event_name":"Scrap Ooze","player_choice":"Fled","floor":12.0,"gold_loss":0.0,"damage_taken":0.0},{"damage_healed":0.0,"max_hp_gain":0.0,"max_hp_loss":0.0,"gold_gain":0.0,"event_name":"Addict","player_choice":"Obtained Relic","floor":19.0,"gold_loss":85.0,"damage_taken":0.0,"relics_obtained":["Mummified Hand"]},{"damage_healed":0.0,"max_hp_gain":0.0,"max_hp_loss":0.0,"gold_gain":0.0,"event_name":"Masked Bandits","player_choice":"Fought Bandits","floor":21.0,"gold_loss":0.0,"damage_taken":0.0},{"damage_healed":0.0,"max_hp_gain":0.0,"max_hp_loss":0.0,"gold_gain":0.0,"event_name":"MindBloom","player_choice":"Fight","floor":36.0,"gold_loss":0.0,"damage_taken":0.0},{"cards_removed":["FlurryOfBlows"],"damage_healed":0.0,"max_hp_gain":0.0,"max_hp_loss":0.0,"gold_gain":0.0,"event_name":"Falling","player_choice":"Removed Attack","floor":37.0,"gold_loss":0.0,"damage_taken":0.0}],"is_beta":false,"boss_relics":[{"not_picked":["Cursed Key","Snecko Eye"],"picked":"VioletLotus"},{"not_picked":["Tiny House","Philosopher\u0027s Stone"],"picked":"Fusion Hammer"}],"items_purged_floors":[5,38,46,48],"is_endless":false,"potions_floor_spawned":[3,13,14,16,21,27,28,33,39,41,44,47],"ascension_level":20}}