{"host":"3wps2nnp5p35rs1t","time":1614370441,"event":{"mods":["BaseMod","Better Third Choice","Colored Map","Minty Spire (QoL Compilation)","StSLib"],"gold_per_floor":[115,134,134,149,5,5,35,45,126,152,152,162,194,194,194,270,270,282,282,299,311,331,364,364,390,415,41,54,54,54],"floor_reached":29,"language":"ENG","playtime":1724,"items_purged":["Strike_P","Defend_P"],"score":586,"play_id":"5d18c468-fd79-43c1-bc1d-b5fd3becbef8","local_time":"20210226201401","is_ascension_mode":true,"campfire_choices":[{"data":"TalkToTheHand","floor":6.0,"key":"SMITH"},{"data":"1","floor":11.0,"key":"LIFT"},{"data":"2","floor":15.0,"key":"LIFT"},{"floor":24,"key":"REST"}],"circlet_count":0,"master_deck":["AscendersBane","Strike_P+1","Strike_P","Defend_P","Defend_P","Defend_P","Eruption","Vigilance","CarveReality","Consecrate","WheelKick","TalkToTheHand+1","Protect","FlyingSleeves+1","Meditate","Protect","Omniscience","Fasting2+1","EmptyFist+1","FearNoEvil","Tantrum","ReachHeaven","DevaForm"],"relics":["Velvet Choker","Girya","PreservedInsect","Oddly Smooth Stone","VioletLotus","Dead Branch","Prayer Wheel","Whetstone","Anchor"],"acts_visited":["Exordium","TheCity"],"potions_floor_usage":[23,23,28],"damage_taken":[{"damage":0.0,"enemies":"2 Louse","floor":1.0,"turns":2.0},{"damage":0.0,"enemies":"Cultist","floor":2.0,"turns":3.0},{"damage":0.0,"enemies":"Small Slimes","floor":4.0,"turns":3.0},{"damage":0.0,"enemies":"Lagavulin","floor":7.0,"turns":4.0},{"damage":0.0,"enemies":"Gremlin Gang","floor":8.0,"turns":1.0},{"damage":1.0,"enemies":"3 Sentries","floor":10.0,"turns":6.0},{"damage":5.0,"enemies":"Lots of Slimes","floor":12.0,"turns":3.0},{"damage":3.0,"enemies":"Gremlin Nob","floor":13.0,"turns":3.0},{"damage":10.0,"enemies":"The Guardian","floor":16.0,"turns":9.0},{"damage":8.0,"enemies":"3 Byrds","floor":18.0,"turns":4.0},{"damage":28.0,"enemies":"2 Thieves","floor":20.0,"turns":4.0},{"damage":6,"enemies":"Cultist and Chosen","floor":21,"turns":5},{"damage":0,"enemies":"3 Cultists","floor":22,"turns":4},{"damage":0,"enemies":"Book of Stabbing","floor":23,"turns":3},{"damage":31,"enemies":"Slavers","floor":25,"turns":5},{"damage":1,"enemies":"Centurion and Healer","floor":28,"turns":2},{"damage":6,"enemies":"Snake Plant","floor":29,"turns":2}],"seed_played":"-9177209418530490470","potions_obtained":[{"floor":1.0,"key":"CultistPotion"},{"floor":4.0,"key":"SneckoOil"},{"floor":7.0,"key":"SkillPotion"},{"floor":13.0,"key":"StancePotion"},{"floor":16.0,"key":"Energy Potion"},{"floor":20.0,"key":"Strength Potion"}],"is_trial":false,"path_per_floor":["M","M","?","M","$","R","E","M","T","E","R","M","E","?","R","B",null,"M","?","M","M","M","E","R","E","T","$","M","M"],"character_chosen":"WATCHER","items_purchased":["TalkToTheHand","Anchor","Energy Potion","StancePotion"],"campfire_rested":1,"item_purchase_floors":[5,27,27,27],"current_hp_per_floor":[61,61,61,61,61,61,61,61,61,60,60,55,52,68,68,58,66,58,48,20,14,14,14,34,3,3,3,2,0,0],"gold":54,"neow_bonus":"BOSS_RELIC","is_daily":false,"chose_seed":false,"campfire_upgraded":1,"win_rate":0.0,"timestamp":1614370441,"path_taken":["M","M","?","M","$","R","E","?","T","E","R","M","E","?","R","BOSS","M","?","?","M","?","E","R","E","T","$","M","M"],"items_purchased_type":["Card","Relic","Potion","Potion"],"build_version":"2020-12-22","purchased_purges":2,"victory":false,"max_hp_per_floor":[68,68,68,68,68,68,68,68,68,68,68,68,68,68,68,68,68,68,68,68,68,68,68,68,68,68,68,68,68,68],"card_choices":[{"not_picked":["Conclude","Evaluate"],"picked":"CarveReality","floor":1.0},{"not_picked":["FlyingSleeves","FollowUp"],"picked":"Consecrate","floor":2.0},{"not_picked":["Worship","Halt"],"picked":"WheelKick","floor":4.0},{"not_picked":["ForeignInfluence","Worship","Indignation"],"picked":"SKIP","floor":7.0},{"not_picked":["PathToVictory","FlyingSleeves"],"picked":"Protect","floor":8.0},{"not_picked":["LikeWater","WaveOfTheHand"],"picked":"FlyingSleeves","floor":10.0},{"not_picked":["Alpha","Crescendo"],"picked":"Meditate","floor":12.0},{"not_picked":["SignatureMove","FollowUp"],"picked":"Protect","floor":13.0},{"not_picked":["SpiritShield","Alpha"],"picked":"Omniscience","floor":16.0},{"not_picked":["JustLucky","FlyingSleeves","Consecrate"],"picked":"SKIP","floor":18.0},{"not_picked":["Meditate","Consecrate+1"],"picked":"Fasting2+1","floor":20.0},{"not_picked":["ReachHeaven","CutThroughFate"],"picked":"EmptyFist+1","floor":21},{"not_picked":["FlyingSleeves+1","ClearTheMind"],"picked":"FearNoEvil","floor":22},{"not_picked":["Consecrate","Swivel","FlurryOfBlows"],"picked":"SKIP","floor":23},{"not_picked":["FlurryOfBlows","ClearTheMind+1"],"picked":"Tantrum","floor":25},{"not_picked":["FlyingSleeves","EmptyFist"],"picked":"ReachHeaven","floor":28},{"not_picked":["EmptyFist","FlurryOfBlows"],"picked":"DevaForm","floor":28}],"player_experience":956827,"relics_obtained":[{"floor":7.0,"key":"Girya"},{"floor":10.0,"key":"PreservedInsect"},{"floor":13.0,"key":"Oddly Smooth Stone"},{"floor":23,"key":"Dead Branch"},{"floor":25,"key":"Prayer Wheel"},{"floor":26,"key":"Whetstone"}],"event_choices":[{"cards_removed":["Strike_P"],"damage_healed":0.0,"max_hp_gain":0.0,"max_hp_loss":0.0,"gold_gain":0.0,"event_name":"Purifier","player_choice":"Purged","floor":3.0,"gold_loss":0.0,"damage_taken":0.0},{"damage_healed":22.0,"max_hp_gain":0.0,"max_hp_loss":0.0,"gold_gain":0.0,"event_name":"Big Fish","player_choice":"Banana","floor":14.0,"gold_loss":0.0,"damage_taken":0.0},{"damage_healed":0.0,"max_hp_gain":0.0,"max_hp_loss":0.0,"gold_gain":0.0,"event_name":"Wheel of Change","player_choice":"Damaged","floor":19.0,"gold_loss":0.0,"damage_taken":10.0}],"is_beta":false,"boss_relics":[{"not_picked":["Fusion Hammer","Ectoplasm"],"picked":"VioletLotus"}],"items_purged_floors":[5,27],"is_endless":false,"potions_floor_spawned":[1,4,7,13,16,20,21],"killed_by":"Snake Plant","ascension_level":15}}