{"host":"Pascal","time":1614364068,"event":{"mods":["BaseMod","Googly Eyes","Minty Spire (QoL Compilation)","Permanent Neow","Relic Stats","StSLib"],"gold_per_floor":[112,45,60,60,60,95,95,128,153,153,183,200,216,229,229,325,325,338,355,371,117,117,117,148,161,161,260,293,304,318,331,331,434,434,451,468,378,391,391,391],"floor_reached":39,"language":"ENG","playtime":2440,"items_purged":["Strike_B+1"],"score":550,"play_id":"26b244db-7a43-4707-9935-0823ebd62e88","local_time":"20210226192748","is_ascension_mode":true,"campfire_choices":[{"data":"Darkness","floor":7,"key":"SMITH"},{"floor":10,"key":"REST"},{"data":"Dualcast","floor":15,"key":"SMITH"},{"floor":23,"key":"REST"},{"data":"Defend_B","floor":32,"key":"SMITH"}],"circlet_count":0,"master_deck":["Defend_B","Defend_B","Defend_B","Defend_B+1","Zap+1","Dualcast+1","Sweeping Beam","Darkness+1","Leap","Redo","Seek","Doom and Gloom","Good Instincts","Necronomicurse","Genetic Algorithm","Capacitor+1"],"relics":["Busted Crown","Regal Pillow","Vajra","Akabeko","Bag of Preparation","Empty Cage","Membership Card","Necronomicon","Gremlin Horn","Cables","Red Mask","Black Star"],"acts_visited":["Exordium","TheCity","TheBeyond"],"potions_floor_usage":[6,16,31,33,36,38,39],"damage_taken":[{"damage":2,"enemies":"Jaw Worm","floor":1,"turns":3},{"damage":1,"enemies":"Cultist","floor":3,"turns":4},{"damage":7,"enemies":"Lagavulin","floor":6,"turns":8},{"damage":12,"enemies":"3 Sentries","floor":8,"turns":8},{"damage":6,"enemies":"Gremlin Nob","floor":11,"turns":3},{"damage":0,"enemies":"2 Louse","floor":12,"turns":1},{"damage":0,"enemies":"Large Slime","floor":13,"turns":2},{"damage":0,"enemies":"3 Louse","floor":14,"turns":1},{"damage":5,"enemies":"The Guardian","floor":16,"turns":8},{"damage":0,"enemies":"Spheric Guardian","floor":18,"turns":1},{"damage":14,"enemies":"2 Thieves","floor":19,"turns":4},{"damage":15,"enemies":"Snake Plant","floor":20,"turns":3},{"damage":0,"enemies":"Gremlin Leader","floor":24,"turns":4},{"damage":12,"enemies":"Centurion and Healer","floor":25,"turns":3},{"damage":0,"enemies":"Masked Bandits","floor":28,"turns":1},{"damage":0,"enemies":"Chosen and Byrds","floor":29,"turns":3},{"damage":0,"enemies":"Cultist and Chosen","floor":30,"turns":3},{"damage":8,"enemies":"Snake Plant","floor":31,"turns":3},{"damage":0,"enemies":"Collector","floor":33,"turns":4},{"damage":3,"enemies":"Orb Walker","floor":35,"turns":2},{"damage":51,"enemies":"3 Shapes","floor":36,"turns":5},{"damage":14,"enemies":"Transient","floor":38,"turns":5},{"damage":37,"enemies":"4 Shapes","floor":39,"turns":3}],"seed_played":"-3223782520349226038","potions_obtained":[{"floor":3,"key":"DistilledChaos"},{"floor":8,"key":"Explosive Potion"},{"floor":12,"key":"EssenceOfSteel"},{"floor":14,"key":"Block Potion"},{"floor":18,"key":"ColorlessPotion"},{"floor":33,"key":"FocusPotion"},{"floor":35,"key":"Weak Potion"},{"floor":38,"key":"Regen Potion"}],"is_trial":false,"path_per_floor":["M","$","M","?","T","E","R","E","T","R","E","M","M","M","R","B",null,"M","M","M","$","?","R","E","M","T","?","?","M","M","M","R","B",null,"M","M","?","M","M"],"character_chosen":"DEFECT","items_purchased":["Darkness","Membership Card","Doom and Gloom","Good Instincts"],"campfire_rested":2,"item_purchase_floors":[2,21,21,21],"current_hp_per_floor":[73,73,72,57,57,50,50,38,38,75,69,69,69,69,69,64,75,75,61,46,46,30,67,67,55,55,55,55,55,55,47,47,47,75,72,21,21,7,0,0],"gold":391,"neow_bonus":"BOSS_RELIC","is_daily":false,"chose_seed":false,"campfire_upgraded":3,"win_rate":0.0,"timestamp":1614364068,"path_taken":["M","$","M","?","?","E","R","E","T","R","E","M","?","M","R","BOSS","M","?","M","$","?","R","E","M","T","?","?","M","?","M","R","BOSS","M","M","?","M","M"],"items_purchased_type":["Card","Relic","Card","Card"],"build_version":"2020-12-18","purchased_purges":1,"victory":false,"max_hp_per_floor":[75,75,75,75,75,75,75,75,75,75,75,75,75,75,75,75,75,75,75,75,75,75,75,75,75,75,75,75,75,75,75,75,75,75,75,75,75,75,75,75],"relic_stats":{"Regal Pillow":30,"Busted Crown":44,"Gremlin Horn":[8,8],"counters":[23,82],"Bag of Preparation":[36],"Necronomicon":[16],"Black Star":0,"obtain_stats":[{"Regal Pillow":5,"Gremlin Horn":24,"Vajra":6,"Bag of Preparation":11,"Empty Cage":17,"Akabeko":8,"Cables":26,"Busted Crown":0,"Necronomicon":22,"Red Mask":28,"Black Star":34,"Membership Card":21,"Cracked Core":0},{"Regal Pillow":2,"Gremlin Horn":13,"Vajra":3,"Bag of Preparation":5,"Empty Cage":9,"Akabeko":4,"Cables":14,"Busted Crown":0,"Necronomicon":12,"Red Mask":15,"Black Star":19,"Membership Card":12,"Cracked Core":0},{"Regal Pillow":7,"Gremlin Horn":50,"Vajra":15,"Bag of Preparation":26,"Empty Cage":38,"Akabeko":23,"Cables":53,"Busted Crown":0,"Necronomicon":46,"Red Mask":54,"Black Star":67,"Membership Card":46,"Cracked Core":0}],"Cables":[27,4,0,23,0]},"card_choices":[{"not_picked":[],"picked":"Sweeping Beam","floor":1},{"not_picked":[],"picked":"Leap","floor":3},{"not_picked":["Scrape"],"picked":"SKIP","floor":6},{"not_picked":["Compile Driver"],"picked":"SKIP","floor":8},{"not_picked":[],"picked":"Redo","floor":11},{"not_picked":["Rip and Tear"],"picked":"SKIP","floor":12},{"not_picked":["Barrage"],"picked":"SKIP","floor":13},{"not_picked":["Reprogram"],"picked":"SKIP","floor":14},{"not_picked":[],"picked":"Seek","floor":16},{"not_picked":["Streamline+1"],"picked":"SKIP","floor":18},{"not_picked":["Hello World"],"picked":"SKIP","floor":19},{"not_picked":["Chill"],"picked":"SKIP","floor":20},{"not_picked":[],"picked":"Genetic Algorithm","floor":24},{"not_picked":["Rebound"],"picked":"SKIP","floor":25},{"not_picked":["Go for the Eyes"],"picked":"SKIP","floor":29},{"not_picked":["Ball Lightning+1"],"picked":"SKIP","floor":30},{"not_picked":["Steam"],"picked":"SKIP","floor":31},{"not_picked":[],"picked":"Capacitor+1","floor":35},{"not_picked":["Aggregate+1"],"picked":"SKIP","floor":36},{"not_picked":["Ball Lightning+1"],"picked":"SKIP","floor":38}],"player_experience":216658,"relics_obtained":[{"floor":5,"key":"Regal Pillow"},{"floor":6,"key":"Vajra"},{"floor":8,"key":"Akabeko"},{"floor":11,"key":"Bag of Preparation"},{"floor":22,"key":"Necronomicon"},{"floor":24,"key":"Gremlin Horn"},{"floor":26,"key":"Cables"},{"floor":28,"key":"Red Mask"}],"event_choices":[{"damage_healed":0,"gold_gain":0,"player_choice":"Entered Light","damage_taken":15,"max_hp_gain":0,"max_hp_loss":0,"event_name":"Shining Light","floor":4,"gold_loss":0,"cards_upgraded":["Strike_B","Strike_B"]},{"damage_healed":0,"gold_gain":0,"player_choice":"Obtained Book","damage_taken":16,"max_hp_gain":0,"max_hp_loss":0,"event_name":"Cursed Tome","floor":22,"gold_loss":0},{"damage_healed":0,"gold_gain":99,"player_choice":"Stole From Cult","damage_taken":0,"max_hp_gain":0,"max_hp_loss":0,"event_name":"Nest","floor":27,"gold_loss":0},{"damage_healed":0,"gold_gain":0,"player_choice":"Fought Bandits","damage_taken":0,"max_hp_gain":0,"max_hp_loss":0,"event_name":"Masked Bandits","floor":28,"gold_loss":0},{"cards_removed":["Strike_B"],"damage_healed":0,"gold_gain":0,"player_choice":"Upgrade and Remove","damage_taken":0,"max_hp_gain":0,"max_hp_loss":0,"event_name":"Designer","floor":37,"gold_loss":90,"cards_upgraded":["Zap"]}],"is_beta":true,"boss_relics":[{"not_picked":["Pandora\u0027s Box","Tiny House"],"picked":"Empty Cage"},{"not_picked":["Coffee Dripper","Runic Pyramid"],"picked":"Black Star"}],"items_purged_floors":[21],"is_endless":false,"potions_floor_spawned":[3,8,12,14,18,24,29,33,35,38],"killed_by":"4 Shapes","ascension_level":2}}