{"host":"m3c0hcu68vg5djud","time":1614363654,"event":{"mods":["AchievementEnabler","BaseMod","Colored Map","Colored Powertips","Minty Spire (QoL Compilation)","Quick Restart","Relic Stats","StSLib","The Bug Knight","The Cursed","The Servant 0.9.4"],"gold_per_floor":[113,113,113,128,139,139,139],"floor_reached":6,"language":"ENG","playtime":303,"items_purged":[],"score":36,"play_id":"a03b6b30-d9e5-4418-95f7-6d15589986ad","local_time":"20210226122054","is_ascension_mode":false,"campfire_choices":[],"circlet_count":0,"master_deck":["Strike_S","Strike_S","Strike_S","Strike_S","Defend_S","Defend_S","Defend_S","Defend_S","KidneyShot","Exchange","Rearm","Defy","Ricochet"],"relics":["Uniform","NeowsBlessing"],"acts_visited":["Exordium"],"potions_floor_usage":[],"damage_taken":[{"damage":0,"enemies":"2 Louse","floor":1,"turns":2},{"damage":0,"enemies":"Small Slimes","floor":4,"turns":1},{"damage":0,"enemies":"Cultist","floor":5,"turns":1},{"damage":65,"enemies":"Gremlin Nob","floor":6,"turns":6}],"seed_played":"-5830357762123942203","potions_obtained":[{"floor":3,"key":"LiquidBronze"},{"floor":3,"key":"DistilledChaos"},{"floor":3,"key":"SneckoOil"}],"is_trial":false,"path_per_floor":["M","?","?","M","M","E"],"character_chosen":"THE_SERVANT","items_purchased":[],"campfire_rested":0,"item_purchase_floors":[],"current_hp_per_floor":[65,65,65,65,65,0,0],"gold":139,"neow_bonus":"THREE_ENEMY_KILL","is_daily":false,"chose_seed":false,"campfire_upgraded":0,"win_rate":0.0,"timestamp":1614363654,"path_taken":["M","?","?","M","M","E"],"items_purchased_type":[],"build_version":"2020-12-22","purchased_purges":0,"victory":false,"max_hp_per_floor":[65,65,65,65,65,65,65],"relic_stats":{"counters":[4,10],"obtain_stats":[{"NeowsBlessing":0,"Uniform":0},{"NeowsBlessing":0,"Uniform":0},{"NeowsBlessing":0,"Uniform":0}]},"card_choices":[{"not_picked":["Defy","Collapse"],"picked":"Rearm","floor":1},{"not_picked":["Rewind","ShatteredReality"],"picked":"Defy","floor":4},{"not_picked":["FastForward","Gouge"],"picked":"Ricochet","floor":5}],"player_experience":15850,"relics_obtained":[],"event_choices":[{"damage_healed":0,"gold_gain":0,"player_choice":"Leave","damage_taken":0,"max_hp_gain":0,"max_hp_loss":0,"event_name":"The Cleric","floor":2,"gold_loss":0},{"damage_healed":0,"gold_gain":0,"player_choice":"Got Potions","damage_taken":0,"max_hp_gain":0,"max_hp_loss":0,"event_name":"Lab","floor":3,"gold_loss":0}],"is_beta":false,"boss_relics":[],"items_purged_floors":[],"is_endless":false,"potions_floor_spawned":[4],"killed_by":"Gremlin Nob","ascension_level":0}}