{"host":"5h6e4l6hpn0p5lap","time":1614366111,"event":{"mods":["AchievementEnabler","BaseMod","Better Altar","Better Match","Better Sensory Stone","Better Skull","Better Third Choice","Colored Map","Filter the Spire","Minty Spire (QoL Compilation)","StSLib"],"gold_per_floor":[33,69,106,144,144,179,179,213,236,279,288,288,28,72,72,198,198,223,251,291,116,116,116],"floor_reached":22,"language":"ENG","playtime":805,"items_purged":["Pain","Strike_B"],"score":285,"play_id":"bb82ebc1-27b1-4928-9c6b-c7edcba1eb08","local_time":"20210226140151","is_ascension_mode":true,"campfire_choices":[{"floor":7,"key":"REST"},{"floor":15,"key":"REST"}],"circlet_count":0,"master_deck":["AscendersBane","Strike_B","Strike_B","Defend_B","Defend_B","Defend_B","Defend_B","Zap","Dualcast","HandOfGreed","Gash","Ball Lightning","Rebound","Machine Learning","Beam Cell","Go for the Eyes","Leap","Coolheaded","Turbo","Chill","Biased Cognition","Compile Driver","Conserve Battery","Leap","Melter","Coolheaded"],"relics":["Cracked Core","Juzu Bracelet","CeramicFish","WarpedTongs","Mummified Hand","Medical Kit","Inserter"],"acts_visited":["Exordium","TheCity"],"potions_floor_usage":[6,8,18,19],"damage_taken":[{"damage":1,"enemies":"Cultist","floor":1,"turns":3},{"damage":7,"enemies":"Jaw Worm","floor":2,"turns":3},{"damage":2,"enemies":"2 Louse","floor":3,"turns":2},{"damage":13,"enemies":"Red Slaver","floor":4,"turns":3},{"damage":7,"enemies":"3 Louse","floor":6,"turns":3},{"damage":21,"enemies":"Gremlin Nob","floor":8,"turns":4},{"damage":11,"enemies":"Exordium Thugs","floor":10,"turns":4},{"damage":0,"enemies":"Red Slaver","floor":14,"turns":2},{"damage":5,"enemies":"The Guardian","floor":16,"turns":11},{"damage":11,"enemies":"Spheric Guardian","floor":18,"turns":4},{"damage":19,"enemies":"2 Thieves","floor":19,"turns":5},{"damage":21,"enemies":"Snecko","floor":20,"turns":6},{"damage":5,"enemies":"Centurion and Healer","floor":22,"turns":1}],"seed_played":"3094916385681340097","potions_obtained":[{"floor":1,"key":"Fire Potion"},{"floor":4,"key":"Strength Potion"},{"floor":14,"key":"SkillPotion"},{"floor":18,"key":"Explosive Potion"}],"is_trial":false,"path_per_floor":["M","M","M","M","?","M","R","E","T","M","?","T","$","M","R","B",null,"M","M","M","$","M"],"character_chosen":"DEFECT","items_purchased":["Medical Kit","Turbo","Melter","Coolheaded"],"campfire_rested":2,"item_purchase_floors":[13,13,21,21],"current_hp_per_floor":[67,60,58,45,45,38,60,39,39,28,28,28,28,28,50,45,68,57,38,17,17,12,12],"gold":116,"neow_bonus":"RANDOM_COLORLESS_2","is_daily":false,"chose_seed":false,"campfire_upgraded":0,"win_rate":0.0,"timestamp":1614366111,"path_taken":["M","?","M","M","?","M","R","E","T","M","?","?","$","M","R","BOSS","M","M","M","$","M"],"items_purchased_type":["Relic","Card","Card","Card"],"build_version":"2020-12-22","purchased_purges":2,"victory":false,"max_hp_per_floor":[75,75,75,75,75,75,75,75,75,75,75,75,75,75,75,75,75,75,75,75,75,75,75],"card_choices":[{"not_picked":["Sadistic Nature","Magnetism"],"picked":"HandOfGreed","floor":0},{"not_picked":["Rebound","White Noise"],"picked":"Gash","floor":1},{"not_picked":["Hello World","Hologram"],"picked":"Ball Lightning","floor":2},{"not_picked":["Tempest","Streamline"],"picked":"Rebound","floor":3},{"not_picked":["Streamline","Steam"],"picked":"Machine Learning","floor":4},{"not_picked":["Rip and Tear","Beam Cell"],"picked":"Go for the Eyes","floor":6},{"not_picked":["Rip and Tear","Hologram"],"picked":"Leap","floor":8},{"not_picked":["Compile Driver","Blizzard"],"picked":"Coolheaded","floor":10},{"not_picked":["Turbo","Aggregate"],"picked":"Chill","floor":14},{"not_picked":["Multi-Cast","Rainbow"],"picked":"Biased Cognition","floor":16},{"not_picked":["Steam Power","Rebound"],"picked":"Compile Driver","floor":18},{"not_picked":["Go for the Eyes","Turbo"],"picked":"Conserve Battery","floor":19},{"not_picked":["Redo","Undo+1"],"picked":"Leap","floor":20}],"player_experience":1176357,"relics_obtained":[{"floor":8,"key":"Juzu Bracelet"},{"floor":9,"key":"CeramicFish"},{"floor":12,"key":"Mummified Hand"}],"event_choices":[{"damage_healed":0,"gold_gain":0,"cards_transformed":["Strike_B"],"player_choice":"Transformed","damage_taken":0,"max_hp_gain":0,"max_hp_loss":0,"event_name":"Transmorgrifier","floor":5,"gold_loss":0,"cards_obtained":["Beam Cell"]},{"damage_healed":0,"gold_gain":0,"player_choice":"Rummage","damage_taken":0,"relics_obtained":["WarpedTongs"],"max_hp_gain":0,"max_hp_loss":0,"event_name":"Accursed Blacksmith","floor":11,"gold_loss":0,"cards_obtained":["Pain"]}],"is_beta":false,"boss_relics":[{"not_picked":["Calling Bell","Coffee Dripper"],"picked":"Inserter"}],"items_purged_floors":[13,21],"is_endless":false,"potions_floor_spawned":[1,4,14,18],"killed_by":"Centurion and Healer","ascension_level":10}}