{"host":"dtipo12tscmg0mau","time":1614376298,"event":{"mods":["AchievementEnabler","BaseMod","Colored Map","Colored Powertips","Minty Spire (QoL Compilation)","Quick Restart","Random Character Button","StSLib","SuperFastMode"],"gold_per_floor":[216,216,233,247,261,294,307,337,387,398,398,398,430,449,449,550,550,568,0,16,31,121,150,150,180,205,220,319,319,332,346,346,451,451,464,26,301,312,322,351,366,378,401,401,401],"floor_reached":44,"language":"ENG","playtime":1789,"items_purged":["Regret"],"score":887,"play_id":"154f5403-fd98-4a74-b4c6-52ee76320b23","local_time":"20210226165138","is_ascension_mode":true,"campfire_choices":[{"floor":11,"key":"REST"},{"data":"Seeing Red","floor":15,"key":"SMITH"},{"floor":24,"key":"REST"},{"data":"Pommel Strike","floor":29,"key":"SMITH"},{"floor":32,"key":"REST"}],"circlet_count":0,"master_deck":["Strike_R","Strike_R","Strike_R","Strike_R","Strike_R","Defend_R","Defend_R+1","Defend_R","Defend_R","Bash","Pummel","Pummel","Uppercut","Perfected Strike","Seeing Red+1","Power Through","Anger","Flex","Parasite","Dropkick","Pommel Strike+1","Immolate","Flex+1","Inflame","Reaper","Cleave","Hemokinesis","Clash+1","Berserk","Flex","Thunderclap+1","Immolate","Cleave+1","Demon Form","Disarm","Regret","Infernal Blade+1","Flex+1"],"relics":["Burning Blood","Darkstone Periapt","Pear","Self Forming Clay","Pen Nib","Oddly Smooth Stone","Runic Cube","StrikeDummy","Red Skull","War Paint","Pantograph","Bronze Scales","Busted Crown","Nunchaku","Bottled Lightning","Centennial Puzzle"],"acts_visited":["TheCity","TheBeyond"],"potions_floor_usage":[8,13,16,23,25,25,33,40,40,44],"damage_taken":[{"damage":7,"enemies":"Small Slimes","floor":1,"turns":4},{"damage":15,"enemies":"2 Louse","floor":3,"turns":3},{"damage":3,"enemies":"Cultist","floor":4,"turns":3},{"damage":15,"enemies":"3 Louse","floor":5,"turns":3},{"damage":51,"enemies":"3 Sentries","floor":6,"turns":8},{"damage":12,"enemies":"2 Fungi Beasts","floor":7,"turns":3},{"damage":15,"enemies":"Gremlin Nob","floor":8,"turns":3},{"damage":15,"enemies":"Lots of Slimes","floor":10,"turns":4},{"damage":18,"enemies":"Lagavulin","floor":13,"turns":4},{"damage":11,"enemies":"Red Slaver","floor":14,"turns":2},{"damage":24,"enemies":"Slime Boss","floor":16,"turns":10},{"damage":27,"enemies":"Shell Parasite","floor":18,"turns":5},{"damage":25,"enemies":"Spheric Guardian","floor":20,"turns":4},{"damage":13,"enemies":"Snake Plant","floor":21,"turns":2},{"damage":34,"enemies":"Book of Stabbing","floor":23,"turns":4},{"damage":36,"enemies":"Slavers","floor":25,"turns":2},{"damage":3,"enemies":"Centurion and Healer","floor":27,"turns":4},{"damage":30,"enemies":"Sentry and Sphere","floor":30,"turns":4},{"damage":6,"enemies":"3 Cultists","floor":31,"turns":3},{"damage":107,"enemies":"Automaton","floor":33,"turns":8},{"damage":16,"enemies":"3 Shapes","floor":35,"turns":2},{"damage":10,"enemies":"Orb Walker","floor":38,"turns":2},{"damage":10,"enemies":"Jaw Worm Horde","floor":39,"turns":2},{"damage":74,"enemies":"Reptomancer","floor":40,"turns":5},{"damage":36,"enemies":"3 Darklings","floor":41,"turns":3},{"damage":14,"enemies":"4 Shapes","floor":42,"turns":3},{"damage":65,"enemies":"Giant Head","floor":44,"turns":6}],"seed_played":"-563148171489640998","potions_obtained":[{"floor":1,"key":"LiquidMemories"},{"floor":3,"key":"SteroidPotion"},{"floor":5,"key":"AttackPotion"},{"floor":8,"key":"CultistPotion"},{"floor":13,"key":"SteroidPotion"},{"floor":16,"key":"Energy Potion"},{"floor":21,"key":"SteroidPotion"},{"floor":27,"key":"Energy Potion"},{"floor":30,"key":"DuplicationPotion"},{"floor":33,"key":"SneckoOil"},{"floor":38,"key":"GamblersBrew"}],"is_trial":false,"path_per_floor":["M","?","M","M","M","E","M","E","T","M","R","?","E","M","R","B",null,"M","$","M","M","?","E","R","E","T","M","?","R","M","M","R","B",null,"M","$","?","M","M","E","M","M","T","E"],"character_chosen":"IRONCLAD","items_purchased":["StrikeDummy","Inflame","Red Skull","Reaper","Demon Form","Nunchaku","Disarm"],"campfire_rested":3,"item_purchase_floors":[19,19,19,19,36,36,36],"current_hp_per_floor":[79,85,76,79,70,35,29,20,20,11,39,69,57,52,52,34,102,81,81,62,55,43,15,45,53,53,56,56,56,32,44,74,16,102,92,92,98,94,90,60,30,22,22,0,0],"gold":401,"neow_bonus":"HUNDRED_GOLD","is_daily":false,"chose_seed":false,"campfire_upgraded":2,"win_rate":0.0,"timestamp":1614376298,"path_taken":["M","?","M","M","M","E","M","E","T","M","R","?","E","M","R","BOSS","M","$","M","M","?","E","R","E","T","?","?","R","M","M","R","BOSS","M","$","?","M","M","E","?","M","T","E"],"items_purchased_type":["Relic","Card","Relic","Card","Card","Relic","Card"],"build_version":"2020-12-22","purchased_purges":1,"victory":false,"max_hp_per_floor":[80,86,86,86,86,96,96,96,96,96,96,102,102,102,102,102,102,102,102,102,102,102,102,102,102,102,102,102,102,102,102,102,102,102,102,102,108,108,108,108,108,108,108,108,108],"card_choices":[{"not_picked":["Evolve","Rage"],"picked":"Pummel","floor":1},{"not_picked":["Wild Strike","Body Slam"],"picked":"Pummel","floor":3},{"not_picked":["Body Slam","Flex"],"picked":"Uppercut","floor":4},{"not_picked":["True Grit","Battle Trance"],"picked":"Perfected Strike","floor":5},{"not_picked":["Reckless Charge","Havoc"],"picked":"Seeing Red","floor":6},{"not_picked":["Evolve","Havoc"],"picked":"Power Through","floor":7},{"not_picked":["Shrug It Off","Armaments"],"picked":"Anger","floor":8},{"not_picked":["Headbutt","Armaments"],"picked":"Flex","floor":10},{"not_picked":["Heavy Blade","True Grit"],"picked":"Dropkick","floor":13},{"not_picked":["Brutality","Wild Strike"],"picked":"Pommel Strike","floor":14},{"not_picked":["Brutality","Limit Break"],"picked":"Immolate","floor":16},{"not_picked":["Sword Boomerang","True Grit"],"picked":"Flex","floor":18},{"not_picked":["Sword Boomerang","Searing Blow"],"picked":"Cleave","floor":20},{"not_picked":["Thunderclap","Flex"],"picked":"Hemokinesis","floor":21},{"not_picked":["Warcry","Havoc"],"picked":"Clash+1","floor":23},{"not_picked":["Sever Soul","Entrench"],"picked":"Berserk","floor":25},{"not_picked":["Sentinel+1","Iron Wave","Havoc"],"picked":"SKIP","floor":27},{"not_picked":["Cleave","True Grit"],"picked":"Flex","floor":30},{"not_picked":["Combust","Intimidate"],"picked":"Thunderclap+1","floor":31},{"not_picked":["Reaper","Bludgeon"],"picked":"Immolate","floor":33},{"not_picked":[],"picked":"Cleave+1","floor":35},{"not_picked":[],"picked":"Infernal Blade+1","floor":38},{"not_picked":["Searing Blow+1"],"picked":"SKIP","floor":39},{"not_picked":["Clothesline+1"],"picked":"SKIP","floor":40},{"not_picked":["Sentinel"],"picked":"SKIP","floor":41},{"not_picked":[],"picked":"Flex+1","floor":42}],"player_experience":182511,"relics_obtained":[{"floor":6,"key":"Pear"},{"floor":8,"key":"Self Forming Clay"},{"floor":9,"key":"Pen Nib"},{"floor":13,"key":"Oddly Smooth Stone"},{"floor":23,"key":"War Paint"},{"floor":25,"key":"Pantograph"},{"floor":26,"key":"Bronze Scales"},{"floor":40,"key":"Bottled Lightning"},{"floor":43,"key":"Centennial Puzzle"}],"event_choices":[{"damage_healed":0,"gold_gain":0,"player_choice":"Box","damage_taken":0,"relics_obtained":["Darkstone Periapt"],"max_hp_gain":0,"max_hp_loss":0,"event_name":"Big Fish","floor":2,"gold_loss":0,"cards_obtained":["Regret"]},{"damage_healed":24,"gold_gain":0,"player_choice":"Healed and dodged fight","damage_taken":0,"max_hp_gain":0,"max_hp_loss":0,"event_name":"Mushrooms","floor":12,"gold_loss":0,"cards_obtained":["Parasite"]},{"damage_healed":0,"gold_gain":90,"player_choice":"GOLD ","damage_taken":12,"max_hp_gain":0,"max_hp_loss":0,"event_name":"Knowing Skull","floor":22,"potions_obtained":[],"gold_loss":0,"cards_obtained":[]},{"damage_healed":0,"gold_gain":99,"player_choice":"Stole From Cult","damage_taken":0,"max_hp_gain":0,"max_hp_loss":0,"event_name":"Nest","floor":28,"gold_loss":0},{"damage_healed":0,"gold_gain":275,"player_choice":"Desecrate","damage_taken":0,"max_hp_gain":0,"max_hp_loss":0,"event_name":"Golden Shrine","floor":37,"gold_loss":0,"cards_obtained":["Regret"]}],"is_beta":false,"boss_relics":[{"not_picked":["Runic Dome","Astrolabe"],"picked":"Runic Cube"},{"not_picked":["Cursed Key","Pandora\u0027s Box"],"picked":"Busted Crown"}],"items_purged_floors":[36],"is_endless":false,"potions_floor_spawned":[1,3,5,8,13,16,21,27,30,33,38],"killed_by":"Giant Head","ascension_level":4}}