{"host":"dh4nu8nelr2izibb","time":1614315936,"event":{"mods":["BaseMod","Better Skull","Better Third Choice","Card Filter","Card Forge","Curses Come First","Displayed Cursed Tome","Extra Virgin Snecko Oil","HololiveMod","Marisa????????","Minty Spire (QoL Compilation)","Poor People Problems","Quick Restart","Relic Filter","Reliquary","StSLib","The Servant 0.9.4","WarShipGirlsR/????R mod","Yakumo Yukari mod"],"gold_per_floor":[15,27,45,60,160,160,176,176,176,186,68,93,93,93,93,172,172,151,201,201,213,213,213,238,16,16,16,31,42,42,42,42,116,116,129,302,334,366,378,390,427,24,47,64,64,64],"floor_reached":45,"language":"ENG","playtime":1621,"items_purged":["Strike_G"],"score":869,"play_id":"90fa3e73-faa9-4c38-b0a9-dd3e07d365ef","local_time":"20210226000536","is_ascension_mode":true,"campfire_choices":[{"floor":6,"key":"REST"},{"data":"Dagger Spray","floor":8,"key":"SMITH"},{"floor":13,"key":"REST"},{"floor":15,"key":"REST"},{"data":"Deflect","floor":23,"key":"SMITH"},{"data":"Well Laid Plans","floor":27,"key":"SMITH"},{"data":"Footwork","floor":30,"key":"SMITH"},{"floor":32,"key":"REST"},{"floor":40,"key":"REST"}],"circlet_count":0,"master_deck":["AscendersBane","Strike_G+1","Strike_G","Defend_G","Defend_G","Defend_G","Defend_G","Survivor","Neutralize+1","Malaise+1","Prepared","Dagger Spray+1","Quick Slash+1","Footwork+1","Slice","Heel Hook","Flash of Steel","Deflect+1","Endless Agony+1","Storm of Steel","PiercingWail","Backstab+1","Finisher","Trip+1","Dash","Well Laid Plans+1","Footwork+1","Adrenaline","Blade Dance","Blur+1","Calculated Gamble","Finesse"],"relics":["Ring of the Snake","Hammer of Thor","Seething Fire","Anvil of the Gods","Shuriken","Tough Bandages","Potion Belt","Sozu","Smiling Mask","Bottled Lightning","Philosopher\u0027s Stone","MawBank","Ornamental Fan","Prayer Wheel","Whetstone","Nunchaku","Dream Catcher"],"acts_visited":["Exordium","TheCity","TheBeyond"],"potions_floor_usage":[33],"damage_taken":[{"damage":5,"enemies":"Small Slimes","floor":1,"turns":5},{"damage":6,"enemies":"Cultist","floor":2,"turns":5},{"damage":0,"enemies":"2 Louse","floor":3,"turns":2},{"damage":28,"enemies":"Exordium Thugs","floor":4,"turns":7},{"damage":1,"enemies":"2 Fungi Beasts","floor":7,"turns":3},{"damage":1,"enemies":"Looter","floor":10,"turns":4},{"damage":16,"enemies":"Gremlin Nob","floor":12,"turns":4},{"damage":15,"enemies":"The Guardian","floor":16,"turns":10},{"damage":0,"enemies":"2 Thieves","floor":18,"turns":4},{"damage":6,"enemies":"3 Byrds","floor":21,"turns":5},{"damage":1,"enemies":"Gremlin Leader","floor":24,"turns":6},{"damage":15,"enemies":"Sentry and Sphere","floor":28,"turns":6},{"damage":1,"enemies":"Snake Plant","floor":29,"turns":4},{"damage":17,"enemies":"Collector","floor":33,"turns":11},{"damage":0,"enemies":"Orb Walker","floor":35,"turns":2},{"damage":16,"enemies":"3 Darklings","floor":37,"turns":4},{"damage":22,"enemies":"Maw","floor":38,"turns":7},{"damage":0,"enemies":"Mind Bloom Boss Battle","floor":41,"turns":7},{"damage":29,"enemies":"Spire Growth","floor":44,"turns":6}],"seed_played":"4717179261630814268","potions_obtained":[{"floor":4,"key":"FairyPotion"},{"floor":7,"key":"Weak Potion"},{"floor":16,"key":"Energy Potion"}],"is_trial":false,"path_per_floor":["M","M","M","M","?","R","M","R","T","M","$","E","R","?","R","B",null,"M","?","?","M","?","R","E","$","T","R","M","M","R","?","R","B",null,"M","?","M","M","T","R","?","$","T","M","$"],"character_chosen":"THE_SILENT","items_purchased":["Flash of Steel","Deflect","Trip","Dash","Well Laid Plans","Finesse","Whetstone","Nunchaku"],"campfire_rested":5,"item_purchase_floors":[11,11,25,25,25,42,42,42],"current_hp_per_floor":[54,48,48,20,20,39,38,38,38,37,37,21,40,23,42,27,56,56,56,56,50,50,50,49,49,49,49,34,33,33,33,52,35,58,58,27,11,19,19,38,38,38,38,9,9,9],"gold":64,"neow_bonus":"THREE_RARE_CARDS","is_daily":false,"chose_seed":false,"campfire_upgraded":4,"win_rate":0.0,"timestamp":1614315936,"path_taken":["M","M","M","M","?","R","M","R","T","M","?","E","R","?","R","BOSS","M","?","?","?","?","R","E","$","T","R","M","M","R","?","R","BOSS","M","?","M","?","?","R","?","$","T","M","?"],"items_purchased_type":["Card","Card","Card","Card","Card","Card","Relic","Relic"],"build_version":"2020-12-22","purchased_purges":1,"victory":false,"max_hp_per_floor":[66,66,66,66,66,66,66,66,66,66,66,66,66,66,66,66,66,66,66,66,66,66,66,66,66,66,66,66,66,66,66,66,66,66,66,66,66,66,66,66,66,66,66,66,66,66],"card_choices":[{"not_picked":["Corpse Explosion","Storm of Steel"],"picked":"Malaise","floor":0},{"not_picked":["Deadly Poison","Sucker Punch"],"picked":"Prepared","floor":1},{"not_picked":["Slice","Backstab"],"picked":"Dagger Spray","floor":2},{"not_picked":["Caltrops","Endless Agony"],"picked":"Quick Slash","floor":3},{"not_picked":["Blade Dance","Underhanded Strike"],"picked":"Footwork","floor":4},{"not_picked":["Eviscerate","Underhanded Strike"],"picked":"Slice","floor":7},{"not_picked":["Tactician","Backstab"],"picked":"Heel Hook","floor":10},{"not_picked":["Quick Slash","Deflect"],"picked":"Endless Agony","floor":12},{"not_picked":["Wraith Form v2","Doppelganger"],"picked":"Storm of Steel","floor":16},{"not_picked":["Bouncing Flask+1","Choke"],"picked":"PiercingWail","floor":18},{"not_picked":["Underhanded Strike","Flying Knee"],"picked":"Backstab+1","floor":21},{"not_picked":["Eviscerate","Envenom"],"picked":"Finisher","floor":24},{"not_picked":["Well Laid Plans","Footwork","PiercingWail"],"picked":"SKIP","floor":28},{"not_picked":["Well Laid Plans","PiercingWail"],"picked":"Footwork","floor":28},{"not_picked":["Underhanded Strike","Flying Knee","Poisoned Stab"],"picked":"SKIP","floor":29},{"not_picked":["Grand Finale","Bullet Time"],"picked":"Adrenaline","floor":33},{"not_picked":["Well Laid Plans+1","Masterful Stab"],"picked":"Blade Dance","floor":35},{"not_picked":["Concentrate","Prepared+1","Noxious Fumes"],"picked":"SKIP","floor":37},{"not_picked":["Deadly Poison","Tactician"],"picked":"Blur+1","floor":38},{"not_picked":["Expertise","Quick Slash"],"picked":"Calculated Gamble","floor":41},{"not_picked":["Escape Plan+1","Deadly Poison","Unload"],"picked":"SKIP","floor":44},{"not_picked":["Noxious Fumes","Underhanded Strike+1","Slice+1"],"picked":"SKIP","floor":44}],"player_experience":1219035,"relics_obtained":[{"floor":9,"key":"Shuriken"},{"floor":12,"key":"Tough Bandages"},{"floor":24,"key":"Smiling Mask"},{"floor":26,"key":"Bottled Lightning"},{"floor":39,"key":"Ornamental Fan"},{"floor":41,"key":"Prayer Wheel"},{"floor":43,"key":"Dream Catcher"}],"event_choices":[{"damage_healed":0,"gold_gain":100,"player_choice":"Gold","damage_taken":0,"max_hp_gain":0,"max_hp_loss":0,"event_name":"Wheel of Change","floor":5,"gold_loss":0},{"damage_healed":0,"gold_gain":0,"player_choice":"RE ","damage_taken":19,"relics_obtained":["Potion Belt"],"max_hp_gain":0,"max_hp_loss":0,"event_name":"betterSkull:BetterSkull","floor":14,"gold_loss":0,"cards_upgraded":[]},{"damage_healed":0,"gold_gain":50,"player_choice":"Steal","damage_taken":0,"max_hp_gain":0,"max_hp_loss":0,"event_name":"betterThird:BetterNest","floor":19,"gold_loss":0},{"cards_removed":["Strike_G"],"damage_healed":0,"gold_gain":0,"player_choice":"Offered Basic","damage_taken":0,"max_hp_gain":0,"max_hp_loss":0,"event_name":"Bonfire Elementals","floor":20,"gold_loss":0},{"damage_healed":0,"gold_gain":0,"player_choice":"Ignored","damage_taken":0,"max_hp_gain":0,"max_hp_loss":0,"event_name":"Ghosts","floor":22,"gold_loss":0},{"damage_healed":0,"gold_gain":0,"player_choice":"Ignored","damage_taken":0,"max_hp_gain":0,"max_hp_loss":0,"event_name":"Vampires","floor":31,"gold_loss":0},{"damage_healed":0,"gold_gain":173,"player_choice":"RE GO GO ","damage_taken":35,"relics_obtained":["MawBank"],"max_hp_gain":0,"max_hp_loss":0,"event_name":"betterSkull:BetterSkull","floor":36,"gold_loss":0,"cards_upgraded":[]},{"damage_healed":0,"gold_gain":0,"player_choice":"Fight","damage_taken":0,"max_hp_gain":0,"max_hp_loss":0,"event_name":"MindBloom","floor":41,"gold_loss":0}],"is_beta":false,"boss_relics":[{"not_picked":["Hololive_TopUpMoneyS","Busted Crown"],"picked":"Sozu"},{"not_picked":["Calling Bell","Empty Cage"],"picked":"Philosopher\u0027s Stone"}],"items_purged_floors":[11],"is_endless":false,"potions_floor_spawned":[4,7,16,18,35,37],"ascension_level":19}}