{"host":"n9djqtt305zq066c","time":1614346152,"event":{"mods":["Act Like it!","BaseMod","Colored Map","Library of Ruina","Library of Ruina Extra","Minty Spire (QoL Compilation)","Rare Cards Sparkle","StSLib"],"gold_per_floor":[115,134,146,162,174,202,202,235,259,271,305,305,319,346,346,451,451,464,135,152,168,181,181,211,241,241,273,292,292,217,317,317,418,418,438,453,468,478,498,498,530,530,530,562,577,596,611,623,623,623,623,623,623,63,63,63],"floor_reached":57,"language":"ZHS","playtime":1962,"items_purged":[],"score":2098,"play_id":"78183290-3bcb-48b2-ad2d-dc42f4173ea0","local_time":"20210226212912","is_ascension_mode":true,"campfire_choices":[{"data":"UnforgettableMelody","floor":7,"key":"SMITH"},{"floor":12,"key":"RECALL"},{"data":"DegradedShockwave","floor":15,"key":"SMITH"},{"data":"OminousPower","floor":23,"key":"SMITH"},{"data":"Faith","floor":29,"key":"SMITH"},{"data":"DegradedPillar","floor":32,"key":"SMITH"},{"data":"DegradedChain","floor":40,"key":"SMITH"},{"data":"DegradedChain","floor":42,"key":"SMITH"},{"data":"DegradedLock","floor":49,"key":"SMITH"},{"data":"DegradedFairy","floor":53,"key":"SMITH"}],"circlet_count":0,"master_deck":["DegradedFairy+1","DegradedFairy","DegradedFairy","DegradedChain+1","DegradedChain+1","DegradedLock+1","DegradedPillar+1","DegradedShockwave+1","GuidanceOfTheGears","Unlock1","UnforgettableMelody+1","Outburst","Unlock1","OminousPower+1","Master of Strategy","WaitUp","Faith+1","OminousPower+1","Unlock1","Juggling","Outburst+1","Faith+1","Unlock1","Unlock1","Faith+1","Unlock1","TheWillOfTheCity"],"relics":["PageOfLibrarian","NeowsBlessing","PageOfMercenary","Boot","Orichalcum","Omamori","PageOfBlackSwan","TheAbacus","Red Mask","Singing Bowl","PageOfPunishingBird","Blood Vial","Prayer Wheel","PageOfJudgementBird","Calling Bell","Nunchaku","The Courier","Incense Burner","PageOfTheQueenOfHatred","PageOfTheKnightOfDespair","PageOfGreed","Sundial","PageOfWrath","Medical Kit","PageOfNihil"],"acts_visited":["Exordium","TheCity","TheBeyond","TheEnding"],"potions_floor_usage":[56],"damage_taken":[{"damage":0,"enemies":"2 Louse","floor":1,"turns":1},{"damage":0,"enemies":"Cultist","floor":2,"turns":1},{"damage":0,"enemies":"Small Slimes","floor":3,"turns":1},{"damage":0,"enemies":"Looter","floor":4,"turns":1},{"damage":0,"enemies":"Exordium Wildlife","floor":5,"turns":1},{"damage":0,"enemies":"Lagavulin","floor":6,"turns":4},{"damage":0,"enemies":"3 Sentries","floor":8,"turns":2},{"damage":0,"enemies":"Lots of Slimes","floor":10,"turns":1},{"damage":0,"enemies":"Gremlin Nob","floor":11,"turns":2},{"damage":0,"enemies":"Blue Slaver","floor":13,"turns":1},{"damage":0,"enemies":"3 Sentries","floor":14,"turns":2},{"damage":0,"enemies":"The Guardian","floor":16,"turns":3},{"damage":0,"enemies":"3 Byrds","floor":18,"turns":2},{"damage":0,"enemies":"Chosen","floor":20,"turns":2},{"damage":0,"enemies":"Centurion and Healer","floor":21,"turns":2},{"damage":0,"enemies":"Cultist and Chosen","floor":22,"turns":3},{"damage":0,"enemies":"Masked Bandits","floor":24,"turns":2},{"damage":0,"enemies":"Slavers","floor":25,"turns":2},{"damage":0,"enemies":"Gremlin Leader","floor":27,"turns":1},{"damage":0,"enemies":"Snake Plant","floor":28,"turns":2},{"damage":0,"enemies":"Colosseum Slavers","floor":31,"turns":1},{"damage":0,"enemies":"Colosseum Nobs","floor":31,"turns":1},{"damage":0,"enemies":"KingOfGreed","floor":33,"turns":3},{"damage":0,"enemies":"3 Shapes","floor":35,"turns":1},{"damage":0,"enemies":"Orb Walker","floor":36,"turns":1},{"damage":0,"enemies":"Maw","floor":37,"turns":1},{"damage":0,"enemies":"3 Darklings","floor":38,"turns":1},{"damage":0,"enemies":"4 Shapes","floor":39,"turns":2},{"damage":0,"enemies":"Giant Head","floor":41,"turns":1},{"damage":0,"enemies":"Nemesis","floor":44,"turns":1},{"damage":0,"enemies":"Spire Growth","floor":45,"turns":1},{"damage":0,"enemies":"Sphere and 2 Shapes","floor":46,"turns":1},{"damage":0,"enemies":"Writhing Mass","floor":47,"turns":1},{"damage":0,"enemies":"Spire Growth","floor":48,"turns":1},{"damage":0,"enemies":"Awakened One","floor":50,"turns":3},{"damage":0,"enemies":"Awakened One","floor":51,"turns":3},{"damage":19,"enemies":"Shield and Spear","floor":55,"turns":8},{"damage":39,"enemies":"The Heart","floor":56,"turns":3}],"seed_played":"-4556692157574299977","potions_obtained":[{"floor":2,"key":"EssenceOfSteel"},{"floor":3,"key":"GamblersBrew"},{"floor":8,"key":"Fire Potion"}],"is_trial":false,"path_per_floor":["M","M","M","M","M","E","R","E","T","M","E","R","M","E","R","B",null,"M","$","M","M","M","R","?","E","T","E","M","R","?","?","R","B",null,"M","M","M","M","M","R","E","R","T","E","M","M","M","M","R","B",null,null,"R","$","E","B",null],"character_chosen":"Librarian","items_purchased":["TheAbacus","Master of Strategy","Unlock1","Sundial","PageOfWrath","Medical Kit"],"campfire_rested":0,"item_purchase_floors":[19,19,54,54,54,54],"current_hp_per_floor":[60,60,60,60,60,60,60,60,60,60,60,60,60,60,60,60,90,90,90,90,90,90,90,90,92,92,92,94,94,94,96,96,98,98,100,104,106,108,110,110,112,112,112,114,116,116,118,122,122,122,122,122,122,122,110,90],"gold":63,"neow_bonus":"THREE_ENEMY_KILL","is_daily":false,"chose_seed":false,"campfire_upgraded":9,"win_rate":0.0,"timestamp":1614346152,"path_taken":["M","M","M","M","M","E","R","E","T","M","E","R","M","E","R","BOSS","M","$","M","M","M","R","?","E","T","E","M","R","?","?","R","BOSS","M","M","M","M","M","R","E","R","T","E","M","M","M","M","R","BOSS","R","$","E","BOSS"],"items_purchased_type":["Relic","Card","Card","Relic","Relic","Relic"],"build_version":"2020-12-22","purchased_purges":0,"victory":true,"max_hp_per_floor":[90,90,90,90,90,90,90,90,90,90,90,90,90,90,90,90,90,90,90,90,90,90,90,90,92,92,92,94,94,94,96,96,98,98,100,104,106,108,110,110,112,112,112,114,116,116,118,122,122,122,122,122,122,122,124,124],"card_choices":[{"not_picked":["ToOvercomeCrisis","DarkCloud","BackAttack"],"picked":"GuidanceOfTheGears","floor":1},{"not_picked":["DarkCloud","FlashingStrike","SetFire","DefenseOrder"],"picked":"SKIP","floor":2},{"not_picked":["EndlessBattle","BackAttack","HandleRequest","Parry2"],"picked":"SKIP","floor":3},{"not_picked":["StayCalm","WillOfThePrescript","StrikeDown"],"picked":"Unlock1","floor":4},{"not_picked":["DefenseOrder","GuidanceOfTheGears","FleetFootsteps"],"picked":"UnforgettableMelody","floor":5},{"not_picked":["WildCard","BackAttack","Outburst","ExtremeEdge"],"picked":"SKIP","floor":6},{"not_picked":["WildCard","BackAttack","ExtremeEdge"],"picked":"Outburst","floor":6},{"not_picked":["MirageStorm","ScatteringSlash","ToOvercomeCrisis","Eject"],"picked":"SKIP","floor":8},{"not_picked":["SharpSwipe","MindPrepared","FlyingSword","ViolentFlame"],"picked":"SKIP","floor":10},{"not_picked":["SenseQuarry","BlindFaith","ViolentFlame"],"picked":"Unlock1","floor":11},{"not_picked":["ExtremeEdge","BindingChains","EndlessBattle","BlindFaith"],"picked":"SKIP","floor":13},{"not_picked":["Laceration","DefenseOrder","RulesOfTheBackstreets","SnakesPrey"],"picked":"SKIP","floor":14},{"not_picked":["SerpentineBarrier+1","SharpNails","Unlock1"],"picked":"OminousPower","floor":18},{"not_picked":["BackAttack","SunsetBlade+1","SerpentSwordTechnique","Diversion+1"],"picked":"SKIP","floor":20},{"not_picked":["FlyingSword","DefenseOrder","Duel_lor","DarkCloud"],"picked":"SKIP","floor":21},{"not_picked":["WrathOfTorment","DefenseOrder","SilentMist"],"picked":"WaitUp","floor":22},{"not_picked":["Gamble","Slice_lor","SetFire","ProselytesBlade"],"picked":"Singing Bowl","floor":25},{"not_picked":["SharpNails","BalefulBrand","SnakesPrey"],"picked":"Faith","floor":27},{"not_picked":["ViolentFlame","Parry2","TasteMyFlamingBat","Standoff"],"picked":"Singing Bowl","floor":28},{"not_picked":["CircusKnives+1","Execute_lor","WillOfThePrescript","DistortedBlade"],"picked":"Singing Bowl","floor":31},{"not_picked":["Decapitation","ChargeUp","Castigation"],"picked":"Singing Bowl","floor":33},{"not_picked":["DesperateStruggle","SilentMist","SomberProcuration+1","WillOfThePrescript"],"picked":"Singing Bowl","floor":35},{"not_picked":["Parry2+1","AssaultOrder+1","DesperateStruggle+1"],"picked":"OminousPower+1","floor":35},{"not_picked":["NonstopAssault+1","FlyingSword","InkOver+1","ViolentFlame+1"],"picked":"Singing Bowl","floor":36},{"not_picked":["FlyingSword","BlindFaith+1","FleetFootsteps","SnakesPrey"],"picked":"Singing Bowl","floor":36},{"not_picked":["EndlessBattle+1","Gamble","WillOfThePrescript"],"picked":"Unlock1","floor":37},{"not_picked":["SomberProcuration","VenomousFangs","SpearedSweep+1","WillOfThePrescript"],"picked":"Singing Bowl","floor":37},{"not_picked":["ToOvercomeCrisis+1","TheArtOfRapidSteps+1","Slice_lor+1","StrikeDown+1"],"picked":"Singing Bowl","floor":38},{"not_picked":["Diversion+1","Collision+1","GreatSerpentsImpact"],"picked":"Juggling","floor":38},{"not_picked":["Lock","DesperateStruggle","WillOfThePrescript","DarkCloud+1"],"picked":"Singing Bowl","floor":39},{"not_picked":["Diversion+1","Gamble+1","BlindFaith"],"picked":"Outburst+1","floor":39},{"not_picked":["SerpentSwordTechnique+1","Execute_lor","DarkCloud+1","FleetFootsteps+1"],"picked":"Singing Bowl","floor":41},{"not_picked":["VenomousFangs+1","IdentifyWeakpoint+1","Lock","FlyingSword"],"picked":"Singing Bowl","floor":44},{"not_picked":["Standoff+1","Gamble+1","ViolentFlame"],"picked":"Faith+1","floor":45},{"not_picked":["DesperateStruggle+1","BackAttack+1","SunsetBlade+1","IdentifyWeakpoint"],"picked":"Singing Bowl","floor":45},{"not_picked":["Diversion","SunsetBlade","SerpentSwordTechnique"],"picked":"Unlock1","floor":46},{"not_picked":["SnakesPrey+1","ViolentFlame+1","Multislash+1"],"picked":"Unlock1","floor":46},{"not_picked":["SpearedSweep","NonstopAssault+1","WrathOfTorment+1","GreatSerpentsImpact+1"],"picked":"Singing Bowl","floor":47},{"not_picked":["FleetFootsteps","SerpentSwordTechnique+1","Execute_lor"],"picked":"Faith+1","floor":47},{"not_picked":["AssaultOrder+1","DefenseOrder","Diversion+1","Duel_lor"],"picked":"Singing Bowl","floor":48},{"not_picked":["EndlessBattle","DesperateStruggle","SharpSwipe+1","SilentMist+1"],"picked":"Singing Bowl","floor":48},{"not_picked":["TasteMyFlamingBat","Laceration","SunsetBlade+1"],"picked":"TheWillOfTheCity","floor":55},{"not_picked":["InkOver","DesperateStruggle+1","BlindFaith+1","Parry2"],"picked":"Singing Bowl","floor":55}],"player_experience":237866,"relics_obtained":[{"floor":6,"key":"PageOfMercenary"},{"floor":8,"key":"Boot"},{"floor":11,"key":"Orichalcum"},{"floor":14,"key":"Omamori"},{"floor":24,"key":"Red Mask"},{"floor":25,"key":"Singing Bowl"},{"floor":26,"key":"PageOfPunishingBird"},{"floor":27,"key":"Blood Vial"},{"floor":31,"key":"Prayer Wheel"},{"floor":31,"key":"PageOfJudgementBird"},{"floor":34,"key":"Nunchaku"},{"floor":34,"key":"The Courier"},{"floor":34,"key":"Incense Burner"},{"floor":41,"key":"PageOfTheQueenOfHatred"},{"floor":43,"key":"PageOfTheKnightOfDespair"},{"floor":44,"key":"PageOfGreed"},{"floor":55,"key":"PageOfNihil"}],"event_choices":[{"damage_healed":0,"gold_gain":0,"player_choice":"Fought Bandits","damage_taken":0,"max_hp_gain":0,"max_hp_loss":0,"event_name":"Masked Bandits","floor":24,"gold_loss":0},{"cards_removed":["DegradedPillar"],"damage_healed":0,"gold_gain":0,"player_choice":"Gave Gold","damage_taken":0,"max_hp_gain":0,"max_hp_loss":0,"event_name":"Beggar","floor":30,"gold_loss":75},{"damage_healed":0,"gold_gain":0,"player_choice":"Fight","damage_taken":0,"max_hp_gain":0,"max_hp_loss":0,"event_name":"Colosseum","floor":31,"gold_loss":0},{"damage_healed":0,"gold_gain":0,"player_choice":"Fought Nobs","damage_taken":0,"max_hp_gain":0,"max_hp_loss":0,"event_name":"Colosseum","floor":31,"gold_loss":0}],"is_beta":false,"boss_relics":[{"not_picked":["Fusion Hammer","Philosopher\u0027s Stone"],"picked":"PageOfBlackSwan"},{"not_picked":["SacredBark","Astrolabe"],"picked":"Calling Bell"}],"items_purged_floors":[],"is_endless":false,"potions_floor_spawned":[2,3,8,13,14,16,18,25,27,28,33,37,38,39,44,45,47,55],"ascension_level":4}}