{"host":"649x15fmap4sa1sx","time":1614314542,"event":{"mods":["2.2 Compatiblity","AchievementEnabler","BaseMod","BetterRewards","Colored Map","Conspire","Downfall","Hubris","Infinite Spire","Minty Spire (QoL Compilation)","Permanent Neow","Reliquary","Replay The Spire","Shop Mod","StSLib","The IronCluck"],"gold_per_floor":[114,114,126,168,187,187,187,187],"floor_reached":7,"language":"ENG","playtime":311,"items_purged":[],"score":57,"play_id":"1afd588c-5cd8-4eb8-8aaf-041f48ffc9cc","local_time":"20210225224222","is_ascension_mode":true,"campfire_choices":[{"floor":6,"key":"REST"}],"circlet_count":0,"master_deck":["Strike_R","Strike_R","Strike_R","Defend_R","Defend_R","Defend_R","Defend_R","Bash","Seeing Red","infinitespire:OneForAll","ReplayTheSpireMod:Stacked","hubris:ReadiedAction"],"relics":["Burning Blood","Ornamental Fan"],"acts_visited":["Exordium"],"potions_floor_usage":[],"damage_taken":[{"damage":11,"enemies":"Jaw Worm","floor":1,"turns":4},{"damage":0,"enemies":"Cultist","floor":3,"turns":4},{"damage":67,"enemies":"conspire:MimicChest","floor":4,"turns":10},{"damage":6,"enemies":"2 Louse","floor":5,"turns":4},{"damage":35,"enemies":"3 Sentries","floor":7,"turns":7}],"seed_played":"7334211017335401448","potions_obtained":[{"floor":3,"key":"Elixir"}],"is_trial":false,"path_per_floor":["M","?","M","?","M","R","E"],"character_chosen":"IRONCLAD","items_purchased":[],"campfire_rested":1,"item_purchase_floors":[],"current_hp_per_floor":[67,67,73,12,12,36,1,1],"gold":187,"neow_bonus":"REMOVE_CARD","is_daily":false,"chose_seed":false,"campfire_upgraded":0,"win_rate":0.0,"timestamp":1614314542,"path_taken":["M","?","?","?","M","R","E"],"items_purchased_type":[],"build_version":"2020-12-22","purchased_purges":0,"victory":false,"max_hp_per_floor":[80,80,80,80,80,80,80,80],"card_choices":[{"not_picked":["Evolve","Hemokinesis"],"picked":"Seeing Red","floor":1},{"not_picked":["Anger","Ghostly Armor"],"picked":"infinitespire:OneForAll","floor":3},{"not_picked":["Evolve","Fire Breathing"],"picked":"ReplayTheSpireMod:Stacked","floor":4},{"not_picked":["hubris:SharpeningStone","Wild Strike"],"picked":"hubris:ReadiedAction","floor":5}],"player_experience":223982,"relics_obtained":[{"floor":4,"key":"Ornamental Fan"}],"event_choices":[{"cards_removed":["Strike_R"],"damage_healed":0,"gold_gain":0,"player_choice":"Card Removal","damage_taken":0,"max_hp_gain":0,"max_hp_loss":0,"event_name":"Wheel of Change","floor":2,"gold_loss":0}],"is_beta":false,"boss_relics":[],"items_purged_floors":[],"is_endless":false,"potions_floor_spawned":[3],"killed_by":"3 Sentries","ascension_level":8}}