{"host":"3l94tha3a4jgu0q4","time":1614322897,"event":{"mods":["2.2 Compatiblity","AchievementEnabler","Aspiration","BaseMod","Better Altar","Better Match","Better Note","Better Sensory Stone","Better Skull","Better Third Choice","Colored Map","Colored Powertips","Fox Events","Hermit","Highlight Path","Hubris","Humility","Minty Spire (QoL Compilation)","Monster B Gone","Permanent Neow","Relic Stats","Replay The Spire","StSLib","SuperFastMode","The IronCluck","Wandering Minibosses","slay the spire mod where everything is the same but ironclad has a cowboy hat"],"gold_per_floor":[113,130,16,16,16,51,51,51,51,51,51,51,67,93,93,112,112,212,212,222,239,149,165,178,207,220,220,299,314,314,214,228,233,233,339,339,358,358,358,380,380,380,398,426,426,462,462,506,506,524,524,524,524,524,18,55,55,55],"floor_reached":57,"language":"ENG","playtime":2742,"items_purged":["Strike_P","Strike_P","Strike_P"],"score":762,"play_id":"cd24b405-ccad-4373-a653-f5854421217e","local_time":"20210225230137","is_ascension_mode":false,"campfire_choices":[{"data":"Vault","floor":7.0,"key":"SMITH"},{"data":"Eruption","floor":10.0,"key":"SMITH"},{"data":"Indignation","floor":12.0,"key":"SMITH"},{"data":"Vigilance","floor":15.0,"key":"SMITH"},{"data":"Protect","floor":17.0,"key":"SMITH"},{"data":"EmptyFist","floor":27.0,"key":"SMITH"},{"data":"Brilliance","floor":30.0,"key":"SMITH"},{"data":"Replay:Battleflow","floor":34.0,"key":"SMITH"},{"data":"Devotion","floor":42,"key":"SMITH"},{"floor":47,"key":"RECALL"},{"data":"Tantrum","floor":51,"key":"SMITH"},{"data":"InnerPeace","floor":54,"key":"SMITH"}],"circlet_count":1,"master_deck":["Defend_P","Defend_P","Defend_P","Eruption+1","Vigilance+1","Indignation+1","EmptyFist+1","InnerPeace+1","Vault+1","Replay:AtTheReady","Protect+1","Crescendo","Brilliance+1","EmptyFist+1","Pray+1","EmptyBody+1","Halt+1","Consecrate+1","Evaluate+1","Replay:Battleflow+1","Devotion+1","Consecrate+1","FollowUp+1","CutThroughFate+1","Crescendo+1","Tantrum+1","TalkToTheHand","TalkToTheHand","EmptyBody+1"],"relics":["PureWater","aspiration:Nostalgia","Sizzling Blood","aspiration:HiddenCompartment","Omamori","Simple Rune","ReplayTheSpireMod:DimensionalGlitch","hubris:MysteriousPyramids","hubris:BottledRain","CeramicFish","Busted Crown","hubris:Icosahedron","Replay:Mystery Machine","Circlet","hubris:GlazedTorus","Toy Ornithopter"],"acts_visited":["Exordium","TheCity","TheBeyond","TheEnding"],"potions_floor_usage":[52,52,57,57,57],"damage_taken":[{"damage":0.0,"enemies":"Small Slimes","floor":1.0,"turns":2.0},{"damage":0.0,"enemies":"2 Louse","floor":2.0,"turns":5.0},{"damage":44.0,"enemies":"Gremlin Nob","floor":6.0,"turns":4.0},{"damage":0.0,"enemies":"Cultist","floor":13.0,"turns":4.0},{"damage":18.0,"enemies":"Lagavulin","floor":14.0,"turns":7.0},{"damage":0.0,"enemies":"Blue Slaver","floor":16.0,"turns":6.0},{"damage":27.0,"enemies":"The Guardian","floor":18.0,"turns":17.0},{"damage":0.0,"enemies":"Spheric Guardian","floor":20.0,"turns":5.0},{"damage":2.0,"enemies":"Chosen","floor":21.0,"turns":4.0},{"damage":12.0,"enemies":"3 Cultists","floor":23.0,"turns":6.0},{"damage":0.0,"enemies":"Snake Plant","floor":24.0,"turns":4.0},{"damage":23.0,"enemies":"Book of Stabbing","floor":25.0,"turns":8.0},{"damage":0.0,"enemies":"Chosen and Byrds","floor":26.0,"turns":5.0},{"damage":0.0,"enemies":"Centurion and Healer","floor":29.0,"turns":5.0},{"damage":0.0,"enemies":"Snake Plant","floor":32.0,"turns":4.0},{"damage":35.0,"enemies":"Gremlin Leader","floor":33.0,"turns":8.0},{"damage":33.0,"enemies":"Collector","floor":35.0,"turns":10.0},{"damage":17,"enemies":"3 Darklings","floor":37,"turns":5},{"damage":43,"enemies":"3 Shapes","floor":40,"turns":5},{"damage":11,"enemies":"Jaw Worm Horde","floor":43,"turns":4},{"damage":0,"enemies":"Transient","floor":44,"turns":7},{"damage":4,"enemies":"Nemesis","floor":46,"turns":5},{"damage":1,"enemies":"R_Hoarder","floor":48,"turns":6},{"damage":2,"enemies":"3 Darklings","floor":50,"turns":4},{"damage":55,"enemies":"Awakened One","floor":52,"turns":12},{"damage":38,"enemies":"Shield and Spear","floor":56,"turns":6},{"damage":60,"enemies":"The Heart","floor":57,"turns":3}],"seed_played":"5814501409866065720","potions_obtained":[{"floor":1.0,"key":"Block Potion"},{"floor":2.0,"key":"Block Potion"},{"floor":16.0,"key":"DistilledChaos"},{"floor":21.0,"key":"FairyPotion"},{"floor":23.0,"key":"SteroidPotion"},{"floor":25.0,"key":"Dexterity Potion"},{"floor":33.0,"key":"Explosive Potion"},{"floor":35.0,"key":"Strength Potion"},{"floor":37,"key":"Elixir"},{"floor":44,"key":"BlessingOfTheForge"},{"floor":46,"key":"Toxic Potion"},{"floor":56,"key":"PowerPotion"}],"is_trial":false,"path_per_floor":["M","M","$","?","?","E","R","PTL","PTL","R","T","R","M","E","R","M","R","B",null,"M","M","?","M","M","E","M","R","T","M","R","$","M","E","R","B",null,"M","?","?","M","?","R","M","M","T","E","R","E","?","M","R","B",null,"R","$","E","B"],"character_chosen":"WATCHER","items_purchased":["InnerPeace","hubris:GlazedTorus","TalkToTheHand","Elixir"],"campfire_rested":0,"item_purchase_floors":[3,55,55,55],"current_hp_per_floor":[76,76,76,76,76,36,36,36,36,36,36,36,40,26,26,30,30,7,76,76,76,76,66,68,47,49,49,49,51,51,51,53,20,20,13,76,61,61,61,20,20,20,11,13,13,11,11,12,86,86,86,33,86,86,86,50,0,0],"gold":55,"neow_bonus":"NOSTALGIA","is_daily":false,"chose_seed":false,"campfire_upgraded":11,"win_rate":0.0,"timestamp":1614322897,"path_taken":["M","M","$","?","?","E","R","PTL","PTL","R","T","R","M","E","R","?","R","BOSS","M","M","?","M","M","E","M","R","T","M","R","$","M","E","R","BOSS","M","?","?","M","?","R","M","M","T","E","R","E","?","M","R","BOSS","R","$","E","BOSS"],"items_purchased_type":["Card","Relic","Card","Potion"],"build_version":"2020-12-22","purchased_purges":3,"victory":false,"max_hp_per_floor":[76,76,76,76,76,76,76,76,76,76,76,76,76,76,76,76,76,76,76,76,76,76,76,76,76,76,76,76,76,76,76,76,76,76,76,76,76,76,76,76,76,76,76,76,76,76,76,76,86,86,86,86,86,86,86,86,86,86],"relic_stats":{"Busted Crown":16,"counters":[27,161],"CeramicFish":90,"obtain_stats":[{"aspiration:Nostalgia":0,"CeramicFish":33,"Circlet":48,"Sizzling Blood":0,"Omamori":11,"hubris:MysteriousPyramids":25,"Replay:Mystery Machine":46,"aspiration:HiddenCompartment":6,"Busted Crown":36,"hubris:Icosahedron":38,"Simple Rune":14,"PureWater":0,"ReplayTheSpireMod:DimensionalGlitch":19,"Toy Ornithopter":56,"hubris:BottledRain":28,"hubris:GlazedTorus":55},{"aspiration:Nostalgia":0,"CeramicFish":16,"Circlet":23,"Sizzling Blood":0,"Omamori":3,"hubris:MysteriousPyramids":12,"Replay:Mystery Machine":22,"aspiration:HiddenCompartment":3,"Busted Crown":17,"hubris:Icosahedron":18,"Simple Rune":5,"PureWater":0,"ReplayTheSpireMod:DimensionalGlitch":7,"Toy Ornithopter":26,"hubris:BottledRain":13,"hubris:GlazedTorus":25},{"aspiration:Nostalgia":0,"CeramicFish":94,"Circlet":136,"Sizzling Blood":0,"Omamori":11,"hubris:MysteriousPyramids":72,"Replay:Mystery Machine":130,"aspiration:HiddenCompartment":11,"Busted Crown":104,"hubris:Icosahedron":109,"Simple Rune":22,"PureWater":0,"ReplayTheSpireMod:DimensionalGlitch":45,"Toy Ornithopter":158,"hubris:BottledRain":77,"hubris:GlazedTorus":152}],"Toy Ornithopter":9},"card_choices":[{"not_picked":["CutThroughFate","FollowUp"],"picked":"Indignation","floor":1.0},{"not_picked":["Replay:AtTheReady","ClearTheMind"],"picked":"EmptyFist","floor":2.0},{"not_picked":["Replay:BluntJabs","Prostrate"],"picked":"Vault","floor":6.0},{"not_picked":["Fasting2","CrushJoints"],"picked":"Replay:AtTheReady","floor":13.0},{"not_picked":["Indignation","ForeignInfluence"],"picked":"Protect","floor":14.0},{"not_picked":["Vengeance","Collect"],"picked":"Crescendo","floor":16.0},{"not_picked":["DevaForm","MasterReality"],"picked":"Brilliance","floor":18.0},{"not_picked":["Crescendo+1","Replay:Cycle+1"],"picked":"EmptyFist+1","floor":20.0},{"not_picked":["Consecrate","Prostrate"],"picked":"Pray+1","floor":21.0},{"not_picked":["Pray","CrushJoints","PathToVictory"],"picked":"SKIP","floor":23.0},{"not_picked":["FollowUp+1","Replay:ManipulateFuture"],"picked":"EmptyBody+1","floor":24.0},{"not_picked":["Swivel","CrushJoints"],"picked":"Halt+1","floor":25.0},{"not_picked":["Replay:AtTheReady","WheelKick"],"picked":"Consecrate+1","floor":26.0},{"not_picked":["Weave+1","Protect"],"picked":"Evaluate+1","floor":29.0},{"not_picked":["Crescendo","Replay:ManipulateFuture","Consecrate"],"picked":"SKIP","floor":32.0},{"not_picked":["Replay:BluntJabs","Vault"],"picked":"Replay:Battleflow","floor":33.0},{"not_picked":["LessonLearned","DevaForm"],"picked":"Devotion","floor":35.0},{"not_picked":[],"picked":"Consecrate+1","floor":37},{"not_picked":[],"picked":"FollowUp+1","floor":40},{"not_picked":["Replay:Hum"],"picked":"SKIP","floor":43},{"not_picked":[],"picked":"CutThroughFate+1","floor":44},{"not_picked":[],"picked":"Crescendo+1","floor":46},{"not_picked":[],"picked":"Tantrum","floor":48},{"not_picked":["Evaluate"],"picked":"SKIP","floor":50},{"not_picked":[],"picked":"EmptyBody+1","floor":56}],"player_experience":1991802,"relics_obtained":[{"floor":6.0,"key":"aspiration:HiddenCompartment"},{"floor":11.0,"key":"Omamori"},{"floor":14.0,"key":"Simple Rune"},{"floor":25.0,"key":"hubris:MysteriousPyramids"},{"floor":28.0,"key":"hubris:BottledRain"},{"floor":33.0,"key":"CeramicFish"},{"floor":46,"key":"Replay:Mystery Machine"},{"floor":48,"key":"Circlet"},{"floor":56,"key":"Toy Ornithopter"}],"event_choices":[{"damage_healed":0.0,"max_hp_gain":0.0,"max_hp_loss":0.0,"gold_gain":1.0,"event_name":"betterStone:BetterStone","player_choice":"4","floor":5.0,"gold_loss":0.0,"damage_taken":0.0,"cards_obtained":["Tools of the Trade"]},{"cards_removed":["Defend_P"],"damage_healed":0.0,"max_hp_gain":0.0,"max_hp_loss":0.0,"gold_gain":0.0,"event_name":"Designer","player_choice":"Upgrade and Remove","floor":22.0,"gold_loss":90.0,"damage_taken":0.0,"cards_upgraded":["Strike_P"]},{"cards_removed":["Tools of the Trade"],"damage_healed":64,"gold_gain":0,"player_choice":"Offered Rare","damage_taken":0,"max_hp_gain":10,"max_hp_loss":0,"event_name":"Bonfire Elementals","floor":49,"gold_loss":0}],"is_beta":false,"boss_relics":[{"not_picked":["hubris:GrandSneckoEye","Velvet Choker"],"picked":"ReplayTheSpireMod:DimensionalGlitch"},{"not_picked":["Snecko Eye","ChewingGum"],"picked":"Busted Crown"}],"items_purged_floors":[3,31,55],"is_endless":false,"potions_floor_spawned":[1,2,16,21,23,25,33,35,37,44,46,50,56],"killed_by":"The Heart","ascension_level":0,"is_humility":true}}