{"host":"m1hrbr0uwda4cktq","time":1614301142,"event":{"mods":["AchievementEnabler","BaseMod","Better Match","BetterRewards","Colored Map","Highlight Path","Minty Spire (QoL Compilation)","Quick Restart","Relic Stats","Shop Mod","StSLib","SuperFastMode","The Bug Knight"],"gold_per_floor":[117,134,148,165,185,185,200,26,26,26,58,71,84,110,110,211,211,230,230,249,265,265,265],"floor_reached":22,"language":"ENG","playtime":1140,"items_purged":[],"score":425,"play_id":"8512f25a-6bee-43f5-baf8-3381e52f476b","local_time":"20210225215902","is_ascension_mode":true,"campfire_choices":[{"data":"Dualcast","floor":6.0,"key":"SMITH"},{"data":"Zap","floor":10.0,"key":"SMITH"},{"floor":15.0,"key":"REST"}],"circlet_count":0,"master_deck":["Strike_B","Strike_B","Strike_B","Defend_B","Defend_B","Defend_B","Zap+1","Dualcast+1","Streamline","Redo","Conserve Battery","Genetic Algorithm","Go for the Eyes","Sweeping Beam","Steam","Coolheaded","Echo Form","Gash","Core Surge","Static Discharge","Redo","Capacitor","Ball Lightning"],"relics":["Cracked Core","Oddly Smooth Stone","Singing Bowl","Boot","Nunchaku","Toy Ornithopter","HollowMod:PaleOreRelic","Nuclear Battery"],"acts_visited":["Exordium","TheCity"],"potions_floor_usage":[],"damage_taken":[{"damage":6.0,"enemies":"Cultist","floor":1.0,"turns":3.0},{"damage":0.0,"enemies":"Jaw Worm","floor":2.0,"turns":3.0},{"damage":0.0,"enemies":"2 Louse","floor":3.0,"turns":2.0},{"damage":0.0,"enemies":"Large Slime","floor":4.0,"turns":5.0},{"damage":18.0,"enemies":"Lots of Slimes","floor":5.0,"turns":4.0},{"damage":0.0,"enemies":"3 Louse","floor":7.0,"turns":3.0},{"damage":20.0,"enemies":"Lagavulin","floor":11.0,"turns":7.0},{"damage":20.0,"enemies":"2 Fungi Beasts","floor":12.0,"turns":3.0},{"damage":0.0,"enemies":"Looter","floor":13.0,"turns":2.0},{"damage":0.0,"enemies":"HollowMod:MossKnight","floor":14.0,"turns":8.0},{"damage":18.0,"enemies":"The Guardian","floor":16.0,"turns":12.0},{"damage":1.0,"enemies":"Chosen","floor":18.0,"turns":5.0},{"damage":15.0,"enemies":"Snake Plant","floor":20.0,"turns":4.0},{"damage":41.0,"enemies":"Centurion and Healer","floor":21.0,"turns":8.0},{"damage":0,"enemies":"3 Cultists","floor":22,"turns":1}],"seed_played":"-8015845067853811894","potions_obtained":[{"floor":1.0,"key":"SpeedPotion"},{"floor":2.0,"key":"DistilledChaos"},{"floor":4.0,"key":"SteroidPotion"},{"floor":20.0,"key":"Energy Potion"}],"is_trial":false,"path_per_floor":["M","M","M","M","M","R","M","$","T","R","E","M","M","E","R","B",null,"M","?","M","M","M"],"character_chosen":"DEFECT","items_purchased":["Oddly Smooth Stone","Singing Bowl","Streamline","Steam","Boot"],"campfire_rested":1,"item_purchase_floors":[0,0,0,8,8],"current_hp_per_floor":[62,62,62,62,44,44,46,46,46,46,26,8,8,8,31,18,64,63,63,50,9,9,9],"gold":265,"neow_bonus":"","is_daily":false,"chose_seed":false,"campfire_upgraded":2,"win_rate":0.0,"timestamp":1614301142,"path_taken":["M","M","M","M","M","R","M","$","T","R","E","?","M","E","R","BOSS","M","?","M","M","M"],"items_purchased_type":["Relic","Relic","Card","Card","Relic"],"build_version":"2020-12-22","purchased_purges":0,"victory":false,"max_hp_per_floor":[75,75,75,75,75,75,77,77,77,77,77,79,79,79,79,79,79,79,79,81,81,81,81],"relic_stats":{"Nunchaku":[15],"Singing Bowl":10,"counters":[117,583],"Boot":[117],"obtain_stats":[{"Gremlin Horn":27,"Vajra":24,"Runic Capacitor":0,"Ginger":0,"HollowMod:StagPassRelic":7,"Boot":43,"Sling":0,"Blood Vial":0,"HornCleat":24,"Strawberry":43,"Philosopher\u0027s Stone":17,"HandDrill":0,"Kunai":11,"HollowMod:PaleOreRelic":0,"Pear":47,"Happy Flower":0,"Astrolabe":34,"Oddly Smooth Stone":28,"Letter Opener":27,"OrangePellets":0,"Bottled Flame":27,"Shuriken":41,"Bronze Scales":28,"Molten Egg 2":12,"Pandora\u0027s Box":17,"Black Star":34,"Symbiotic Virus":48,"Unceasing Top":25,"Meat on the Bone":6,"Pocketwatch":24,"Darkstone Periapt":9,"Lantern":0,"Regal Pillow":26,"Singing Bowl":26,"Torii":0,"Mango":46,"Bag of Preparation":10,"Juzu Bracelet":0,"Incense Burner":0,"Smiling Mask":40,"Nunchaku":29,"Mummified Hand":14,"WingedGreaves":0,"Red Mask":39,"Cracked Core":0,"InkBottle":8,"Runic Pyramid":17,"Thread and Needle":45,"The Courier":44,"PreservedInsect":0,"Omamori":48,"Frozen Egg 2":22,"Orichalcum":6,"White Beast Statue":10,"Nuclear Battery":17,"Peace Pipe":6,"DataDisk":14,"CaptainsWheel":0,"Ornamental Fan":0,"Bag of Marbles":11,"TungstenRod":0,"Toy Ornithopter":26},{"Gremlin Horn":52,"Vajra":93,"Runic Capacitor":80,"Ginger":6,"HollowMod:StagPassRelic":12,"Boot":28,"Sling":66,"Blood Vial":0,"HornCleat":50,"Strawberry":62,"Philosopher\u0027s Stone":90,"HandDrill":66,"Kunai":41,"HollowMod:PaleOreRelic":66,"Pear":30,"Happy Flower":6,"Astrolabe":24,"Oddly Smooth Stone":95,"Letter Opener":20,"OrangePellets":32,"Bottled Flame":95,"Shuriken":28,"Bronze Scales":52,"Molten Egg 2":14,"Pandora\u0027s Box":45,"Black Star":97,"Symbiotic Virus":31,"Unceasing Top":51,"Meat on the Bone":5,"Pocketwatch":19,"Darkstone Periapt":13,"Lantern":6,"Regal Pillow":51,"Singing Bowl":19,"Torii":66,"Mango":30,"Bag of Preparation":40,"Juzu Bracelet":66,"Incense Burner":66,"Smiling Mask":60,"Nunchaku":95,"Mummified Hand":44,"WingedGreaves":66,"Red Mask":27,"Cracked Core":0,"InkBottle":71,"Runic Pyramid":76,"Thread and Needle":64,"The Courier":29,"PreservedInsect":80,"Omamori":65,"Frozen Egg 2":18,"Orichalcum":70,"White Beast Statue":72,"Nuclear Battery":16,"Peace Pipe":38,"DataDisk":15,"CaptainsWheel":66,"Ornamental Fan":66,"Bag of Marbles":13,"TungstenRod":0,"Toy Ornithopter":94},{"Gremlin Horn":262,"Vajra":463,"Runic Capacitor":408,"Ginger":25,"HollowMod:StagPassRelic":49,"Boot":155,"Sling":334,"Blood Vial":0,"HornCleat":253,"Strawberry":310,"Philosopher\u0027s Stone":451,"HandDrill":334,"Kunai":217,"HollowMod:PaleOreRelic":334,"Pear":171,"Happy Flower":25,"Astrolabe":131,"Oddly Smooth Stone":473,"Letter Opener":101,"OrangePellets":184,"Bottled Flame":473,"Shuriken":155,"Bronze Scales":262,"Molten Egg 2":59,"Pandora\u0027s Box":232,"Black Star":488,"Symbiotic Virus":176,"Unceasing Top":256,"Meat on the Bone":20,"Pocketwatch":92,"Darkstone Periapt":53,"Lantern":25,"Regal Pillow":256,"Singing Bowl":92,"Torii":334,"Mango":171,"Bag of Preparation":213,"Juzu Bracelet":334,"Incense Burner":334,"Smiling Mask":302,"Nunchaku":473,"Mummified Hand":227,"WingedGreaves":334,"Red Mask":147,"Cracked Core":0,"InkBottle":358,"Runic Pyramid":388,"Thread and Needle":322,"The Courier":166,"PreservedInsect":408,"Omamori":325,"Frozen Egg 2":84,"Orichalcum":350,"White Beast Statue":366,"Nuclear Battery":75,"Peace Pipe":205,"DataDisk":65,"CaptainsWheel":334,"Ornamental Fan":334,"Bag of Marbles":53,"TungstenRod":0,"Toy Ornithopter":470}],"Toy Ornithopter":35},"card_choices":[{"not_picked":["Force Field","Leap"],"picked":"Redo","floor":1.0},{"not_picked":["Turbo","Leap"],"picked":"Conserve Battery","floor":2.0},{"not_picked":["Leap","Ball Lightning"],"picked":"Genetic Algorithm","floor":3.0},{"not_picked":["Gash","Sweeping Beam"],"picked":"Go for the Eyes","floor":4.0},{"not_picked":["Streamline","Chaos"],"picked":"Sweeping Beam","floor":5.0},{"not_picked":["Leap","Sunder","Rebound"],"picked":"Singing Bowl","floor":7.0},{"not_picked":["Recycle","Rebound"],"picked":"Coolheaded","floor":11.0},{"not_picked":["Aggregate","Storm","Force Field"],"picked":"Singing Bowl","floor":12.0},{"not_picked":["Rip and Tear","Cold Snap"],"picked":"Echo Form","floor":13.0},{"not_picked":["Scrape","Rainbow"],"picked":"Gash","floor":14.0},{"not_picked":["Creative AI","Multi-Cast"],"picked":"Core Surge","floor":16.0},{"not_picked":["Heatsinks","Rebound"],"picked":"Static Discharge","floor":18.0},{"not_picked":["Stack","Barrage","Streamline"],"picked":"Singing Bowl","floor":20.0},{"not_picked":["Genetic Algorithm","Stack"],"picked":"Ball Lightning","floor":21}],"player_experience":218124,"relics_obtained":[{"floor":9.0,"key":"Nunchaku"},{"floor":11.0,"key":"Toy Ornithopter"},{"floor":14.0,"key":"HollowMod:PaleOreRelic"}],"event_choices":[{"damage_healed":0.0,"max_hp_gain":0.0,"max_hp_loss":0.0,"gold_gain":0.0,"cards_transformed":["Strike_B","Defend_B"],"event_name":"Drug Dealer","player_choice":"Became Test Subject","floor":19.0,"gold_loss":0.0,"damage_taken":0.0,"cards_obtained":["Redo","Capacitor"]}],"is_beta":false,"boss_relics":[{"not_picked":["Black Star","Coffee Dripper"],"picked":"Nuclear Battery"}],"items_purged_floors":[],"is_endless":false,"potions_floor_spawned":[1,2,4,7,14,20],"killed_by":"3 Cultists","ascension_level":6}}