{"host":"kh6fvhxn285ncg0o","time":1614314811,"event":{"mods":["Act Like it!","BaseMod","Colored Map","Friendly Minions","Keyboard Shortcuts","Minty Spire (QoL Compilation)","Quick Restart","Relic Stats","StSLib","SuperFastMode","UnlockEverythingMod"],"gold_per_floor":[109,124,124,124,124,124,151,163,190,207,283,312,11,11,11,88,88,99,24,34,34,49,49,80,80,156,71,83,101,135,159,159,233,233,248,248,293,305,305,305,335,335,335,365,378,396,396,55,55,55],"floor_reached":49,"language":"KOR","playtime":1367,"items_purged":["Immolate"],"score":1357,"play_id":"960ac3ff-3ab8-48f5-aa93-bd1903dc9a9b","local_time":"20210226134651","is_ascension_mode":true,"campfire_choices":[{"data":"Bash","floor":6.0,"key":"SMITH"},{"data":"Apotheosis","floor":15.0,"key":"SMITH"},{"floor":23,"key":"REST"},{"floor":25,"key":"RECALL"},{"data":"Decay","floor":32,"key":"PURGE"},{"data":"Bash+1","floor":40,"key":"PURGE"},{"data":"Defend_R","floor":47,"key":"PURGE"}],"circlet_count":0,"master_deck":["AscendersBane","Defend_R","Defend_R+1","Defend_R","Pommel Strike","Impervious+1","Second Wind","Evolve","Apotheosis+1","Barricade","Parasite","Seeing Red","Body Slam","Shrug It Off","Exhume","Burning Pact","Warcry+1","Madness","Madness","Dual Wield","Feel No Pain"],"relics":["Burning Blood","Blood Vial","Whetstone","Peace Pipe","Matryoshka","Cursed Key","Self Forming Clay","War Paint","The Courier","Pantograph","Question Card","Letter Opener","Happy Flower","SacredBark","Girya","CaptainsWheel","Centennial Puzzle","Mummified Hand"],"acts_visited":["Exordium","TheCity","TheBeyond"],"potions_floor_usage":[37,44,46],"damage_taken":[{"damage":16.0,"enemies":"Jaw Worm","floor":1.0,"turns":9.0},{"damage":0.0,"enemies":"Small Slimes","floor":2.0,"turns":4.0},{"damage":34.0,"enemies":"3 Sentries","floor":7.0,"turns":13.0},{"damage":3.0,"enemies":"Cultist","floor":8.0,"turns":4.0},{"damage":0.0,"enemies":"3 Louse","floor":10.0,"turns":3.0},{"damage":29.0,"enemies":"Gremlin Nob","floor":12.0,"turns":5.0},{"damage":14.0,"enemies":"Hexaghost","floor":16.0,"turns":12.0},{"damage":38.0,"enemies":"3 Byrds","floor":18.0,"turns":8.0},{"damage":19.0,"enemies":"Shell Parasite","floor":20.0,"turns":6.0},{"damage":0.0,"enemies":"Centurion and Healer","floor":22.0,"turns":6.0},{"damage":0,"enemies":"Gremlin Leader","floor":24,"turns":7},{"damage":6,"enemies":"Cultist and Chosen","floor":28,"turns":4},{"damage":5,"enemies":"Snecko","floor":29,"turns":5},{"damage":14,"enemies":"Book of Stabbing","floor":30,"turns":5},{"damage":0,"enemies":"Champ","floor":33,"turns":7},{"damage":0,"enemies":"3 Shapes","floor":35,"turns":7},{"damage":40,"enemies":"2 Orb Walkers","floor":37,"turns":5},{"damage":0,"enemies":"Orb Walker","floor":38,"turns":3},{"damage":0,"enemies":"Giant Head","floor":41,"turns":5},{"damage":12,"enemies":"Reptomancer","floor":44,"turns":7},{"damage":0,"enemies":"4 Shapes","floor":45,"turns":7},{"damage":19,"enemies":"Transient","floor":46,"turns":6}],"seed_played":"6513443480194658792","potions_obtained":[{"floor":5.0,"key":"DuplicationPotion"},{"floor":5.0,"key":"SkillPotion"},{"floor":7.0,"key":"Fire Potion"},{"floor":16.0,"key":"BlessingOfTheForge"},{"floor":18.0,"key":"Energy Potion"},{"floor":24,"key":"BlessingOfTheForge"},{"floor":30,"key":"Fire Potion"},{"floor":33,"key":"PowerPotion"},{"floor":37,"key":"AttackPotion"},{"floor":44,"key":"GamblersBrew"},{"floor":46,"key":"SpeedPotion"}],"is_trial":false,"path_per_floor":["M","M","?","?","?","R","E","M","T","M","?","E","$","?","R","B",null,"M","?","M","?","M","R","E","R","T","?","M","M","E","T","R","B",null,"M","?","?","M","?","R","E","?","T","E","M","M","R","$","R"],"character_chosen":"IRONCLAD","items_purchased":["Apotheosis","LiquidBronze","Feel No Pain","Mummified Hand"],"campfire_rested":1,"item_purchase_floors":[13,13,48,48],"current_hp_per_floor":[58,64,69,69,69,69,41,46,46,54,54,33,33,33,33,27,62,32,32,21,21,29,50,58,58,58,58,60,63,57,57,57,73,73,73,73,39,47,47,47,55,42,42,38,46,35,35,35,35,35],"gold":55,"neow_bonus":"REMOVE_TWO","is_daily":false,"chose_seed":false,"campfire_upgraded":2,"win_rate":0.0,"timestamp":1614314811,"path_taken":["M","M","?","?","?","R","E","M","T","?","?","E","$","?","R","BOSS","M","?","M","?","M","R","E","R","T","?","M","M","E","?","R","BOSS","M","?","?","M","?","R","E","?","T","E","M","M","R","?","R"],"items_purchased_type":["Card","Potion","Card","Relic"],"build_version":"2020-12-22","purchased_purges":1,"victory":false,"max_hp_per_floor":[68,68,73,73,73,73,73,73,73,73,73,73,73,73,73,73,73,73,73,73,73,73,73,73,73,73,73,73,73,73,73,73,73,73,73,73,73,73,73,73,73,73,73,73,73,73,73,73,73,73],"relic_stats":{"Happy Flower":[15],"counters":[22,138],"Self Forming Clay":[30],"Whetstone":["Strike_R","Strike_R"],"Letter Opener":[199],"War Paint":["Impervious","Defend_R"],"Cursed Key":2,"Question Card":8,"Burning Blood":120,"Blood Vial":32,"Peace Pipe":3,"Centennial Puzzle":[3],"Mummified Hand":[0],"Pantograph":16,"obtain_stats":[{"Girya":37,"Happy Flower":31,"Self Forming Clay":24,"SacredBark":34,"The Courier":26,"Whetstone":9,"Letter Opener":31,"War Paint":26,"Cursed Key":17,"Question Card":30,"Burning Blood":0,"Blood Vial":7,"Peace Pipe":12,"CaptainsWheel":41,"Centennial Puzzle":44,"Matryoshka":14,"Mummified Hand":48,"Pantograph":27},{"Girya":17,"Happy Flower":14,"Self Forming Clay":11,"SacredBark":15,"The Courier":11,"Whetstone":4,"Letter Opener":14,"War Paint":11,"Cursed Key":7,"Question Card":14,"Burning Blood":0,"Blood Vial":3,"Peace Pipe":6,"CaptainsWheel":19,"Centennial Puzzle":20,"Matryoshka":6,"Mummified Hand":22,"Pantograph":11},{"Girya":110,"Happy Flower":91,"Self Forming Clay":77,"SacredBark":98,"The Courier":77,"Whetstone":30,"Letter Opener":91,"War Paint":77,"Cursed Key":50,"Question Card":91,"Burning Blood":0,"Blood Vial":26,"Peace Pipe":38,"CaptainsWheel":118,"Centennial Puzzle":125,"Matryoshka":38,"Mummified Hand":138,"Pantograph":77}]},"card_choices":[{"not_picked":["Armaments","Cleave"],"picked":"Metallicize","floor":1.0},{"not_picked":["Anger","True Grit"],"picked":"Pommel Strike","floor":2.0},{"not_picked":["Limit Break","Power Through"],"picked":"Second Wind","floor":7.0},{"not_picked":["Exhume","Havoc"],"picked":"Evolve","floor":12.0},{"not_picked":["Limit Break","Bludgeon"],"picked":"Barricade","floor":16.0},{"not_picked":["Flex","Sentinel","Havoc"],"picked":"SKIP","floor":18.0},{"not_picked":["Rampage","Anger"],"picked":"Immolate","floor":20.0},{"not_picked":["True Grit+1","Havoc","Wild Strike"],"picked":"SKIP","floor":22},{"not_picked":["Blood for Blood","Perfected Strike","Iron Wave"],"picked":"SKIP","floor":24},{"not_picked":["Anger+1","Sentinel"],"picked":"Seeing Red","floor":28},{"not_picked":["Armaments","Spot Weakness"],"picked":"Body Slam","floor":29},{"not_picked":["True Grit+1","Pommel Strike"],"picked":"Shrug It Off","floor":30},{"not_picked":["Immolate","Berserk","Barricade"],"picked":"Exhume","floor":33},{"not_picked":["Twin Strike","Rampage","True Grit"],"picked":"Burning Pact","floor":35},{"not_picked":["Immolate","Thunderclap+1","Twin Strike","Shrug It Off+1"],"picked":"SKIP","floor":38},{"not_picked":["Flex","Havoc","Shockwave"],"picked":"Warcry+1","floor":41},{"not_picked":["Metallicize","Cleave","Brutality"],"picked":"Dual Wield","floor":44},{"not_picked":["Carnage+1","Spot Weakness","Sword Boomerang","Havoc"],"picked":"SKIP","floor":45},{"not_picked":["Havoc+1","Metallicize+1","Infernal Blade","Feed"],"picked":"SKIP","floor":46}],"player_experience":1549839,"relics_obtained":[{"floor":7.0,"key":"Blood Vial"},{"floor":9.0,"key":"Whetstone"},{"floor":12.0,"key":"Peace Pipe"},{"floor":24,"key":"Self Forming Clay"},{"floor":26,"key":"War Paint"},{"floor":26,"key":"The Courier"},{"floor":30,"key":"Question Card"},{"floor":31,"key":"Letter Opener"},{"floor":31,"key":"Happy Flower"},{"floor":37,"key":"Girya"},{"floor":41,"key":"CaptainsWheel"},{"floor":44,"key":"Centennial Puzzle"}],"event_choices":[{"damage_healed":0.0,"max_hp_gain":5.0,"max_hp_loss":0.0,"gold_gain":0.0,"event_name":"Big Fish","player_choice":"Donut","floor":3.0,"gold_loss":0.0,"damage_taken":0.0},{"damage_healed":0.0,"max_hp_gain":0.0,"max_hp_loss":0.0,"gold_gain":0.0,"cards_transformed":["Strike_R"],"event_name":"Living Wall","player_choice":"Change","floor":4.0,"gold_loss":0.0,"damage_taken":0.0,"cards_obtained":["Impervious"]},{"damage_healed":0.0,"max_hp_gain":0.0,"max_hp_loss":0.0,"gold_gain":0.0,"event_name":"Lab","player_choice":"Got Potions","floor":5.0,"gold_loss":0.0,"damage_taken":0.0},{"damage_healed":0.0,"max_hp_gain":0.0,"max_hp_loss":0.0,"gold_gain":76.0,"event_name":"Golden Wing","player_choice":"Gained Gold","floor":11.0,"gold_loss":0.0,"damage_taken":0.0},{"damage_healed":0.0,"max_hp_gain":0.0,"max_hp_loss":0.0,"gold_gain":0.0,"event_name":"Dead Adventurer","player_choice":"Searched \u00271\u0027 times","floor":14.0,"gold_loss":0.0,"damage_taken":0.0,"relics_obtained":["Matryoshka"]},{"cards_removed":["Strike_R"],"damage_healed":0.0,"max_hp_gain":0.0,"max_hp_loss":0.0,"gold_gain":0.0,"event_name":"Beggar","player_choice":"Gave Gold","floor":19.0,"gold_loss":75.0,"damage_taken":0.0},{"cards_removed":["Strike_R"],"damage_healed":0.0,"max_hp_gain":0.0,"max_hp_loss":0.0,"gold_gain":0.0,"event_name":"Back to Basics","player_choice":"Elegance","floor":21.0,"gold_loss":0.0,"damage_taken":0.0},{"damage_healed":0,"gold_gain":0,"player_choice":"Obtained Relic","damage_taken":0,"relics_obtained":["Pantograph"],"max_hp_gain":0,"max_hp_loss":0,"event_name":"Addict","floor":27,"gold_loss":85},{"cards_removed":["Metallicize"],"damage_healed":0,"gold_gain":0,"player_choice":"Removed Power","damage_taken":0,"max_hp_gain":0,"max_hp_loss":0,"event_name":"Falling","floor":36,"gold_loss":0},{"damage_healed":0,"gold_gain":0,"player_choice":"Fight","damage_taken":0,"max_hp_gain":0,"max_hp_loss":0,"event_name":"Mysterious Sphere","floor":37,"gold_loss":0},{"damage_healed":0,"gold_gain":0,"player_choice":"Ignored","damage_taken":0,"max_hp_gain":0,"max_hp_loss":0,"event_name":"Tomb of Lord Red Mask","floor":39,"gold_loss":0},{"damage_healed":0,"gold_gain":0,"player_choice":"Embrace Madness","damage_taken":13,"max_hp_gain":0,"max_hp_loss":0,"event_name":"Winding Halls","floor":42,"gold_loss":0,"cards_obtained":["Madness","Madness"]}],"is_beta":false,"boss_relics":[{"not_picked":["Black Star","Empty Cage"],"picked":"Cursed Key"},{"not_picked":["Black Blood","Tiny House"],"picked":"SacredBark"}],"items_purged_floors":[48],"is_endless":false,"potions_floor_spawned":[7,16,18,24,30,33,37,44,46],"ascension_level":20}}