{"host":"9gxprskaw0c5jpbt","time":1614378080,"event":{"mods":["AchievementEnabler","BaseMod","Colored Map","Highlight Path","KOR Keyword Fix","Minty Spire (QoL Compilation)","Rare Cards Sparkle","StSLib","SuperFastMode","everything is the same but u backflip on backflip"],"gold_per_floor":[113,113,127,17,17,44,54,54,54,54,71,43,43,78,78,78,149,149,162,177,193,193,207,207,207,0,45,45,45,65,65,3,3,3,3],"floor_reached":34,"language":"KOR","playtime":784,"items_purged":[],"score":606,"play_id":"0c972d1a-6218-40ce-ac67-e70c83b4b01f","local_time":"20210227072120","is_ascension_mode":true,"campfire_choices":[{"data":"Fire Breathing","floor":8.0,"key":"SMITH"},{"data":"Pommel Strike","floor":10.0,"key":"SMITH"},{"data":"Armaments","floor":13.0,"key":"SMITH"},{"floor":16.0,"key":"REST"},{"floor":24,"key":"REST"},{"floor":29,"key":"REST"},{"data":"Offering","floor":31,"key":"SMITH"},{"floor":33,"key":"REST"}],"circlet_count":0,"master_deck":["AscendersBane","Strike_R","Strike_R","Strike_R","Defend_R","Defend_R","Defend_R","Defend_R","Bash","Flex","Pommel Strike+1","Fire Breathing+1","Armaments+1","Offering+1","Disarm","Thunderclap","Limit Break+1","Shrug It Off+1","Pummel","Double Tap+1","Wild Strike","True Grit+1","Armaments+1","Writhe","Pommel Strike+1","Fire Breathing"],"relics":["Burning Blood","NeowsBlessing","Question Card","Toxic Egg 2","Pear","Mark of Pain","The Courier","Bag of Preparation"],"acts_visited":["Exordium","TheCity"],"potions_floor_usage":[25,25,34],"damage_taken":[{"damage":0.0,"enemies":"Small Slimes","floor":1.0,"turns":1.0},{"damage":0.0,"enemies":"Cultist","floor":3.0,"turns":1.0},{"damage":0.0,"enemies":"Lagavulin","floor":6.0,"turns":1.0},{"damage":6.0,"enemies":"2 Louse","floor":7.0,"turns":2.0},{"damage":14.0,"enemies":"Large Slime","floor":11.0,"turns":3.0},{"damage":36.0,"enemies":"Gremlin Nob","floor":14.0,"turns":4.0},{"damage":31.0,"enemies":"Hexaghost","floor":17.0,"turns":8.0},{"damage":33.0,"enemies":"Chosen","floor":19.0,"turns":5.0},{"damage":17.0,"enemies":"2 Thieves","floor":20.0,"turns":4.0},{"damage":7.0,"enemies":"Cultist and Chosen","floor":21.0,"turns":4.0},{"damage":35.0,"enemies":"3 Cultists","floor":23.0,"turns":5.0},{"damage":0,"enemies":"Slavers","floor":25,"turns":1},{"damage":16,"enemies":"Snake Plant","floor":30,"turns":3},{"damage":79,"enemies":"Champ","floor":34,"turns":12}],"seed_played":"8229507133923193049","potions_obtained":[{"floor":1.0,"key":"SkillPotion"},{"floor":3.0,"key":"SteroidPotion"},{"floor":17.0,"key":"Strength Potion"},{"floor":19.0,"key":"EssenceOfSteel"},{"floor":21.0,"key":"SmokeBomb"},{"floor":28,"key":"Strength Potion"},{"floor":28,"key":"SmokeBomb"}],"is_trial":false,"path_per_floor":["M","?","M","$","?","E","M","R","T","R","M","$","R","E","E","R","B",null,"M","M","M","?","M","R","E","?","T","?","R","M","R","$","R","B"],"character_chosen":"IRONCLAD","items_purchased":["Fire Breathing","Armaments","Shrug It Off+1","Fire Breathing"],"campfire_rested":4,"item_purchase_floors":[4,4,12,32],"current_hp_per_floor":[74,74,75,75,75,75,75,75,75,75,67,67,67,47,47,72,47,76,49,38,37,37,8,33,39,39,39,39,64,54,54,54,79,0,0],"gold":3,"neow_bonus":"THREE_ENEMY_KILL","is_daily":false,"chose_seed":false,"campfire_upgraded":4,"win_rate":0.0,"timestamp":1614378080,"path_taken":["M","?","?","$","?","E","M","R","T","R","M","$","R","E","E","R","BOSS","M","M","M","?","M","R","E","?","T","?","R","M","R","$","R","BOSS"],"items_purchased_type":["Card","Card","Card","Card"],"build_version":"2020-12-22","purchased_purges":0,"victory":false,"max_hp_per_floor":[75,75,75,75,75,75,75,75,75,75,75,75,75,85,85,85,85,85,85,85,85,85,85,85,85,85,85,85,85,85,85,85,85,85,85],"card_choices":[{"not_picked":["Anger","Pommel Strike"],"picked":"Flex","floor":1.0},{"not_picked":["Iron Wave","Warcry"],"picked":"Pommel Strike","floor":3.0},{"not_picked":["Clothesline","Carnage"],"picked":"Disarm","floor":6.0},{"not_picked":["Pummel","Body Slam","Warcry"],"picked":"Thunderclap","floor":7.0},{"not_picked":["True Grit+1","Cleave","Perfected Strike"],"picked":"Limit Break+1","floor":11.0},{"not_picked":["Uppercut","Disarm+1","Clothesline"],"picked":"Pummel","floor":14.0},{"not_picked":["Corruption","Limit Break+1","Demon Form"],"picked":"Double Tap+1","floor":17.0},{"not_picked":["Clothesline","Perfected Strike","Sword Boomerang+1"],"picked":"Wild Strike","floor":19.0},{"not_picked":["Heavy Blade","Disarm+1","Cleave"],"picked":"True Grit+1","floor":20.0},{"not_picked":["Heavy Blade","Cleave","Rampage+1"],"picked":"Armaments+1","floor":21.0},{"not_picked":["Barricade","Perfected Strike","Battle Trance+1"],"picked":"Pommel Strike+1","floor":23},{"not_picked":["Clothesline","Sword Boomerang","Pommel Strike","Rage+1"],"picked":"SKIP","floor":30}],"player_experience":993105,"relics_obtained":[{"floor":6.0,"key":"Question Card"},{"floor":9.0,"key":"Toxic Egg 2"},{"floor":14.0,"key":"Pear"},{"floor":27,"key":"Bag of Preparation"}],"event_choices":[{"cards_removed":["Strike_R"],"damage_healed":0.0,"max_hp_gain":0.0,"max_hp_loss":0.0,"gold_gain":0.0,"event_name":"Bonfire Elementals","player_choice":"Offered Basic","floor":2.0,"gold_loss":0.0,"damage_taken":0.0},{"damage_healed":0.0,"max_hp_gain":0.0,"max_hp_loss":0.0,"gold_gain":0.0,"cards_transformed":["Strike_R"],"event_name":"Transmorgrifier","player_choice":"Transformed","floor":5.0,"gold_loss":0.0,"damage_taken":0.0,"cards_obtained":["Offering"]},{"damage_healed":0.0,"max_hp_gain":0.0,"max_hp_loss":0.0,"gold_gain":0.0,"event_name":"The Mausoleum","player_choice":"Opened","floor":22.0,"gold_loss":0.0,"damage_taken":0.0,"relics_obtained":["The Courier"],"cards_obtained":["Writhe"]},{"damage_healed":0,"gold_gain":0,"player_choice":"Paid Fearfully","damage_taken":0,"max_hp_gain":0,"max_hp_loss":0,"event_name":"Masked Bandits","floor":26,"gold_loss":207},{"damage_healed":0,"gold_gain":0,"player_choice":"Got Potions","damage_taken":0,"max_hp_gain":0,"max_hp_loss":0,"event_name":"Lab","floor":28,"gold_loss":0}],"is_beta":false,"boss_relics":[{"not_picked":["Fusion Hammer","Empty Cage"],"picked":"Mark of Pain"}],"items_purged_floors":[],"is_endless":false,"potions_floor_spawned":[1,3,17,19,20,21],"killed_by":"Champ","ascension_level":20}}