{"host":"36t3qd3wjvajtu1z","time":1614326776,"event":{"mods":["2.2 Compatiblity","AchievementEnabler","BaseMod","Bestiary","Block Reminder","Colored Powertips","Curses Come First","Filter the Spire","Highlight Path","Minty Spire (QoL Compilation)","Permanent Neow","Quick Restart","Random Character Button","Rare Cards Sparkle","Relic Stats","Slay-I","StSLib","Unknown Chances"],"gold_per_floor":[241],"floor_reached":0,"language":"ENG","playtime":0,"items_purged":[],"score":0,"play_id":"c3eb9abf-752e-4eb6-9eef-1e39d50ee98e","local_time":"20210226000616","is_ascension_mode":true,"campfire_choices":[],"circlet_count":0,"master_deck":["AscendersBane","Strike_B+1","Strike_B+1","Strike_B+1","Strike_B+1","Defend_B+1","Defend_B+1","Defend_B+1","Zap","Dualcast","Beam Cell+1","Compile Driver","Reprogram+1","Rebound+1","Conserve Battery+1","Leap+1","All For One","Gash","Flash of Steel+1","Sweeping Beam+1","All For One+1","Reinforced Body+1","Hologram+1"],"relics":[],"acts_visited":["Exordium","TheCity","TheBeyond"],"potions_floor_usage":[],"damage_taken":[],"seed_played":"-1623483071444568319","potions_obtained":[],"is_trial":false,"path_per_floor":[],"character_chosen":"DEFECT","items_purchased":[],"campfire_rested":0,"item_purchase_floors":[],"current_hp_per_floor":[6],"gold":241,"neow_bonus":"","is_daily":false,"chose_seed":false,"campfire_upgraded":0,"win_rate":0.0,"timestamp":1614326776,"path_taken":[],"items_purchased_type":[],"build_version":"2020-12-22","purchased_purges":0,"victory":false,"max_hp_per_floor":[64],"relic_stats":{"counters":[25,119],"obtain_stats":[{"Regal Pillow":14,"Dead Branch":11,"Vajra":5,"Medical Kit":30,"Du-Vu Doll":36,"SlaversCollar":34,"Anchor":7,"DataDisk":24,"Shuriken":28,"Gambling Chip":0,"Molten Egg 2":20,"MealTicket":28,"Black Star":17,"Bottled Lightning":26,"Toxic Egg 2":9,"Cracked Core":0,"Meat on the Bone":24},{"Regal Pillow":9,"Dead Branch":6,"Vajra":3,"Medical Kit":17,"Du-Vu Doll":21,"SlaversCollar":19,"Anchor":4,"DataDisk":14,"Shuriken":16,"Gambling Chip":0,"Molten Egg 2":12,"MealTicket":16,"Black Star":10,"Bottled Lightning":14,"Toxic Egg 2":4,"Cracked Core":0,"Meat on the Bone":14},{"Regal Pillow":27,"Dead Branch":19,"Vajra":8,"Medical Kit":69,"Du-Vu Doll":94,"SlaversCollar":80,"Anchor":11,"DataDisk":55,"Shuriken":65,"Gambling Chip":0,"Molten Egg 2":45,"MealTicket":65,"Black Star":34,"Bottled Lightning":55,"Toxic Egg 2":11,"Cracked Core":0,"Meat on the Bone":55}]},"card_choices":[],"player_experience":627262,"relics_obtained":[],"event_choices":[],"is_beta":false,"boss_relics":[],"items_purged_floors":[],"is_endless":false,"potions_floor_spawned":[],"killed_by":"Giant Head","ascension_level":18}}