{"host":"5vxoi0a3x57fg5l4","time":1614306221,"event":{"mods":["Act Like it!","BaseMod","Better Third Choice","Colored Map","GifTheSpireLib","Hallownest","Highlight Path","Minty Spire (QoL Compilation)","Permanent Neow","Quick Restart","Relic Sorter","Relic Stats","StSLib","The Bug Knight","UnlockEverythingMod"],"gold_per_floor":[119,119,44,44,44,44,61,61,108,128,80,80,80,94,94,193,193,209,209,16,35,185,185,201,221,221,14,14,14,14],"floor_reached":29,"language":"ENG","playtime":1653,"items_purged":["HollowMod:QuickDashStart"],"score":211,"play_id":"f0cf06d6-621d-46ae-a339-213d8615ca2c","local_time":"20210225232341","is_ascension_mode":false,"campfire_choices":[{"data":"HollowMod:FocusHealStart","floor":6.0,"key":"SMITH"},{"floor":8.0,"key":"RECALL"},{"data":"HollowMod:HowlingWraiths","floor":15.0,"key":"SMITH"},{"data":"HollowMod:SlysStrikes","floor":23.0,"key":"SMITH"}],"circlet_count":0,"master_deck":["HollowMod:NailStrikeStart","HollowMod:NailStrikeStart","HollowMod:NailStrikeStart","HollowMod:QuickDashStart","HollowMod:QuickDashStart","HollowMod:QuickDashStart","HollowMod:FocusHealStart+1","HollowMod:PogoStrike","HollowMod:HowlingWraiths+1","HollowMod:CycloneSlash","HollowMod:DungDefenderAura","HollowMod:DashSlash","HollowMod:NewLittleFool","HollowMod:SlysStrikes+1","HollowMod:PureNailStrike+1","Doubt","HollowMod:GrimmsGift","HollowMod:WraithStrike+1","HollowMod:CornifersMapStart","HollowMod:MantisMark","HollowMod:GreatSlash+1","HollowMod:LifebloodCocoon","HollowMod:VoidDash","HollowMod:CoiledNail+1","Shame"],"relics":["HollowMod:VesselMask","Ice Cream","Hallownest:DreamNailRelic","Bag of Marbles","Molten Egg 2","Anchor","PreservedInsect","Snecko Eye","The Courier","Strange Spoon","HollowMod:LumaflyLanternRelic","WarpedTongs"],"acts_visited":["Hallownest:Greenpath","Hallownest:CityofTears"],"potions_floor_usage":[],"damage_taken":[{"damage":0.0,"enemies":"Hallownest:2_Baldur","floor":1.0,"turns":3.0},{"damage":4.0,"enemies":"Hallownest:monsterHuskGuard","floor":7.0,"turns":4.0},{"damage":0.0,"enemies":"Hallownest:2_MossCreeps","floor":10.0,"turns":2.0},{"damage":0.0,"enemies":"Hallownest:Wandering_and_Horned","floor":14.0,"turns":3.0},{"damage":42.0,"enemies":"Hallownest:BossHornet","floor":16.0,"turns":9.0},{"damage":25.0,"enemies":"Hallownest:Guard_and_Sentry","floor":18.0,"turns":5.0},{"damage":10.0,"enemies":"Hallownest:3_Youths","floor":21.0,"turns":4.0},{"damage":18.0,"enemies":"Hallownest:2_Husk_Sentries","floor":24.0,"turns":4.0},{"damage":25.0,"enemies":"Hallownest:Master_and_Novice","floor":25.0,"turns":3.0},{"damage":0,"enemies":"Hallownest:Glutton_and_Coward","floor":29,"turns":1}],"seed_played":"-3055569870274234399","potions_obtained":[{"floor":1.0,"key":"DuplicationPotion"},{"floor":7.0,"key":"DistilledChaos"},{"floor":18.0,"key":"SteroidPotion"}],"is_trial":false,"path_per_floor":["M","?","$","?","?","R","M","R","T","M","$","?","T","M","R","B",null,"M","?","$","M","?","R","M","M","T","$","?","M"],"character_chosen":"THE_BUGKNIGHT","items_purchased":["HollowMod:NewLittleFool","HollowMod:GrimmsGift","Strange Spoon","HollowMod:WraithStrike+1","HollowMod:LifebloodCocoon","HollowMod:VoidDash","HollowMod:CoiledNail+1"],"campfire_rested":0,"item_purchase_floors":[11,20,20,20,27,27,27],"current_hp_per_floor":[54,54,54,54,54,54,50,50,50,50,50,40,40,46,46,10,75,50,50,50,46,46,46,28,9,9,9,9,9,9],"gold":14,"neow_bonus":"ONE_RARE_RELIC","is_daily":false,"chose_seed":false,"campfire_upgraded":3,"win_rate":0.0,"timestamp":1614306221,"path_taken":["M","?","?","?","?","R","?","R","T","M","$","?","?","M","R","BOSS","M","?","$","M","?","R","M","M","T","$","?","M"],"items_purchased_type":["Card","Card","Relic","Card","Card","Card","Card"],"build_version":"2020-12-22","purchased_purges":1,"victory":false,"max_hp_per_floor":[75,75,75,75,75,75,75,75,75,75,75,75,75,75,75,75,75,75,75,75,75,75,75,75,75,75,75,75,75,75],"relic_stats":{"Strange Spoon":[1],"counters":[10,38],"Snecko Eye":[36,45,28,26],"PreservedInsect":0,"obtain_stats":[{"Ice Cream":0,"Strange Spoon":20,"Anchor":12,"HollowMod:LumaflyLanternRelic":26,"Snecko Eye":17,"HollowMod:VesselMask":0,"Molten Egg 2":12,"PreservedInsect":13,"The Courier":19,"Hallownest:DreamNailRelic":5,"Bag of Marbles":9,"WarpedTongs":28},{"Ice Cream":0,"Strange Spoon":6,"Anchor":3,"HollowMod:LumaflyLanternRelic":9,"Snecko Eye":5,"HollowMod:VesselMask":0,"Molten Egg 2":3,"PreservedInsect":3,"The Courier":6,"Hallownest:DreamNailRelic":1,"Bag of Marbles":2,"WarpedTongs":9},{"Ice Cream":0,"Strange Spoon":26,"Anchor":9,"HollowMod:LumaflyLanternRelic":37,"Snecko Eye":21,"HollowMod:VesselMask":0,"Molten Egg 2":9,"PreservedInsect":9,"The Courier":26,"Hallownest:DreamNailRelic":3,"Bag of Marbles":7,"WarpedTongs":37}],"WarpedTongs":[1]},"card_choices":[{"not_picked":["HollowMod:DesolateDive","HollowMod:ChannelNail"],"picked":"HollowMod:HowlingWraiths","floor":1.0},{"not_picked":["HollowMod:SharpenedNail","HollowMod:ShadowDash"],"picked":"HollowMod:DungDefenderAura","floor":7.0},{"not_picked":["HollowMod:VengefulVoid","HollowMod:ShadowDash"],"picked":"HollowMod:DashSlash","floor":10.0},{"not_picked":["HollowMod:ShadowDash","HollowMod:DoubleDash","HollowMod:AbyssShriek+1"],"picked":"SKIP","floor":14.0},{"not_picked":["HollowMod:MidwifesHunger+1","HollowMod:SoulMaster"],"picked":"HollowMod:SlysStrikes","floor":16.0},{"not_picked":["HollowMod:DoubleDash+1","HollowMod:LifebloodCocoon"],"picked":"HollowMod:PureNailStrike+1","floor":18.0},{"not_picked":["HollowMod:InfectedCysts+1","HollowMod:NewGlowingWomb"],"picked":"HollowMod:CornifersMapStart","floor":21.0},{"not_picked":["HollowMod:WraithStrike+1","HollowMod:ChannelNail"],"picked":"HollowMod:MantisMark","floor":24.0},{"not_picked":["HollowMod:ChannelNail","HollowMod:InfectionAssault+1"],"picked":"HollowMod:GreatSlash+1","floor":25.0}],"player_experience":26155,"relics_obtained":[{"floor":9.0,"key":"Bag of Marbles"},{"floor":13.0,"key":"PreservedInsect"},{"floor":26.0,"key":"HollowMod:LumaflyLanternRelic"}],"event_choices":[],"is_beta":false,"boss_relics":[{"not_picked":["Coffee Dripper","Runic Pyramid"],"picked":"Snecko Eye"}],"items_purged_floors":[3],"is_endless":false,"potions_floor_spawned":[1,7,18],"killed_by":"Hallownest:Glutton_and_Coward","ascension_level":0}}