{"host":"rhdzd7if6vauof3v","time":1614310809,"event":{"mods":["AchievementEnabler","BaseMod","Colored Map","Minty Spire (QoL Compilation)","Permanent Neow","Relic Stats","StSLib","Transform Curses"],"gold_per_floor":[109,126,126,126,126,164,164,195,195,214,237,237,285,304,304,430,430,445,445,481,504,429,465,465,490,561,486,486,292,313,129,129,248,248,268,331,553,117,138,179,16,40,63,83,83,416,416,430,430,430,430,430,116,148,148],"floor_reached":56,"language":"ENG","playtime":4361,"items_purged":["Defend_R","Defend_R","Defend_R"],"score":1273,"play_id":"45675ca5-a605-4526-8ebe-ec00ddfa25e9","local_time":"20210225224009","is_ascension_mode":true,"campfire_choices":[{"data":"Perfected Strike","floor":7,"key":"SMITH"},{"data":"Perfected Strike","floor":12,"key":"SMITH"},{"floor":15,"key":"REST"},{"data":"Perfected Strike","floor":24,"key":"SMITH"},{"data":"Armaments","floor":28,"key":"SMITH"},{"floor":32,"key":"RECALL"},{"data":"Double Tap","floor":45,"key":"SMITH"},{"data":"Double Tap","floor":49,"key":"SMITH"},{"data":"Shrug It Off","floor":52,"key":"SMITH"}],"circlet_count":0,"master_deck":["Strike_R","Strike_R","Strike_R","Strike_R","Strike_R","Perfected Strike+1","Perfected Strike+1","Reaper","Twin Strike","Shrug It Off+1","Shrug It Off+1","Twin Strike","Perfected Strike+1","Armaments+1","Battle Trance+1","Double Tap+1","Armaments+1","Pommel Strike","Dramatic Entrance+1","Pommel Strike+1","Twin Strike+1","Perfected Strike+1","Twin Strike+1","Perfected Strike+1","Cleave+1","Double Tap+1","Dramatic Entrance+1","Parasite","Twin Strike+1","Cleave+1","Flame Barrier+1","Pommel Strike+1","Twin Strike+1","Shrug It Off"],"relics":["Burning Blood","Ice Cream","Prayer Wheel","Pen Nib","Velvet Choker","Red Mask","Darkstone Periapt","Molten Egg 2","Strawberry","Philosopher\u0027s Stone","Ginger","Lizard Tail","HornCleat","Potion Belt","War Paint","Vajra"],"acts_visited":["Exordium","TheCity","TheBeyond","TheEnding"],"potions_floor_usage":[14,55,55,55,55,55],"damage_taken":[{"damage":2,"enemies":"2 Louse","floor":1,"turns":2},{"damage":5,"enemies":"Cultist","floor":2,"turns":4},{"damage":30,"enemies":"3 Sentries","floor":6,"turns":8},{"damage":27,"enemies":"Gremlin Nob","floor":8,"turns":4},{"damage":5,"enemies":"Small Slimes","floor":10,"turns":4},{"damage":0,"enemies":"2 Fungi Beasts","floor":11,"turns":3},{"damage":0,"enemies":"Large Slime","floor":14,"turns":5},{"damage":46,"enemies":"The Guardian","floor":16,"turns":10},{"damage":7,"enemies":"3 Byrds","floor":18,"turns":4},{"damage":9,"enemies":"Masked Bandits","floor":20,"turns":3},{"damage":0,"enemies":"Chosen","floor":21,"turns":2},{"damage":28,"enemies":"Slavers","floor":23,"turns":7},{"damage":0,"enemies":"Snake Plant","floor":25,"turns":3},{"damage":0,"enemies":"Chosen and Byrds","floor":30,"turns":2},{"damage":40,"enemies":"Collector","floor":33,"turns":8},{"damage":4,"enemies":"3 Darklings","floor":35,"turns":3},{"damage":6,"enemies":"Mind Bloom Boss Battle","floor":36,"turns":4},{"damage":9,"enemies":"3 Shapes","floor":39,"turns":2},{"damage":16,"enemies":"Nemesis","floor":40,"turns":3},{"damage":0,"enemies":"Writhing Mass","floor":42,"turns":3},{"damage":0,"enemies":"Jaw Worm Horde","floor":44,"turns":1},{"damage":4,"enemies":"Spire Growth","floor":48,"turns":3},{"damage":70,"enemies":"Awakened One","floor":50,"turns":6},{"damage":12,"enemies":"Shield and Spear","floor":54,"turns":3},{"damage":165,"enemies":"The Heart","floor":55,"turns":8}],"seed_played":"-2884833856309670761","potions_obtained":[{"floor":6,"key":"SteroidPotion"},{"floor":11,"key":"FearPotion"},{"floor":14,"key":"Fruit Juice"},{"floor":18,"key":"SpeedPotion"},{"floor":33,"key":"DuplicationPotion"},{"floor":35,"key":"BloodPotion"},{"floor":54,"key":"BloodPotion"}],"is_trial":false,"path_per_floor":["M","M","?","$","?","E","R","E","T","M","M","R","T","M","R","B",null,"M","?","?","M","$","E","R","M","T","?","R","$","M","$","R","B",null,"M","?","?","$","M","E","$","M","T","M","R","?","?","M","R","B",null,"R","$","E","B",null],"character_chosen":"IRONCLAD","items_purchased":["Dramatic Entrance+1","Twin Strike+1","Strawberry","Lizard Tail","Double Tap","Dramatic Entrance+1","Twin Strike+1","War Paint","Block Potion","EssenceOfSteel"],"campfire_rested":1,"item_purchase_floors":[29,31,31,38,41,41,53,53,53,53],"current_hp_per_floor":[80,80,60,60,60,36,36,15,15,20,26,26,26,41,66,29,85,84,84,81,85,85,71,71,81,81,81,81,81,85,92,92,58,92,92,92,92,92,89,79,79,91,91,97,97,97,93,93,93,29,93,93,93,87,13],"gold":148,"neow_bonus":"THREE_CARDS","is_daily":false,"chose_seed":false,"campfire_upgraded":7,"win_rate":0.0,"timestamp":1614310809,"path_taken":["M","M","?","$","?","E","R","E","T","M","?","R","?","?","R","BOSS","M","?","?","M","$","E","R","M","T","?","R","$","M","?","R","BOSS","M","?","?","$","M","E","$","M","T","?","R","?","?","M","R","BOSS","R","$","E","BOSS"],"items_purchased_type":["Card","Card","Relic","Relic","Card","Card","Card","Relic","Potion","Potion"],"build_version":"2020-12-22","purchased_purges":3,"victory":true,"max_hp_per_floor":[80,80,80,80,80,80,80,80,80,80,80,80,80,85,85,85,85,85,85,85,85,85,85,85,85,85,85,85,85,85,92,92,92,92,92,92,92,92,92,92,92,98,98,98,98,98,93,93,93,93,93,93,93,93,93],"relic_stats":{"Darkstone Periapt":6,"Lizard Tail":46,"counters":[25,105],"Prayer Wheel":12,"Pen Nib":[19],"Ginger":[4],"War Paint":["Battle Trance","Shrug It Off"],"obtain_stats":[{"Ice Cream":6,"Darkstone Periapt":23,"Potion Belt":43,"Golden Idol":3,"Velvet Choker":17,"Vajra":54,"Pen Nib":13,"Ginger":36,"War Paint":53,"Burning Blood":0,"Lizard Tail":38,"HornCleat":40,"Strawberry":31,"Prayer Wheel":8,"Molten Egg 2":26,"Philosopher\u0027s Stone":34,"Red Mask":20},{"Ice Cream":3,"Darkstone Periapt":12,"Potion Belt":20,"Golden Idol":2,"Velvet Choker":8,"Vajra":24,"Pen Nib":6,"Ginger":17,"War Paint":23,"Burning Blood":0,"Lizard Tail":17,"HornCleat":19,"Strawberry":14,"Prayer Wheel":4,"Molten Egg 2":13,"Philosopher\u0027s Stone":15,"Red Mask":10},{"Ice Cream":14,"Darkstone Periapt":56,"Potion Belt":84,"Golden Idol":6,"Velvet Choker":40,"Vajra":97,"Pen Nib":25,"Ginger":76,"War Paint":94,"Burning Blood":0,"Lizard Tail":76,"HornCleat":81,"Strawberry":61,"Prayer Wheel":18,"Molten Egg 2":59,"Philosopher\u0027s Stone":69,"Red Mask":47}],"Burning Blood":131},"card_choices":[{"not_picked":["Pommel Strike","Anger"],"picked":"Perfected Strike","floor":0},{"not_picked":["Warcry","Bloodletting","Carnage"],"picked":"SKIP","floor":1},{"not_picked":["Bloodletting","Clothesline"],"picked":"Perfected Strike","floor":2},{"not_picked":["Blood for Blood","Corruption"],"picked":"Twin Strike","floor":6},{"not_picked":["Body Slam","Sword Boomerang"],"picked":"Shrug It Off","floor":8},{"not_picked":["Iron Wave","Feel No Pain"],"picked":"Shrug It Off","floor":10},{"not_picked":["Thunderclap","Combust","Corruption"],"picked":"SKIP","floor":10},{"not_picked":["Feel No Pain","Rupture"],"picked":"Twin Strike","floor":11},{"not_picked":["Headbutt","Iron Wave","Burning Pact"],"picked":"SKIP","floor":11},{"not_picked":["Thunderclap","Anger","Headbutt"],"picked":"SKIP","floor":14},{"not_picked":["Reckless Charge","True Grit","Thunderclap"],"picked":"SKIP","floor":14},{"not_picked":["Sword Boomerang","Whirlwind"],"picked":"Perfected Strike","floor":18},{"not_picked":["Searing Blow+1","Iron Wave+1"],"picked":"Armaments+1","floor":18},{"not_picked":["Power Through","Burning Pact"],"picked":"Double Tap","floor":20},{"not_picked":["Shrug It Off","Combust"],"picked":"Armaments","floor":21},{"not_picked":["Combust","Anger","Clash"],"picked":"SKIP","floor":21},{"not_picked":["Hemokinesis","Rage","Clash"],"picked":"SKIP","floor":23},{"not_picked":["Armaments","Clash"],"picked":"Pommel Strike","floor":25},{"not_picked":["Second Wind+1","Searing Blow+1","Entrench"],"picked":"SKIP","floor":25},{"not_picked":["Second Wind+1","Heavy Blade+1"],"picked":"Pommel Strike+1","floor":30},{"not_picked":["Anger+1","Clothesline+1","Warcry"],"picked":"SKIP","floor":30},{"not_picked":["Warcry","True Grit"],"picked":"Perfected Strike+1","floor":35},{"not_picked":["True Grit","Body Slam+1","Clash+1"],"picked":"SKIP","floor":35},{"not_picked":["Bloodletting","Burning Pact"],"picked":"Twin Strike+1","floor":39},{"not_picked":["Shrug It Off","Rupture"],"picked":"Perfected Strike+1","floor":39},{"not_picked":["Burning Pact","Warcry"],"picked":"Cleave+1","floor":40},{"not_picked":["Second Wind","Headbutt+1"],"picked":"Twin Strike+1","floor":42},{"not_picked":["Infernal Blade+1","Seeing Red+1","Anger+1"],"picked":"SKIP","floor":42},{"not_picked":["Corruption","Sword Boomerang+1"],"picked":"Cleave+1","floor":44},{"not_picked":["Burning Pact+1","True Grit+1"],"picked":"Flame Barrier+1","floor":44},{"not_picked":["Twin Strike+1","Intimidate"],"picked":"Pommel Strike+1","floor":48},{"not_picked":["Rage","Bloodletting","Second Wind"],"picked":"SKIP","floor":48},{"not_picked":["Brutality","Thunderclap+1"],"picked":"Shrug It Off","floor":54}],"player_experience":99141,"relics_obtained":[{"floor":6,"key":"Ice Cream"},{"floor":8,"key":"Prayer Wheel"},{"floor":13,"key":"Pen Nib"},{"floor":20,"key":"Red Mask"},{"floor":23,"key":"Darkstone Periapt"},{"floor":26,"key":"Molten Egg 2"},{"floor":36,"key":"Ginger"},{"floor":40,"key":"HornCleat"},{"floor":43,"key":"Potion Belt"},{"floor":54,"key":"Vajra"}],"event_choices":[{"damage_healed":0,"gold_gain":0,"player_choice":"Take Damage","damage_taken":20,"relics_obtained":["Golden Idol"],"max_hp_gain":0,"max_hp_loss":0,"event_name":"Golden Idol","floor":3,"gold_loss":0},{"damage_healed":0,"gold_gain":0,"cards_transformed":["Bash"],"player_choice":"Transformed","damage_taken":0,"max_hp_gain":0,"max_hp_loss":0,"event_name":"Transmorgrifier","floor":5,"gold_loss":0,"cards_obtained":["Reaper"]},{"damage_healed":0,"gold_gain":0,"player_choice":"Read","damage_taken":0,"max_hp_gain":0,"max_hp_loss":0,"event_name":"The Library","floor":19,"gold_loss":0,"cards_obtained":["Battle Trance"]},{"damage_healed":0,"gold_gain":0,"player_choice":"Fought Bandits","damage_taken":0,"max_hp_gain":0,"max_hp_loss":0,"event_name":"Masked Bandits","floor":20,"gold_loss":0},{"cards_removed":["Defend_R"],"damage_healed":0,"gold_gain":0,"player_choice":"Gave Gold","damage_taken":0,"max_hp_gain":0,"max_hp_loss":0,"event_name":"Beggar","floor":27,"gold_loss":75},{"damage_healed":0,"gold_gain":0,"player_choice":"Fight","damage_taken":0,"max_hp_gain":0,"max_hp_loss":0,"event_name":"MindBloom","floor":36,"gold_loss":0},{"damage_healed":0,"gold_gain":222,"player_choice":"Wore Mask","damage_taken":0,"max_hp_gain":0,"max_hp_loss":0,"event_name":"Tomb of Lord Red Mask","floor":37,"gold_loss":0},{"damage_healed":0,"gold_gain":333,"player_choice":"Gave Idol","damage_taken":0,"max_hp_gain":0,"max_hp_loss":0,"event_name":"The Moai Head","floor":46,"relics_lost":["Golden Idol"],"gold_loss":0},{"damage_healed":0,"gold_gain":0,"player_choice":"Max HP","damage_taken":0,"max_hp_gain":0,"max_hp_loss":5,"event_name":"Winding Halls","floor":47,"gold_loss":0}],"is_beta":false,"boss_relics":[{"not_picked":["Empty Cage","Fusion Hammer"],"picked":"Velvet Choker"},{"not_picked":["Cursed Key","Black Star"],"picked":"Philosopher\u0027s Stone"}],"items_purged_floors":[22,29,38],"is_endless":false,"potions_floor_spawned":[6,11,14,18,20,33,35,39,42,48,54],"ascension_level":1}}