{"host":"onk0sru1v5nf4gev","time":1614342673,"event":{"mods":["AchievementEnabler","BaseMod","Colored Map","Colored Powertips","Downfall","Googly Eyes","Infinite Spire","Minty Spire (QoL Compilation)","Quick Restart","Replay The Spire","StSLib","SuperFastMode","The Cursed"],"gold_per_floor":[109,384,263,213,229,258,258,44,69,69,86,100,133,9,9,9,9],"floor_reached":16,"language":"FRA","playtime":585,"items_purged":["Regret"],"score":108,"play_id":"35b375a6-20d4-4452-9981-0a697ef8489a","local_time":"20210226133113","is_ascension_mode":false,"campfire_choices":[{"data":"ReplayTheSpireMod:Scrap Shanks","floor":7.0,"key":"SMITH"},{"floor":10.0,"key":"REST"},{"floor":15,"key":"REST"}],"circlet_count":0,"master_deck":["Strike_G","Strike_G","Strike_G","Strike_G","Strike_G","Defend_G","Defend_G","Defend_G","Defend_G","Survivor","Neutralize","Cloak And Dagger","Deadly Poison","Blade Dance","ReplayTheSpireMod:Scrap Shanks+1","Bouncing Flask","Die Die Die","Deflect","Prepared","PiercingWail","ReplayTheSpireMod:Scrap Shanks","Terror","Terror"],"relics":["Ring of the Snake","infinitespire:PuzzleCube","Anchor","Bag of Preparation","Ancient Tea Set"],"acts_visited":["Exordium"],"potions_floor_usage":[16],"damage_taken":[{"damage":0.0,"enemies":"Small Slimes","floor":1.0,"turns":4.0},{"damage":0.0,"enemies":"Cultist","floor":5.0,"turns":3.0},{"damage":16.0,"enemies":"Lagavulin","floor":6.0,"turns":7.0},{"damage":0.0,"enemies":"2 Louse","floor":11.0,"turns":2.0},{"damage":9.0,"enemies":"2 Fungi Beasts","floor":12.0,"turns":3.0},{"damage":34,"enemies":"Gremlin Nob","floor":13,"turns":4},{"damage":49,"enemies":"Slime Boss","floor":16,"turns":5}],"seed_played":"-7738825426314634067","potions_obtained":[{"floor":5.0,"key":"PowerPotion"},{"floor":6.0,"key":"Ancient Potion"},{"floor":12.0,"key":"Dexterity Potion"}],"is_trial":false,"path_per_floor":["M","?","$","?","M","E","R","$","T","R","M","M","E","$","R","B"],"character_chosen":"THE_SILENT","items_purchased":["Deadly Poison","Bouncing Flask","Die Die Die","ReplayTheSpireMod:Scrap Shanks","Terror"],"campfire_rested":2,"item_purchase_floors":[3,8,8,14,14],"current_hp_per_floor":[70,70,70,70,70,54,54,54,54,70,70,61,27,27,48,0,0],"gold":9,"neow_bonus":"RANDOM_COMMON_RELIC","is_daily":false,"chose_seed":false,"campfire_upgraded":1,"win_rate":0.0,"timestamp":1614342673,"path_taken":["M","?","?","?","M","E","R","$","T","R","M","M","E","$","R","BOSS"],"items_purchased_type":["Card","Card","Card","Card","Card"],"build_version":"2020-12-22","purchased_purges":1,"victory":false,"max_hp_per_floor":[70,70,70,70,70,70,70,70,70,70,70,70,70,70,70,70,70],"card_choices":[{"not_picked":["Deflect","Well Laid Plans"],"picked":"Cloak And Dagger","floor":1.0},{"not_picked":["Acrobatics","Outmaneuver"],"picked":"Blade Dance","floor":5.0},{"not_picked":["ReplayTheSpireMod:Speed Training","Hidden Blade"],"picked":"ReplayTheSpireMod:Scrap Shanks","floor":6.0},{"not_picked":["Setup","Flechettes"],"picked":"Deflect","floor":11.0},{"not_picked":["Hidden Blade","Blade Dance"],"picked":"Prepared","floor":12.0},{"not_picked":["Glass Knife","Caltrops"],"picked":"PiercingWail","floor":13}],"player_experience":313067,"relics_obtained":[{"floor":6.0,"key":"Anchor"},{"floor":9.0,"key":"Bag of Preparation"},{"floor":13,"key":"Ancient Tea Set"}],"event_choices":[{"damage_healed":0.0,"max_hp_gain":0.0,"max_hp_loss":0.0,"gold_gain":275.0,"event_name":"Golden Shrine","player_choice":"Desecrate","floor":2.0,"gold_loss":0.0,"damage_taken":0.0,"cards_obtained":["Regret"]},{"cards_removed":["Defend_G"],"damage_healed":0.0,"max_hp_gain":0.0,"max_hp_loss":0.0,"gold_gain":0.0,"event_name":"The Cleric","player_choice":"Card Removal","floor":4.0,"gold_loss":50.0,"damage_taken":0.0}],"is_beta":false,"boss_relics":[],"items_purged_floors":[3],"is_endless":false,"potions_floor_spawned":[5,6,12],"killed_by":"Slime Boss","ascension_level":0}}