{"host":"qcf259yvvmr1jh6w","time":1614351158,"event":{"mods":["AchievementEnabler","Always Whale","BaseMod","BetterRewards","Colored Map","Downfall","Energized Spire","Hubris","Infinite Spire","Jorbs\u0027s Wanderer Trilogy","Minty Spire (QoL Compilation)","Quick Restart","Relic Sorter","Replay The Spire","Shop Mod","StSLib","SuperFastMode"],"gold_per_floor":[119,133,83,103,103,137,137,137,137,150,170,27,27,37,37,132,132,143,143,160,160,160,160,160,160],"floor_reached":24,"language":"ENG","playtime":1393,"items_purged":[],"score":196,"play_id":"b718ee06-f72c-4397-aa09-9981d94c0e0b","local_time":"20210226155238","is_ascension_mode":false,"campfire_choices":[{"floor":7,"key":"REST"},{"floor":13,"key":"REST"},{"floor":15,"key":"REST"},{"floor":23,"key":"REST"}],"circlet_count":0,"master_deck":["Strike_G","Strike_G","Strike_G","Strike_G+1","Defend_G","Defend_G","Defend_G","Defend_G","Survivor+1","Neutralize","Outmaneuver","Sucker Punch","Dagger Throw","PiercingWail","Backflip","Quick Slash","Phantasmal Killer","Flying Knee+1","infinitespire:Collect","Hallucinations"],"relics":["Ring of the Snake","Pear","Replay:Accelerometer","Orichalcum","hubris:VirtuousBlindfold","hubris:KleinBottle","ReplayTheSpireMod:Ring of Challenge","Ring of Fangs","hubris:AstralHammer","hubris:SphereOfDissonance"],"acts_visited":["Exordium","TheCity"],"potions_floor_usage":[6,16,16],"damage_taken":[{"damage":0,"enemies":"Small Slimes","floor":1,"turns":4},{"damage":0,"enemies":"2 Louse","floor":2,"turns":3},{"damage":0,"enemies":"Cultist","floor":4,"turns":4},{"damage":29,"enemies":"Lagavulin","floor":6,"turns":7},{"damage":5,"enemies":"Lots of Slimes","floor":10,"turns":5},{"damage":19,"enemies":"Exordium Wildlife","floor":11,"turns":8},{"damage":8,"enemies":"Gremlin Gang","floor":14,"turns":7},{"damage":9,"enemies":"Slime Boss","floor":16,"turns":12},{"damage":8,"enemies":"Chosen","floor":18,"turns":7},{"damage":11,"enemies":"2 Thieves","floor":20,"turns":4},{"damage":32,"enemies":"Gremlin Leader","floor":24,"turns":5}],"seed_played":"5351096757859242541","potions_obtained":[{"floor":2,"key":"FearPotion"},{"floor":6,"key":"hexamod:SoulburnPotion"},{"floor":11,"key":"BlessingOfTheForge"},{"floor":20,"key":"GamblersBrew"}],"is_trial":false,"path_per_floor":["M","M","?","M","?","E","R","?","T","M","M","$","R","M","R","B",null,"M","$","M","?","$","R","E"],"character_chosen":"THE_SILENT","items_purchased":["Orichalcum","hubris:KleinBottle","hubris:AstralHammer","hubris:SphereOfDissonance"],"campfire_rested":4,"item_purchase_floors":[12,19,22,22],"current_hp_per_floor":[70,70,70,70,70,51,75,75,75,70,51,51,75,67,80,71,80,72,53,42,42,6,30,0,0],"gold":160,"neow_bonus":"UPGRADE_CARD","is_daily":false,"chose_seed":false,"campfire_upgraded":0,"win_rate":0.0,"timestamp":1614351158,"path_taken":["M","M","?","M","?","E","R","?","T","M","M","$","R","M","R","BOSS","M","?","M","?","?","R","E"],"items_purchased_type":["Relic","Relic","Relic","Relic"],"build_version":"2020-12-22","purchased_purges":0,"victory":false,"max_hp_per_floor":[70,70,70,70,70,80,80,80,80,80,80,80,80,80,80,80,80,80,80,80,80,80,80,80,80],"card_choices":[{"not_picked":["Deflect","Calculated Gamble"],"picked":"Outmaneuver","floor":1},{"not_picked":["Backflip","Dodge and Roll"],"picked":"Sucker Punch","floor":2},{"not_picked":["Replay:Poison Smokescreen","Dagger Spray"],"picked":"Dagger Throw","floor":4},{"not_picked":["Prepared","Deflect"],"picked":"PiercingWail","floor":6},{"not_picked":["hubris:Counter","Cloak And Dagger","Sucker Punch"],"picked":"SKIP","floor":10},{"not_picked":["Hidden Blade","Replay:Bag of Tricks"],"picked":"Backflip","floor":11},{"not_picked":["Blade Dance","hubris:SlightOfHand"],"picked":"Quick Slash","floor":14},{"not_picked":["Burst","Malaise"],"picked":"Phantasmal Killer","floor":16},{"not_picked":["Finisher","Setup+1"],"picked":"Flying Knee+1","floor":18},{"not_picked":["infinitespire:DeathsTouch","infinitespire:Execution"],"picked":"infinitespire:Collect","floor":19},{"not_picked":["Bane+1","Leg Sweep+1","Deflect"],"picked":"SKIP","floor":20}],"player_experience":132341,"relics_obtained":[{"floor":6,"key":"Pear"},{"floor":9,"key":"Replay:Accelerometer"},{"floor":21,"key":"ReplayTheSpireMod:Ring of Challenge"},{"floor":21,"key":"Ring of Fangs"}],"event_choices":[{"cards_removed":["Defend_G"],"damage_healed":0,"gold_gain":0,"player_choice":"Card Removal","damage_taken":0,"max_hp_gain":0,"max_hp_loss":0,"event_name":"The Cleric","floor":3,"gold_loss":50},{"cards_removed":["Strike_G"],"damage_healed":0,"gold_gain":0,"player_choice":"Purged","damage_taken":0,"max_hp_gain":0,"max_hp_loss":0,"event_name":"Purifier","floor":8,"gold_loss":0}],"is_beta":false,"boss_relics":[{"not_picked":["Runic Dome","Kintsugi"],"picked":"hubris:VirtuousBlindfold"}],"items_purged_floors":[],"is_endless":false,"potions_floor_spawned":[2,6,11,20],"killed_by":"Gremlin Leader","ascension_level":0}}