{"host":"fnlf8nl5agtxb8g8","time":1614319849,"event":{"mods":["Act Like it!","BaseMod","Better Altar","Better Match","Better Note","Better Sensory Stone","Better Skull","Better Third Choice","Better Vampires","Downfall","Minty Spire (QoL Compilation)","Quick Restart","Rare Cards Sparkle","StSLib"],"gold_per_floor":[99,110,110,22,22,54,54,64,76,76,76,76],"floor_reached":10,"language":"ENG","playtime":6227,"items_purged":[],"score":69,"play_id":"c1ca7c60-785c-4dc3-b97b-24088d59c1d5","local_time":"20210226001049","is_ascension_mode":true,"campfire_choices":[{"data":"bronze:Replicate","floor":1,"key":"SMITH"}],"circlet_count":0,"master_deck":["bronze:Strike","bronze:Strike","bronze:Strike","bronze:Strike","bronze:Defend","bronze:Defend","bronze:Defend","bronze:Defend","bronze:Replicate+1","bronze:Goto","bronze:WhirlingStrike","bronze:Spike","bronze:ClassDefault","bronze:WhirlingStrike","bronze:ChildClass"],"relics":["bronze:BronzeCore","bronze:BottledCode","Regal Pillow","Bag of Preparation"],"acts_visited":["Exordium"],"potions_floor_usage":[8,10],"damage_taken":[{"damage":1,"enemies":"Jaw Worm","floor":2,"turns":4},{"damage":15,"enemies":"Jaw Worm","floor":3,"turns":3},{"damage":10,"enemies":"downfall:FleeingMerchant","floor":4,"turns":4},{"damage":46,"enemies":"3 Sentries","floor":6,"turns":9},{"damage":0,"enemies":"2 Louse","floor":8,"turns":2},{"damage":1,"enemies":"Cultist","floor":9,"turns":3},{"damage":13,"enemies":"Lagavulin","floor":10,"turns":4}],"seed_played":"-5467657712207055910","potions_obtained":[{"floor":6,"key":"Energy Potion"},{"floor":8,"key":"Swift Potion"},{"floor":9,"key":"Fire Potion"}],"is_trial":false,"path_per_floor":["R","M","?","$","?","E","T","M","M","E"],"character_chosen":"THE_AUTOMATON","items_purchased":["bronze:ClassDefault"],"campfire_rested":0,"item_purchase_floors":[4],"current_hp_per_floor":[77,76,61,51,51,5,5,5,4,0,0,0],"gold":76,"neow_bonus":"TEN_PERCENT_HP_BONUS","is_daily":false,"chose_seed":false,"campfire_upgraded":1,"win_rate":0.0,"timestamp":1614319849,"path_taken":["R","M","?","$","?","E","T","M","M","E"],"items_purchased_type":["Card"],"build_version":"2020-12-22","purchased_purges":0,"victory":false,"max_hp_per_floor":[77,77,77,77,67,67,67,67,67,67,67,67],"card_choices":[{"not_picked":["bronze:BronzeArmor","bronze:BitShift"],"picked":"bronze:WhirlingStrike","floor":2},{"not_picked":[],"picked":"bronze:Spike","floor":3},{"not_picked":["bronze:Separator","bronze:Safeguard","bronze:Frontload"],"picked":"SKIP","floor":4},{"not_picked":["bronze:Return","bronze:ForceShield"],"picked":"bronze:WhirlingStrike","floor":6},{"not_picked":["bronze:Constructor","bronze:ForceShield"],"picked":"bronze:ChildClass","floor":8},{"not_picked":["bronze:Return","bronze:Shell","bronze:Overheat"],"picked":"SKIP","floor":9}],"player_experience":922818,"relics_obtained":[{"floor":6,"key":"Regal Pillow"},{"floor":7,"key":"Bag of Preparation"}],"event_choices":[],"is_beta":false,"boss_relics":[],"items_purged_floors":[],"is_endless":false,"potions_floor_spawned":[6,8,9],"killed_by":"Lagavulin","ascension_level":1}}