{"host":"50qwps766cbz6ukm","time":1614353160,"event":{"mods":["BaseMod","Colored Map","Colored Powertips","DeckTracker","Highlight Path","Minty Spire (QoL Compilation)","Quick Restart","Remove Card Discount Mod","StSLib","SuperFastMode","Synergy Search"],"gold_per_floor":[210,1,20,95,95,95,121,121,121,149,149,180,194,194,194,291,291,310,310,310,253,253,282,282,311,383,399,399,425,524,522,522,618,618,638,652,652,394,413,438,438,438,438,438,186,217,217,267,267,267,267,267,117,147,147],"floor_reached":56,"language":"ENG","playtime":1468,"items_purged":["Strike_P","Strike_P","Strike_P","Writhe","Defend_P","Defend_P","Defend_P","Strike_P","Injury","Decay","Normality"],"score":1440,"play_id":"4296f209-17dd-4768-b0bf-f3ec09ff255e","local_time":"20210226172600","is_ascension_mode":true,"campfire_choices":[{"data":"Prostrate","floor":6,"key":"SMITH"},{"floor":8,"key":"REST"},{"data":"Eruption","floor":11,"key":"SMITH"},{"data":"Vigilance","floor":15,"key":"SMITH"},{"data":"Prostrate","floor":24,"key":"SMITH"},{"floor":32,"key":"RECALL"},{"floor":41,"key":"REST"},{"floor":44,"key":"REST"},{"data":"Devotion","floor":49,"key":"SMITH"},{"data":"ConjureBlade","floor":52,"key":"SMITH"}],"circlet_count":0,"master_deck":["Eruption+1","Vigilance+1","Brilliance","Prostrate+1","FlurryOfBlows","ConjureBlade+1","Prostrate+1","Alpha","Brilliance","Devotion+1"],"relics":["PureWater","Odd Mushroom","Pantograph","Juzu Bracelet","Bag of Preparation","Cursed Key","MutagenicStrength","Incense Burner","Anchor","Tiny Chest","Ornamental Fan","WingedGreaves","SacredBark","Matryoshka","Akabeko","Happy Flower","PreservedInsect","Dream Catcher","Meat on the Bone","Smiling Mask","CloakClasp","ClockworkSouvenir","Eternal Feather"],"acts_visited":["Exordium","TheCity","TheBeyond","TheEnding"],"potions_floor_usage":[16,39,55,55],"damage_taken":[{"damage":4,"enemies":"Jaw Worm","floor":1,"turns":3},{"damage":2,"enemies":"2 Louse","floor":3,"turns":2},{"damage":9,"enemies":"The Mushroom Lair","floor":7,"turns":6},{"damage":19,"enemies":"3 Sentries","floor":10,"turns":7},{"damage":2,"enemies":"Lagavulin","floor":12,"turns":7},{"damage":0,"enemies":"Small Slimes","floor":13,"turns":2},{"damage":0,"enemies":"Slime Boss","floor":16,"turns":8},{"damage":10,"enemies":"Shell Parasite","floor":18,"turns":4},{"damage":14,"enemies":"Book of Stabbing","floor":23,"turns":3},{"damage":5,"enemies":"Slavers","floor":25,"turns":3},{"damage":0,"enemies":"Spheric Guardian","floor":27,"turns":1},{"damage":0,"enemies":"Gremlin Leader","floor":29,"turns":4},{"damage":4,"enemies":"Champ","floor":33,"turns":5},{"damage":22,"enemies":"Orb Walker","floor":35,"turns":4},{"damage":15,"enemies":"3 Darklings","floor":36,"turns":4},{"damage":8,"enemies":"4 Shapes","floor":39,"turns":3},{"damage":27,"enemies":"Nemesis","floor":40,"turns":5},{"damage":9,"enemies":"Giant Head","floor":46,"turns":5},{"damage":24,"enemies":"Mind Bloom Boss Battle","floor":48,"turns":3},{"damage":37,"enemies":"Awakened One","floor":50,"turns":7},{"damage":62,"enemies":"Shield and Spear","floor":54,"turns":4},{"damage":62,"enemies":"The Heart","floor":55,"turns":6}],"seed_played":"-6138413553710378383","potions_obtained":[{"floor":1,"key":"LiquidMemories"},{"floor":3,"key":"Explosive Potion"},{"floor":16,"key":"BottledMiracle"},{"floor":23,"key":"DuplicationPotion"},{"floor":46,"key":"CultistPotion"},{"floor":48,"key":"FairyPotion"}],"is_trial":false,"path_per_floor":["M","$","M","?","?","R","?","R","T","E","R","E","M","?","R","B",null,"M","?","?","$","?","E","R","E","T","M","?","E","?","$","R","B",null,"M","M","?","$","M","E","R","T","T","R","$","E","?","?","R","B",null,"R","$","E","B",null],"character_chosen":"WATCHER","items_purchased":["Brilliance","Prostrate","Prostrate","Matryoshka","Meat on the Bone","ClockworkSouvenir"],"campfire_rested":3,"item_purchase_floors":[2,2,21,38,45,53],"current_hp_per_floor":[68,68,66,55,60,60,51,74,74,55,55,53,53,53,53,77,77,67,67,67,67,77,63,63,58,58,58,58,58,58,58,58,73,77,55,40,40,40,32,5,28,28,28,51,51,42,42,43,43,43,77,77,77,27,50],"gold":147,"neow_bonus":"HUNDRED_GOLD","is_daily":false,"chose_seed":false,"campfire_upgraded":6,"win_rate":0.0,"timestamp":1614353160,"path_taken":["M","$","M","?","?","R","?","R","T","E","R","E","M","?","R","BOSS","M","?","?","$","?","E","R","E","T","M","?","E","?","$","R","BOSS","M","M","?","$","M","E","R","?","T","R","$","E","?","?","R","BOSS","R","$","E","BOSS"],"items_purchased_type":["Card","Card","Card","Relic","Relic","Relic"],"build_version":"2020-12-22","purchased_purges":11,"victory":true,"max_hp_per_floor":[72,72,72,72,77,77,77,77,77,77,77,77,77,77,77,77,77,77,77,77,77,77,77,77,77,77,77,77,77,77,77,77,77,77,77,77,77,77,77,77,77,77,77,77,77,77,77,77,77,77,77,77,77,77,77],"card_choices":[{"not_picked":["Pray","CrushJoints","Swivel"],"picked":"SKIP","floor":1},{"not_picked":["Pray","FlyingSleeves","EmptyFist"],"picked":"SKIP","floor":3},{"not_picked":["JustLucky","WreathOfFlame"],"picked":"FlurryOfBlows","floor":7},{"not_picked":["Meditate","Wireheading","Vault"],"picked":"SKIP","floor":10},{"not_picked":["Weave","CutThroughFate","ClearTheMind"],"picked":"SKIP","floor":12},{"not_picked":["Crescendo","Wireheading","Omniscience"],"picked":"SKIP","floor":13},{"not_picked":["Scrawl","DevaForm"],"picked":"ConjureBlade","floor":16},{"not_picked":["PathToVictory+1","SashWhip","Sanctity+1"],"picked":"SKIP","floor":18},{"not_picked":["FollowUp","WindmillStrike","FlyingSleeves"],"picked":"SKIP","floor":23},{"not_picked":["Protect","CarveReality+1"],"picked":"Alpha","floor":25},{"not_picked":["CarveReality+1","EmptyFist","Crescendo+1"],"picked":"SKIP","floor":27},{"not_picked":["Evaluate","Establishment","SpiritShield"],"picked":"SKIP","floor":29},{"not_picked":["Ragnarok","SpiritShield"],"picked":"Devotion","floor":33},{"not_picked":["ClearTheMind+1","ReachHeaven+1","WheelKick"],"picked":"SKIP","floor":35},{"not_picked":["EmptyFist+1","Weave","Evaluate+1"],"picked":"SKIP","floor":36},{"not_picked":["Worship","ClearTheMind+1","SashWhip"],"picked":"SKIP","floor":39},{"not_picked":["FlurryOfBlows","Protect","Evaluate+1"],"picked":"SKIP","floor":40},{"not_picked":["Crescendo+1","FollowUp+1"],"picked":"Prostrate+1","floor":44},{"not_picked":["Blasphemy","ClearTheMind","Prostrate+1"],"picked":"SKIP","floor":46},{"not_picked":["Protect+1","Vengeance","Prostrate+1"],"picked":"SKIP","floor":54}],"player_experience":457678,"relics_obtained":[{"floor":7,"key":"Odd Mushroom"},{"floor":9,"key":"Pantograph"},{"floor":10,"key":"Juzu Bracelet"},{"floor":12,"key":"Bag of Preparation"},{"floor":23,"key":"Anchor"},{"floor":25,"key":"Tiny Chest"},{"floor":26,"key":"Ornamental Fan"},{"floor":29,"key":"WingedGreaves"},{"floor":40,"key":"Akabeko"},{"floor":42,"key":"Happy Flower"},{"floor":43,"key":"PreservedInsect"},{"floor":43,"key":"Dream Catcher"},{"floor":46,"key":"Smiling Mask"},{"floor":48,"key":"CloakClasp"},{"floor":54,"key":"Eternal Feather"}],"event_choices":[{"damage_healed":0,"gold_gain":75,"player_choice":"Gather Gold","damage_taken":11,"max_hp_gain":0,"max_hp_loss":0,"event_name":"World of Goop","floor":4,"gold_loss":0},{"damage_healed":0,"gold_gain":0,"player_choice":"Donut","damage_taken":0,"max_hp_gain":5,"max_hp_loss":0,"event_name":"Big Fish","floor":5,"gold_loss":0},{"damage_healed":0,"gold_gain":0,"player_choice":"Fought Mushrooms","damage_taken":0,"max_hp_gain":0,"max_hp_loss":0,"event_name":"Mushrooms","floor":7,"gold_loss":0},{"cards_removed":["Defend_P"],"damage_healed":0,"gold_gain":0,"player_choice":"Forget","damage_taken":0,"max_hp_gain":0,"max_hp_loss":0,"event_name":"Living Wall","floor":14,"gold_loss":0},{"damage_healed":0,"gold_gain":0,"player_choice":"Inject Mutagens","damage_taken":0,"relics_obtained":["MutagenicStrength"],"max_hp_gain":0,"max_hp_loss":0,"event_name":"Drug Dealer","floor":19,"gold_loss":0},{"damage_healed":0,"gold_gain":0,"player_choice":"Opened","damage_taken":0,"relics_obtained":["Incense Burner"],"max_hp_gain":0,"max_hp_loss":0,"event_name":"The Mausoleum","floor":20,"gold_loss":0,"cards_obtained":["Writhe"]},{"damage_healed":10,"gold_gain":0,"player_choice":"Full Heal","damage_taken":0,"max_hp_gain":0,"max_hp_loss":0,"event_name":"Wheel of Change","floor":22,"gold_loss":0},{"damage_healed":0,"gold_gain":0,"player_choice":"Copied","damage_taken":0,"max_hp_gain":0,"max_hp_loss":0,"event_name":"Duplicator","floor":28,"gold_loss":0,"cards_obtained":["Brilliance"]},{"damage_healed":0,"gold_gain":99,"player_choice":"Stole From Cult","damage_taken":0,"max_hp_gain":0,"max_hp_loss":0,"event_name":"Nest","floor":30,"gold_loss":0},{"damage_healed":0,"gold_gain":0,"player_choice":"Ignored","damage_taken":0,"max_hp_gain":0,"max_hp_loss":0,"event_name":"Tomb of Lord Red Mask","floor":37,"gold_loss":0},{"cards_removed":["Prostrate"],"damage_healed":0,"gold_gain":0,"player_choice":"Removed Skill","damage_taken":0,"max_hp_gain":0,"max_hp_loss":0,"event_name":"Falling","floor":47,"gold_loss":0},{"damage_healed":0,"gold_gain":0,"player_choice":"Fight","damage_taken":0,"max_hp_gain":0,"max_hp_loss":0,"event_name":"MindBloom","floor":48,"gold_loss":0}],"is_beta":false,"boss_relics":[{"not_picked":["Runic Dome","Sozu"],"picked":"Cursed Key"},{"not_picked":["HolyWater","Empty Cage"],"picked":"SacredBark"}],"items_purged_floors":[2,2,2,21,21,21,21,21,31,45,45],"is_endless":false,"potions_floor_spawned":[1,3,16,23,25,35,46,48,54],"ascension_level":2}}