{"host":"0b6qkelyb1zitflw","time":1614325211,"event":{"mods":["BaseMod","Custom Start","Highlight Path","KOR Keyword Fix","Library of Ruina","Library of Ruina Extra","Minty Spire (QoL Compilation)","StSLib"],"gold_per_floor":[119,119,119,133,208,208,228,248,248,300,62,94,113,129,129,234,234,249,348,348,348,368,399,415,415,442,442,442,442],"floor_reached":28,"language":"KOR","playtime":639,"items_purged":[],"score":265,"play_id":"57a5f83d-0d20-4e59-b6fa-225de094d28c","local_time":"20210226164011","is_ascension_mode":false,"campfire_choices":[{"floor":6,"key":"REST"},{"data":"ChargeAndCover","floor":15,"key":"SMITH"},{"data":"DistortedBlade","floor":27,"key":"SMITH"}],"circlet_count":0,"master_deck":["Dodge","LightDefense","LightAttack","LightAttack","LightAttack","LightDefense","LightDefense","ChargeAndCover+1","FocusedStrikes+1","FieryDragonSlash","FlashOfSunup+1","DistortedBlade+1","EmotionalTurbulence","FieryDragonSlash","RagingStormLove","FlyingSword","DarkCloud"],"relics":["PageOfLibrarian","NeowsBlessing","PageOfTheQueenOfHatred","Pear","PageOfTheKnightOfDespair","Philosopher\u0027s Stone","PageOfGreed","PageOfWrath"],"acts_visited":["Exordium","TheCity"],"potions_floor_usage":[18,18,25],"damage_taken":[{"damage":0,"enemies":"Jaw Worm","floor":1,"turns":1},{"damage":0,"enemies":"Small Slimes","floor":4,"turns":1},{"damage":0,"enemies":"Cultist","floor":7,"turns":1},{"damage":8,"enemies":"3 Louse","floor":8,"turns":3},{"damage":19,"enemies":"3 Sentries","floor":12,"turns":7},{"damage":4,"enemies":"2 Fungi Beasts","floor":13,"turns":4},{"damage":2,"enemies":"Blue Slaver","floor":14,"turns":2},{"damage":33,"enemies":"Hexaghost","floor":16,"turns":5},{"damage":0,"enemies":"3 Byrds","floor":18,"turns":1},{"damage":0,"enemies":"Spheric Guardian","floor":22,"turns":2},{"damage":6,"enemies":"Slavers","floor":23,"turns":1},{"damage":0,"enemies":"3 Cultists","floor":24,"turns":2},{"damage":0,"enemies":"Sentry and Sphere","floor":25,"turns":2},{"damage":70,"enemies":"Cultist and Chosen","floor":28,"turns":2}],"seed_played":"8049190179808490558","potions_obtained":[{"floor":1,"key":"SmokeBomb"},{"floor":8,"key":"Energy Potion"},{"floor":13,"key":"Energy Potion"}],"is_trial":false,"path_per_floor":["M","?","?","M","?","R","M","M","T","?","$","E","M","M","R","B",null,"M","?","?","?","M","E","M","M","T","R","M"],"character_chosen":"Librarian","items_purchased":["Pear"],"campfire_rested":1,"item_purchase_floors":[11],"current_hp_per_floor":[60,60,60,60,49,74,74,66,66,66,76,63,64,63,63,35,105,84,84,68,68,69,64,64,65,65,65,0,0],"gold":442,"neow_bonus":"THREE_ENEMY_KILL","is_daily":false,"chose_seed":false,"campfire_upgraded":2,"win_rate":0.0,"timestamp":1614325211,"path_taken":["M","?","?","?","?","R","M","M","T","?","?","E","M","M","R","BOSS","M","?","?","?","M","E","M","?","T","R","M"],"items_purchased_type":["Relic"],"build_version":"2020-12-22","purchased_purges":0,"victory":false,"max_hp_per_floor":[61,61,61,84,84,84,84,84,84,84,94,94,94,94,94,105,105,84,84,89,89,89,89,89,89,89,89,89,89],"card_choices":[{"not_picked":["FierceCharge","SinglePointStab","StructuralAnalysis","BiAn"],"picked":"SKIP","floor":1},{"not_picked":["PinpointShot","OminousPower","MirageStorm","StructuralAnalysis"],"picked":"SKIP","floor":4},{"not_picked":["StrikeDown","CoordinatedAssault","QuickSuppression"],"picked":"FieryDragonSlash","floor":7},{"not_picked":["BiAn","PinpointShot","VioletBlade"],"picked":"FlashOfSunup","floor":8},{"not_picked":["SinglePointStab","DesperateStruggle","QuickSuppression"],"picked":"DistortedBlade","floor":12},{"not_picked":["SkyClearingCut","BlindFaith","TheWillOfTheCity"],"picked":"EmotionalTurbulence","floor":13},{"not_picked":["SnakesPrey","FierceCharge","JiaoTu"],"picked":"FieryDragonSlash","floor":14},{"not_picked":["UnforgettableMelody","EmotionalTurbulence"],"picked":"RagingStormLove","floor":16},{"not_picked":["CoordinatedAssault","GrazeTheGrass","Parry2","SerpentSwordTechnique"],"picked":"SKIP","floor":18},{"not_picked":["Laceration","SerpentineBarrier","Parry2"],"picked":"FlyingSword","floor":22},{"not_picked":["WrathOfTorment+1","GrazeTheGrass","ScatteringSlash","MindWhip"],"picked":"SKIP","floor":23},{"not_picked":["SerpentSwordTechnique+1","HighKick","EndlessBattle"],"picked":"DarkCloud","floor":24}],"player_experience":320280,"relics_obtained":[{"floor":9,"key":"PageOfTheQueenOfHatred"},{"floor":12,"key":"PageOfTheKnightOfDespair"},{"floor":23,"key":"PageOfGreed"},{"floor":26,"key":"PageOfWrath"}],"event_choices":[{"damage_healed":0,"gold_gain":0,"player_choice":"Grow","damage_taken":0,"max_hp_gain":0,"max_hp_loss":0,"event_name":"Living Wall","floor":2,"gold_loss":0,"cards_upgraded":["FocusedStrikes"]},{"cards_removed":["LightDefense"],"damage_healed":0,"gold_gain":0,"player_choice":"Purged","damage_taken":0,"max_hp_gain":0,"max_hp_loss":0,"event_name":"Purifier","floor":3,"gold_loss":0},{"damage_healed":0,"gold_gain":75,"player_choice":"Gather Gold","damage_taken":11,"max_hp_gain":0,"max_hp_loss":0,"event_name":"World of Goop","floor":5,"gold_loss":0},{"damage_healed":0,"gold_gain":52,"player_choice":"Gained Gold","damage_taken":0,"max_hp_gain":0,"max_hp_loss":0,"event_name":"Golden Wing","floor":10,"gold_loss":0},{"damage_healed":0,"gold_gain":99,"player_choice":"Stole From Cult","damage_taken":0,"max_hp_gain":0,"max_hp_loss":0,"event_name":"Nest","floor":19,"gold_loss":0},{"damage_healed":0,"gold_gain":0,"player_choice":"Shed Blood","damage_taken":21,"max_hp_gain":5,"max_hp_loss":0,"event_name":"Forgotten Altar","floor":20,"gold_loss":0},{"damage_healed":0,"gold_gain":0,"player_choice":"Forge","damage_taken":0,"max_hp_gain":0,"max_hp_loss":0,"event_name":"Accursed Blacksmith","floor":21,"gold_loss":0,"cards_upgraded":["FlashOfSunup"]}],"is_beta":false,"boss_relics":[{"not_picked":["Snecko Eye","Runic Dome"],"picked":"Philosopher\u0027s Stone"}],"items_purged_floors":[],"is_endless":false,"potions_floor_spawned":[1,8,13],"killed_by":"Cultist and Chosen","ascension_level":0}}