{"host":"0cm5wy4nhuju7tij","time":1614381643,"event":{"mods":["2.2 Compatiblity","AchievementEnabler","BaseMod","Better Third Choice","BetterRewards","Colored Powertips","Curses Come First","Custom Start","Displayed Cursed Tome","Downfall","Energized Spire","Evolution","Filter the Spire","Fireblade Mod","Highlight Path","Jess\u0027s Bottle","KinomotoSakuraMod(????)","Minty Spire (QoL Compilation)","Permanent Neow","Poor People Problems","Relic Filter Mod","Relic Stats","Shop Mod","Spicy Shops","StSLib","The Cursed","The Servant 0.9.4","TheSwordswoman","TheVacant","Weighted Paths"],"gold_per_floor":[114,114,126,146,146,175,175,175,243,315,315,341,37,47,47,144,144,154,168,179,0,11,340,340,340,340,340,366,366,379,399,399,504,504,517,534,155,171,171,197,212,212,239,239,239,10,10,26,26,26],"floor_reached":51,"language":"ENG","playtime":2718,"items_purged":[],"score":725,"play_id":"565f5557-ebb8-4905-b991-4194c88cb24a","local_time":"20210226182043","is_ascension_mode":false,"campfire_choices":[{"data":"FireBladeMod:HealthyEndurance","floor":8,"key":"SMITH"},{"data":"FireBladeMod:SmokeScreen","floor":11,"key":"SMITH"},{"data":"FireBladeMod:SpinningSmash","floor":15,"key":"SMITH"},{"data":"FireBladeMod:AfterBurn","floor":27,"key":"SMITH"},{"floor":29,"key":"REST"},{"floor":32,"key":"REST"},{"data":"FireBladeMod:BattleMage","floor":42,"key":"SMITH"},{"data":"FireBladeMod:ScorchingCleave","floor":45,"key":"SMITH"},{"floor":49,"key":"REST"}],"circlet_count":0,"master_deck":["FireBladeMod:ComplexAttack+1","FireBladeMod:Turtle","FireBladeMod:Turtle","FireBladeMod:Turtle","FireBladeMod:FlamingSword","FireBladeMod:FireBarrier","FireBladeMod:IronEndurance","FireBladeMod:SoulStrike+1","FireBladeMod:SmokeScreen+1","FireBladeMod:QuickJabs+1","FireBladeMod:HealthyEndurance+1","FireBladeMod:AfterBurn+1","FireBladeMod:SpinningSmash+1","FireBladeMod:TorsoSmash","FireBladeMod:LightningCombo","FireBladeMod:SoulStrike+1","FireBladeMod:ComboSlashes","FireBladeMod:Flames","FireBladeMod:SteadyEndurance+1","FireBladeMod:QuickJabs","FireBladeMod:Flames","FireBladeMod:BattleMage+1","FireBladeMod:Unbalance+1","FireBladeMod:Reposition+1","FireBladeMod:IronEndurance+1","FireBladeMod:StingingSlash+1","FireBladeMod:ScorchingCleave+1","FireBladeMod:Flames","FireBladeMod:ThirdDegree","FireBladeMod:TorsoSmash+1","FireBladeMod:EternalEndurance","FireBladeMod:Speed","FireBladeMod:Robust","FireBladeMod:IronEndurance+1"],"relics":["FireBladeMod:DuelistLocket","EVO:Axolotl","Whetstone","FireBladeMod:Chakram","Bottled Tornado","Mummified Hand","Omamori","Darkstone Periapt","Busted Crown","Membership Card","Old Coin","Centennial Puzzle","Dream Catcher","Astrolabe","Orichalcum","Meat on the Bone","Strange Spoon","Vajra","Happy Flower","Sling","Potion Belt","Toy Ornithopter"],"acts_visited":["Exordium","TheCity","TheBeyond"],"potions_floor_usage":[28,33,50,50],"damage_taken":[{"damage":0,"enemies":"2 Louse","floor":1,"turns":2},{"damage":0,"enemies":"Cultist","floor":3,"turns":3},{"damage":0,"enemies":"Jaw Worm","floor":4,"turns":3},{"damage":15,"enemies":"Gremlin Nob","floor":6,"turns":4},{"damage":6,"enemies":"Lagavulin","floor":12,"turns":6},{"damage":0,"enemies":"Exordium Thugs","floor":14,"turns":3},{"damage":32,"enemies":"Slime Boss","floor":16,"turns":12},{"damage":0,"enemies":"Spheric Guardian","floor":18,"turns":3},{"damage":4,"enemies":"3 Byrds","floor":19,"turns":4},{"damage":8,"enemies":"Snake Plant","floor":20,"turns":4},{"damage":16,"enemies":"Sentry and Sphere","floor":22,"turns":4},{"damage":26,"enemies":"Slavers","floor":23,"turns":5},{"damage":48,"enemies":"Gremlin Leader","floor":28,"turns":5},{"damage":12,"enemies":"3 Cultists","floor":30,"turns":4},{"damage":10,"enemies":"Centurion and Healer","floor":31,"turns":5},{"damage":12,"enemies":"Champ","floor":33,"turns":10},{"damage":11,"enemies":"3 Darklings","floor":35,"turns":4},{"damage":21,"enemies":"3 Shapes","floor":36,"turns":7},{"damage":31,"enemies":"Jaw Worm Horde","floor":38,"turns":3},{"damage":38,"enemies":"Nemesis","floor":40,"turns":7},{"damage":10,"enemies":"Sphere and 2 Shapes","floor":41,"turns":5},{"damage":17,"enemies":"Spire Growth","floor":48,"turns":5},{"damage":72,"enemies":"Awakened One","floor":50,"turns":13}],"seed_played":"-4489987143860952522","potions_obtained":[{"floor":4,"key":"Block Potion"},{"floor":14,"key":"FireBladeMod:NapalmFlask"},{"floor":31,"key":"FireBladeMod:NapalmFlask"},{"floor":33,"key":"SmokeBomb"},{"floor":39,"key":"LiquidBronze"},{"floor":39,"key":"Explosive Potion"},{"floor":48,"key":"Explosive Potion"}],"is_trial":false,"path_per_floor":["M","?","M","M","?","E","?","R","T","T","R","E","$","M","R","B",null,"M","M","M","$","M","E","?","?","T","R","E","R","M","M","R","B",null,"M","M","$","M","?","E","M","R","T","?","R","$","?","M","R","B",null],"character_chosen":"THE_FIREBLADE","items_purchased":["Omamori","Darkstone Periapt","FireBladeMod:SpinningSmash","Membership Card","FireBladeMod:Flames","Orichalcum","Meat on the Bone","FireBladeMod:ScorchingCleave","FireBladeMod:Flames","FireBladeMod:ThirdDegree","Strange Spoon","Sling","FireBladeMod:Speed","Potion Belt","FireBladeMod:Robust"],"campfire_rested":3,"item_purchase_floors":[13,13,13,21,21,37,37,37,37,37,37,46,46,46,46],"current_hp_per_floor":[76,76,76,76,76,61,66,66,66,66,66,68,68,76,76,49,81,81,77,73,73,65,47,47,47,47,47,7,31,27,17,41,37,81,78,65,65,42,42,24,34,34,34,34,34,34,34,37,61,19],"gold":26,"neow_bonus":"TRANSFORM_CARD","is_daily":false,"chose_seed":false,"campfire_upgraded":6,"win_rate":0.0,"timestamp":1614381643,"path_taken":["M","?","?","M","?","E","?","R","T","?","R","E","$","?","R","BOSS","M","M","?","$","M","E","?","?","T","R","E","R","M","M","R","BOSS","M","M","$","M","?","E","?","R","T","?","R","$","?","?","R","BOSS"],"items_purchased_type":["Relic","Relic","Card","Relic","Card","Relic","Relic","Card","Card","Card","Relic","Relic","Card","Relic","Card"],"build_version":"2020-12-22","purchased_purges":0,"victory":true,"max_hp_per_floor":[76,76,76,76,76,76,81,81,81,81,81,81,81,81,81,81,81,81,81,81,81,81,81,81,81,81,81,81,81,81,81,81,81,81,81,81,81,81,81,81,81,81,81,81,81,81,81,81,81,81],"relic_stats":{"Darkstone Periapt":0,"Happy Flower":[6],"counters":[23,121],"Astrolabe":["FireBladeMod:Unbalance","FireBladeMod:Reposition","FireBladeMod:IronEndurance"],"Whetstone":["FireBladeMod:ComplexAttack","FireBladeMod:QuickJabs"],"Orichalcum":[6],"Strange Spoon":[12],"Centennial Puzzle":[33],"Dream Catcher":3,"Busted Crown":38,"Mummified Hand":[52],"obtain_stats":[{"Darkstone Periapt":13,"Potion Belt":46,"Happy Flower":43,"FireBladeMod:DuelistLocket":0,"Astrolabe":34,"Vajra":40,"FireBladeMod:Chakram":9,"Omamori":13,"EVO:Axolotl":0,"Whetstone":6,"Bottled Tornado":10,"Orichalcum":37,"Sling":46,"Old Coin":23,"Strange Spoon":37,"Centennial Puzzle":25,"Dream Catcher":28,"Busted Crown":17,"Mummified Hand":12,"Membership Card":21,"Toy Ornithopter":47,"Meat on the Bone":37},{"Darkstone Periapt":5,"Potion Belt":21,"Happy Flower":21,"FireBladeMod:DuelistLocket":0,"Astrolabe":16,"Vajra":20,"FireBladeMod:Chakram":4,"Omamori":5,"EVO:Axolotl":0,"Whetstone":4,"Bottled Tornado":4,"Orichalcum":18,"Sling":21,"Old Coin":12,"Strange Spoon":18,"Centennial Puzzle":12,"Dream Catcher":13,"Busted Crown":7,"Mummified Hand":5,"Membership Card":10,"Toy Ornithopter":21,"Meat on the Bone":18},{"Darkstone Periapt":18,"Potion Belt":103,"Happy Flower":103,"FireBladeMod:DuelistLocket":0,"Astrolabe":77,"Vajra":98,"FireBladeMod:Chakram":12,"Omamori":18,"EVO:Axolotl":0,"Whetstone":12,"Bottled Tornado":12,"Orichalcum":88,"Sling":103,"Old Coin":53,"Strange Spoon":88,"Centennial Puzzle":53,"Dream Catcher":58,"Busted Crown":33,"Mummified Hand":18,"Membership Card":44,"Toy Ornithopter":103,"Meat on the Bone":88}],"Toy Ornithopter":10,"Meat on the Bone":48},"card_choices":[{"not_picked":["FireBladeMod:OverCharge","FireBladeMod:ComplexDefense"],"picked":"FireBladeMod:SoulStrike","floor":1},{"not_picked":["FireBladeMod:ComboCleave","FireBladeMod:SteadyEndurance"],"picked":"FireBladeMod:SmokeScreen","floor":3},{"not_picked":["FireBladeMod:Robust","FireBladeMod:MomentumStrikes"],"picked":"FireBladeMod:QuickJabs","floor":4},{"not_picked":["FireBladeMod:Speed","FireBladeMod:SmokySwing"],"picked":"FireBladeMod:HealthyEndurance","floor":6},{"not_picked":["FireBladeMod:Robust","FireBladeMod:Flames"],"picked":"FireBladeMod:AfterBurn","floor":12},{"not_picked":["FireBladeMod:WellPrepared","FireBladeMod:Robust"],"picked":"FireBladeMod:TorsoSmash","floor":14},{"not_picked":["FireBladeMod:DebilitatingBlow","FireBladeMod:EternalEndurance"],"picked":"FireBladeMod:LightningCombo","floor":16},{"not_picked":[],"picked":"FireBladeMod:SoulStrike+1","floor":18},{"not_picked":[],"picked":"FireBladeMod:ComboSlashes","floor":19},{"not_picked":["FireBladeMod:TorsoSmash"],"picked":"SKIP","floor":20},{"not_picked":["FireBladeMod:SmokeInTheEyes"],"picked":"SKIP","floor":22},{"not_picked":[],"picked":"FireBladeMod:SteadyEndurance+1","floor":23},{"not_picked":["FireBladeMod:AbsorbEnergy"],"picked":"SKIP","floor":28},{"not_picked":["FireBladeMod:ComplexAttack+1"],"picked":"SKIP","floor":30},{"not_picked":[],"picked":"FireBladeMod:QuickJabs","floor":31},{"not_picked":[],"picked":"FireBladeMod:Flames","floor":32},{"not_picked":[],"picked":"FireBladeMod:BattleMage","floor":33},{"not_picked":["FireBladeMod:BackhandSwing+1"],"picked":"SKIP","floor":35},{"not_picked":[],"picked":"FireBladeMod:StingingSlash+1","floor":36},{"not_picked":["FireBladeMod:ComplexAttack+1"],"picked":"SKIP","floor":38},{"not_picked":[],"picked":"FireBladeMod:TorsoSmash+1","floor":40},{"not_picked":[],"picked":"FireBladeMod:EternalEndurance","floor":41},{"not_picked":["FireBladeMod:WellPrepared+1"],"picked":"SKIP","floor":48},{"not_picked":[],"picked":"FireBladeMod:IronEndurance+1","floor":49}],"player_experience":476846,"relics_obtained":[{"floor":6,"key":"Whetstone"},{"floor":9,"key":"FireBladeMod:Chakram"},{"floor":10,"key":"Bottled Tornado"},{"floor":12,"key":"Mummified Hand"},{"floor":23,"key":"Old Coin"},{"floor":28,"key":"Dream Catcher"},{"floor":40,"key":"Vajra"},{"floor":43,"key":"Happy Flower"}],"event_choices":[{"damage_healed":0,"gold_gain":0,"player_choice":"Upgraded","damage_taken":0,"max_hp_gain":0,"max_hp_loss":0,"event_name":"Upgrade Shrine","floor":2,"gold_loss":0,"cards_upgraded":["FireBladeMod:SoulStrike"]},{"damage_healed":0,"gold_gain":0,"player_choice":"Leave","damage_taken":0,"max_hp_gain":0,"max_hp_loss":0,"event_name":"The Cleric","floor":5,"gold_loss":0},{"damage_healed":0,"gold_gain":0,"player_choice":"Donut","damage_taken":0,"max_hp_gain":5,"max_hp_loss":0,"event_name":"Big Fish","floor":7,"gold_loss":0},{"damage_healed":0,"gold_gain":0,"player_choice":"Opened","damage_taken":0,"relics_obtained":["Centennial Puzzle"],"max_hp_gain":0,"max_hp_loss":0,"event_name":"The Mausoleum","floor":25,"gold_loss":0},{"damage_healed":0,"gold_gain":0,"player_choice":"Got Potions","damage_taken":0,"max_hp_gain":0,"max_hp_loss":0,"event_name":"Lab","floor":39,"gold_loss":0},{"damage_healed":0,"gold_gain":0,"player_choice":"Memory 1","damage_taken":0,"max_hp_gain":0,"max_hp_loss":0,"event_name":"SensoryStone","floor":44,"gold_loss":0},{"damage_healed":0,"gold_gain":0,"player_choice":"Gave Potion","damage_taken":0,"relics_obtained":["Toy Ornithopter"],"max_hp_gain":0,"max_hp_loss":0,"event_name":"WeMeetAgain","floor":47,"gold_loss":0}],"is_beta":false,"boss_relics":[{"not_picked":["Ectoplasm","Calling Bell"],"picked":"Busted Crown"},{"not_picked":["Sozu","Philosopher\u0027s Stone"],"picked":"Astrolabe"}],"items_purged_floors":[],"is_endless":false,"potions_floor_spawned":[4,14,16,18,22,31,33,40,48],"ascension_level":0}}