{"host":"6dypmz777xraikqf","time":1614367325,"event":{"mods":["AchievementEnabler","BaseMod","BetterRewards","Colored Map","Colored Powertips","Downfall","Highlight Path","Hubris","Infinite Spire","Minty Spire (QoL Compilation)","Replay The Spire","StSLib"],"gold_per_floor":[20,37,37,52,67,78,78,78,78,105,105,105,130,143,143,242,242,152,152],"floor_reached":18,"language":"ENG","playtime":1025,"items_purged":[],"score":224,"play_id":"6caf437f-4e35-414a-8aa9-a8a3612f559e","local_time":"20210226192205","is_ascension_mode":true,"campfire_choices":[{"floor":8,"key":"REST"},{"floor":11,"key":"REST"},{"floor":15,"key":"REST"}],"circlet_count":0,"master_deck":["Strike_B","Strike_B","Strike_B","Strike_B","Defend_B","Defend_B","Defend_B","Defend_B","Zap","Dualcast","Rainbow","Gash","Gash","Decay","FTL","Defragment","Coolheaded","Crystallizer","Panic Button","Compile Driver","Buffer"],"relics":["Cracked Core","infinitespire:BottledMercury","infinitespire:Broken Mirror","Calipers","hubris:Icosahedron","hubris:DisguiseKit","bronze:MakeshiftBattery"],"acts_visited":["Exordium","TheCity"],"potions_floor_usage":[10,16,16,16],"damage_taken":[{"damage":12,"enemies":"Jaw Worm","floor":1,"turns":3},{"damage":0,"enemies":"Cultist","floor":2,"turns":4},{"damage":0,"enemies":"Small Slimes","floor":4,"turns":3},{"damage":28,"enemies":"Exordium Thugs","floor":5,"turns":4},{"damage":8,"enemies":"Red Slaver","floor":6,"turns":3},{"damage":15,"enemies":"Gremlin Nob","floor":10,"turns":3},{"damage":25,"enemies":"Lagavulin","floor":13,"turns":9},{"damage":1,"enemies":"2 Fungi Beasts","floor":14,"turns":3},{"damage":41,"enemies":"The Guardian","floor":16,"turns":13},{"damage":78,"enemies":"2 Thieves","floor":18,"turns":3}],"seed_played":"-276319461344204571","potions_obtained":[{"floor":1,"key":"champ:CounterPotion"},{"floor":2,"key":"Energy Potion"},{"floor":6,"key":"Fruit Juice"},{"floor":13,"key":"SneckoOil"}],"is_trial":false,"path_per_floor":["M","M","?","M","M","M","T","R","T","E","R","?","E","M","R","B",null,"M"],"character_chosen":"DEFECT","items_purchased":[],"campfire_rested":3,"item_purchase_floors":[],"current_hp_per_floor":[56,56,56,56,28,20,20,42,42,27,49,49,24,23,45,9,62,0,0],"gold":152,"neow_bonus":"THREE_RARE_CARDS","is_daily":false,"chose_seed":false,"campfire_upgraded":0,"win_rate":0.0,"timestamp":1614367325,"path_taken":["M","M","?","M","M","?","?","R","T","E","R","?","E","?","R","BOSS","M"],"items_purchased_type":[],"build_version":"2020-12-22","purchased_purges":0,"victory":false,"max_hp_per_floor":[75,75,75,75,75,75,75,75,75,75,75,75,75,75,75,80,80,80,80],"card_choices":[{"not_picked":["Seek","Thunder Strike"],"picked":"Rainbow","floor":0},{"not_picked":["Stack","Scrape"],"picked":"Gash","floor":1},{"not_picked":["Turbo","Panic Button"],"picked":"Gash","floor":2},{"not_picked":["Steam","Storm"],"picked":"FTL","floor":4},{"not_picked":["Panic Button","ReplaySort"],"picked":"Defragment","floor":5},{"not_picked":["hubris:Ukulele","Go for the Eyes"],"picked":"Coolheaded","floor":6},{"not_picked":["ReplayTheSpireMod:Reroute Power","Beam Cell"],"picked":"Crystallizer","floor":10},{"not_picked":["Barrage","Hello World"],"picked":"Panic Button","floor":13},{"not_picked":["Stack","Redo","Clash"],"picked":"Compile Driver","floor":14},{"not_picked":["Thunder Strike","Echo Form","Replay:Many Hands"],"picked":"Buffer","floor":16}],"player_experience":297800,"relics_obtained":[{"floor":7,"key":"infinitespire:BottledMercury"},{"floor":9,"key":"infinitespire:Broken Mirror"},{"floor":10,"key":"Calipers"},{"floor":13,"key":"hubris:DisguiseKit"}],"event_choices":[{"damage_healed":0,"gold_gain":0,"player_choice":"Cursed","damage_taken":0,"max_hp_gain":0,"max_hp_loss":0,"event_name":"Wheel of Change","floor":3,"gold_loss":0,"cards_obtained":["Decay"]}],"is_beta":false,"boss_relics":[{"not_picked":["Abe\u0027s Treasure","hubris:CrackedHourglass"],"picked":"bronze:MakeshiftBattery"}],"items_purged_floors":[],"is_endless":false,"potions_floor_spawned":[1,2,6,13,14],"killed_by":"2 Thieves","ascension_level":6}}