{"host":"0ghi9uxs64f8c30g","time":1614361448,"event":{"mods":["BaseMod","Minty Spire (QoL Compilation)","StSLib"],"gold_per_floor":[111,386,24,24,24,24,52,52,77,92,103,3,3,3,3,98,98,116,129,44,44,44,72,72,72,97,111,111,124,135,166,166,271,321,336,363,238,254,268,268,298,298,322,322,341,341,351,381,381,381,381],"floor_reached":50,"language":"ENG","playtime":1321,"items_purged":["Regret","Strike_G","Defend_G+1"],"score":917,"play_id":"30201ec9-7ee5-45e8-9e2c-db4202d2132e","local_time":"20210226184408","is_ascension_mode":true,"campfire_choices":[{"floor":6.0,"key":"REST"},{"data":"Neutralize","floor":8.0,"key":"SMITH"},{"data":"Blade Dance","floor":13.0,"key":"SMITH"},{"data":"Finisher","floor":15.0,"key":"SMITH"},{"data":"Phantasmal Killer","floor":24.0,"key":"SMITH"},{"data":"Heel Hook","floor":32.0,"key":"SMITH"},{"floor":40.0,"key":"REST"},{"data":"Die Die Die","floor":42.0,"key":"SMITH"},{"floor":49.0,"key":"RECALL"}],"circlet_count":0,"master_deck":["Strike_G+1","Strike_G+1","Strike_G+1","Strike_G+1","Defend_G+1","Defend_G+1","Defend_G+1","Defend_G+1","Survivor","Neutralize+1","Finisher+1","Heel Hook+1","Outmaneuver","Blade Dance+1","Phantasmal Killer+1","Finisher+1","Heel Hook+1","Die Die Die+1","Blade Dance+1","All Out Attack+1"],"relics":["Ring of the Snake","NeowsBlessing","Vajra","Sling","Happy Flower","Bottled Flame","Boot","Busted Crown","Blue Candle","Tiny Chest","Orichalcum","Oddly Smooth Stone","Blood Vial","Tiny House","Anchor","PreservedInsect","Smiling Mask","Letter Opener","Nunchaku","Whetstone"],"acts_visited":["Exordium","TheCity","TheBeyond"],"potions_floor_usage":[50,50,50],"damage_taken":[{"damage":0.0,"enemies":"2 Louse","floor":1.0,"turns":1.0},{"damage":0.0,"enemies":"3 Sentries","floor":7.0,"turns":1.0},{"damage":0.0,"enemies":"Cultist","floor":10.0,"turns":1.0},{"damage":1.0,"enemies":"Jaw Worm","floor":11.0,"turns":2.0},{"damage":0.0,"enemies":"Slime Boss","floor":16.0,"turns":4.0},{"damage":2.0,"enemies":"Shell Parasite","floor":18.0,"turns":4.0},{"damage":0.0,"enemies":"Chosen","floor":19.0,"turns":2.0},{"damage":0.0,"enemies":"Gremlin Leader","floor":23.0,"turns":2.0},{"damage":0.0,"enemies":"Centurion and Healer","floor":27.0,"turns":2.0},{"damage":0.0,"enemies":"3 Cultists","floor":29.0,"turns":3.0},{"damage":0.0,"enemies":"Snake Plant","floor":30.0,"turns":4.0},{"damage":0.0,"enemies":"Book of Stabbing","floor":31.0,"turns":2.0},{"damage":45.0,"enemies":"Champ","floor":33.0,"turns":10.0},{"damage":12.0,"enemies":"3 Darklings","floor":35.0,"turns":6.0},{"damage":18.0,"enemies":"3 Shapes","floor":38.0,"turns":3.0},{"damage":4.0,"enemies":"Jaw Worm Horde","floor":39.0,"turns":2.0},{"damage":4.0,"enemies":"Giant Head","floor":41.0,"turns":5.0},{"damage":0.0,"enemies":"3 Darklings","floor":45.0,"turns":2.0},{"damage":0.0,"enemies":"Writhing Mass","floor":47.0,"turns":2.0},{"damage":0.0,"enemies":"Nemesis","floor":48.0,"turns":2.0},{"damage":72,"enemies":"Time Eater","floor":50,"turns":5}],"seed_played":"-4886422482032443238","potions_obtained":[{"floor":1.0,"key":"SkillPotion"},{"floor":7.0,"key":"PowerPotion"},{"floor":18.0,"key":"GamblersBrew"},{"floor":23.0,"key":"Poison Potion"},{"floor":27.0,"key":"Fire Potion"},{"floor":34.0,"key":"LiquidBronze"},{"floor":38.0,"key":"Fire Potion"},{"floor":45.0,"key":"Explosive Potion"}],"is_trial":false,"path_per_floor":["M","?","$","?","?","R","E","R","T","M","M","$","R","T","R","B",null,"M","M","?","?","?","E","R","?","T","M","?","M","M","E","R","B",null,"M","T","$","M","M","R","E","R","T","T","M","T","M","E","R","B"],"character_chosen":"THE_SILENT","items_purchased":["Vajra","Sling"],"campfire_rested":2,"item_purchase_floors":[3,3],"current_hp_per_floor":[63,63,63,49,46,67,67,67,67,67,66,66,66,66,66,66,69,67,67,67,67,67,67,67,67,67,67,70,70,70,70,70,25,64,54,54,54,38,36,58,56,56,56,56,58,58,60,62,62,0,0],"gold":381,"neow_bonus":"THREE_ENEMY_KILL","is_daily":false,"chose_seed":false,"campfire_upgraded":6,"win_rate":0.0,"timestamp":1614361448,"path_taken":["M","?","$","?","?","R","E","R","T","M","M","$","R","?","R","BOSS","M","M","?","?","?","E","R","?","T","M","?","?","M","E","R","BOSS","M","?","$","?","?","R","E","R","T","?","M","?","M","E","R","BOSS"],"items_purchased_type":["Relic","Relic"],"build_version":"2020-12-22","purchased_purges":3,"victory":false,"max_hp_per_floor":[70,70,70,70,70,70,70,70,70,70,70,70,70,70,70,70,70,70,70,70,70,70,70,70,70,70,70,70,70,70,70,70,70,75,75,75,75,75,75,75,75,75,75,75,75,75,75,75,75,75,75],"card_choices":[{"not_picked":["Eviscerate","Acrobatics"],"picked":"Finisher","floor":1.0},{"not_picked":["Cloak And Dagger","Dodge and Roll"],"picked":"Heel Hook","floor":7.0},{"not_picked":["Deadly Poison","Backflip"],"picked":"Outmaneuver","floor":10.0},{"not_picked":["Dagger Spray","Backflip"],"picked":"Blade Dance","floor":11.0},{"not_picked":["After Image","Adrenaline"],"picked":"Phantasmal Killer","floor":16.0},{"not_picked":["Dash"],"picked":"SKIP","floor":18.0},{"not_picked":[],"picked":"Finisher+1","floor":19.0},{"not_picked":["Underhanded Strike+1"],"picked":"SKIP","floor":23.0},{"not_picked":[],"picked":"Heel Hook","floor":27.0},{"not_picked":["Poisoned Stab+1"],"picked":"SKIP","floor":29.0},{"not_picked":["Caltrops"],"picked":"SKIP","floor":30.0},{"not_picked":["Quick Slash"],"picked":"SKIP","floor":31.0},{"not_picked":[],"picked":"Die Die Die","floor":33.0},{"not_picked":[],"picked":"Blade Dance+1","floor":35.0},{"not_picked":["Concentrate+1"],"picked":"SKIP","floor":38.0},{"not_picked":["Calculated Gamble+1"],"picked":"SKIP","floor":39.0},{"not_picked":["Poisoned Stab"],"picked":"SKIP","floor":41.0},{"not_picked":[],"picked":"All Out Attack+1","floor":45.0},{"not_picked":["Dodge and Roll+1"],"picked":"SKIP","floor":47.0},{"not_picked":["Doppelganger"],"picked":"SKIP","floor":48.0},{"not_picked":["Doppelganger"],"picked":"SKIP","floor":48.0}],"player_experience":232541,"relics_obtained":[{"floor":7.0,"key":"Bottled Flame"},{"floor":9.0,"key":"Boot"},{"floor":23.0,"key":"Orichalcum"},{"floor":26.0,"key":"Oddly Smooth Stone"},{"floor":31.0,"key":"Blood Vial"},{"floor":36.0,"key":"Anchor"},{"floor":41.0,"key":"PreservedInsect"},{"floor":43.0,"key":"Smiling Mask"},{"floor":44.0,"key":"Letter Opener"},{"floor":46.0,"key":"Nunchaku"},{"floor":48.0,"key":"Whetstone"}],"event_choices":[{"damage_healed":0.0,"max_hp_gain":0.0,"max_hp_loss":0.0,"gold_gain":275.0,"event_name":"Golden Shrine","player_choice":"Desecrate","floor":2.0,"gold_loss":0.0,"damage_taken":0.0,"cards_obtained":["Regret"]},{"damage_healed":0.0,"max_hp_gain":0.0,"max_hp_loss":0.0,"gold_gain":0.0,"event_name":"Shining Light","player_choice":"Entered Light","floor":4.0,"gold_loss":0.0,"damage_taken":14.0,"cards_upgraded":["Defend_G","Defend_G"]},{"damage_healed":0.0,"max_hp_gain":0.0,"max_hp_loss":0.0,"gold_gain":0.0,"event_name":"Scrap Ooze","player_choice":"Success","floor":5.0,"gold_loss":0.0,"damage_taken":3.0,"relics_obtained":["Happy Flower"]},{"damage_healed":0.0,"max_hp_gain":0.0,"max_hp_loss":0.0,"gold_gain":0.0,"event_name":"Addict","player_choice":"Obtained Relic","floor":20.0,"gold_loss":85.0,"damage_taken":0.0,"relics_obtained":["Blue Candle"]},{"damage_healed":0.0,"max_hp_gain":0.0,"max_hp_loss":0.0,"gold_gain":0.0,"event_name":"Back to Basics","player_choice":"Simplicity","floor":21.0,"gold_loss":0.0,"damage_taken":0.0,"cards_upgraded":["Strike_G","Strike_G","Strike_G","Strike_G","Defend_G","Defend_G","Defend_G"]},{"damage_healed":0.0,"max_hp_gain":0.0,"max_hp_loss":0.0,"gold_gain":0.0,"event_name":"The Mausoleum","player_choice":"Opened","floor":22.0,"gold_loss":0.0,"damage_taken":0.0,"relics_obtained":["Tiny Chest"]},{"damage_healed":0.0,"max_hp_gain":0.0,"max_hp_loss":0.0,"gold_gain":0.0,"event_name":"Ghosts","player_choice":"Ignored","floor":25.0,"gold_loss":0.0,"damage_taken":0.0},{"damage_healed":3.0,"max_hp_gain":0.0,"max_hp_loss":0.0,"gold_gain":0.0,"event_name":"Wheel of Change","player_choice":"Full Heal","floor":28.0,"gold_loss":0.0,"damage_taken":0.0}],"is_beta":false,"boss_relics":[{"not_picked":["Ectoplasm","Pandora\u0027s Box"],"picked":"Busted Crown"},{"not_picked":["Velvet Choker","SacredBark"],"picked":"Tiny House"}],"items_purged_floors":[3,12,37],"is_endless":false,"potions_floor_spawned":[1,7,18,23,27,38,45],"killed_by":"Time Eater","ascension_level":6}}