{"host":"g11d3x3m0pyxfasu","time":1614337241,"event":{"mods":["BaseMod","Block Reminder","Hubris","Infinite Spire","Minty Spire (QoL Compilation)","Quick Restart","Reliquary","Replay The Spire","StSLib","SuperFastMode"],"gold_per_floor":[113,113,133,144,69,100,100,135,135,145,164,6,6,23,23,23,23],"floor_reached":16,"language":"ENG","playtime":1224,"items_purged":["Strike_G","Defend_G"],"score":112,"play_id":"c983f26c-3472-4d8c-950d-4d789bfe6fac","local_time":"20210226120041","is_ascension_mode":false,"campfire_choices":[{"floor":7,"key":"REST"},{"floor":15,"key":"REST"}],"circlet_count":0,"master_deck":["Strike_G","Strike_G","Strike_G","Defend_G","Defend_G","Defend_G","Defend_G","Survivor","Neutralize+1","Hidden Blade","Flechettes+1","Hidden Blade","Outmaneuver","Backflip+1","Flying Knee","ReplayTheSpireMod:The Works","Crippling Poison+1","Crippling Poison"],"relics":["hubris:Stopwatch","Replay:Rubber Ducky","reliquary:Buckler","Centennial Puzzle"],"acts_visited":["Exordium"],"potions_floor_usage":[6],"damage_taken":[{"damage":5,"enemies":"Small Slimes","floor":1,"turns":4},{"damage":1,"enemies":"Cultist","floor":3,"turns":4},{"damage":6,"enemies":"2 Louse","floor":4,"turns":3},{"damage":23,"enemies":"Lagavulin","floor":6,"turns":7},{"damage":25,"enemies":"Gremlin Nob","floor":8,"turns":5},{"damage":5,"enemies":"Lots of Slimes","floor":10,"turns":5},{"damage":0,"enemies":"Blue Slaver","floor":11,"turns":4},{"damage":6,"enemies":"Large Slime","floor":14,"turns":5},{"damage":43,"enemies":"Slime Boss","floor":16,"turns":8}],"seed_played":"8674679297031818419","potions_obtained":[{"floor":3,"key":"Energy Potion"},{"floor":4,"key":"Swift Potion"},{"floor":6,"key":"Fire Potion"},{"floor":8,"key":"Elixir"}],"is_trial":false,"path_per_floor":["M","?","M","M","$","E","R","E","T","M","M","$","?","M","R","B"],"character_chosen":"THE_SILENT","items_purchased":["Crippling Poison"],"campfire_rested":2,"item_purchase_floors":[12],"current_hp_per_floor":[65,65,64,58,58,35,56,31,31,26,26,26,26,20,41,0,0],"gold":23,"neow_bonus":"BOSS_RELIC","is_daily":false,"chose_seed":false,"campfire_upgraded":0,"win_rate":0.0,"timestamp":1614337241,"path_taken":["M","?","M","M","$","E","R","E","T","M","M","$","?","M","R","BOSS"],"items_purchased_type":["Card"],"build_version":"2020-12-22","purchased_purges":2,"victory":false,"max_hp_per_floor":[70,70,70,70,70,70,70,70,70,70,70,70,70,70,70,70,70],"card_choices":[{"not_picked":["Terror","Underhanded Strike"],"picked":"Hidden Blade","floor":1},{"not_picked":["Masterful Stab","Slice"],"picked":"Hidden Blade","floor":3},{"not_picked":["Dagger Throw","PiercingWail"],"picked":"Outmaneuver","floor":4},{"not_picked":["ReplayTheSpireMod:Shiv Toss","Venomology","Bane"],"picked":"SKIP","floor":6},{"not_picked":["ReplayTheSpireMod:Speed Training","Bane"],"picked":"Backflip","floor":8},{"not_picked":["Underhanded Strike","ReplayTheSpireMod:Shiv Toss"],"picked":"Flying Knee","floor":10},{"not_picked":["Heel Hook","Eviscerate"],"picked":"ReplayTheSpireMod:The Works","floor":11},{"not_picked":["Slice","Outmaneuver","Dodge and Roll"],"picked":"SKIP","floor":14}],"player_experience":10892,"relics_obtained":[{"floor":6,"key":"Replay:Rubber Ducky"},{"floor":8,"key":"reliquary:Buckler"},{"floor":9,"key":"Centennial Puzzle"}],"event_choices":[{"damage_healed":0,"gold_gain":0,"player_choice":"Grow","damage_taken":0,"max_hp_gain":0,"max_hp_loss":0,"event_name":"Living Wall","floor":13,"gold_loss":0,"cards_upgraded":["Crippling Poison"]}],"is_beta":false,"boss_relics":[],"items_purged_floors":[5,12],"is_endless":false,"potions_floor_spawned":[3,4,6,8,10],"killed_by":"Slime Boss","ascension_level":0}}