{"host":"xhy9gc4eyomy2i9o","time":1614344678,"event":{"mods":["AchievementEnabler","Act Like it!","BaseMod","Better Vampires","Minty Spire (QoL Compilation)","Permanent Neow","Quick Restart","Shop Mod","StSLib","Waifu the Spire"],"gold_per_floor":[116,133,133,153,153,153,185,203,203,223,223,223,38,69,69,141,141,156,64,114,114,114],"floor_reached":21,"language":"ZHS","playtime":615,"items_purged":["Strike_B"],"score":318,"play_id":"28279c34-34cf-4230-9bf1-a2c633d6d3e7","local_time":"20210226210438","is_ascension_mode":true,"campfire_choices":[{"data":"Redo","floor":6.0,"key":"SMITH"},{"data":"Hologram","floor":15.0,"key":"SMITH"}],"circlet_count":0,"master_deck":["AscendersBane","Strike_B","Defend_B","Defend_B","Defend_B","Zap","Dualcast","Redo+1","Sweeping Beam","White Noise","Hologram+1","BootSequence","Tempest","Multi-Cast","White Noise","Glacier"],"relics":["Cracked Core","Nunchaku","Regal Pillow","Lizard Tail","Chemical X","The Courier","SlaversCollar"],"acts_visited":["Exordium","TheCity"],"potions_floor_usage":[],"damage_taken":[{"damage":8.0,"enemies":"2 Louse","floor":1.0,"turns":2.0},{"damage":2.0,"enemies":"Jaw Worm","floor":2.0,"turns":3.0},{"damage":1.0,"enemies":"Cultist","floor":4.0,"turns":3.0},{"damage":22.0,"enemies":"3 Sentries","floor":7.0,"turns":5.0},{"damage":1.0,"enemies":"2 Fungi Beasts","floor":8.0,"turns":2.0},{"damage":0.0,"enemies":"Exordium Wildlife","floor":10.0,"turns":3.0},{"damage":20.0,"enemies":"Gremlin Nob","floor":14.0,"turns":3.0},{"damage":32.0,"enemies":"The Guardian","floor":16.0,"turns":12.0},{"damage":14.0,"enemies":"3 Byrds","floor":18.0,"turns":4.0},{"damage":0,"enemies":"Spheric Guardian","floor":21,"turns":3}],"seed_played":"6814719717069122000","potions_obtained":[{"floor":5.0,"key":"FairyPotion"},{"floor":5.0,"key":"BlessingOfTheForge"},{"floor":7.0,"key":"Fire Potion"},{"floor":14.0,"key":"EssenceOfDarkness"}],"is_trial":false,"path_per_floor":["M","M","?","M","?","R","E","M","T","M","?","T","$","E","R","B",null,"M","$","?","M"],"character_chosen":"DEFECT","items_purchased":["Chemical X","Tempest","Glacier"],"campfire_rested":0,"item_purchase_floors":[13,13,19],"current_hp_per_floor":[38,36,29,28,28,28,6,5,5,5,5,5,5,21,21,25,60,46,46,46,46,46],"gold":114,"neow_bonus":"REMOVE_TWO","is_daily":false,"chose_seed":false,"campfire_upgraded":2,"win_rate":0.0,"timestamp":1614344678,"path_taken":["M","M","?","M","?","R","E","M","T","?","?","?","$","E","R","BOSS","M","$","?","?"],"items_purchased_type":["Relic","Card","Card"],"build_version":"2020-12-22","purchased_purges":1,"victory":false,"max_hp_per_floor":[71,71,71,71,71,71,71,71,71,71,71,71,71,71,71,71,71,71,71,71,71,71],"card_choices":[{"not_picked":["Streamline","Leap"],"picked":"Redo","floor":1.0},{"not_picked":["Turbo","Gash"],"picked":"Sweeping Beam","floor":2.0},{"not_picked":["Ball Lightning","Cold Snap"],"picked":"White Noise","floor":4.0},{"not_picked":["Heatsinks","Leap","Sunder"],"picked":"SKIP","floor":7.0},{"not_picked":["Storm","Cold Snap"],"picked":"Hologram","floor":8.0},{"not_picked":["Sweeping Beam","Reinforced Body"],"picked":"BootSequence","floor":10.0},{"not_picked":["Hologram","Leap","Rip and Tear"],"picked":"SKIP","floor":14.0},{"not_picked":["Machine Learning","Hyperbeam"],"picked":"Multi-Cast","floor":16.0},{"not_picked":["Stack+1","Sunder+1"],"picked":"White Noise","floor":18.0}],"player_experience":449443,"relics_obtained":[{"floor":7.0,"key":"Nunchaku"},{"floor":9.0,"key":"Regal Pillow"},{"floor":12.0,"key":"Lizard Tail"},{"floor":14.0,"key":"The Courier"}],"event_choices":[{"cards_removed":["Strike_B"],"damage_healed":0.0,"max_hp_gain":0.0,"max_hp_loss":0.0,"gold_gain":0.0,"event_name":"Golden Wing","player_choice":"Card Removal","floor":3.0,"gold_loss":0.0,"damage_taken":7.0},{"damage_healed":0.0,"max_hp_gain":0.0,"max_hp_loss":0.0,"gold_gain":0.0,"event_name":"Lab","player_choice":"Got Potions","floor":5.0,"gold_loss":0.0,"damage_taken":0.0},{"damage_healed":0.0,"max_hp_gain":0.0,"max_hp_loss":0.0,"gold_gain":0.0,"event_name":"Liars Game","player_choice":"Ignored","floor":11.0,"gold_loss":0.0,"damage_taken":0.0},{"damage_healed":0,"gold_gain":100,"player_choice":"Bet on Murderer","damage_taken":0,"max_hp_gain":0,"max_hp_loss":0,"event_name":"The Joust","floor":20,"gold_loss":50}],"is_beta":false,"boss_relics":[{"not_picked":["Ectoplasm","Astrolabe"],"picked":"SlaversCollar"}],"items_purged_floors":[19],"is_endless":false,"potions_floor_spawned":[7,14],"killed_by":"Spheric Guardian","ascension_level":14}}