{"host":"fbtt2xdrd49xyqed","time":1614314902,"event":{"mods":["Act Like it!","BaseMod","Gensokyo","Koishi","Marisa£®ÏF”Í°°ƒß¿Ì…≥£©","Minty Spire (QoL Compilation)","Remilia£®¿Ÿ√◊¿Ú—«£©","StSLib","The Servant 0.9.4","Youmu£®ªÍ∆«—˝√Œ£©"],"gold_per_floor":[117,117,117,129,129,129,160,65,136,61,87,399,616,363,363,463,463,479,499,82,97,110,139,139,339,339],"floor_reached":25,"language":"ZHS","playtime":924,"items_purged":["Koishi:BasicDefend","Koishi:BasicStrike"],"score":294,"play_id":"b37bdc6b-0858-4a3d-b790-65b73bb4c97b","local_time":"20210226124822","is_ascension_mode":true,"campfire_choices":[{"data":"Koishi:HauntingSlash","floor":6.0,"key":"SMITH"},{"data":"Koishi:FidgetySnatcher","floor":15.0,"key":"SMITH"},{"floor":24.0,"key":"REST"}],"circlet_count":0,"master_deck":["Koishi:BasicStrike","Koishi:BasicStrike","Koishi:BasicDefend","Koishi:BasicDefend","Koishi:BasicDefend","Koishi:Provoke","Koishi:HauntingSlash+1","Koishi:StingingMind","Gensokyo:CrescentMoonSlash","Koishi:FidgetySnatcher+1","Koishi:PhantomBarrier","Koishi:PredatoryInstincts","Koishi:RoseHell","Koishi:PerfectMindControl","Koishi:PredatoryInstincts","Koishi:UnansweredLove+1"],"relics":["Koishi:ImaginaryFriend","Strawberry","Blue Candle","Lantern","PreservedInsect","Blood Vial","Black Star","Chemical X","TheAbacus","StrikeDummy","Koishi:AHoleWhereASisterShouldBe","Juzu Bracelet","Gremlin Horn"],"acts_visited":["Gensokyo:Gensokyo","Gensokyo:Gensokyoer"],"potions_floor_usage":[],"damage_taken":[{"damage":6.0,"enemies":"Gensokyo:2_Kodama","floor":1.0,"turns":4.0},{"damage":0.0,"enemies":"Gensokyo:3_Fairies","floor":4.0,"turns":5.0},{"damage":18.0,"enemies":"Gensokyo:Aya","floor":7.0,"turns":8.0},{"damage":17.0,"enemies":"Gensokyo:Mamizou","floor":11.0,"turns":8.0},{"damage":12.0,"enemies":"Gensokyo:Gryphon","floor":12.0,"turns":7.0},{"damage":13.0,"enemies":"Gensokyo:Kitsune","floor":13.0,"turns":4.0},{"damage":14.0,"enemies":"Gensokyo:Yukari","floor":16.0,"turns":11.0},{"damage":8.0,"enemies":"Gensokyo:Chomper","floor":18.0,"turns":6.0},{"damage":19.0,"enemies":"Gensokyo:CosmicMonolith","floor":19.0,"turns":6.0},{"damage":31.0,"enemies":"Gensokyo:Wraith","floor":21.0,"turns":3.0},{"damage":24.0,"enemies":"Gensokyo:Slime_Group","floor":22.0,"turns":8.0},{"damage":29.0,"enemies":"Gensokyo:Tenshi","floor":23.0,"turns":6.0},{"damage":38,"enemies":"Gensokyo:3_Gloops","floor":25,"turns":5}],"seed_played":"4637212065883372958","potions_obtained":[{"floor":12.0,"key":"SpeedPotion"},{"floor":13.0,"key":"BlessingOfTheForge"},{"floor":16.0,"key":"Explosive Potion"},{"floor":23.0,"key":"Weak Potion"}],"is_trial":false,"path_per_floor":["M","?","?","M","?","R","E","COS","T","$","E","M","M","$","R","B",null,"M","M","COS","M","M","E","R","M"],"character_chosen":"KOISHI","items_purchased":["Blood Vial"],"campfire_rested":1,"item_purchase_floors":[14],"current_hp_per_floor":[56,47,44,46,40,40,42,42,42,42,39,37,34,34,34,38,67,65,58,58,37,29,14,34,0,0],"gold":339,"neow_bonus":"REMOVE_CARD","is_daily":false,"chose_seed":false,"campfire_upgraded":2,"win_rate":0.0,"timestamp":1614314902,"path_taken":["M","?","?","?","?","R","E","COS","T","?","E","M","M","$","R","BOSS","M","M","COS","M","M","E","R","M"],"items_purchased_type":["Relic"],"build_version":"2020-12-22","purchased_purges":2,"victory":false,"max_hp_per_floor":[60,60,67,67,67,67,67,67,67,67,67,67,67,67,67,67,67,67,67,67,67,67,67,67,67,67],"card_choices":[{"not_picked":["Koishi:UnansweredLove","Koishi:Whimsy"],"picked":"Koishi:StingingMind","floor":1.0},{"not_picked":["Koishi:BloodcurdlingScream","Koishi:StingingMind","Koishi:CatchAndRose"],"picked":"SKIP","floor":4.0},{"not_picked":["Koishi:GeneticsOfTheUnconscious","Koishi:SpiritedAway"],"picked":"Koishi:FidgetySnatcher","floor":7.0},{"not_picked":["Koishi:ParalyzingFear","Koishi:DanmakuParanoia"],"picked":"Koishi:PhantomBarrier","floor":11.0},{"not_picked":["Koishi:PhantomStrike","Koishi:JumpScare"],"picked":"Koishi:PredatoryInstincts","floor":12.0},{"not_picked":["Koishi:Bloodlust","Koishi:EmbersOfLove"],"picked":"Koishi:RoseHell","floor":13.0},{"not_picked":["Koishi:MentalBreakdown","Koishi:RuptureMind"],"picked":"Koishi:PerfectMindControl","floor":16.0},{"not_picked":["Koishi:FleetingPhantom","Koishi:UnansweredLove","Koishi:RacingHeart"],"picked":"SKIP","floor":18.0},{"not_picked":["Koishi:SprinkleStarAndHeart","Koishi:BramblyRoseGarden+1"],"picked":"Koishi:PredatoryInstincts","floor":19.0},{"not_picked":["Koishi:IdleWhim","Koishi:StrangeCloudFist+1","Koishi:BloodcurdlingScream"],"picked":"SKIP","floor":21.0},{"not_picked":["Koishi:SpiritedAway","Koishi:StrangeCloudFist"],"picked":"Koishi:UnansweredLove+1","floor":22.0},{"not_picked":["Koishi:CatchAndRose+1","Koishi:StingingMind","Koishi:Vanish"],"picked":"SKIP","floor":23.0}],"player_experience":778029,"relics_obtained":[{"floor":7.0,"key":"Blue Candle"},{"floor":11.0,"key":"Lantern"},{"floor":23.0,"key":"Juzu Bracelet"},{"floor":23.0,"key":"Gremlin Horn"}],"event_choices":[],"is_beta":false,"boss_relics":[{"not_picked":["Runic Dome","Calling Bell"],"picked":"Black Star"}],"items_purged_floors":[10,14],"is_endless":false,"potions_floor_spawned":[12,13,16,23],"killed_by":"Gensokyo:3_Gloops","ascension_level":4}}