{"host":"08yfhu6uhosdn245","time":1614373310,"event":{"mods":["2.2 Compatiblity","AchievementEnabler","BaseMod","Bestiary","Colored Map","Colored Powertips","Curses Come First","Highlight Path","Minty Spire (QoL Compilation)","Quick Restart","Relic Stats","StSLib"],"gold_per_floor":[113,127,127,142,160,193,205,233,245,257,269,79,90,108,108,206,206,219,239,250,285,210,210,210,210,210,210,225,42,42,42],"floor_reached":30,"language":"ENG","playtime":1238,"items_purged":["Strike_R","Strike_R"],"score":340,"play_id":"74133db3-673b-4c83-9b51-489eb39e8880","local_time":"20210226160150","is_ascension_mode":true,"campfire_choices":[{"data":"Limit Break","floor":10.0,"key":"SMITH"},{"floor":15,"key":"REST"},{"data":"Reaper","floor":23,"key":"SMITH"},{"floor":25,"key":"REST"},{"data":"Wild Strike","floor":27,"key":"SMITH"}],"circlet_count":0,"master_deck":["Strike_R","Defend_R","Defend_R","Defend_R","Defend_R","Bash","Shrug It Off","Sword Boomerang","Spot Weakness","Armaments","Sword Boomerang","Limit Break+1","Heavy Blade","Flex","Fire Breathing","Shockwave","Wild Strike","Reaper+1","Wild Strike+1","Clothesline","Evolve","Injury","Impervious","Iron Wave"],"relics":["Burning Blood","Question Card","MawBank","Letter Opener","Membership Card","Cursed Key","Red Mask","Mercury Hourglass","Bag of Preparation"],"acts_visited":["Exordium","TheCity"],"potions_floor_usage":[24,24],"damage_taken":[{"damage":8.0,"enemies":"2 Louse","floor":1.0,"turns":3.0},{"damage":5.0,"enemies":"Cultist","floor":2.0,"turns":4.0},{"damage":9.0,"enemies":"Jaw Worm","floor":4.0,"turns":3.0},{"damage":11.0,"enemies":"Blue Slaver","floor":5.0,"turns":4.0},{"damage":25.0,"enemies":"3 Sentries","floor":6.0,"turns":5.0},{"damage":13.0,"enemies":"Large Slime","floor":7.0,"turns":4.0},{"damage":27.0,"enemies":"Lagavulin","floor":8.0,"turns":6.0},{"damage":0.0,"enemies":"Gremlin Nob","floor":11.0,"turns":1.0},{"damage":20,"enemies":"Lots of Slimes","floor":13,"turns":6},{"damage":8,"enemies":"Exordium Wildlife","floor":14,"turns":3},{"damage":38,"enemies":"Slime Boss","floor":16,"turns":7},{"damage":6,"enemies":"Spheric Guardian","floor":18,"turns":3},{"damage":0,"enemies":"Chosen","floor":19,"turns":4},{"damage":33,"enemies":"3 Cultists","floor":20,"turns":5},{"damage":54,"enemies":"Masked Bandits","floor":21,"turns":6},{"damage":10,"enemies":"Book of Stabbing","floor":24,"turns":3},{"damage":34,"enemies":"Snake Plant","floor":28,"turns":5},{"damage":22,"enemies":"Sentry and Sphere","floor":30,"turns":3}],"seed_played":"-8007314194632056075","potions_obtained":[{"floor":5.0,"key":"SmokeBomb"},{"floor":6.0,"key":"Regen Potion"},{"floor":7.0,"key":"SmokeBomb"},{"floor":14,"key":"SpeedPotion"},{"floor":18,"key":"ElixirPotion"},{"floor":21,"key":"AttackPotion"}],"is_trial":false,"path_per_floor":["M","M","?","M","M","E","M","E","T","R","E","$","M","M","R","B",null,"M","M","M","?","?","R","E","R","T","R","M","$","M"],"character_chosen":"IRONCLAD","items_purchased":["Membership Card","Fire Breathing","Bag of Preparation","Iron Wave","Ancient Potion"],"campfire_rested":2,"item_purchase_floors":[12,12,29,29,29],"current_hp_per_floor":[78,79,79,76,71,52,57,36,36,36,42,42,28,26,50,18,65,65,71,61,19,19,19,15,39,39,39,18,18,0,0],"gold":42,"neow_bonus":"TRANSFORM_CARD","is_daily":false,"chose_seed":false,"campfire_upgraded":3,"win_rate":0.0,"timestamp":1614373310,"path_taken":["M","M","?","M","M","E","M","E","T","R","E","$","M","M","R","BOSS","M","M","?","?","?","R","E","R","T","R","M","$","M"],"items_purchased_type":["Relic","Card","Relic","Card","Potion"],"build_version":"2020-12-22","purchased_purges":2,"victory":false,"max_hp_per_floor":[80,80,80,80,80,80,80,80,80,80,80,80,80,80,80,80,80,80,80,80,80,80,80,80,80,80,80,80,80,80,80],"relic_stats":{"counters":[18,75],"Bag of Preparation":[2],"Letter Opener":[29],"Question Card":10,"MawBank":48,"Cursed Key":1,"obtain_stats":[{"Red Mask":21,"Bag of Preparation":29,"Letter Opener":9,"Membership Card":12,"Question Card":6,"MawBank":8,"Cursed Key":17,"Burning Blood":0,"Mercury Hourglass":26},{"Red Mask":15,"Bag of Preparation":17,"Letter Opener":7,"Membership Card":8,"Question Card":5,"MawBank":7,"Cursed Key":11,"Burning Blood":0,"Mercury Hourglass":16},{"Red Mask":64,"Bag of Preparation":72,"Letter Opener":29,"Membership Card":30,"Question Card":19,"MawBank":29,"Cursed Key":46,"Burning Blood":0,"Mercury Hourglass":67}],"Burning Blood":102,"Mercury Hourglass":[21]},"card_choices":[{"not_picked":["Thunderclap","Headbutt"],"picked":"Sword Boomerang","floor":1.0},{"not_picked":["Feel No Pain","True Grit"],"picked":"Spot Weakness","floor":2.0},{"not_picked":["Rampage","Flame Barrier"],"picked":"Armaments","floor":4.0},{"not_picked":["Dropkick","Uppercut"],"picked":"Sword Boomerang","floor":5.0},{"not_picked":["Body Slam","Wild Strike"],"picked":"Limit Break","floor":6.0},{"not_picked":["Headbutt","Shrug It Off","Clash"],"picked":"Heavy Blade","floor":7.0},{"not_picked":["Blood for Blood","Body Slam","Twin Strike"],"picked":"Flex","floor":8.0},{"not_picked":["Ghostly Armor","Carnage","Entrench"],"picked":"Shockwave","floor":13},{"not_picked":["Armaments","Iron Wave","Rampage"],"picked":"Wild Strike","floor":14},{"not_picked":["Fiend Fire","Offering","Juggernaut"],"picked":"Reaper","floor":16},{"not_picked":["Flex","Armaments","Spot Weakness"],"picked":"Wild Strike","floor":18},{"not_picked":["Clash+1","Armaments+1","Body Slam"],"picked":"Clothesline","floor":19},{"not_picked":["Sword Boomerang+1","Clash","Armaments+1","Rampage"],"picked":"SKIP","floor":20},{"not_picked":["Disarm","True Grit","Armaments+1"],"picked":"Evolve","floor":21},{"not_picked":["Dropkick+1","Dual Wield","Evolve"],"picked":"Impervious","floor":28}],"player_experience":431217,"relics_obtained":[{"floor":6.0,"key":"Question Card"},{"floor":8.0,"key":"MawBank"},{"floor":9.0,"key":"Letter Opener"},{"floor":21,"key":"Red Mask"},{"floor":26,"key":"Mercury Hourglass"}],"event_choices":[{"damage_healed":0.0,"max_hp_gain":0.0,"max_hp_loss":0.0,"gold_gain":0.0,"event_name":"Match and Keep!","player_choice":"0 cards matched","floor":3.0,"gold_loss":0.0,"damage_taken":0.0,"cards_obtained":[]},{"damage_healed":0,"gold_gain":0,"player_choice":"Fought Bandits","damage_taken":0,"max_hp_gain":0,"max_hp_loss":0,"event_name":"Masked Bandits","floor":21,"gold_loss":0},{"cards_removed":["Strike_R"],"damage_healed":0,"gold_gain":0,"player_choice":"Gave Gold","damage_taken":0,"max_hp_gain":0,"max_hp_loss":0,"event_name":"Beggar","floor":22,"gold_loss":75}],"is_beta":false,"boss_relics":[{"not_picked":["Sozu","Black Blood"],"picked":"Cursed Key"}],"items_purged_floors":[12,29],"is_endless":false,"potions_floor_spawned":[5,6,7,14,18,21],"killed_by":"Sentry and Sphere","ascension_level":5}}