{"host":"dm3der2z84gf27js","time":1614326231,"event":{"mods":["AchievementEnabler","BaseMod","Bestiary","Better Note","Better Third Choice","Colored Map","Colored Powertips","Marisa????????","Minty Spire (QoL Compilation)","StSLib","The Marked"],"gold_per_floor":[109,121,199,212,228,259,278,278,278,296,307,340,355,283,283,382,382,398,498,512,34,48,48,22,22,22,47,75,91,91,116,116,116,116],"floor_reached":33,"language":"ENG","playtime":1490,"items_purged":[],"score":339,"play_id":"f5c6ce93-a36f-46a3-ba6a-d65cc58c9980","local_time":"20210226025711","is_ascension_mode":true,"campfire_choices":[{"floor":8,"key":"REST"},{"floor":15,"key":"REST"},{"floor":23,"key":"REST"},{"floor":25,"key":"REST"},{"floor":30,"key":"REST"},{"floor":32,"key":"REST"}],"circlet_count":0,"master_deck":["Strike_MRS","Strike_MRS","Strike_MRS","Strike_MRS","Defend_MRS","Defend_MRS","Defend_MRS","Defend_MRS","MasterSpark","UpSweep","MysteriousBeam","WitchLeyline","MagicChant","SuperPerseids","EnergyFlow","MysteriousBeam","CasketOfStar","MilkyWay","SporeBomb","EventHorizon","ChargeUpSpray","NonDirectionalLaser","IllusionStar","SatelliteIllusion","PowerUp","6A","WitchOfGreed","DeepEcoloBomb","IllusionStar","GrandCross","MillisecondPulsars","PulseMagic","GalacticHalo","OpenUniverse+1"],"relics":["MiniHakkero","Vajra","Question Card","Bronze Scales","SlaversCollar","Matryoshka","Happy Flower","Omamori","Bottled Tornado","Ancient Tea Set"],"acts_visited":["Exordium","TheCity"],"potions_floor_usage":[6,6,11,12,22,27,28,29,33],"damage_taken":[{"damage":1,"enemies":"Cultist","floor":1,"turns":3},{"damage":0,"enemies":"2 Louse","floor":2,"turns":1},{"damage":12,"enemies":"Jaw Worm","floor":4,"turns":2},{"damage":18,"enemies":"Lots of Slimes","floor":5,"turns":3},{"damage":0,"enemies":"Gremlin Nob","floor":6,"turns":2},{"damage":12,"enemies":"Large Slime","floor":7,"turns":4},{"damage":0,"enemies":"Blue Slaver","floor":10,"turns":2},{"damage":1,"enemies":"3 Louse","floor":11,"turns":2},{"damage":4,"enemies":"3 Sentries","floor":12,"turns":4},{"damage":1,"enemies":"2 Fungi Beasts","floor":13,"turns":3},{"damage":34,"enemies":"Hexaghost","floor":16,"turns":6},{"damage":32,"enemies":"Shell Parasite","floor":18,"turns":3},{"damage":19,"enemies":"Spheric Guardian","floor":20,"turns":4},{"damage":21,"enemies":"Snake Plant","floor":22,"turns":3},{"damage":27,"enemies":"Slavers","floor":27,"turns":4},{"damage":31,"enemies":"Cultist and Chosen","floor":28,"turns":5},{"damage":12,"enemies":"Chosen and Byrds","floor":29,"turns":3},{"damage":7,"enemies":"3 Cultists","floor":31,"turns":4},{"damage":70,"enemies":"Automaton","floor":33,"turns":6}],"seed_played":"1299410875872982301","potions_obtained":[{"floor":1,"key":"SteroidPotion"},{"floor":2,"key":"Swift Potion"},{"floor":5,"key":"FairyPotion"},{"floor":7,"key":"DistilledChaos"},{"floor":10,"key":"Dexterity Potion"},{"floor":13,"key":"CultistPotion"},{"floor":16,"key":"AttackPotion"},{"floor":27,"key":"Block Potion"},{"floor":28,"key":"CultistPotion"},{"floor":28,"key":"PowerPotion"}],"is_trial":false,"path_per_floor":["M","M","T","M","M","E","M","R","T","M","M","E","M","$","R","B",null,"M","?","M","$","M","R","$","R","T","E","M","M","R","M","R","B"],"character_chosen":"MARISA","items_purchased":["NonDirectionalLaser","IllusionStar","Matryoshka","WitchOfGreed","Happy Flower","DeepEcoloBomb","GrandCross"],"campfire_rested":6,"item_purchase_floors":[14,14,21,21,21,21,24],"current_hp_per_floor":[74,74,74,62,44,44,32,54,54,54,53,49,48,48,70,36,75,43,43,24,24,3,25,25,47,47,20,13,1,23,16,38,0,0],"gold":116,"neow_bonus":"THREE_CARDS","is_daily":false,"chose_seed":false,"campfire_upgraded":0,"win_rate":0.0,"timestamp":1614326231,"path_taken":["M","?","?","M","M","E","M","R","T","M","M","E","M","$","R","BOSS","M","?","M","$","M","R","?","R","T","E","M","M","R","M","R","BOSS"],"items_purchased_type":["Card","Card","Relic","Card","Relic","Card","Card"],"build_version":"2020-12-22","purchased_purges":0,"victory":false,"max_hp_per_floor":[75,75,75,75,75,75,75,75,75,75,75,75,75,75,75,75,75,75,75,75,75,75,75,75,75,75,75,75,75,75,75,75,75,75],"card_choices":[{"not_picked":["PowerUp","AsteroidBelt"],"picked":"MysteriousBeam","floor":0},{"not_picked":["DoubleSpark","DC"],"picked":"WitchLeyline","floor":1},{"not_picked":["SprinkleStarSeal","GalacticHalo"],"picked":"MagicChant","floor":2},{"not_picked":["ManaConvection","PowerUp"],"picked":"SuperPerseids","floor":4},{"not_picked":["DarkSpark","GrandCross"],"picked":"EnergyFlow","floor":5},{"not_picked":["SuperPerseids","SporeBomb"],"picked":"MysteriousBeam","floor":6},{"not_picked":["EnergyFlow","6A"],"picked":"CasketOfStar","floor":7},{"not_picked":["Acceleration","DeepEcoloBomb","MysteriousBeam"],"picked":"MilkyWay","floor":10},{"not_picked":["Orbital","ShootingEcho","DoubleSpark"],"picked":"SporeBomb","floor":11},{"not_picked":["UnstableBomb","6A","DC"],"picked":"EventHorizon","floor":12},{"not_picked":["SuperPerseids","UnstableBomb","EventHorizon"],"picked":"ChargeUpSpray","floor":13},{"not_picked":["AbsoluteMagnitude","TreasureHunter","BinaryStars"],"picked":"SatelliteIllusion","floor":16},{"not_picked":["ChargeUpSpray+1","DC","GravityBeat"],"picked":"PowerUp","floor":18},{"not_picked":["Robbery","GrandCross","Occultation+1"],"picked":"6A","floor":20},{"not_picked":["UnstableBomb","Occultation","PulseMagic+1"],"picked":"IllusionStar","floor":22},{"not_picked":["DragonMeteor+1","ChargingUp+1","IllusionStar"],"picked":"MillisecondPulsars","floor":27},{"not_picked":["GravityBeat","GalacticHalo","SporeBomb+1"],"picked":"PulseMagic","floor":28},{"not_picked":["BlazeAway","WitchOfGreed","OortCloud+1"],"picked":"GalacticHalo","floor":29},{"not_picked":["IllusionStar","EventHorizon","SuperNova"],"picked":"OpenUniverse+1","floor":31}],"player_experience":250628,"relics_obtained":[{"floor":6,"key":"Vajra"},{"floor":9,"key":"Question Card"},{"floor":12,"key":"Bronze Scales"},{"floor":26,"key":"Omamori"},{"floor":26,"key":"Bottled Tornado"},{"floor":27,"key":"Ancient Tea Set"}],"event_choices":[{"damage_healed":0,"gold_gain":100,"player_choice":"Pray","damage_taken":0,"max_hp_gain":0,"max_hp_loss":0,"event_name":"Golden Shrine","floor":19,"gold_loss":0}],"is_beta":false,"boss_relics":[{"not_picked":["Sozu","Velvet Choker"],"picked":"SlaversCollar"}],"items_purged_floors":[],"is_endless":false,"potions_floor_spawned":[1,2,5,7,10,13,16,20,27,28],"killed_by":"Automaton","ascension_level":2}}