{"host":"onfdonezo2qmaex3","time":1614368276,"event":{"mods":["2.2 Compatiblity","AchievementEnabler","Act Like it!","Aspiration","Bard","BaseMod","Colored Powertips","Downfall","Elementarium","Friendly Minions","Gensokyo","Hallownest","Hermit","Highlight Path","Jorbs\u0027s Wanderer Trilogy","Marisa????????","Marked Mod","Menagerie","Minty Spire (QoL Compilation)","Pale of the Ancients","Permanent Neow","Quick Restart","Reliquary","Ruina","Shop Mod","StSLib","The Bug Knight","The Disciple","The Hayseed","The Hierophant","The Marked","The Runesmith"],"gold_per_floor":[14,14,27,38,38,38,38,68,93,123,134,134,168,198,198,198,198],"floor_reached":16,"language":"ENG","playtime":593,"items_purged":[],"score":112,"play_id":"b4b95594-4bfe-4cfb-9182-b8ba1e1e1d6a","local_time":"20210226203756","is_ascension_mode":true,"campfire_choices":[{"data":"Menagerie:Staggershock","floor":6,"key":"SMITH"},{"data":"Doppelganger","floor":12,"key":"SMITH"},{"floor":15,"key":"RECALL"}],"circlet_count":0,"master_deck":["Strike_R","Strike_R","Defend_R","Defend_R","Menagerie:Staggershock+1","Doppelganger+1","Dash","Backstab"],"relics":["Burning Blood","reliquary:SilkGlove","HollowMod:LifeEnderRelic","Menagerie:GrandMagusSpellbook"],"acts_visited":["Menagerie:Menagerie"],"potions_floor_usage":[],"damage_taken":[{"damage":1,"enemies":"Menagerie:WhisperingWraith","floor":1,"turns":4},{"damage":9,"enemies":"Menagerie:MonstrousExperiment","floor":3,"turns":4},{"damage":0,"enemies":"Menagerie:2_RABBITS","floor":4,"turns":3},{"damage":32,"enemies":"Menagerie:VoidReaper","floor":8,"turns":5},{"damage":3,"enemies":"Menagerie:Hydra","floor":10,"turns":5},{"damage":5,"enemies":"Menagerie:DREAD_MOTH_AND_GRAFTED_WORMS","floor":11,"turns":2},{"damage":7,"enemies":"Menagerie:MOSSY_WILDLIFE","floor":13,"turns":3},{"damage":51,"enemies":"Menagerie:GrandMagus","floor":14,"turns":8},{"damage":12,"enemies":"Menagerie:Chimera","floor":16,"turns":2}],"seed_played":"-3576277326910438580","potions_obtained":[{"floor":3,"key":"FearPotion"},{"floor":4,"key":"PowerPotion"},{"floor":11,"key":"ColorlessPotion"},{"floor":13,"key":"ColorlessPotion"}],"is_trial":false,"path_per_floor":["M","?","M","M","$","R","?","E","T","E","M","R","?","?","R","B"],"character_chosen":"IRONCLAD","items_purchased":[],"campfire_rested":0,"item_purchase_floors":[],"current_hp_per_floor":[80,80,77,80,80,80,80,54,54,57,58,58,57,12,12,0,0],"gold":198,"neow_bonus":"REMOVE_TWO","is_daily":false,"chose_seed":false,"campfire_upgraded":2,"win_rate":0.0,"timestamp":1614368276,"path_taken":["M","?","M","?","$","R","?","E","T","E","?","R","?","?","R","BOSS"],"items_purchased_type":[],"build_version":"2020-12-22","purchased_purges":0,"victory":false,"max_hp_per_floor":[80,80,80,80,80,80,80,80,80,80,80,80,80,80,80,80,80],"card_choices":[{"not_picked":["Cleave","Headbutt","Carnage"],"picked":"SKIP","floor":1},{"not_picked":["Twin Strike","Anger","Rage"],"picked":"SKIP","floor":3},{"not_picked":["Flame Barrier","Sentinel","Pommel Strike"],"picked":"SKIP","floor":4},{"not_picked":["Anger","Perfected Strike","Reckless Charge"],"picked":"SKIP","floor":8},{"not_picked":["Dual Wield","Seeing Red","Blood for Blood"],"picked":"SKIP","floor":10},{"not_picked":["Thunderclap","Flex","Pommel Strike"],"picked":"SKIP","floor":11}],"player_experience":250469,"relics_obtained":[{"floor":8,"key":"reliquary:SilkGlove"},{"floor":10,"key":"HollowMod:LifeEnderRelic"}],"event_choices":[{"damage_healed":0,"gold_gain":0,"cards_transformed":["Defend_R"],"player_choice":"Grasp","damage_taken":0,"max_hp_gain":0,"max_hp_loss":0,"event_name":"Menagerie:MagesHand","floor":2,"gold_loss":0,"cards_obtained":["Menagerie:Staggershock"]},{"damage_healed":0,"gold_gain":0,"player_choice":"Detour","damage_taken":0,"max_hp_gain":0,"max_hp_loss":0,"event_name":"Menagerie:MossyPath","floor":13,"gold_loss":0},{"damage_healed":0,"gold_gain":0,"player_choice":"Steal","damage_taken":0,"relics_obtained":["Menagerie:GrandMagusSpellbook"],"max_hp_gain":0,"max_hp_loss":0,"event_name":"Menagerie:GrandMagusTower","floor":14,"gold_loss":0}],"is_beta":false,"boss_relics":[],"items_purged_floors":[],"is_endless":false,"potions_floor_spawned":[3,4,11,13,14],"killed_by":"Menagerie:Chimera","ascension_level":1}}