{"host":"k85tjwrh7mjrrc9a","time":1614311142,"event":{"mods":["AchievementEnabler","BaseMod","Colored Powertips","Highlight Path","Minty Spire (QoL Compilation)","Rare Cards Sparkle","StSLib"],"gold_per_floor":[114,114,134,134,59,59,90,108,108,108,146,169,169,319,319,415,415,440,440,440],"floor_reached":19,"language":"ENG","playtime":772,"items_purged":["Regret"],"score":333,"play_id":"dc680146-0f9a-4ed8-bc22-144e136b8c0c","local_time":"20210225224542","is_ascension_mode":true,"campfire_choices":[{"data":"Bash","floor":6.0,"key":"SMITH"},{"data":"Pommel Strike","floor":10.0,"key":"SMITH"},{"data":"Armaments","floor":13.0,"key":"SMITH"},{"floor":15.0,"key":"REST"}],"circlet_count":0,"master_deck":["AscendersBane","Strike_R+1","Strike_R","Strike_R","Strike_R","Strike_R","Defend_R","Defend_R","Defend_R","Defend_R","Bash+1","Pommel Strike+1","Ghostly Armor","Injury","Twin Strike","Pommel Strike+1","Armaments+1","Headbutt","Doubt","Demon Form","Wild Strike"],"relics":["Burning Blood","Darkstone Periapt","Golden Idol","Whetstone","Happy Flower","Ancient Tea Set","Mark of Pain"],"acts_visited":["Exordium","TheCity"],"potions_floor_usage":[],"damage_taken":[{"damage":7.0,"enemies":"Cultist","floor":1.0,"turns":4.0},{"damage":11.0,"enemies":"Jaw Worm","floor":3.0,"turns":3.0},{"damage":29.0,"enemies":"Gremlin Nob","floor":7.0,"turns":4.0},{"damage":3.0,"enemies":"2 Louse","floor":8.0,"turns":3.0},{"damage":25.0,"enemies":"Lagavulin","floor":11.0,"turns":7.0},{"damage":6.0,"enemies":"Blue Slaver","floor":12.0,"turns":3.0},{"damage":72.0,"enemies":"Hexaghost","floor":16.0,"turns":10.0},{"damage":40.0,"enemies":"Shell Parasite","floor":18.0,"turns":6.0},{"damage":57,"enemies":"Masked Bandits","floor":19,"turns":3}],"seed_played":"-6435224846827036572","potions_obtained":[{"floor":0.0,"key":"BloodPotion"},{"floor":0.0,"key":"SteroidPotion"},{"floor":11.0,"key":"SteroidPotion"}],"is_trial":false,"path_per_floor":["M","?","M","?","$","R","E","M","T","R","E","M","R","?","R","B",null,"M","?"],"character_chosen":"IRONCLAD","items_purchased":[],"campfire_rested":1,"item_purchase_floors":[],"current_hp_per_floor":[67,73,68,74,74,74,51,54,54,54,35,35,35,41,68,20,75,41,0,0],"gold":440,"neow_bonus":"THREE_SMALL_POTIONS","is_daily":false,"chose_seed":false,"campfire_upgraded":3,"win_rate":0.0,"timestamp":1614311142,"path_taken":["M","?","M","?","$","R","E","M","T","R","E","M","R","?","R","BOSS","M","?"],"items_purchased_type":[],"build_version":"2020-12-22","purchased_purges":1,"victory":false,"max_hp_per_floor":[75,81,81,87,87,87,87,87,87,87,87,87,87,93,93,93,93,93,93,93],"card_choices":[{"not_picked":["Evolve","Havoc"],"picked":"Pommel Strike","floor":1.0},{"not_picked":["Searing Blow","Sword Boomerang"],"picked":"Ghostly Armor","floor":3.0},{"not_picked":["Shrug It Off","Havoc"],"picked":"Twin Strike","floor":7.0},{"not_picked":["Shrug It Off","Iron Wave"],"picked":"Pommel Strike","floor":8.0},{"not_picked":["Wild Strike","Havoc"],"picked":"Armaments","floor":11.0},{"not_picked":["Flex","Bloodletting"],"picked":"Headbutt","floor":12.0},{"not_picked":["Double Tap","Bludgeon"],"picked":"Demon Form","floor":16.0},{"not_picked":["Body Slam","Seeing Red"],"picked":"Wild Strike","floor":18.0}],"player_experience":258233,"relics_obtained":[{"floor":7.0,"key":"Whetstone"},{"floor":9.0,"key":"Happy Flower"},{"floor":11.0,"key":"Ancient Tea Set"}],"event_choices":[{"damage_healed":0.0,"max_hp_gain":0.0,"max_hp_loss":0.0,"gold_gain":0.0,"event_name":"Big Fish","player_choice":"Box","floor":2.0,"gold_loss":0.0,"damage_taken":0.0,"relics_obtained":["Darkstone Periapt"],"cards_obtained":["Regret"]},{"damage_healed":0.0,"max_hp_gain":0.0,"max_hp_loss":0.0,"gold_gain":0.0,"event_name":"Golden Idol","player_choice":"Take Wound","floor":4.0,"gold_loss":0.0,"damage_taken":0.0,"relics_obtained":["Golden Idol"],"cards_obtained":["Injury"]},{"damage_healed":0.0,"max_hp_gain":0.0,"max_hp_loss":0.0,"gold_gain":150.0,"event_name":"Liars Game","player_choice":"AGREE","floor":14.0,"gold_loss":0.0,"damage_taken":0.0,"cards_obtained":["Doubt"]},{"damage_healed":0,"gold_gain":0,"player_choice":"Fought Bandits","damage_taken":0,"max_hp_gain":0,"max_hp_loss":0,"event_name":"Masked Bandits","floor":19,"gold_loss":0}],"is_beta":false,"boss_relics":[{"not_picked":["Black Star","Busted Crown"],"picked":"Mark of Pain"}],"items_purged_floors":[5],"is_endless":false,"potions_floor_spawned":[1,3,11],"killed_by":"Masked Bandits","ascension_level":18}}