{"host":"fbdlh90rovbiajun","time":1614357778,"event":{"mods":["AchievementEnabler","BaseMod","Colored Map","Keyboard Shortcuts","Minty Spire (QoL Compilation)","SuperFastMode"],"gold_per_floor":[113,128,128,143,143,143,93,93,93,106,145,163,163,61,61,61,61],"floor_reached":16,"language":"KOR","playtime":365,"items_purged":["Strike_R"],"score":105,"play_id":"9c9d3bfd-846d-469a-b60b-73ad4bab355f","local_time":"20210227014258","is_ascension_mode":true,"campfire_choices":[{"data":"Inflame","floor":6,"key":"SMITH"},{"data":"Heavy Blade","floor":8,"key":"SMITH"},{"floor":15,"key":"REST"}],"circlet_count":0,"master_deck":["Strike_R","Strike_R","Strike_R+1","Defend_R","Defend_R","Defend_R","Defend_R+1","Bash","Clash","Pommel Strike","Inflame+1","Heavy Blade+1","Limit Break","Hemokinesis","Flex","Iron Wave"],"relics":["Burning Blood","Golden Idol","Peace Pipe","Ancient Tea Set"],"acts_visited":["Exordium"],"potions_floor_usage":[],"damage_taken":[{"damage":0,"enemies":"2 Louse","floor":1,"turns":2},{"damage":0,"enemies":"Cultist","floor":2,"turns":3},{"damage":7,"enemies":"Jaw Worm","floor":4,"turns":3},{"damage":7,"enemies":"Blue Slaver","floor":10,"turns":4},{"damage":26,"enemies":"Lagavulin","floor":11,"turns":5},{"damage":14,"enemies":"3 Louse","floor":12,"turns":3},{"damage":35,"enemies":"Hexaghost","floor":16,"turns":7}],"seed_played":"6536215284539035487","potions_obtained":[{"floor":10,"key":"Fire Potion"},{"floor":11,"key":"LiquidBronze"},{"floor":12,"key":"EssenceOfSteel"}],"is_trial":false,"path_per_floor":["M","M","?","M","?","R","$","R","T","M","E","M","?","$","R","B"],"character_chosen":"IRONCLAD","items_purchased":["Heavy Blade","Iron Wave"],"campfire_rested":1,"item_purchase_floors":[7,14],"current_hp_per_floor":[80,80,73,72,52,52,52,52,52,51,31,23,7,7,31,0,0],"gold":61,"neow_bonus":"THREE_CARDS","is_daily":false,"chose_seed":false,"campfire_upgraded":2,"win_rate":0.0,"timestamp":1614357778,"path_taken":["M","M","?","M","?","R","$","R","T","M","E","M","?","$","R","BOSS"],"items_purchased_type":["Card","Card"],"build_version":"2020-12-22","purchased_purges":1,"victory":false,"max_hp_per_floor":[80,80,80,80,80,80,80,80,80,80,80,80,80,80,80,80,80],"card_choices":[{"not_picked":["Havoc","Burning Pact"],"picked":"Clash","floor":0},{"not_picked":["Clothesline","Havoc"],"picked":"Pommel Strike","floor":1},{"not_picked":["Wild Strike","Havoc","Reckless Charge"],"picked":"SKIP","floor":2},{"not_picked":["Headbutt","Wild Strike"],"picked":"Inflame","floor":4},{"not_picked":["True Grit","Flame Barrier"],"picked":"Limit Break","floor":10},{"not_picked":["Headbutt","Infernal Blade"],"picked":"Hemokinesis","floor":11},{"not_picked":["Burning Pact","Evolve"],"picked":"Flex","floor":12}],"player_experience":135590,"relics_obtained":[{"floor":9,"key":"Peace Pipe"},{"floor":11,"key":"Ancient Tea Set"}],"event_choices":[{"cards_removed":["Strike_R"],"damage_healed":0,"gold_gain":0,"player_choice":"Card Removal","damage_taken":7,"max_hp_gain":0,"max_hp_loss":0,"event_name":"Golden Wing","floor":3,"gold_loss":0},{"damage_healed":0,"gold_gain":0,"player_choice":"Take Damage","damage_taken":20,"relics_obtained":["Golden Idol"],"max_hp_gain":0,"max_hp_loss":0,"event_name":"Golden Idol","floor":5,"gold_loss":0},{"damage_healed":0,"gold_gain":0,"player_choice":"Entered Light","damage_taken":16,"max_hp_gain":0,"max_hp_loss":0,"event_name":"Shining Light","floor":13,"gold_loss":0,"cards_upgraded":["Defend_R","Strike_R"]}],"is_beta":false,"boss_relics":[],"items_purged_floors":[14],"is_endless":false,"potions_floor_spawned":[10,11,12],"killed_by":"Hexaghost","ascension_level":1}}