{"host":"8piv3t5bmy3h6dgk","time":1614300783,"event":{"mods":["AchievementEnabler","Astrologer","Bard","BaseMod","Better Altar","Better Match","BetterRewards","Colored Map","Colored Powertips","Faster Ascension Climbing","Gold Saver","Hermit","Minty Spire (QoL Compilation)","Remove Card Discount Mod","StSLib","The Disciple","The Hierophant","The Marked","The Necromancer","The Problem Sleuth","The Valiant","The Wild Card"],"gold_per_floor":[964,982,779,790,598,623,623,637,637,648,663,688,707,724,724,826,826,836,836,856,856,873,900,900,913,913,913,948,948,239,251,251,348,348,367,42,92,103,119,152,171,185,185,185,196,215,231,248,248,248],"floor_reached":51,"language":"ENG","playtime":1629,"items_purged":["Defend_R","Defend_R","Defend_R","Defend_R","Decay"],"score":1104,"play_id":"6ece390c-7b13-4f0e-addc-856eadc9b138","local_time":"20210225195303","is_ascension_mode":false,"campfire_choices":[{"data":"Limit Break","floor":7,"key":"SMITH"},{"data":"Flex","floor":15,"key":"SMITH"},{"data":"Limit Break","floor":24,"key":"SMITH"},{"floor":32,"key":"REST"},{"data":"Flex","floor":44,"key":"SMITH"},{"data":"Mayhem","floor":49,"key":"SMITH"}],"circlet_count":0,"master_deck":["Strike_R","Strike_R","Strike_R","Strike_R","Strike_R","Bash","Thunderclap","Clash","Flex+1","Clash","Cleave+1","Limit Break+1","Flex+1","Clash+1","Clash","Flex+1","Heavy Blade","Limit Break+1","Flex+1","Whirlwind","Clash","Offering+1","Mayhem+1","Limit Break+1","Apotheosis+1","Clash+1","Clash+1","Flex+1","Whirlwind+1","Flex+1","Clash+1"],"relics":["Black Blood","Chemical X","Tiny Chest","Vajra","Mummified Hand","Akabeko","Eternal Feather","Singing Bowl","Odd Mushroom","Gremlin Horn","Toxic Egg 2","Potion Belt","Pen Nib","Juzu Bracelet","Whetstone","SlaversCollar","War Paint","Incense Burner","Question Card","Molten Egg 2"],"acts_visited":["Exordium","TheCity","TheBeyond"],"potions_floor_usage":[28,33,33,50,50,50,50],"damage_taken":[{"damage":6,"enemies":"Cultist","floor":1,"turns":3},{"damage":11,"enemies":"Jaw Worm","floor":2,"turns":2},{"damage":0,"enemies":"2 Louse","floor":4,"turns":1},{"damage":9,"enemies":"3 Sentries","floor":6,"turns":3},{"damage":0,"enemies":"Large Slime","floor":8,"turns":2},{"damage":12,"enemies":"Blue Slaver","floor":10,"turns":2},{"damage":0,"enemies":"3 Louse","floor":11,"turns":1},{"damage":0,"enemies":"The Mushroom Lair","floor":12,"turns":2},{"damage":8,"enemies":"Exordium Wildlife","floor":13,"turns":2},{"damage":0,"enemies":"Large Slime","floor":14,"turns":2},{"damage":0,"enemies":"Slime Boss","floor":16,"turns":4},{"damage":0,"enemies":"Spheric Guardian","floor":18,"turns":2},{"damage":25,"enemies":"3 Byrds","floor":20,"turns":4},{"damage":26,"enemies":"Shelled Parasite and Fungi","floor":22,"turns":3},{"damage":0,"enemies":"Gremlin Leader","floor":23,"turns":2},{"damage":32,"enemies":"Centurion and Healer","floor":25,"turns":3},{"damage":69,"enemies":"Slavers","floor":28,"turns":5},{"damage":6,"enemies":"Sentry and Sphere","floor":31,"turns":2},{"damage":18,"enemies":"Collector","floor":33,"turns":3},{"damage":30,"enemies":"3 Shapes","floor":35,"turns":2},{"damage":0,"enemies":"Mind Bloom Boss Battle","floor":37,"turns":2},{"damage":6,"enemies":"3 Darklings","floor":38,"turns":1},{"damage":24,"enemies":"Jaw Worm Horde","floor":39,"turns":2},{"damage":20,"enemies":"Giant Head","floor":40,"turns":4},{"damage":10,"enemies":"Writhing Mass","floor":41,"turns":2},{"damage":12,"enemies":"4 Shapes","floor":42,"turns":1},{"damage":2,"enemies":"Spire Growth","floor":45,"turns":3},{"damage":0,"enemies":"Jaw Worm Horde","floor":46,"turns":2},{"damage":1,"enemies":"Transient","floor":47,"turns":5},{"damage":6,"enemies":"Maw","floor":48,"turns":5},{"damage":26,"enemies":"Donu and Deca","floor":50,"turns":2}],"seed_played":"7843358086914993799","potions_obtained":[{"floor":2,"key":"BlessingOfTheForge"},{"floor":4,"key":"LiquidBronze"},{"floor":12,"key":"SmokeBomb"},{"floor":18,"key":"Block Potion"},{"floor":20,"key":"Strength Potion"},{"floor":25,"key":"Regen Potion"},{"floor":33,"key":"FearPotion"},{"floor":35,"key":"Strength Potion"}],"is_trial":false,"path_per_floor":["M","M","$","M","$","E","R","M","T","M","M","?","M","M","R","B",null,"M","?","M","T","M","E","R","M","T","?","E","?","$","M","R","B",null,"M","$","?","M","M","E","M","M","T","R","M","M","M","M","R","B",null],"character_chosen":"IRONCLAD","items_purchased":["Chemical X","Thunderclap","Tiny Chest","Vajra","Mummified Hand","Clash","Akabeko","Limit Break","Flex","Juzu Bracelet","Whetstone","Offering+1","SteroidPotion","PowerPotion","DistilledChaos","Mayhem","Apotheosis+1","War Paint"],"campfire_rested":1,"item_purchase_floors":[0,0,0,0,0,3,3,5,5,30,30,30,30,30,30,30,36,36],"current_hp_per_floor":[80,75,75,80,80,77,80,80,80,76,82,82,80,82,82,82,82,84,84,73,73,59,73,85,65,65,65,22,22,22,30,69,63,92,76,76,90,98,88,80,84,84,84,99,102,102,102,102,102,88],"gold":248,"neow_bonus":"","is_daily":false,"chose_seed":false,"campfire_upgraded":5,"win_rate":0.0,"timestamp":1614300783,"path_taken":["M","?","$","M","$","E","R","M","T","M","M","?","M","M","R","BOSS","M","?","M","?","M","E","R","M","T","?","E","?","$","M","R","BOSS","M","$","?","M","M","E","M","M","T","R","M","M","M","M","R","BOSS"],"items_purchased_type":["Relic","Card","Relic","Relic","Relic","Card","Relic","Card","Card","Relic","Relic","Card","Potion","Potion","Potion","Card","Card","Relic"],"build_version":"2020-12-22","purchased_purges":5,"victory":true,"max_hp_per_floor":[80,80,80,80,80,80,80,80,80,82,82,82,82,82,82,82,82,84,84,86,86,86,88,88,88,88,88,90,90,90,92,92,92,92,94,94,96,98,100,100,102,102,102,102,102,102,102,102,102,102],"card_choices":[{"not_picked":["Warcry","Thunderclap"],"picked":"Clash","floor":1},{"not_picked":["True Grit","Wild Strike"],"picked":"Flex","floor":2},{"not_picked":["Warcry","Wild Strike"],"picked":"Cleave","floor":4},{"not_picked":["Sentinel","Shrug It Off","Hemokinesis"],"picked":"SKIP","floor":6},{"not_picked":["Thunderclap","Spot Weakness","Headbutt"],"picked":"SKIP","floor":8},{"not_picked":["Disarm","Spot Weakness","Shockwave"],"picked":"Singing Bowl","floor":10},{"not_picked":["Sword Boomerang","Wild Strike"],"picked":"Clash","floor":11},{"not_picked":["Fiend Fire","Shockwave"],"picked":"Clash","floor":12},{"not_picked":["Body Slam","Blood for Blood"],"picked":"Flex","floor":13},{"not_picked":["Armaments","Twin Strike"],"picked":"Heavy Blade","floor":14},{"not_picked":["Exhume","Barricade"],"picked":"Limit Break","floor":16},{"not_picked":["Pommel Strike","Sentinel","Armaments"],"picked":"Singing Bowl","floor":18},{"not_picked":["Fire Breathing","True Grit","Seeing Red"],"picked":"Singing Bowl","floor":20},{"not_picked":["Thunderclap","Clothesline"],"picked":"Whirlwind","floor":22},{"not_picked":["Disarm+1","Thunderclap+1","Sentinel+1"],"picked":"Singing Bowl","floor":23},{"not_picked":["True Grit+1","Wild Strike"],"picked":"Clash","floor":25},{"not_picked":["Armaments+1","Sentinel+1","Perfected Strike"],"picked":"Singing Bowl","floor":28},{"not_picked":["Thunderclap+1","Headbutt","Rage+1"],"picked":"Singing Bowl","floor":31},{"not_picked":["Immolate","Exhume+1"],"picked":"Limit Break+1","floor":33},{"not_picked":["Pommel Strike+1","Dark Embrace+1","Twin Strike+1"],"picked":"Singing Bowl","floor":35},{"not_picked":["Heavy Blade","Shrug It Off+1","Body Slam"],"picked":"Singing Bowl","floor":37},{"not_picked":["Clash","Pummel","Clothesline+1"],"picked":"Singing Bowl","floor":38},{"not_picked":["Sword Boomerang","Rage+1","Immolate"],"picked":"Singing Bowl","floor":39},{"not_picked":["Reaper","Rage+1"],"picked":"Clash+1","floor":40},{"not_picked":["Fire Breathing","Rupture","Clothesline","Reckless Charge+1"],"picked":"Singing Bowl","floor":41},{"not_picked":["Clothesline","Twin Strike+1","Cleave+1"],"picked":"Clash+1","floor":42},{"not_picked":["Body Slam+1","Pommel Strike+1","Power Through+1"],"picked":"Flex+1","floor":45},{"not_picked":["Reckless Charge+1","Shrug It Off+1","Combust+1"],"picked":"Whirlwind+1","floor":46},{"not_picked":["Twin Strike+1","True Grit+1","Carnage+1"],"picked":"Flex+1","floor":47},{"not_picked":["Pommel Strike+1","Dropkick+1","Entrench+1"],"picked":"Clash+1","floor":48}],"player_experience":163340,"relics_obtained":[{"floor":6,"key":"Eternal Feather"},{"floor":9,"key":"Singing Bowl"},{"floor":12,"key":"Odd Mushroom"},{"floor":21,"key":"Gremlin Horn"},{"floor":23,"key":"Toxic Egg 2"},{"floor":26,"key":"Potion Belt"},{"floor":28,"key":"Pen Nib"},{"floor":37,"key":"Incense Burner"},{"floor":40,"key":"Question Card"},{"floor":43,"key":"Molten Egg 2"}],"event_choices":[{"damage_healed":0,"gold_gain":0,"player_choice":"Fought Mushrooms","damage_taken":0,"max_hp_gain":0,"max_hp_loss":0,"event_name":"Mushrooms","floor":12,"gold_loss":0},{"damage_healed":0,"gold_gain":0,"player_choice":"Read","damage_taken":0,"max_hp_gain":0,"max_hp_loss":0,"event_name":"The Library","floor":19,"gold_loss":0,"cards_obtained":["Flex"]},{"damage_healed":0,"gold_gain":0,"player_choice":" Defy","damage_taken":0,"max_hp_gain":0,"max_hp_loss":0,"event_name":"betterAltar:BetterAltar","floor":29,"gold_loss":0,"cards_obtained":["Decay"]},{"damage_healed":0,"gold_gain":0,"player_choice":"Fight","damage_taken":0,"max_hp_gain":0,"max_hp_loss":0,"event_name":"MindBloom","floor":37,"gold_loss":0}],"is_beta":false,"boss_relics":[{"not_picked":["Astrolabe","Philosopher\u0027s Stone"],"picked":"Black Blood"},{"not_picked":["Runic Pyramid","Black Star"],"picked":"SlaversCollar"}],"items_purged_floors":[0,0,0,0,30],"is_endless":false,"potions_floor_spawned":[2,4,12,18,20,23,25,33,35,39,41,42],"ascension_level":0}}