{"host":"fuszjwm6fqgjjp4d","time":1614380283,"event":{"mods":["BaseMod","Colored Map","Minty Spire (QoL Compilation)","Permanent Neow","Relic Sorter","Relic Stats","StSLib"],"gold_per_floor":[114,114,114,132,132,132,132,175,227,263,288,323,323,341,341,341,341],"floor_reached":16,"language":"ENG","playtime":1222,"items_purged":[],"score":286,"play_id":"c6250759-2c4d-400a-acbf-97319448c8b1","local_time":"20210226165803","is_ascension_mode":true,"campfire_choices":[{"data":"Tantrum","floor":6.0,"key":"SMITH"},{"data":"FollowUp","floor":13.0,"key":"SMITH"},{"data":"Vigilance","floor":15,"key":"SMITH"}],"circlet_count":0,"master_deck":["AscendersBane","Strike_P","Strike_P","Strike_P","Defend_P","Defend_P","Defend_P","Defend_P+1","Eruption+1","Vigilance+1","Tantrum+1","FlyingSleeves","FollowUp+1"],"relics":["PureWater","NeowsBlessing","Golden Idol","Singing Bowl","Blood Vial","Art of War","Boot"],"acts_visited":["Exordium"],"potions_floor_usage":[14,16],"damage_taken":[{"damage":0.0,"enemies":"Cultist","floor":1.0,"turns":1.0},{"damage":0.0,"enemies":"Small Slimes","floor":4.0,"turns":2.0},{"damage":0.0,"enemies":"3 Sentries","floor":8.0,"turns":2.0},{"damage":28.0,"enemies":"Lagavulin","floor":10.0,"turns":8.0},{"damage":0.0,"enemies":"2 Louse","floor":11.0,"turns":2.0},{"damage":13.0,"enemies":"3 Sentries","floor":12.0,"turns":4.0},{"damage":0,"enemies":"Large Slime","floor":14,"turns":3},{"damage":27,"enemies":"Hexaghost","floor":16,"turns":9}],"seed_played":"4691279911152259177","potions_obtained":[{"floor":11.0,"key":"PowerPotion"},{"floor":12.0,"key":"Block Potion"},{"floor":14,"key":"SpeedPotion"}],"is_trial":false,"path_per_floor":["M","?","?","M","?","R","?","E","T","E","M","E","R","M","R","B"],"character_chosen":"WATCHER","items_purchased":[],"campfire_rested":0,"item_purchase_floors":[],"current_hp_per_floor":[61,54,54,54,59,59,39,41,41,15,19,10,10,14,14,0,0],"gold":341,"neow_bonus":"THREE_ENEMY_KILL","is_daily":false,"chose_seed":false,"campfire_upgraded":3,"win_rate":0.0,"timestamp":1614380283,"path_taken":["M","?","?","M","?","R","?","E","T","E","M","E","R","M","R","BOSS"],"items_purchased_type":[],"build_version":"2020-12-22","purchased_purges":0,"victory":false,"max_hp_per_floor":[68,68,62,62,67,67,67,69,69,69,71,73,73,75,75,75,75],"relic_stats":{"Blood Vial":10,"Singing Bowl":8,"counters":[8,31],"Golden Idol":36,"Art of War":[0],"Boot":[14],"obtain_stats":[{"Blood Vial":9,"NeowsBlessing":0,"Singing Bowl":8,"Golden Idol":3,"Art of War":10,"PureWater":0,"Boot":12},{"Blood Vial":3,"NeowsBlessing":0,"Singing Bowl":3,"Golden Idol":1,"Art of War":4,"PureWater":0,"Boot":6},{"Blood Vial":5,"NeowsBlessing":0,"Singing Bowl":5,"Golden Idol":1,"Art of War":13,"PureWater":0,"Boot":19}]},"card_choices":[{"not_picked":["JustLucky","EmptyFist"],"picked":"Tantrum","floor":1.0},{"not_picked":["Prostrate","FlurryOfBlows"],"picked":"FlyingSleeves","floor":4.0},{"not_picked":["JustLucky","WindmillStrike","Collect"],"picked":"Singing Bowl","floor":8.0},{"not_picked":["Pray","Swivel"],"picked":"FollowUp","floor":10.0},{"not_picked":["CrushJoints","Collect","Prostrate"],"picked":"Singing Bowl","floor":11.0},{"not_picked":["EmptyFist","DeusExMachina","Halt"],"picked":"Singing Bowl","floor":12.0},{"not_picked":["Weave","FlyingSleeves","BattleHymn"],"picked":"Singing Bowl","floor":14}],"player_experience":1578080,"relics_obtained":[{"floor":8.0,"key":"Singing Bowl"},{"floor":9.0,"key":"Blood Vial"},{"floor":10.0,"key":"Art of War"},{"floor":12.0,"key":"Boot"}],"event_choices":[{"cards_removed":["Strike_P"],"damage_healed":0.0,"max_hp_gain":0.0,"max_hp_loss":0.0,"gold_gain":0.0,"event_name":"Golden Wing","player_choice":"Card Removal","floor":2.0,"gold_loss":0.0,"damage_taken":7.0},{"damage_healed":0.0,"max_hp_gain":0.0,"max_hp_loss":6.0,"gold_gain":0.0,"event_name":"Golden Idol","player_choice":"Lose Max HP","floor":3.0,"gold_loss":0.0,"damage_taken":0.0,"relics_obtained":["Golden Idol"]},{"damage_healed":0.0,"max_hp_gain":5.0,"max_hp_loss":0.0,"gold_gain":0.0,"event_name":"Big Fish","player_choice":"Donut","floor":5.0,"gold_loss":0.0,"damage_taken":0.0},{"damage_healed":0.0,"max_hp_gain":0.0,"max_hp_loss":0.0,"gold_gain":0.0,"event_name":"Shining Light","player_choice":"Entered Light","floor":7.0,"gold_loss":0.0,"damage_taken":20.0,"cards_upgraded":["Defend_P","Eruption"]}],"is_beta":false,"boss_relics":[],"items_purged_floors":[],"is_endless":false,"potions_floor_spawned":[11,12,14],"killed_by":"Hexaghost","ascension_level":20}}