{"host":"1727esdpy9dv678r","time":1614311074,"event":{"mods":["BaseMod","Downfall","Googly Eyes","Minty Spire (QoL Compilation)","StSLib","The Bug Knight","The Servant 0.9.4"],"gold_per_floor":[117,117,117,40,40,71,71,91,91,111,111,139,157,169,169,272,322,333,333,258,126,136,168,168,168,168,168,62,77,77,77,77],"floor_reached":31,"language":"ENG","playtime":1664,"items_purged":[],"score":363,"play_id":"89819cce-0c28-4547-b8a5-c618cf9e3041","local_time":"20210225194434","is_ascension_mode":false,"campfire_choices":[{"floor":15,"key":"REST"},{"floor":24,"key":"REST"},{"floor":27,"key":"REST"}],"circlet_count":0,"master_deck":["Strike_S","Strike_S","Defend_S+1","Defend_S","Defend_S","KidneyShot","Exchange","Starlight","Reset","SilverBlades","DoubleEdge","BottledTime","Moonlight","Ricochet","Ricochet","Starlight","Hightail","Ricochet","GearUp","FanOfKnives"],"relics":["Uniform","NeowsBlessing","Blue Candle","Anchor","Unceasing Top","Pear","Pocketwatch","Tiny House","Sundial","Happy Flower"],"acts_visited":["Exordium","TheCity"],"potions_floor_usage":[23,23,23],"damage_taken":[{"damage":0,"enemies":"2 Louse","floor":1,"turns":1},{"damage":0,"enemies":"3 Sentries","floor":6,"turns":1},{"damage":0,"enemies":"Small Slimes","floor":8,"turns":1},{"damage":0,"enemies":"Cultist","floor":10,"turns":2},{"damage":17,"enemies":"Gremlin Nob","floor":12,"turns":4},{"damage":1,"enemies":"Blue Slaver","floor":13,"turns":3},{"damage":0,"enemies":"Large Slime","floor":14,"turns":3},{"damage":0,"enemies":"Slime Boss","floor":16,"turns":6},{"damage":0,"enemies":"Spheric Guardian","floor":18,"turns":3},{"damage":4,"enemies":"Shell Parasite","floor":19,"turns":4},{"damage":13,"enemies":"Snake Plant","floor":22,"turns":3},{"damage":60,"enemies":"HollowMod:Nosk","floor":23,"turns":6},{"damage":14,"enemies":"Centurion and Healer","floor":29,"turns":6},{"damage":68,"enemies":"Sentry and Sphere","floor":31,"turns":5}],"seed_played":"4489569378091620238","potions_obtained":[{"floor":8,"key":"Explosive Potion"},{"floor":10,"key":"SkillPotion"},{"floor":12,"key":"Dexterity Potion"},{"floor":17,"key":"Weak Potion"},{"floor":23,"key":"Dexterity Potion"}],"is_trial":false,"path_per_floor":["M","?","?","$","?","E","?","M","T","M","T","E","M","M","R","B",null,"M","M","?","$","M","E","R","?","T","R","$","M","?","M"],"character_chosen":"THE_SERVANT","items_purchased":["SilverBlades","Starlight","Hightail","GearUp","FanOfKnives"],"campfire_rested":3,"item_purchase_floors":[4,21,21,28,28],"current_hp_per_floor":[65,65,65,65,60,60,53,53,53,53,63,46,45,45,67,67,80,80,76,76,76,63,3,27,53,53,77,77,63,63,0,0],"gold":77,"neow_bonus":"THREE_ENEMY_KILL","is_daily":false,"chose_seed":false,"campfire_upgraded":0,"win_rate":0.0,"timestamp":1614311074,"path_taken":["M","?","?","$","?","E","?","M","T","M","?","E","?","M","R","BOSS","M","M","?","$","M","E","R","?","T","R","$","M","?","M"],"items_purchased_type":["Card","Card","Card","Card","Card"],"build_version":"2020-12-22","purchased_purges":0,"victory":false,"max_hp_per_floor":[65,65,65,65,65,65,65,65,65,65,75,75,75,75,75,75,80,80,80,80,80,80,80,80,80,80,80,80,80,80,80,80],"card_choices":[{"not_picked":["FastForward","Rewind"],"picked":"Starlight","floor":1},{"not_picked":["Foresight","Rewind"],"picked":"ForgedInTime","floor":6},{"not_picked":["Spin","ShatteredReality"],"picked":"DoubleEdge","floor":8},{"not_picked":["Unruled","Defy"],"picked":"BottledTime","floor":10},{"not_picked":["Rearm","MurderousAura","ShatteredReality"],"picked":"SKIP","floor":12},{"not_picked":["Unruled","Advance","FastForward"],"picked":"SKIP","floor":13},{"not_picked":["Rewind","Gouge","Revamp"],"picked":"SKIP","floor":14},{"not_picked":["Snipe","Collapse"],"picked":"Moonlight","floor":17},{"not_picked":["Potential","TimeWarp"],"picked":"Ricochet","floor":18},{"not_picked":["BottledTime","Sabotage+1"],"picked":"Ricochet","floor":19},{"not_picked":["Spin","Potential","Advance"],"picked":"SKIP","floor":22},{"not_picked":["FloweringNight","Reset"],"picked":"Ricochet","floor":23},{"not_picked":["Defy","Potential","Alleviate"],"picked":"SKIP","floor":29}],"player_experience":60171,"relics_obtained":[{"floor":6,"key":"Anchor"},{"floor":9,"key":"Unceasing Top"},{"floor":11,"key":"Pear"},{"floor":12,"key":"Pocketwatch"},{"floor":23,"key":"Sundial"},{"floor":26,"key":"Happy Flower"}],"event_choices":[{"damage_healed":0,"gold_gain":0,"cards_transformed":["Strike_S"],"player_choice":"Change","damage_taken":0,"max_hp_gain":0,"max_hp_loss":0,"event_name":"Living Wall","floor":2,"gold_loss":0,"cards_obtained":["Reset"]},{"damage_healed":0,"gold_gain":0,"player_choice":"Ignored","damage_taken":0,"max_hp_gain":0,"max_hp_loss":0,"event_name":"Liars Game","floor":3,"gold_loss":0},{"cards_removed":["Defend_S"],"damage_healed":0,"gold_gain":0,"player_choice":"Card Removal","damage_taken":7,"max_hp_gain":0,"max_hp_loss":0,"event_name":"Golden Wing","floor":7,"gold_loss":0},{"cards_removed":["ForgedInTime"],"damage_healed":0,"gold_gain":0,"player_choice":"Gave Gold","damage_taken":0,"max_hp_gain":0,"max_hp_loss":0,"event_name":"Beggar","floor":20,"gold_loss":75},{"damage_healed":26,"gold_gain":0,"player_choice":"Heal","damage_taken":0,"max_hp_gain":0,"max_hp_loss":0,"event_name":"The Library","floor":25,"gold_loss":0},{"cards_removed":["Strike_S"],"damage_healed":0,"gold_gain":0,"player_choice":"Elegance","damage_taken":0,"max_hp_gain":0,"max_hp_loss":0,"event_name":"Back to Basics","floor":30,"gold_loss":0}],"is_beta":false,"boss_relics":[{"not_picked":["Fusion Hammer","Velvet Choker"],"picked":"Tiny House"}],"items_purged_floors":[],"is_endless":false,"potions_floor_spawned":[8,10,12,23],"killed_by":"Sentry and Sphere","ascension_level":0}}