{"host":"v63m4f6t57xrjbnq","time":1614321787,"event":{"mods":["100% Spire Juice","ATMod(阿瑾Mod)","Act Like it!","Arknights","BaseMod","Colored Powertips","Dota2Spire","Downfall","Energized Spire","Gensokyo","Hallownest","KinomotoSakuraMod(木之本樱)","KomeijiMod","LagranYue(拉格朗・月)","Lobotomy","LobotomyExtend","Marisa（F雨　魔理沙）","Marked Mod","Minty Spire (QoL Compilation)","Quick Restart","Reimu（博丽灵梦）","Relic Filter Mod","Remilia（蕾米莉亚）","Replay The Spire","RumiaBox-露米娅的神秘盒子","StSLib","The Administrix","The Marked","The Senshi","The Servant 0.9.4","Waifu the Spire","WarShipGirlsR/战舰少女R mod","Yakumo Yukari mod","Youmu（魂魄妖梦）","Yuyuko","【遗物卡牌】REMEMod"],"gold_per_floor":[113,113,125,25,38,38,68,68,68,16,16,16],"floor_reached":11,"language":"ZHS","playtime":424,"items_purged":[],"score":111,"play_id":"3d23b9d0-f35e-44a0-be92-d26b4544a144","local_time":"20210226144307","is_ascension_mode":true,"campfire_choices":[{"floor":6.0,"key":"REST"},{"data":"ats:Overload","floor":8.0,"key":"SMITH"}],"circlet_count":0,"master_deck":["AscendersBane","ats:Strike C","ats:Strike G","ats:Strike S","ats:Strike V","ats:Armor Crushing Shot","ats:Defend","ats:Defend","ats:Defend","ats:Defend","ats:Emotion Absorption","Alriune","ats:Overload+1","FieryBird","ats:Thorns","GalaxyChild","ats:Composite Medical Shells","Scorched","Gensokyo:RustyChest","Gensokyo:TarnishedGold"],"relics":["ats:Sanity","AT_ATBox","REME_ComplimentaryCards","LagranYue:RandomDrawCardRelic","CogitoBucket","Baka","Strawberry","Unceasing Top","Unceasing Top","AT_ForceNature","ats:Originium","CaptainsWheel","AT_MibuBalloonWealth"],"acts_visited":["Gensokyo:Gensokyo"],"potions_floor_usage":[11],"damage_taken":[{"damage":15.0,"enemies":"Gensokyo:Python","floor":1.0,"turns":5.0},{"damage":25.0,"enemies":"Gensokyo:Gryphon","floor":3.0,"turns":6.0},{"damage":3.0,"enemies":"Gensokyo:2_Kodama","floor":5.0,"turns":2.0},{"damage":31.0,"enemies":"Gensokyo:Cirno","floor":7.0,"turns":6.0},{"damage":52,"enemies":"Gensokyo:Aya","floor":11,"turns":4}],"seed_played":"1155340368709985280","potions_obtained":[{"floor":3.0,"key":"SteroidPotion"},{"floor":5.0,"key":"BlessingOfTheForge"}],"is_trial":false,"path_per_floor":["M","?","M","?","M","R","E","R","T","COS","E"],"character_chosen":"DOCTOR_CLASS","items_purchased":[],"campfire_rested":1,"item_purchase_floors":[],"current_hp_per_floor":[50,47,22,22,19,42,20,20,20,20,0,0],"gold":16,"neow_bonus":"","is_daily":false,"chose_seed":false,"campfire_upgraded":1,"win_rate":0.0,"timestamp":1614321787,"path_taken":["M","?","M","?","M","R","E","R","T","COS","E"],"items_purchased_type":[],"build_version":"2020-12-22","purchased_purges":0,"victory":false,"max_hp_per_floor":[72,79,79,79,79,79,79,79,79,79,79,79],"card_choices":[{"not_picked":["VoidDream","Variant"],"picked":"Alriune","floor":1.0},{"not_picked":["ats:Blood Oath","ats:Ignite"],"picked":"ats:Overload","floor":1.0},{"not_picked":["Freischutz","UniverseFragment"],"picked":"FieryBird","floor":3.0},{"not_picked":["ats:Song Of Battle","ats:Shadow Raid"],"picked":"ats:Thorns","floor":3.0},{"not_picked":["PunishingBird","SpiderBud"],"picked":"GalaxyChild","floor":5.0},{"not_picked":["ats:Burning Ground","ats:Collapsing Strike"],"picked":"ats:Composite Medical Shells","floor":5.0},{"not_picked":["Bloodbath","MeatLantern"],"picked":"Scorched","floor":7.0},{"not_picked":["ats:Support Order","ats:Powerful Strike","ats:Hammer On"],"picked":"SKIP","floor":7.0}],"player_experience":275410,"relics_obtained":[{"floor":1.0,"key":"Baka"},{"floor":3.0,"key":"Unceasing Top"},{"floor":3.0,"key":"Unceasing Top"},{"floor":7.0,"key":"ats:Originium"},{"floor":7.0,"key":"CaptainsWheel"},{"floor":9.0,"key":"AT_MibuBalloonWealth"}],"event_choices":[],"is_beta":false,"boss_relics":[],"items_purged_floors":[],"is_endless":false,"potions_floor_spawned":[3,5],"killed_by":"Gensokyo:Aya","ascension_level":13}}