{"host":"i0m6ffz3lpe3z1ky","time":1614362647,"event":{"mods":["Aspiration","BaseMod","Bestiary","BetterRewards","Colored Map","Conspire","Energized Spire","Highlight Path","Hubris","Ironclad Rager","Minty Spire (QoL Compilation)","Quick Restart","Reliquary","Shop Mod","Spicy Shops","StSLib","Thieving Mod"],"gold_per_floor":[118,118,118,132,55,82,82,93,93,123,137,149,182,199,199,273,273,289,299,299,90,105,131,131,156,210,242,242,276,67,94,94,169,169,182,234,234,267,286,286,316,316,316,341,371,70,83,114,126,138,150,162,39,68,68],"floor_reached":56,"language":"KOR","playtime":3635,"items_purged":["Strike_R","Strike_R"],"score":2697,"play_id":"82bb7f90-6297-4534-a3c3-68c52b1aef87","local_time":"20210227030407","is_ascension_mode":true,"campfire_choices":[{"data":"Metallicize","floor":7.0,"key":"SMITH"},{"data":"Body Slam","floor":15.0,"key":"SMITH"},{"data":"Creative AI","floor":24.0,"key":"SMITH"},{"data":"Barricade","floor":32.0,"key":"SMITH"},{"data":"Corruption","floor":40.0,"key":"SMITH"},{"data":"1","floor":42,"key":"LIFT"},{"floor":49,"key":"RECALL"},{"data":"2","floor":52,"key":"LIFT"}],"circlet_count":0,"master_deck":["AscendersBane","Strike_R","Strike_R","Strike_R","Defend_R","Defend_R","Defend_R","Defend_R","Bash","Entrench+1","Shrug It Off","Cleave","Battle Trance","Well Laid Plans","Cold Snap","Metallicize+1","Body Slam+1","Blade Dance","Backstab+1","Capacitor","Creative AI+1","Blood for Blood","Infinite Blades","Barricade+1","Crescendo","Corruption+1","MasterReality+1","Demon Form","Metallicize"],"relics":["Burning Blood","aspiration:FrozenJewel","aspiration:Nostalgia","Ring of the Snake","Bag of Marbles","PreservedInsect","reliquary:Tamtam","Lee\u0027s Waffle","aspiration:ChemicalBlood","reliquary:Spinner","PrismaticShard","Kunai","conspire:DeflatedDodgeball","Toy Ornithopter","reliquary:TridentHead","Orrery","hubris:AstralHammer","Potion Belt","Ancient Tea Set","aspiration:SecretTechniqueScroll","Medical Kit","Bronze Scales","aspiration:SeaSaltIceCream","aspiration:HatOfInfinitePower","reliquary:PartyBalloon","Ornamental Fan","Red Mask","Membership Card","aspiration:Stabinomicon","hubris:Backtick","Dead Branch","Girya","hubris:Icosahedron","Ice Cream","hubris:BundleOfHerbs","reliquary:ExpiredCoupon","Torii","Self Forming Clay","OrangePellets","hubris:SlimyHat","reliquary:Buckler","MawBank","aspiration:HummingbirdHeart","reliquary:SharkskinSheath"],"acts_visited":["Exordium","TheCity","TheBeyond","TheEnding"],"potions_floor_usage":[55,55,55,55,55,55,55],"damage_taken":[{"damage":0.0,"enemies":"2 Louse","floor":1.0,"turns":2.0},{"damage":0.0,"enemies":"Cultist","floor":4.0,"turns":3.0},{"damage":0.0,"enemies":"3 Sentries","floor":6.0,"turns":2.0},{"damage":0.0,"enemies":"Small Slimes","floor":8.0,"turns":3.0},{"damage":3.0,"enemies":"Gremlin Nob","floor":10.0,"turns":3.0},{"damage":0.0,"enemies":"Exordium Wildlife","floor":11.0,"turns":4.0},{"damage":5.0,"enemies":"Large Slime","floor":12.0,"turns":4.0},{"damage":0.0,"enemies":"Lagavulin","floor":13.0,"turns":6.0},{"damage":0.0,"enemies":"2 Fungi Beasts","floor":14.0,"turns":1.0},{"damage":9.0,"enemies":"Slime Boss","floor":16.0,"turns":9.0},{"damage":32.0,"enemies":"Shell Parasite","floor":18.0,"turns":7.0},{"damage":8.0,"enemies":"3 Byrds","floor":19.0,"turns":6.0},{"damage":0.0,"enemies":"Centurion and Healer","floor":22.0,"turns":4.0},{"damage":9.0,"enemies":"Gremlin Leader","floor":23.0,"turns":6.0},{"damage":0.0,"enemies":"conspire:Head Lice","floor":25.0,"turns":2.0},{"damage":22.0,"enemies":"Slavers","floor":27.0,"turns":3.0},{"damage":0.0,"enemies":"Masked Bandits","floor":29.0,"turns":2.0},{"damage":6.0,"enemies":"Book of Stabbing","floor":31.0,"turns":4.0},{"damage":9.0,"enemies":"Collector","floor":33.0,"turns":6.0},{"damage":16.0,"enemies":"3 Darklings","floor":35.0,"turns":5.0},{"damage":0.0,"enemies":"2 Orb Walkers","floor":36.0,"turns":4.0},{"damage":0.0,"enemies":"conspire:MimicChest","floor":38.0,"turns":5.0},{"damage":7.0,"enemies":"3 Shapes","floor":39.0,"turns":3.0},{"damage":2,"enemies":"Giant Head","floor":41,"turns":3},{"damage":0,"enemies":"Mind Bloom Boss Battle","floor":44,"turns":2},{"damage":5,"enemies":"Nemesis","floor":45,"turns":3},{"damage":21,"enemies":"Transient","floor":47,"turns":6},{"damage":3,"enemies":"Giant Head","floor":48,"turns":3},{"damage":20,"enemies":"hubris:GrandSnecko","floor":50,"turns":3},{"damage":0,"enemies":"Shield and Spear","floor":54,"turns":4},{"damage":28,"enemies":"The Heart","floor":55,"turns":6}],"seed_played":"1515530433751184465","potions_obtained":[{"floor":8.0,"key":"DistilledChaos"},{"floor":12.0,"key":"PowerPotion"},{"floor":14.0,"key":"BloodPotion"},{"floor":16.0,"key":"BloodPotion"},{"floor":18.0,"key":"HeartOfIron"},{"floor":25.0,"key":"FearPotion"},{"floor":33.0,"key":"EntropicBrew"},{"floor":35.0,"key":"BloodPotion"},{"floor":39.0,"key":"AttackPotion"}],"is_trial":false,"path_per_floor":["M","?","?","M","$","E","R","M","T","E","M","M","E","M","R","B",null,"M","M","?","$","M","E","R","E","T","E","?","?","$","E","R","B",null,"M","?","?","?","M","R","E","R","T","?","E","$","M","E","R","B",null,"R","$","E","B",null],"character_chosen":"IRONCLAD","items_purchased":["Entrench","aspiration:FrozenJewel","ThievingMod:ThievingPotion","Battle Trance","Metallicize","Medical Kit","Blood for Blood","Membership Card","OrangePellets","hubris:SlimyHat","reliquary:Buckler","aspiration:HummingbirdHeart"],"campfire_rested":0,"item_purchase_floors":[0,0,0,0,5,21,21,30,46,46,46,53],"current_hp_per_floor":[82,82,82,82,82,82,82,82,82,82,82,82,82,82,82,79,81,76,74,50,50,56,53,53,64,64,53,53,59,59,64,64,61,81,87,87,87,87,87,87,87,87,87,87,87,87,72,75,75,61,81,81,81,87,81],"gold":68,"neow_bonus":"","is_daily":false,"chose_seed":false,"campfire_upgraded":5,"win_rate":0.0,"timestamp":1614362647,"path_taken":["M","?","?","M","$","E","R","M","T","E","M","?","E","M","R","BOSS","M","M","?","$","M","E","R","E","T","E","?","?","$","E","R","BOSS","M","?","?","?","M","R","E","R","T","?","E","$","M","E","R","BOSS","R","$","E","BOSS"],"items_purchased_type":["Card","Relic","Potion","Card","Card","Relic","Card","Relic","Relic","Relic","Relic","Relic"],"build_version":"2020-12-22","purchased_purges":2,"victory":true,"max_hp_per_floor":[82,82,82,82,82,82,82,82,82,82,82,82,82,82,82,82,82,82,82,87,87,87,87,87,87,87,87,87,87,87,87,87,87,87,87,87,87,87,87,87,87,87,87,87,87,87,87,87,87,87,87,87,87,87,87],"card_choices":[{"not_picked":["Cleave","Deflect"],"picked":"Well Laid Plans","floor":1.0},{"not_picked":["Discovery","Flex"],"picked":"Cold Snap","floor":4.0},{"not_picked":["conspire:HitWhereItHurts","FlyingSleeves","Glass Knife"],"picked":"SKIP","floor":6.0},{"not_picked":["Perfected Strike","ThirdEye"],"picked":"Body Slam","floor":8.0},{"not_picked":["PiercingWail","Thunderclap"],"picked":"Blade Dance","floor":10.0},{"not_picked":["Perfected Strike","Poisoned Stab","Warcry"],"picked":"SKIP","floor":11.0},{"not_picked":["Burning Pact","CrushJoints","Bloodletting"],"picked":"SKIP","floor":12.0},{"not_picked":["Cold Snap","PathToVictory"],"picked":"Backstab","floor":13.0},{"not_picked":["Warcry","True Grit"],"picked":"Capacitor","floor":14.0},{"not_picked":["Biased Cognition","Panache"],"picked":"Creative AI","floor":16.0},{"not_picked":["Entrench","Perfected Strike","Bane"],"picked":"SKIP","floor":18.0},{"not_picked":["CutThroughFate","Iron Wave","Outmaneuver"],"picked":"SKIP","floor":19.0},{"not_picked":["Skim+1","Reaper","Warcry+1"],"picked":"SKIP","floor":22.0},{"not_picked":["Rage+1","Perfected Strike","Blizzard"],"picked":"SKIP","floor":23.0},{"not_picked":["Acrobatics","Deflect"],"picked":"Infinite Blades","floor":25.0},{"not_picked":["Scrape+1","Clash"],"picked":"Barricade","floor":27.0},{"not_picked":["Beam Cell","WaveOfTheHand"],"picked":"Crescendo","floor":29.0},{"not_picked":["True Grit","White Noise","Anger"],"picked":"SKIP","floor":31.0},{"not_picked":["Thinking Ahead","HandOfGreed"],"picked":"Corruption","floor":33.0},{"not_picked":["Turbo+1","JustLucky","Crescendo"],"picked":"SKIP","floor":35.0},{"not_picked":["Ball Lightning","Outmaneuver"],"picked":"MasterReality","floor":38.0},{"not_picked":["EmptyFist","Flex","Force Field"],"picked":"SKIP","floor":39.0},{"not_picked":["BootSequence+1","Warcry+1"],"picked":"Demon Form","floor":41},{"not_picked":["Evolve+1","hubris:ReadiedAction","PiercingWail"],"picked":"SKIP","floor":45},{"not_picked":["Dodge and Roll","Catalyst","Heavy Blade"],"picked":"SKIP","floor":47},{"not_picked":["Poisoned Stab","Bandage Up"],"picked":"Metallicize","floor":48},{"not_picked":["Capacitor+1","Cleave","PiercingWail"],"picked":"SKIP","floor":54}],"player_experience":453774,"relics_obtained":[{"floor":6.0,"key":"hubris:AstralHammer"},{"floor":10.0,"key":"Potion Belt"},{"floor":13.0,"key":"Ancient Tea Set"},{"floor":23.0,"key":"Bronze Scales"},{"floor":25.0,"key":"aspiration:SeaSaltIceCream"},{"floor":26.0,"key":"reliquary:PartyBalloon"},{"floor":27.0,"key":"Ornamental Fan"},{"floor":29.0,"key":"Red Mask"},{"floor":31.0,"key":"aspiration:Stabinomicon"},{"floor":36.0,"key":"Girya"},{"floor":38.0,"key":"Ice Cream"},{"floor":41,"key":"hubris:BundleOfHerbs"},{"floor":43,"key":"reliquary:ExpiredCoupon"},{"floor":44,"key":"Torii"},{"floor":45,"key":"Self Forming Clay"},{"floor":48,"key":"MawBank"},{"floor":54,"key":"reliquary:SharkskinSheath"}],"event_choices":[{"damage_healed":0.0,"max_hp_gain":0.0,"max_hp_loss":0.0,"gold_gain":0.0,"event_name":"Scrap Ooze","player_choice":"Fled","floor":2.0,"gold_loss":0.0,"damage_taken":0.0},{"damage_healed":0.0,"max_hp_gain":0.0,"max_hp_loss":0.0,"gold_gain":0.0,"event_name":"Upgrade Shrine","player_choice":"Upgraded","floor":3.0,"gold_loss":0.0,"damage_taken":0.0,"cards_upgraded":["Entrench"]},{"damage_healed":0.0,"max_hp_gain":5.0,"max_hp_loss":0.0,"gold_gain":0.0,"event_name":"Forgotten Altar","player_choice":"Shed Blood","floor":20.0,"gold_loss":0.0,"damage_taken":29.0},{"damage_healed":0.0,"max_hp_gain":0.0,"max_hp_loss":0.0,"gold_gain":0.0,"event_name":"Ghosts","player_choice":"Ignored","floor":28.0,"gold_loss":0.0,"damage_taken":0.0},{"damage_healed":0.0,"max_hp_gain":0.0,"max_hp_loss":0.0,"gold_gain":0.0,"event_name":"Masked Bandits","player_choice":"Fought Bandits","floor":29.0,"gold_loss":0.0,"damage_taken":0.0},{"damage_healed":0.0,"max_hp_gain":0.0,"max_hp_loss":0.0,"gold_gain":0.0,"event_name":"Mysterious Sphere","player_choice":"Fight","floor":36.0,"gold_loss":0.0,"damage_taken":0.0},{"damage_healed":0,"gold_gain":0,"player_choice":"Fight","damage_taken":0,"max_hp_gain":0,"max_hp_loss":0,"event_name":"MindBloom","floor":44,"gold_loss":0}],"is_beta":false,"boss_relics":[{"not_picked":["Philosopher\u0027s Stone","Calling Bell"],"picked":"aspiration:SecretTechniqueScroll"},{"not_picked":["reliquary:Ember","aspiration:WatcherSkillbook"],"picked":"hubris:Backtick"}],"items_purged_floors":[30,46],"is_endless":false,"potions_floor_spawned":[4,8,12,14,16,25,27,33,35,41,47,48],"ascension_level":19}}