{"host":"tt32keynd3mw9xtf","time":1614328653,"event":{"mods":["100% Spire Juice","Act Like it!","Arknights","BaseMod","Colored Map","Colored Powertips","Gensokyo","Hermit","Koishi","Library of Ruina","Library of Ruina Extra","Lobotomy","LobotomyExtend","Marisa£®ÏF”Í°°ƒß¿Ì…≥£©","Minty Spire (QoL Compilation)","Spicy Shops","StSLib","The Cursed","The Senshi","Youmu£®ªÍ∆«—˝√Œ£©"],"gold_per_floor":[110,110,35,55,68,83,117,117,144,156,56,56,56,56,56,156,156,176,194,34,48,48,48,48,58,108,108,126,126,140,140,140,441,441,453,70,70,84,134,134,134,22,75,75,89,89,89],"floor_reached":46,"language":"ZHS","playtime":3606,"items_purged":["LightDefense","LightAttack","FocusedStrikes"],"score":493,"play_id":"df9480d5-e18d-42fb-9924-1d66b9eaf0a5","local_time":"20210226163733","is_ascension_mode":false,"campfire_choices":[{"data":"DesperateStruggle","floor":8,"key":"SMITH"},{"floor":13,"key":"REST"},{"data":"FrontalAssault","floor":15,"key":"SMITH"},{"data":"Dodge","floor":23,"key":"SMITH"},{"data":"GrazeTheGrass","floor":27,"key":"SMITH"},{"data":"Faith","floor":32,"key":"SMITH"},{"data":"SturdyDefense","floor":40,"key":"SMITH"},{"data":"Master of Strategy","floor":44,"key":"SMITH"}],"circlet_count":0,"master_deck":["Dodge+1","ChargeAndCover","UniverseFragment","Multislash+1","PunishingBird","Faith+1","DesperateStruggle+1","VoidDream","FrontalAssault+1","YoureAHindrance+1","QueenOfHatred","ShyLook","Castigation","UncannyStrike+1","TieShanKao+1","SilentMist+1","Wellcheers","LongBird","HighSpeedStabbing","Unlock1+1","GrazeTheGrass+1","Scorched","BlackSwan","OldLady","EnergyConversion","SenseQuarry","MHz","SingingMachine","SturdyDefense+1","BlueStar","Master of Strategy+1","BodiesMountain"],"relics":["PageOfLibrarian","CogitoBucket","LetterFromLob","MealTicket","AspirationHeart","Heaven_r","MagicBullet_r","Astrolabe","Amita_r","theSenshi:SailorFukuRelic","BackwardClock","PageOfSingingMachine","Tiny Chest","PageOfHappyTeddyBear","PageOfBlackSwan","Membership Card","PageOfUniverseFragment","PageOfPunishingBird","AtMidnight","Theresia","Calipers","Unceasing Top","Oddly Smooth Stone"],"acts_visited":["Exordium","Gensokyo:Gensokyoer","TheBeyond"],"potions_floor_usage":[5,12,19,33,33,35],"damage_taken":[{"damage":6,"enemies":"Jaw Worm","floor":1,"turns":5},{"damage":0,"enemies":"Cultist","floor":4,"turns":3},{"damage":1,"enemies":"2 Louse","floor":5,"turns":2},{"damage":2,"enemies":"Blue Slaver","floor":6,"turns":2},{"damage":11,"enemies":"Gremlin Nob","floor":7,"turns":4},{"damage":11,"enemies":"Large Slime","floor":10,"turns":4},{"damage":35,"enemies":"Red Slaver","floor":12,"turns":4},{"damage":31,"enemies":"Hexaghost","floor":16,"turns":7},{"damage":2,"enemies":"Gensokyo:AngelMirror","floor":18,"turns":1},{"damage":39,"enemies":"Gensokyo:3_Dogs","floor":19,"turns":7},{"damage":2,"enemies":"Gensokyo:Wraith","floor":21,"turns":4},{"damage":21,"enemies":"Gensokyo:Monolith_and_Dog","floor":25,"turns":7},{"damage":21,"enemies":"Gensokyo:Chomper_and_Gloop","floor":28,"turns":5},{"damage":31,"enemies":"Gensokyo:Wraith","floor":30,"turns":3},{"damage":32,"enemies":"Gensokyo:Eternal_Rivals","floor":33,"turns":5},{"damage":12,"enemies":"3 Darklings","floor":35,"turns":3},{"damage":3,"enemies":"Orb Walker","floor":38,"turns":5},{"damage":31,"enemies":"Mind Bloom Boss Battle","floor":39,"turns":4},{"damage":56,"enemies":"Writhing Mass","floor":45,"turns":3},{"damage":80,"enemies":"Transient","floor":46,"turns":4}],"seed_played":"1046508493527183658","potions_obtained":[{"floor":4,"key":"SpeedPotion"},{"floor":5,"key":"Fruit Juice"},{"floor":16,"key":"DuplicationPotion"},{"floor":18,"key":"SneckoOil"},{"floor":28,"key":"LiquidMemories"},{"floor":30,"key":"LiquidMemories"},{"floor":33,"key":"Block Potion"},{"floor":39,"key":"Explosive Potion"}],"is_trial":false,"path_per_floor":["M","?","$","M","M","M","E","R","T","M","$","M","R","?","R","B",null,"M","M","COS","M","?","R","?","M","T","R","M","$","M","?","R","B",null,"M","$","?","M","?","R","T","$","T","R","M","M"],"character_chosen":"Librarian","items_purchased":["Membership Card","PageOfUniverseFragment","PageOfPunishingBird","Master of Strategy","SteroidPotion"],"campfire_rested":1,"item_purchase_floors":[36,36,36,42,42],"current_hp_per_floor":[54,54,54,54,58,56,45,45,45,44,59,32,61,61,61,42,99,97,66,66,67,67,67,67,58,58,58,49,64,38,38,38,11,95,86,101,101,105,77,77,77,92,92,92,38,0,0],"gold":89,"neow_bonus":"","is_daily":false,"chose_seed":false,"campfire_upgraded":7,"win_rate":0.0,"timestamp":1614328653,"path_taken":["M","?","$","M","M","M","E","R","T","M","$","M","R","?","R","BOSS","M","M","COS","M","?","R","?","M","T","R","M","$","M","?","R","BOSS","M","$","?","M","?","R","?","?","T","R","M","M"],"items_purchased_type":["Relic","Relic","Relic","Card","Potion"],"build_version":"2020-12-22","purchased_purges":3,"victory":false,"max_hp_per_floor":[62,62,62,84,89,89,89,89,89,99,99,99,99,99,99,99,99,99,100,100,94,94,94,87,78,78,78,92,92,93,93,93,95,95,101,101,101,105,90,106,106,106,106,106,107,107,107],"card_choices":[{"not_picked":["MeatLantern","CrumblingArmor"],"picked":"UniverseFragment","floor":1},{"not_picked":["AsThePrescriptOrders","GrazeTheGrass","BackAttack","StructuralAnalysis","StrikeDown","SerpentSwordTechnique","Slice_lor","Eject"],"picked":"Multislash","floor":1},{"not_picked":["Porccubus","SpiderBud"],"picked":"PunishingBird","floor":4},{"not_picked":["Tttonst","Thrust","BladeWhirl","BiAn","FleetFootsteps","ForTheFamily","DeepDrag","Unlock1"],"picked":"Faith","floor":4},{"not_picked":["Rewind","UpbeatPerformance","SerpentSwordTechnique","GreatSerpentsImpact","Decapitation","VioletBlade","GrazeTheGrass","WildCard"],"picked":"DesperateStruggle","floor":5},{"not_picked":["Murderer","OSAHOGD"],"picked":"VoidDream","floor":6},{"not_picked":["CircusKnives","BalefulBrand","StructuralAnalysis","PreparedMind","QuickAttack","HandleRequest","NightInTheBackstreets","BiAn"],"picked":"FrontalAssault","floor":6},{"not_picked":["BeautyBeast","NakedNest"],"picked":"FairyFestival","floor":7},{"not_picked":["Rewind","Thrust","SpearedSweep","Multislash","Wallop_lor","AssaultOrder","BiAn","DarkCloud"],"picked":"YoureAHindrance","floor":7},{"not_picked":["OSAHOGD","CherryBlossoms"],"picked":"QueenOfHatred","floor":10},{"not_picked":["HandleRequest","DimensionalRift","SerpentSwordTechnique","SinglePointStab","CoordinatedAssault","SharpSwipe","UnforgettableMelody","StrikeDown","StructuralAnalysis"],"picked":"SKIP","floor":10},{"not_picked":["WallGazer","MeatLantern"],"picked":"ShyLook","floor":16},{"not_picked":["CleanUp","LeRegole"],"picked":"Castigation","floor":16},{"not_picked":["LittlePrince","Variant"],"picked":"Wellcheers","floor":18},{"not_picked":["Leap_lor","Faith","ButterflySlash","Standoff","GutHarvesting","NightInTheBackstreets+1","HighKick","EnergyStrike","Quickness"],"picked":"SKIP","floor":18},{"not_picked":["SilentOrchestra","SpiderBud"],"picked":"LongBird","floor":19},{"not_picked":["Creak","Pound","FleetEdge","Rewind","GuardingStance+1","GuidanceOfTheGears","GrazeTheGrass","Overcharge"],"picked":"HighSpeedStabbing","floor":19},{"not_picked":["QuickSuppression+1","SearingSword","HiddenBlade","PuppetBlockade","SpearedSweep","Transpierce","SharpSwipe","BackAttack+1"],"picked":"Unlock1+1","floor":21},{"not_picked":["Scorched","BeautyBeast","OSAHOGD"],"picked":"Singing Bowl","floor":21},{"not_picked":["SnakesPrey+1","DimensionalRift","ConcentratedFire+1","Eject+1","FocusFire","PuppetBlockade+1","TendonChords","TheWillOfTheCity"],"picked":"GrazeTheGrass","floor":25},{"not_picked":["Bloodbath","NothingThere","MeatLantern"],"picked":"Singing Bowl","floor":25},{"not_picked":["BlackArmy","NothingThere"],"picked":"Scorched","floor":25},{"not_picked":["Freischutz","PlagueDoctor"],"picked":"BlackSwan","floor":28},{"not_picked":["AutonomousRush+1","ShrineToMusic+1","MirageStorm","HandleRequest","GatherIntel","Eject","SnakesPrey","YourShield","Preparation"],"picked":"SKIP","floor":28},{"not_picked":["LaLuna","SpiderBud"],"picked":"OldLady","floor":30},{"not_picked":["SinglePointStab","BackstreetsDash","SnakeSlit+1","EndlessBattle+1","KeepItFresh","EnergyCycle","BiteOff+1","UncannyStrike+1"],"picked":"EnergyConversion","floor":30},{"not_picked":["DaringDecision","RagingStormLove"],"picked":"SenseQuarry","floor":33},{"not_picked":["Laetitia","Yin","SnowQueen"],"picked":"Singing Bowl","floor":33},{"not_picked":["Murderer","SilentOrchestra"],"picked":"MHz","floor":33},{"not_picked":["IdentifyWeakpoint","MultiHit","EnergyShield","SerpentSwordTechnique+1","SuppressingShot","SmokingPipe+1","Transpierce","Thrust","Struggle"],"picked":"SKIP","floor":35},{"not_picked":["FieryBird","MeatLantern"],"picked":"SingingMachine","floor":38},{"not_picked":["BindingChains","EnergyShield+1","GuardingStance+1","SerpentSwordTechnique+1","LossOfSenses+1","Diversion+1","VenomousFangs+1","BindingArms"],"picked":"SturdyDefense","floor":38},{"not_picked":["LittleHelper","Alriune"],"picked":"BlueStar","floor":39},{"not_picked":["SnowQueen","HappyTeddy"],"picked":"BodiesMountain","floor":45},{"not_picked":["PinpointShot","DefenseOrder+1","JiaoTu+1","DriedUp","SpearedSweep","Ripple","ButterflySlash","TrimTheIngredients","HandleRequest"],"picked":"SKIP","floor":45}],"player_experience":312958,"relics_obtained":[{"floor":1,"key":"LetterFromLob"},{"floor":7,"key":"MealTicket"},{"floor":26,"key":"PageOfSingingMachine"},{"floor":38,"key":"AtMidnight"},{"floor":39,"key":"Calipers"},{"floor":41,"key":"Unceasing Top"},{"floor":43,"key":"Oddly Smooth Stone"}],"event_choices":[{"damage_healed":0,"gold_gain":0,"player_choice":"Upgraded","damage_taken":0,"max_hp_gain":0,"max_hp_loss":0,"event_name":"Upgrade Shrine","floor":2,"gold_loss":0,"cards_upgraded":["Multislash"]},{"cards_removed":["LightAttack"],"damage_healed":0,"gold_gain":0,"player_choice":"Forget","damage_taken":0,"max_hp_gain":0,"max_hp_loss":0,"event_name":"Living Wall","floor":14,"gold_loss":0},{"cards_removed":["FairyFestival"],"damage_healed":0,"gold_gain":0,"player_choice":"Removed Skill","damage_taken":0,"max_hp_gain":0,"max_hp_loss":0,"event_name":"Falling","floor":37,"gold_loss":0},{"damage_healed":0,"gold_gain":0,"player_choice":"Fight","damage_taken":0,"max_hp_gain":0,"max_hp_loss":0,"event_name":"MindBloom","floor":39,"gold_loss":0}],"is_beta":false,"boss_relics":[{"not_picked":["SlaversCollar","Pandora\u0027s Box"],"picked":"Astrolabe"},{"not_picked":["Runic Pyramid","Calling Bell"],"picked":"PageOfBlackSwan"}],"items_purged_floors":[3,11,36],"is_endless":false,"potions_floor_spawned":[4,5,16,18,28,30,33,39],"killed_by":"Transient","ascension_level":0}}