{"host":"p4yrwepmrl4g8pul","time":1614345061,"event":{"mods":["Act Like it!","BaseMod","BetterRewards","Colored Map","Custom Start","Downfall","Gensokyo","Marisa£®ÏF”Í°°ƒß¿Ì…≥£©","Minty Spire (QoL Compilation)","Rare Cards Sparkle","Reimu£®≤©¿ˆ¡È√Œ£©","Remilia£®¿Ÿ√◊¿Ú—«£©","Remove Card Discount Mod","Shop Mod","StSLib","Thieving Mod"],"gold_per_floor":[99,114,114,114,114,141,165,185,202,2,34,14161,14181,14200,14212,14309,14309,14309,14323,14323,14323,14353,14368,14368,14383,14383,14414,14414,14229,14229,13444,13455,13551,13551,13551,13570,13624,13641,13651,13665,13665,13693,13707,13607,13618,13634,13634,13659,13676,13676,13676,13704,13247,13247,13247,13247],"floor_reached":57,"language":"ZHS","playtime":5019,"items_purged":["bronze:Strike","bronze:Defend","bronze:Strike","bronze:Strike","bronze:Defend","bronze:Defend","bronze:Defend","bronze:Replicate+1","bronze:SpaghettiCode","bronze:WhirlingStrike","bronze:WhirlingStrike+1"],"score":1371,"play_id":"a3957469-ddd6-4256-982e-13d2a8b81582","local_time":"20210226211101","is_ascension_mode":false,"campfire_choices":[{"data":"bronze:Goto","floor":1.0,"key":"SMITH"},{"data":"bronze:Terminator","floor":10.0,"key":"SMITH"},{"data":"bronze:Verify","floor":18.0,"key":"SMITH"},{"data":"bronze:FineTuning","floor":26.0,"key":"SMITH"},{"data":"bronze:Iterate","floor":28.0,"key":"SMITH"},{"data":"bronze:FineTuning","floor":30.0,"key":"SMITH"},{"floor":35.0,"key":"RECALL"},{"data":"bronze:Terminator","floor":44,"key":"SMITH"},{"data":"bronze:Philosophize","floor":47,"key":"SMITH"},{"data":"bronze:InfiniteBeams","floor":54,"key":"SMITH"}],"circlet_count":0,"master_deck":["bronze:Goto+1","bronze:Philosophize+1","bronze:WhirlingStrike+1","bronze:Terminator+1","bronze:FineTuning+1","bronze:Verify+1","bronze:Iterate+1","bronze:FineTuning+1","bronze:Terminator+1","bronze:FineTuning+1","bronze:ChosenStrike","bronze:Iterate+1","bronze:InfiniteBeams+1"],"relics":["bronze:PlatinumCore","Bag of Marbles","Strawberry","PreservedInsect","downfall:HeartBlessingGreen","downfall:HeartBlessingBlue","Mummified Hand","Lee\u0027s Waffle","Blue Candle","Whetstone","MerchantsRug","Red Mask","Gremlin Horn","Incense Burner","Potion Belt","Blood Vial","Sling","OrangePellets","Mango","Orichalcum","Black Star","CatCart","Bottled Flame","Molten Egg 2","Eternal Feather","downfall:HeartBlessingRed","Torii","Shuriken","Bag of Preparation","bronze:ProtectiveGoggles","Vajra","Membership Card","Letter Opener"],"acts_visited":["Exordium","TheCity","TheBeyond","TheEnding"],"potions_floor_usage":[56,56,56,56],"damage_taken":[{"damage":10.0,"enemies":"Cultist","floor":2.0,"turns":4.0},{"damage":36.0,"enemies":"Gremlin Nob","floor":6.0,"turns":4.0},{"damage":11.0,"enemies":"Jaw Worm","floor":8.0,"turns":2.0},{"damage":5.0,"enemies":"2 Louse","floor":9.0,"turns":2.0},{"damage":9.0,"enemies":"3 Sentries","floor":11.0,"turns":2.0},{"damage":10.0,"enemies":"downfall:FleeingMerchant","floor":12.0,"turns":4.0},{"damage":0.0,"enemies":"Large Slime","floor":13.0,"turns":2.0},{"damage":0.0,"enemies":"2 Fungi Beasts","floor":14.0,"turns":1.0},{"damage":0.0,"enemies":"Exordium Wildlife","floor":15.0,"turns":1.0},{"damage":24.0,"enemies":"SI_SHIV_ARCHETYPE","floor":16.0,"turns":3.0},{"damage":10.0,"enemies":"Chosen","floor":19.0,"turns":2.0},{"damage":0.0,"enemies":"Masked Bandits","floor":22.0,"turns":2.0},{"damage":0.0,"enemies":"3 Byrds","floor":23.0,"turns":2.0},{"damage":66.0,"enemies":"Snake Plant","floor":25.0,"turns":4.0},{"damage":0.0,"enemies":"Slavers","floor":27.0,"turns":1.0},{"damage":30.0,"enemies":"downfall:FleeingMerchant","floor":29.0,"turns":4.0},{"damage":15.0,"enemies":"Centurion and Healer","floor":32.0,"turns":2.0},{"damage":0.0,"enemies":"WA_ARCHETYPE_CALM","floor":33.0,"turns":2.0},{"damage":9.0,"enemies":"Orb Walker","floor":36.0,"turns":2.0},{"damage":66.0,"enemies":"Orin","floor":37.0,"turns":4.0},{"damage":25.0,"enemies":"3 Shapes","floor":38.0,"turns":2.0},{"damage":19,"enemies":"Transient","floor":39,"turns":5},{"damage":19,"enemies":"Maw","floor":40,"turns":3},{"damage":47,"enemies":"Nemesis","floor":42,"turns":3},{"damage":16,"enemies":"Spire Growth","floor":43,"turns":3},{"damage":20,"enemies":"4 Shapes","floor":45,"turns":2},{"damage":6,"enemies":"Sphere and 2 Shapes","floor":46,"turns":2},{"damage":6,"enemies":"Reptomancer","floor":48,"turns":2},{"damage":17,"enemies":"Writhing Mass","floor":49,"turns":3},{"damage":75,"enemies":"IC_BLOCK_ARCHETYPE","floor":50,"turns":5},{"damage":1,"enemies":"downfall:CharBossMerchant","floor":52,"turns":2},{"damage":29,"enemies":"downfall:NeowBoss","floor":55,"turns":6},{"damage":35,"enemies":"downfall:NeowBossFinal","floor":56,"turns":5}],"seed_played":"-3819136069482985694","potions_obtained":[{"floor":2.0,"key":"AttackPotion"},{"floor":14.0,"key":"Fire Potion"},{"floor":16.0,"key":"Fire Potion"},{"floor":23.0,"key":"FearPotion"},{"floor":25.0,"key":"bronze:FreeFunctionsPotion"},{"floor":33.0,"key":"Ancient Potion"},{"floor":37.0,"key":"Dexterity Potion"},{"floor":43,"key":"EssenceOfSteel"},{"floor":45,"key":"DistilledChaos"}],"is_trial":false,"path_per_floor":["R","M","?","T","?","E","T","M","M","R","E","$","M","M","M","B",null,"R","M","?","?","?","M","T","M","R","E","R","$","R","$","M","B",null,"R","M","?","M","M","M","T","E","M","R","M","M","R","E","M","B",null,"E","$","R","B","B",null],"character_chosen":"THE_AUTOMATON","items_purchased":["Lee\u0027s Waffle","bronze:SpaghettiCode","Blue Candle","Whetstone","MerchantsRug","bronze:CleanCodePotion","Potion Belt","Blood Vial","Sling","bronze:FineTuning","OrangePellets","Mango","Orichalcum","bronze:ChosenStrike","LiquidMemories","DuplicationPotion","Vajra","Membership Card","Letter Opener","Strength Potion","PowerPotion","bronze:InfiniteBeams"],"campfire_rested":0,"item_purchase_floors":[12,12,12,12,12,12,29,29,29,29,31,31,31,31,31,31,53,53,53,53,53,53],"current_hp_per_floor":[777,767,767,767,749,720,720,709,704,714,705,801,801,801,801,777,801,801,791,791,791,791,791,791,725,725,725,725,695,695,709,696,698,815,815,806,742,719,702,685,685,640,626,632,614,610,616,612,597,524,815,814,814,815,786,753],"gold":13247,"neow_bonus":"TEN_PERCENT_HP_BONUS","is_daily":false,"chose_seed":false,"campfire_upgraded":9,"win_rate":0.0,"timestamp":1614345061,"path_taken":["R","M","?","?","?","E","T","M","M","R","E","$","M","M","M","BOSS","R","M","?","?","?","M","T","M","R","E","R","$","R","$","M","BOSS","R","M","?","M","M","M","T","E","M","R","M","M","R","E","M","BOSS","E","$","R","BOSS","BOSS"],"items_purchased_type":["Relic","Card","Relic","Relic","Relic","Potion","Relic","Relic","Relic","Card","Relic","Relic","Relic","Card","Potion","Potion","Relic","Relic","Relic","Potion","Potion","Card"],"build_version":"2020-12-22","purchased_purges":11,"victory":true,"max_hp_per_floor":[777,777,777,777,777,784,784,784,784,794,794,801,801,801,801,801,801,801,801,801,801,801,801,801,801,801,801,801,801,801,815,815,815,815,815,815,815,815,815,815,815,815,815,815,815,815,815,815,815,815,815,815,815,815,815,815],"card_choices":[{"not_picked":["bronze:BuggyMess","bronze:ForLoop"],"picked":"bronze:Philosophize","floor":2.0},{"not_picked":["bronze:Iterate","bronze:BronzeOrb"],"picked":"bronze:WhirlingStrike","floor":6.0},{"not_picked":["bronze:Deprecate","bronze:Fortify"],"picked":"bronze:WhirlingStrike","floor":8.0},{"not_picked":["bronze:WildBeam","bronze:ClassDefault"],"picked":"bronze:Terminator","floor":9.0},{"not_picked":["bronze:Allocate","bronze:FollowUp","bronze:Deprecate"],"picked":"SKIP","floor":11.0},{"not_picked":["bronze:Turbo","bronze:Overheat","bronze:Shield"],"picked":"SKIP","floor":12.0},{"not_picked":["bronze:BuggyMess","bronze:GetLatest","bronze:OilSpill"],"picked":"SKIP","floor":13.0},{"not_picked":["bronze:Turbo","bronze:Refactor"],"picked":"bronze:FineTuning","floor":14.0},{"not_picked":["bronze:AlphaBuild","bronze:Branch","bronze:Constructor"],"picked":"SKIP","floor":15.0},{"not_picked":["bronze:BurnOut","bronze:Break"],"picked":"bronze:Verify","floor":16.0},{"not_picked":["bronze:WhirlingStrike","bronze:Branch"],"picked":"bronze:BronzeArmor","floor":19.0},{"not_picked":["bronze:Shield+1","bronze:Repair"],"picked":"bronze:Iterate","floor":22.0},{"not_picked":["bronze:DelayedSlice+1","bronze:DelayedGuard"],"picked":"bronze:FineTuning+1","floor":23.0},{"not_picked":["bronze:CloningBeam","bronze:WhirlingStrike","bronze:OilSpill"],"picked":"SKIP","floor":25.0},{"not_picked":["bronze:Overheat+1","bronze:DelayedSlice","bronze:Frontload+1"],"picked":"SKIP","floor":27.0},{"not_picked":["bronze:Deprecate","bronze:Branch"],"picked":"bronze:Terminator","floor":29.0},{"not_picked":["bronze:Invalidate+1","bronze:Format","bronze:Overheat"],"picked":"SKIP","floor":32.0},{"not_picked":["bronze:ClassDefault","bronze:WildBeam+1","bronze:WhirlingStrike+1"],"picked":"SKIP","floor":36.0},{"not_picked":["bronze:Branch","bronze:ClassDefault+1","bronze:Overheat"],"picked":"SKIP","floor":38.0},{"not_picked":["bronze:Separator+1","bronze:Flail+1"],"picked":"bronze:WhirlingStrike+1","floor":39},{"not_picked":["bronze:InfiniteBeams+1","bronze:Frontload+1","bronze:NullPointer"],"picked":"SKIP","floor":40},{"not_picked":["bronze:FollowUp+1","bronze:Shell","bronze:Optimize+1"],"picked":"SKIP","floor":42},{"not_picked":["bronze:FollowUp+1","bronze:Shell","bronze:Optimize+1"],"picked":"SKIP","floor":42},{"not_picked":["bronze:DelayedGuard","bronze:CloningBeam+1"],"picked":"bronze:Iterate+1","floor":43},{"not_picked":["bronze:DigitalCarnage+1","bronze:Constructor+1","bronze:Turbo"],"picked":"SKIP","floor":45},{"not_picked":["bronze:Overheat+1","bronze:Turbo","bronze:OilSpill+1"],"picked":"SKIP","floor":46},{"not_picked":["bronze:OilSpill+1","bronze:Shield+1","bronze:BitShift"],"picked":"SKIP","floor":48},{"not_picked":["bronze:ForLoop","bronze:Constructor","bronze:BugBarrage+1"],"picked":"SKIP","floor":49},{"not_picked":["bronze:DelayedGuard+1","bronze:DelayedSlice+1","bronze:BuggyMess"],"picked":"SKIP","floor":52}],"player_experience":853061,"relics_obtained":[{"floor":6.0,"key":"Strawberry"},{"floor":7.0,"key":"PreservedInsect"},{"floor":11.0,"key":"Mummified Hand"},{"floor":22.0,"key":"Red Mask"},{"floor":24.0,"key":"Gremlin Horn"},{"floor":27.0,"key":"Incense Burner"},{"floor":37.0,"key":"CatCart"},{"floor":41,"key":"Bottled Flame"},{"floor":42,"key":"Molten Egg 2"},{"floor":42,"key":"Eternal Feather"},{"floor":48,"key":"Torii"},{"floor":48,"key":"Shuriken"},{"floor":52,"key":"Bag of Preparation"},{"floor":52,"key":"bronze:ProtectiveGoggles"}],"event_choices":[{"damage_healed":0.0,"max_hp_gain":0.0,"max_hp_loss":0.0,"gold_gain":0.0,"event_name":"Scrap Ooze","player_choice":"Success","floor":5.0,"gold_loss":0.0,"damage_taken":18.0,"relics_obtained":["Bag of Marbles"]},{"damage_healed":0.0,"max_hp_gain":0.0,"max_hp_loss":0.0,"gold_gain":0.0,"event_name":"Ghosts","player_choice":"Ignored","floor":20.0,"gold_loss":0.0,"damage_taken":0.0},{"damage_healed":0.0,"max_hp_gain":0.0,"max_hp_loss":0.0,"gold_gain":0.0,"event_name":"Masked Bandits","player_choice":"Fought Bandits","floor":22.0,"gold_loss":0.0,"damage_taken":0.0},{"damage_healed":0.0,"max_hp_gain":0.0,"max_hp_loss":0.0,"gold_gain":0.0,"event_name":"OrinTheCat","player_choice":"Fight","floor":37.0,"gold_loss":0.0,"damage_taken":0.0}],"is_beta":false,"boss_relics":[{"not_picked":["Philosopher\u0027s Stone","Tiny House"],"picked":"bronze:PlatinumCore"},{"not_picked":["Empty Cage","Snecko Eye"],"picked":"Black Star"}],"items_purged_floors":[12,12,12,12,12,12,12,29,29,29,53],"is_endless":false,"potions_floor_spawned":[2,14,16,23,25,27,33,37,43,45,48,49],"ascension_level":0}}