{"host":"dbkc9h3etq50r1dq","time":1614348109,"event":{"mods":["AchievementEnabler","BaseMod","Block Reminder","Colored Powertips","Curses Come First","Dark Map","Minty Spire (QoL Compilation)","Permanent Neow","Potion Indicator Mod","Random Character Button","Rare Cards Sparkle","StSLib","SuperFastMode","Weighted Paths"],"gold_per_floor":[209,209,228,246,246,276,276,309,336,336,352,169,184,211,211,310,360,378,378,477,489,508,534,534,562,562,588,588,588,299,479,479,479,479],"floor_reached":33,"language":"ZHS","playtime":1204,"items_purged":["Defend_R","Strike_R"],"score":492,"play_id":"c1f6495d-dc64-46cc-a597-55ac36ee3f2a","local_time":"20210226220149","is_ascension_mode":true,"campfire_choices":[{"data":"Inflame","floor":7.0,"key":"SMITH"},{"data":"Armaments","floor":10.0,"key":"SMITH"},{"data":"Battle Trance","floor":15.0,"key":"SMITH"},{"floor":24.0,"key":"REST"},{"data":"Rupture","floor":29,"key":"SMITH"},{"floor":32,"key":"REST"}],"circlet_count":0,"master_deck":["Strike_R+1","Strike_R","Strike_R","Defend_R+1","Defend_R+1","Defend_R","Bash","Inflame+1","Rupture+1","Immolate","Armaments+1","Hemokinesis","Battle Trance+1","Bloodletting","Seeing Red","Feed","Shrug It Off","J.A.X.","Bloodletting","Hemokinesis","Armaments","Battle Trance","Sword Boomerang","Ghostly+1","Ghostly+1","Ghostly+1","Ghostly+1","Ghostly+1","Madness+1"],"relics":["Burning Blood","Ancient Tea Set","War Paint","Akabeko","Pen Nib","Tiny House","InkBottle","Ornamental Fan","Toxic Egg 2","Pantograph"],"acts_visited":["Exordium","TheCity"],"potions_floor_usage":[33],"damage_taken":[{"damage":13.0,"enemies":"Small Slimes","floor":1.0,"turns":4.0},{"damage":10.0,"enemies":"2 Louse","floor":3.0,"turns":3.0},{"damage":7.0,"enemies":"Jaw Worm","floor":4.0,"turns":3.0},{"damage":20.0,"enemies":"3 Sentries","floor":6.0,"turns":3.0},{"damage":8.0,"enemies":"Gremlin Nob","floor":8.0,"turns":3.0},{"damage":0.0,"enemies":"Blue Slaver","floor":11.0,"turns":1.0},{"damage":0.0,"enemies":"2 Fungi Beasts","floor":13.0,"turns":1.0},{"damage":3.0,"enemies":"3 Sentries","floor":14.0,"turns":3.0},{"damage":31.0,"enemies":"The Guardian","floor":16.0,"turns":8.0},{"damage":19.0,"enemies":"2 Thieves","floor":18.0,"turns":4.0},{"damage":5.0,"enemies":"Spheric Guardian","floor":21.0,"turns":2.0},{"damage":20.0,"enemies":"Centurion and Healer","floor":22.0,"turns":5.0},{"damage":18.0,"enemies":"Gremlin Leader","floor":23.0,"turns":5.0},{"damage":20.0,"enemies":"Book of Stabbing","floor":25.0,"turns":4.0},{"damage":33.0,"enemies":"Gremlin Leader","floor":27.0,"turns":4.0},{"damage":72,"enemies":"Automaton","floor":33,"turns":10}],"seed_played":"4225058484611921293","potions_obtained":[{"floor":1.0,"key":"Regen Potion"},{"floor":3.0,"key":"BlessingOfTheForge"},{"floor":11.0,"key":"Block Potion"},{"floor":14.0,"key":"Ancient Potion"},{"floor":17.0,"key":"Weak Potion"},{"floor":18.0,"key":"GamblersBrew"},{"floor":23.0,"key":"Weak Potion"}],"is_trial":false,"path_per_floor":["M","?","M","M","?","E","R","E","T","R","M","$","M","E","R","B",null,"M","?","?","M","M","E","R","E","T","E","?","R","$","?","R","B"],"character_chosen":"IRONCLAD","items_purchased":["Battle Trance","Bloodletting","FairyPotion","Madness+1"],"campfire_rested":2,"item_purchase_floors":[12,12,30,30],"current_hp_per_floor":[65,65,61,60,65,60,60,58,58,58,64,64,70,73,73,48,81,72,72,72,73,62,50,79,65,65,42,42,42,42,17,32,0,0],"gold":479,"neow_bonus":"HUNDRED_GOLD","is_daily":false,"chose_seed":false,"campfire_upgraded":4,"win_rate":0.0,"timestamp":1614348109,"path_taken":["M","?","M","M","?","E","R","E","T","R","M","?","?","E","R","BOSS","M","?","?","M","M","E","R","E","T","E","?","R","$","?","R","BOSS"],"items_purchased_type":["Card","Card","Potion","Card"],"build_version":"2020-12-22","purchased_purges":2,"victory":false,"max_hp_per_floor":[80,80,80,80,85,85,85,85,85,85,85,85,85,85,85,85,90,94,94,94,94,97,97,97,97,97,101,50,50,50,50,50,50,50],"card_choices":[{"not_picked":["Sword Boomerang","Anger"],"picked":"Inflame","floor":1.0},{"not_picked":["Perfected Strike","Twin Strike"],"picked":"Immolate","floor":3.0},{"not_picked":["Thunderclap","Iron Wave","Rage"],"picked":"SKIP","floor":4.0},{"not_picked":["Reckless Charge","Rage"],"picked":"Armaments","floor":6.0},{"not_picked":["Cleave","Clothesline","Shockwave"],"picked":"SKIP","floor":8.0},{"not_picked":["Intimidate","Exhume"],"picked":"Hemokinesis","floor":11.0},{"not_picked":["Flex","Perfected Strike"],"picked":"Seeing Red","floor":13.0},{"not_picked":["Pommel Strike","Impervious","Power Through"],"picked":"SKIP","floor":14.0},{"not_picked":["Exhume","Juggernaut"],"picked":"Feed","floor":16.0},{"not_picked":["Clothesline","Perfected Strike"],"picked":"Shrug It Off","floor":17.0},{"not_picked":["Headbutt","Clothesline","Cleave"],"picked":"SKIP","floor":18.0},{"not_picked":["Body Slam","Clash"],"picked":"Bloodletting","floor":21.0},{"not_picked":["Dark Embrace","Clothesline"],"picked":"Hemokinesis","floor":22.0},{"not_picked":["Rampage","Wild Strike+1"],"picked":"Armaments","floor":23.0},{"not_picked":["Corruption","Headbutt+1"],"picked":"Battle Trance","floor":25.0},{"not_picked":["Battle Trance+1","Combust"],"picked":"Sword Boomerang","floor":27.0}],"player_experience":170331,"relics_obtained":[{"floor":6.0,"key":"Ancient Tea Set"},{"floor":8.0,"key":"War Paint"},{"floor":9.0,"key":"Akabeko"},{"floor":14.0,"key":"Pen Nib"},{"floor":23.0,"key":"InkBottle"},{"floor":25.0,"key":"Ornamental Fan"},{"floor":26.0,"key":"Toxic Egg 2"},{"floor":27.0,"key":"Pantograph"}],"event_choices":[{"damage_healed":0.0,"max_hp_gain":0.0,"max_hp_loss":0.0,"gold_gain":0.0,"cards_transformed":["Strike_R"],"event_name":"Living Wall","player_choice":"Change","floor":2.0,"gold_loss":0.0,"damage_taken":0.0,"cards_obtained":["Rupture"]},{"damage_healed":0.0,"max_hp_gain":5.0,"max_hp_loss":0.0,"gold_gain":0.0,"event_name":"Big Fish","player_choice":"Donut","floor":5.0,"gold_loss":0.0,"damage_taken":0.0},{"damage_healed":0.0,"max_hp_gain":0.0,"max_hp_loss":0.0,"gold_gain":0.0,"event_name":"Drug Dealer","player_choice":"Obtain J.A.X.","floor":19.0,"gold_loss":0.0,"damage_taken":0.0,"cards_obtained":["J.A.X."]},{"damage_healed":0.0,"max_hp_gain":0.0,"max_hp_loss":0.0,"gold_gain":99.0,"event_name":"Nest","player_choice":"Stole From Cult","floor":20.0,"gold_loss":0.0,"damage_taken":0.0},{"damage_healed":0.0,"max_hp_gain":0.0,"max_hp_loss":51.0,"gold_gain":0.0,"event_name":"Ghosts","player_choice":"Became a Ghost","floor":28.0,"gold_loss":0.0,"damage_taken":0.0,"cards_obtained":["Ghostly","Ghostly","Ghostly","Ghostly","Ghostly"]},{"damage_healed":0,"gold_gain":180,"player_choice":"POTION GOLD GOLD ","damage_taken":25,"max_hp_gain":0,"max_hp_loss":0,"event_name":"Knowing Skull","floor":31,"potions_obtained":["BlessingOfTheForge"],"gold_loss":0,"cards_obtained":[]}],"is_beta":false,"boss_relics":[{"not_picked":["Runic Dome","SlaversCollar"],"picked":"Tiny House"}],"items_purged_floors":[12,30],"is_endless":false,"potions_floor_spawned":[1,3,11,14,18,23],"killed_by":"Automaton","ascension_level":7}}