{"host":"i29s15dsg0c43zmx","time":1614361129,"event":{"mods":["AchievementEnabler","BaseMod","Colored Map","Minty Spire (QoL Compilation)","StSLib"],"gold_per_floor":[117,117,130,130,7,35,50,76,102,119,136,136,152,152,152,281,344,363,363,363,216,216,216,231,265,291,315,215,224,224,224,224],"floor_reached":31,"language":"ENG","playtime":998,"items_purged":["Regret","Strike_R"],"score":302,"play_id":"c8fc0b66-8866-4c1a-bf3a-47e5738d7103","local_time":"20210226183849","is_ascension_mode":true,"campfire_choices":[{"data":"Berserk","floor":12,"key":"SMITH"},{"data":"Perfected Strike","floor":15,"key":"SMITH"},{"data":"Double Tap","floor":23,"key":"SMITH"}],"circlet_count":0,"master_deck":["Strike_R","Strike_R","Strike_R","Strike_R","Defend_R","Defend_R","Defend_R","Defend_R","Bash","Armaments","Thunderclap","Bandage Up","Flex+1","Shrug It Off","Perfected Strike+1","Berserk+1","Twin Strike","Shrug It Off","Double Tap+1","Iron Wave","Iron Wave+1","Fire Breathing+1","Combust","Inflame","RitualDagger","Writhe"],"relics":["Burning Blood","NeowsBlessing","Omamori","PreservedInsect","Bronze Scales","Toy Ornithopter","Golden Idol","Tiny House","Necronomicon","Orrery","Bag of Marbles","Lantern","CeramicFish"],"acts_visited":["Exordium","TheCity"],"potions_floor_usage":[16,18,24,25],"damage_taken":[{"damage":0,"enemies":"Small Slimes","floor":1,"turns":1},{"damage":0,"enemies":"Jaw Worm","floor":3,"turns":1},{"damage":0,"enemies":"3 Sentries","floor":6,"turns":1},{"damage":1,"enemies":"Cultist","floor":7,"turns":4},{"damage":20,"enemies":"Gremlin Nob","floor":8,"turns":4},{"damage":2,"enemies":"Exordium Wildlife","floor":10,"turns":4},{"damage":8,"enemies":"Large Slime","floor":11,"turns":5},{"damage":7,"enemies":"Blue Slaver","floor":13,"turns":3},{"damage":48,"enemies":"Hexaghost","floor":16,"turns":8},{"damage":10,"enemies":"Chosen","floor":18,"turns":4},{"damage":5,"enemies":"3 Byrds","floor":24,"turns":3},{"damage":35,"enemies":"Slavers","floor":25,"turns":4},{"damage":26,"enemies":"Snecko","floor":27,"turns":4},{"damage":38,"enemies":"Centurion and Healer","floor":31,"turns":4}],"seed_played":"-2966481042390518352","potions_obtained":[{"floor":6,"key":"AttackPotion"},{"floor":7,"key":"Dexterity Potion"},{"floor":8,"key":"ElixirPotion"},{"floor":16,"key":"SneckoOil"},{"floor":17,"key":"SkillPotion"},{"floor":18,"key":"SpeedPotion"},{"floor":24,"key":"Strength Potion"},{"floor":27,"key":"PowerPotion"}],"is_trial":false,"path_per_floor":["M","?","M","?","$","E","M","E","T","M","M","R","M","?","R","B",null,"M","?","?","$","?","R","M","E","T","M","$","?","?","M"],"character_chosen":"IRONCLAD","items_purchased":["Flex","Orrery"],"campfire_rested":0,"item_purchase_floors":[5,21],"current_hp_per_floor":[80,80,80,80,80,80,80,66,66,74,72,72,75,75,75,42,85,85,69,69,69,63,63,69,45,45,29,29,29,29,0,0],"gold":224,"neow_bonus":"THREE_ENEMY_KILL","is_daily":false,"chose_seed":false,"campfire_upgraded":3,"win_rate":0.0,"timestamp":1614361129,"path_taken":["M","?","M","?","$","E","M","E","T","M","?","R","M","?","R","BOSS","M","?","?","$","?","R","M","E","T","M","$","?","?","M"],"items_purchased_type":["Card","Relic"],"build_version":"2020-12-22","purchased_purges":2,"victory":false,"max_hp_per_floor":[80,80,80,80,80,80,80,80,80,80,80,80,80,80,80,80,85,85,85,85,85,85,85,85,85,85,85,85,85,85,85,85],"card_choices":[{"not_picked":["Sword Boomerang","Clothesline"],"picked":"Armaments","floor":1},{"not_picked":["Ghostly Armor","Reckless Charge"],"picked":"Thunderclap","floor":3},{"not_picked":["Shockwave","Bloodletting"],"picked":"Shrug It Off","floor":6},{"not_picked":["Shrug It Off","Carnage"],"picked":"Perfected Strike","floor":7},{"not_picked":["Armaments","Blood for Blood"],"picked":"Berserk","floor":8},{"not_picked":["Cleave","Blood for Blood"],"picked":"Twin Strike","floor":10},{"not_picked":["Seeing Red","Pommel Strike","Fiend Fire"],"picked":"SKIP","floor":11},{"not_picked":["Seeing Red","Pommel Strike","Fiend Fire"],"picked":"SKIP","floor":11},{"not_picked":["True Grit","Sword Boomerang"],"picked":"Shrug It Off","floor":13},{"not_picked":["Exhume","Fiend Fire"],"picked":"Double Tap","floor":16},{"not_picked":["Thunderclap","Uppercut"],"picked":"Iron Wave","floor":18},{"not_picked":["Wild Strike","Reckless Charge"],"picked":"Iron Wave+1","floor":21},{"not_picked":["Perfected Strike","Combust"],"picked":"Fire Breathing+1","floor":21},{"not_picked":["Armaments+1","Inflame"],"picked":"Combust","floor":21},{"not_picked":["Armaments","True Grit+1"],"picked":"Inflame","floor":21},{"not_picked":["Warcry","Power Through","Dropkick"],"picked":"SKIP","floor":24},{"not_picked":["Perfected Strike","Shrug It Off","Shockwave"],"picked":"SKIP","floor":25},{"not_picked":["Disarm","Dropkick","True Grit"],"picked":"SKIP","floor":27}],"player_experience":146535,"relics_obtained":[{"floor":6,"key":"PreservedInsect"},{"floor":8,"key":"Bronze Scales"},{"floor":9,"key":"Toy Ornithopter"},{"floor":19,"key":"Necronomicon"},{"floor":25,"key":"Bag of Marbles"},{"floor":26,"key":"Lantern"}],"event_choices":[{"damage_healed":0,"gold_gain":0,"player_choice":"Box","damage_taken":0,"relics_obtained":["Omamori"],"max_hp_gain":0,"max_hp_loss":0,"event_name":"Big Fish","floor":2,"gold_loss":0,"cards_obtained":["Regret"]},{"damage_healed":0,"gold_gain":0,"player_choice":"1 cards matched","damage_taken":0,"max_hp_gain":0,"max_hp_loss":0,"event_name":"Match and Keep!","floor":4,"gold_loss":0,"cards_obtained":["Bandage Up"]},{"damage_healed":0,"gold_gain":0,"player_choice":"Take Wound","damage_taken":0,"relics_obtained":["Golden Idol"],"max_hp_gain":0,"max_hp_loss":0,"event_name":"Golden Idol","floor":14,"gold_loss":0,"cards_obtained":["Injury"]},{"damage_healed":0,"gold_gain":0,"player_choice":"Obtained Book","damage_taken":16,"max_hp_gain":0,"max_hp_loss":0,"event_name":"Cursed Tome","floor":19,"gold_loss":0},{"damage_healed":0,"gold_gain":0,"player_choice":"Ignored","damage_taken":0,"max_hp_gain":0,"max_hp_loss":0,"event_name":"Vampires","floor":20,"gold_loss":0},{"damage_healed":0,"gold_gain":0,"player_choice":"Joined the Cult","damage_taken":6,"max_hp_gain":0,"max_hp_loss":0,"event_name":"Nest","floor":22,"gold_loss":0,"cards_obtained":["RitualDagger"]},{"damage_healed":0,"gold_gain":0,"player_choice":"Opened","damage_taken":0,"relics_obtained":["CeramicFish"],"max_hp_gain":0,"max_hp_loss":0,"event_name":"The Mausoleum","floor":29,"gold_loss":0,"cards_obtained":["Writhe"]},{"damage_healed":0,"gold_gain":0,"player_choice":"Ignored","damage_taken":0,"max_hp_gain":0,"max_hp_loss":0,"event_name":"Ghosts","floor":30,"gold_loss":0}],"is_beta":false,"boss_relics":[{"not_picked":["SacredBark","Runic Pyramid"],"picked":"Tiny House"}],"items_purged_floors":[5,28],"is_endless":false,"potions_floor_spawned":[6,7,8,16,18,24,27],"killed_by":"Centurion and Healer","ascension_level":1}}