{"host":"vk2xyavtylxbvrfq","time":1614358210,"event":{"mods":["Bard","BaseMod","Bestiary","Better Altar","Better Match","Better Note","Better Sensory Stone","Better Skull","Better Vampires","Block Reminder","Bossed Relics","Colored Map","Curses Come First","Displayed Cursed Tome","Downfall","Extra Virgin Snecko Oil","Fox Events","Hermit","Ironclad Rager","Marked Mod","Minty Spire (QoL Compilation)","Quick Restart","Rare Cards Sparkle","Relic Sorter","Reliquary","Robot Space Explorer","StSLib","The Hayseed","The Runesmith","Unceasing Turn Reminder"],"gold_per_floor":[112,112,129,129,129,129,146,2,2,2,13,25,51,70,70,168,168,152,152,165,180,180,180,29,29,53,66,94,124,136,178,190,202,202],"floor_reached":33,"language":"ENG","playtime":1216,"items_purged":[],"score":437,"play_id":"93e96dca-fb08-49fd-877f-414020039594","local_time":"20210226115010","is_ascension_mode":true,"campfire_choices":[{"floor":6.0,"key":"REST"},{"data":"hermit:FlashPowder","floor":15.0,"key":"SMITH"},{"floor":23.0,"key":"REST"},{"floor":25.0,"key":"REST"},{"floor":30.0,"key":"REST"},{"floor":32,"key":"REST"}],"circlet_count":0,"master_deck":["hermit:Strike_Hermit","hermit:Strike_Hermit","hermit:Strike_Hermit","hermit:Strike_Hermit","hermit:Defend_Hermit+1","hermit:Defend_Hermit","hermit:Defend_Hermit+1","hermit:Defend_Hermit","hermit:Snapshot","hermit:Covet","hermit:Headshot","hermit:PistolWhip+1","hermit:Snipe","Bandage Up","hermit:Snipe","hermit:Virtue","hermit:WideOpen","hermit:FlashPowder+1","hermit:HeroicBravado","hermit:CursedWeapon+1","Writhe","hermit:Ricochet","hermit:CalledShot","hermit:Vantage","hermit:Quickdraw","hermit:TrackingShot","hermit:BigShot","hermit:RoundhouseKick","hermit:Manifest+1","hermit:OverwhelmingPower"],"relics":["hermit:Momento","reliquary:Stiletto","Anchor","Akabeko","Thread and Needle","bronze:MakeshiftBattery","Ornamental Fan","Nloth\u0027s Gift","MealTicket","MawBank","Blood Vial"],"acts_visited":["Exordium","TheCity"],"potions_floor_usage":[31,31],"damage_taken":[{"damage":1.0,"enemies":"Cultist","floor":1.0,"turns":3.0},{"damage":2.0,"enemies":"Jaw Worm","floor":3.0,"turns":3.0},{"damage":0.0,"enemies":"Small Slimes","floor":7.0,"turns":2.0},{"damage":0.0,"enemies":"Exordium Wildlife","floor":11.0,"turns":4.0},{"damage":6.0,"enemies":"2 Fungi Beasts","floor":12.0,"turns":3.0},{"damage":33.0,"enemies":"Lagavulin","floor":13.0,"turns":6.0},{"damage":0.0,"enemies":"Large Slime","floor":14.0,"turns":4.0},{"damage":18.0,"enemies":"Hexaghost","floor":16.0,"turns":10.0},{"damage":0.0,"enemies":"2 Thieves","floor":18.0,"turns":4.0},{"damage":11.0,"enemies":"3 Byrds","floor":20.0,"turns":7.0},{"damage":40.0,"enemies":"Cultist and Chosen","floor":21.0,"turns":7.0},{"damage":0.0,"enemies":"Snake Plant","floor":27.0,"turns":2.0},{"damage":2.0,"enemies":"Slavers","floor":28.0,"turns":5.0},{"damage":33.0,"enemies":"Sentry and Sphere","floor":29.0,"turns":5.0},{"damage":60,"enemies":"Gremlin Leader","floor":31,"turns":8},{"damage":13,"enemies":"Champ","floor":33,"turns":6}],"seed_played":"121368687177218650","potions_obtained":[{"floor":3.0,"key":"Ancient Potion"},{"floor":11.0,"key":"PowerPotion"},{"floor":13.0,"key":"SteroidPotion"},{"floor":16.0,"key":"Weak Potion"},{"floor":18.0,"key":"PowerPotion"},{"floor":21.0,"key":"LiquidBronze"},{"floor":27.0,"key":"FearPotion"},{"floor":28.0,"key":"FairyPotion"},{"floor":29.0,"key":"BlessingOfTheForge"}],"is_trial":false,"path_per_floor":["M","?","M","?","?","R","M","$","T","?","M","M","E","M","R","B",null,"M","?","M","M","?","R","$","R","T","M","E","M","R","E","R","B"],"character_chosen":"HERMIT","items_purchased":["Akabeko","hermit:Vantage","hermit:Quickdraw","hermit:TrackingShot"],"campfire_rested":5,"item_purchase_floors":[8,24,24,24],"current_hp_per_floor":[67,60,58,58,43,65,65,65,65,65,69,67,38,42,42,28,63,67,67,60,24,24,46,46,68,68,68,70,41,63,7,29,22,22],"gold":202,"neow_bonus":"RANDOM_COMMON_RELIC","is_daily":false,"chose_seed":false,"campfire_upgraded":1,"win_rate":0.0,"timestamp":1614358210,"path_taken":["M","?","M","?","?","R","?","$","T","?","M","M","E","M","R","BOSS","M","?","M","M","?","R","$","R","T","M","E","M","R","E","R","BOSS"],"items_purchased_type":["Relic","Card","Card","Card"],"build_version":"2020-12-22","purchased_purges":0,"victory":false,"max_hp_per_floor":[75,75,75,75,75,75,75,75,75,75,75,75,75,75,75,75,75,75,75,75,75,75,75,75,75,75,75,75,75,75,75,75,75,75],"card_choices":[{"not_picked":["hermit:Feint","hermit:LowProfile"],"picked":"hermit:Headshot","floor":1.0},{"not_picked":["hermit:Cheat","hermit:CalledShot"],"picked":"hermit:PistolWhip","floor":3.0},{"not_picked":["hermit:NoHoldsBarred","hermit:DeadOrAlive"],"picked":"hermit:Snipe","floor":7.0},{"not_picked":["Apotheosis","Jack Of All Trades"],"picked":"Bandage Up","floor":10.0},{"not_picked":["hermit:Desperado","hermit:Spite"],"picked":"hermit:Snipe","floor":11.0},{"not_picked":["hermit:BodyArmor","hermit:Snipe"],"picked":"hermit:Virtue","floor":12.0},{"not_picked":["hermit:ShadowCloak","hermit:Maintenance"],"picked":"hermit:WideOpen","floor":13.0},{"not_picked":["hermit:Gestalt","hermit:Feint"],"picked":"hermit:FlashPowder","floor":14.0},{"not_picked":["hermit:Magnum","hermit:DeadOrAlive"],"picked":"hermit:HeroicBravado","floor":16.0},{"not_picked":["hermit:Maintenance","hermit:Ricochet"],"picked":"hermit:CursedWeapon+1","floor":18.0},{"not_picked":["hermit:Roulette+1","hermit:Misfire"],"picked":"hermit:Ricochet","floor":20.0},{"not_picked":["hermit:ItchyTrigger","hermit:Feint"],"picked":"hermit:CalledShot","floor":21.0},{"not_picked":["hermit:LowProfile","hermit:BodyArmor"],"picked":"hermit:BigShot","floor":27.0},{"not_picked":["hermit:Quickdraw+1","hermit:FatalDesire"],"picked":"hermit:RoundhouseKick","floor":28.0},{"not_picked":["hermit:SprayPray","hermit:Midnight"],"picked":"hermit:Manifest+1","floor":29.0},{"not_picked":["hermit:Showdown","hermit:FinalCanter"],"picked":"hermit:OverwhelmingPower","floor":31}],"player_experience":1492619,"relics_obtained":[{"floor":9.0,"key":"Thread and Needle"},{"floor":13.0,"key":"reliquary:PartyBalloon"},{"floor":26.0,"key":"MealTicket"},{"floor":28.0,"key":"MawBank"},{"floor":31,"key":"Blood Vial"}],"event_choices":[{"damage_healed":0.0,"max_hp_gain":0.0,"max_hp_loss":0.0,"gold_gain":0.0,"event_name":"Scrap Ooze","player_choice":"Success","floor":2.0,"gold_loss":0.0,"damage_taken":7.0,"relics_obtained":["Anchor"]},{"damage_healed":0.0,"max_hp_gain":0.0,"max_hp_loss":0.0,"gold_gain":0.0,"event_name":"Living Wall","player_choice":"Grow","floor":4.0,"gold_loss":0.0,"damage_taken":0.0,"cards_upgraded":["hermit:PistolWhip"]},{"damage_healed":0.0,"max_hp_gain":0.0,"max_hp_loss":0.0,"gold_gain":0.0,"event_name":"Shining Light","player_choice":"Entered Light","floor":5.0,"gold_loss":0.0,"damage_taken":15.0,"cards_upgraded":["hermit:Defend_Hermit","hermit:Defend_Hermit"]},{"damage_healed":0.0,"max_hp_gain":0.0,"max_hp_loss":0.0,"gold_gain":1.0,"event_name":"betterStone:BetterStone","player_choice":"1","floor":10.0,"gold_loss":0.0,"damage_taken":0.0},{"damage_healed":0.0,"max_hp_gain":0.0,"max_hp_loss":0.0,"gold_gain":0.0,"event_name":"The Mausoleum","player_choice":"Opened","floor":19.0,"gold_loss":0.0,"damage_taken":0.0,"relics_obtained":["Ornamental Fan"],"cards_obtained":["Writhe"]},{"damage_healed":0.0,"max_hp_gain":0.0,"max_hp_loss":0.0,"gold_gain":0.0,"event_name":"N\u0027loth","player_choice":"Traded Relic","floor":22.0,"relics_lost":["reliquary:PartyBalloon"],"gold_loss":0.0,"damage_taken":0.0,"relics_obtained":["Nloth\u0027s Gift"]}],"is_beta":false,"boss_relics":[{"not_picked":["Runesmith:UraniumAnvil","Tiny House"],"picked":"bronze:MakeshiftBattery"}],"items_purged_floors":[],"is_endless":false,"potions_floor_spawned":[3,11,13,16,18,21,27,28,29],"killed_by":"Champ","ascension_level":8}}