{"host":"k5t0mjadqheapa3b","time":1614330524,"event":{"mods":["Act Like it!","BaseMod","Colored Map","Downfall","Hero for Fun","Minty Spire (QoL Compilation)","Quick Restart","Shop Mod","Spicy Shops","StSLib","The Administrix","The Gatherer","The Marked","The Mystic","The Servant 0.9.4","Waifu the Spire","Youmu£®ªÍ∆«—˝√Œ£©","Yuyuko"],"gold_per_floor":[99,110,120,105,121,121,121,121,146,176,176,209,221,253,270,366,366,366,378,693,693,693],"floor_reached":20,"language":"ZHS","playtime":1017,"items_purged":[],"score":472,"play_id":"b581a835-fd69-44d7-ac93-c9dbfdf4f2de","local_time":"20210226170844","daily_mods":["SealedDeck","Vintage","Allstar","Heirloom","Time Dilation","Flight","DeadlyEvents"],"is_ascension_mode":true,"metric_token":1173,"campfire_choices":[{"data":"Gatherer:QuickSynthesis","floor":1.0,"key":"SMITH"},{"data":"Gatherer:FragileHammer","floor":6.0,"key":"SMITH"},{"data":"Gatherer:FruitForce","floor":8.0,"key":"SMITH"},{"data":"Gatherer:StoneFence","floor":18.0,"key":"SMITH"}],"circlet_count":0,"master_deck":["Gatherer:FragileHammer+1","Gatherer:TreeGrowth","Gatherer:FlowerPower","Gatherer:MiningStrike","Gatherer:FlowerFalling+1","Gatherer:QuickSynthesis+1","Gatherer:TacticalStrike","Gatherer:Solidify","Gatherer:FlowerShield","Gatherer:GlowingPlant","Gatherer:Shadow+1","Gatherer:Light","Gatherer:FruitForce+1","Gatherer:ScherryThrow","Gatherer:RecoveryHerb","Gatherer:EchoOfNature","Gatherer:BigPouch","Gatherer:StoneFence+1"],"relics":["Gatherer:AlchemyBag","TungstenRod","hexamod:BolsterEngine","Lizard Tail","Calipers","Mercury Hourglass","Whetstone","Mango","Gatherer:FlyingFruit","FossilizedHelix","Strawberry","Busted Crown","sneckomod:BlankCard"],"acts_visited":["Exordium","TheCity"],"potions_floor_usage":[],"damage_taken":[{"damage":0.0,"enemies":"Cultist","floor":2.0,"turns":3.0},{"damage":0.0,"enemies":"Small Slimes","floor":3.0,"turns":3.0},{"damage":4.0,"enemies":"downfall:FleeingMerchant","floor":4.0,"turns":4.0},{"damage":0.0,"enemies":"2 Louse","floor":5.0,"turns":2.0},{"damage":8.0,"enemies":"Lagavulin","floor":9.0,"turns":6.0},{"damage":5.0,"enemies":"Gremlin Nob","floor":10.0,"turns":3.0},{"damage":0.0,"enemies":"Lagavulin","floor":12.0,"turns":4.0},{"damage":0.0,"enemies":"Exordium Thugs","floor":13.0,"turns":1.0},{"damage":0.0,"enemies":"Gremlin Nob","floor":14.0,"turns":2.0},{"damage":0.0,"enemies":"Looter","floor":15.0,"turns":2.0},{"damage":0.0,"enemies":"IC_STATUS_ARCHETYPE","floor":16.0,"turns":3.0},{"damage":0.0,"enemies":"downfall:LooterAlt2","floor":19.0,"turns":2.0},{"damage":0.0,"enemies":"downfall:FleeingMerchant","floor":20.0,"turns":4.0}],"seed_played":"-4258784657331287181","potions_obtained":[{"floor":2.0,"key":"Fire Potion"},{"floor":10.0,"key":"Energy Potion"},{"floor":12.0,"key":"EntropicBrew"},{"floor":15.0,"key":"Fire Potion"},{"floor":16.0,"key":"FearPotion"},{"floor":19.0,"key":"bronze:BurnAndBuffPotion"}],"is_trial":true,"path_per_floor":["R","M","M","$","M","R","T","R","E","E","?","E","M","E","M","B",null,"R","M","$"],"character_chosen":"THE_GATHERER","items_purchased":[],"campfire_rested":0,"item_purchase_floors":[],"current_hp_per_floor":[72,72,72,72,72,72,72,72,64,59,59,75,75,79,86,86,101,101,101,105,105,105],"gold":693,"neow_bonus":"","is_daily":false,"chose_seed":false,"campfire_upgraded":4,"win_rate":0.0,"timestamp":1614330524,"path_taken":["R","M","?","$","M","R","T","R","E","E","?","E","M","E","M","BOSS","R","M","$"],"items_purchased_type":[],"build_version":"2020-12-22","purchased_purges":0,"victory":false,"max_hp_per_floor":[72,72,72,76,76,76,76,76,76,76,76,90,90,94,101,101,101,101,101,105,105,105],"card_choices":[{"not_picked":["Gatherer:Pollute","Gatherer:UpgradeBag"],"picked":"Gatherer:FruitForce","floor":4.0},{"not_picked":["Gatherer:BambuSword","Gatherer:GatherMaterial"],"picked":"Gatherer:ScherryThrow","floor":9.0},{"not_picked":["Gatherer:Polymorphism","Gatherer:Pollute"],"picked":"Gatherer:RecoveryHerb","floor":10.0},{"not_picked":["Gatherer:SealedBomb","Gatherer:AcidicSpray"],"picked":"Gatherer:EchoOfNature","floor":12.0},{"not_picked":["Gatherer:SmartManeuver","Gatherer:FragileHammer"],"picked":"Gatherer:BigPouch","floor":14.0},{"not_picked":["Gatherer:FlamingBottle","Gatherer:Examine"],"picked":"Gatherer:StoneFence","floor":16.0}],"player_experience":44684,"relics_obtained":[{"floor":2.0,"key":"hexamod:BolsterEngine"},{"floor":3.0,"key":"Lizard Tail"},{"floor":5.0,"key":"Calipers"},{"floor":9.0,"key":"Mercury Hourglass"},{"floor":10.0,"key":"Whetstone"},{"floor":12.0,"key":"Mango"},{"floor":13.0,"key":"Gatherer:FlyingFruit"},{"floor":14.0,"key":"FossilizedHelix"},{"floor":15.0,"key":"Strawberry"},{"floor":19.0,"key":"sneckomod:BlankCard"}],"event_choices":[{"damage_healed":0.0,"max_hp_gain":0.0,"max_hp_loss":0.0,"gold_gain":0.0,"event_name":"Golden Idol","player_choice":"Ignored","floor":11.0,"gold_loss":0.0,"damage_taken":0.0}],"is_beta":false,"boss_relics":[{"not_picked":["Cursed Key","Tiny House"],"picked":"Busted Crown"}],"items_purged_floors":[],"is_endless":true,"potions_floor_spawned":[2,10,12,15,16,19],"ascension_level":1}}