{"host":"xb2tau8pgi8aflss","time":1614344297,"event":{"mods":["AchievementEnabler","BaseMod","Hermit","Minty Spire (QoL Compilation)","StSLib","SuperFastMode"],"gold_per_floor":[113,125,125,148,98,98,98,117,140,184,184,204,227,252,252,252,252],"floor_reached":16,"language":"KOR","playtime":494,"items_purged":[],"score":143,"play_id":"188de02c-a3dc-44ec-9687-0c4b3be9ed2e","local_time":"20210226215817","is_ascension_mode":true,"campfire_choices":[{"data":"Hologram","floor":6,"key":"SMITH"},{"floor":15,"key":"REST"}],"circlet_count":0,"master_deck":["Strike_B","Strike_B","Strike_B","Defend_B","Defend_B","Defend_B","Defend_B","Zap","Dualcast","Hologram+1","Hologram","Core Surge","Aggregate+1","Conserve Battery","Fusion","Double Energy"],"relics":["Snecko Eye","CeramicFish","Bronze Scales","Calipers","Oddly Smooth Stone"],"acts_visited":["Exordium"],"potions_floor_usage":[4,10,12],"damage_taken":[{"damage":0,"enemies":"2 Louse","floor":1,"turns":2},{"damage":10,"enemies":"Small Slimes","floor":2,"turns":4},{"damage":0,"enemies":"Cultist","floor":4,"turns":3},{"damage":9,"enemies":"3 Louse","floor":8,"turns":2},{"damage":22,"enemies":"3 Sentries","floor":10,"turns":9},{"damage":23,"enemies":"Gremlin Gang","floor":12,"turns":4},{"damage":0,"enemies":"2 Fungi Beasts","floor":14,"turns":4},{"damage":24,"enemies":"Slime Boss","floor":16,"turns":3}],"seed_played":"-710715497935688230","potions_obtained":[{"floor":2,"key":"DistilledChaos"},{"floor":8,"key":"LiquidBronze"},{"floor":10,"key":"ColorlessPotion"}],"is_trial":false,"path_per_floor":["M","M","?","M","?","R","?","M","T","E","?","M","T","M","R","B"],"character_chosen":"DEFECT","items_purchased":[],"campfire_rested":1,"item_purchase_floors":[],"current_hp_per_floor":[68,58,55,55,55,55,55,46,46,24,24,1,1,1,23,0,0],"gold":252,"neow_bonus":"BOSS_RELIC","is_daily":false,"chose_seed":false,"campfire_upgraded":1,"win_rate":0.0,"timestamp":1614344297,"path_taken":["M","M","?","M","?","R","?","M","T","E","?","M","?","M","R","BOSS"],"items_purchased_type":[],"build_version":"2020-12-22","purchased_purges":0,"victory":false,"max_hp_per_floor":[75,75,75,75,75,75,75,75,75,75,75,75,75,75,75,75,75],"card_choices":[{"not_picked":["Cold Snap","Glacier"],"picked":"Hologram","floor":1},{"not_picked":["Steam Power","Storm"],"picked":"Hologram","floor":2},{"not_picked":["Coolheaded","Stack"],"picked":"Core Surge","floor":4},{"not_picked":["Barrage","Go for the Eyes"],"picked":"Aggregate","floor":8},{"not_picked":["Gash","Ball Lightning"],"picked":"Conserve Battery","floor":10},{"not_picked":["Doom and Gloom","Hologram"],"picked":"Fusion","floor":12},{"not_picked":["Redo","Self Repair"],"picked":"Double Energy","floor":14}],"player_experience":861789,"relics_obtained":[{"floor":9,"key":"Bronze Scales"},{"floor":10,"key":"Calipers"},{"floor":13,"key":"Oddly Smooth Stone"}],"event_choices":[{"damage_healed":0,"gold_gain":0,"player_choice":"Success","damage_taken":3,"relics_obtained":["CeramicFish"],"max_hp_gain":0,"max_hp_loss":0,"event_name":"Scrap Ooze","floor":3,"gold_loss":0},{"cards_removed":["Strike_B"],"damage_healed":0,"gold_gain":0,"player_choice":"Card Removal","damage_taken":0,"max_hp_gain":0,"max_hp_loss":0,"event_name":"The Cleric","floor":5,"gold_loss":50},{"damage_healed":0,"gold_gain":0,"player_choice":"Ignored","damage_taken":0,"max_hp_gain":0,"max_hp_loss":0,"event_name":"Liars Game","floor":7,"gold_loss":0},{"damage_healed":0,"gold_gain":0,"player_choice":"Grow","damage_taken":0,"max_hp_gain":0,"max_hp_loss":0,"event_name":"Living Wall","floor":11,"gold_loss":0,"cards_upgraded":["Aggregate"]}],"is_beta":false,"boss_relics":[],"items_purged_floors":[],"is_endless":false,"potions_floor_spawned":[2,8,10],"killed_by":"Slime Boss","ascension_level":8}}