{"host":"3l94tha3a4jgu0q4","time":1614348242,"event":{"mods":["2.2 Compatiblity","AchievementEnabler","Aspiration","BaseMod","Better Altar","Better Match","Better Note","Better Sensory Stone","Better Skull","Better Third Choice","Colored Map","Colored Powertips","Fox Events","Hermit","Highlight Path","Hubris","Humility","Minty Spire (QoL Compilation)","Monster B Gone","Permanent Neow","Relic Stats","Replay The Spire","StSLib","SuperFastMode","The IronCluck","Wandering Minibosses","slay the spire mod where everything is the same but ironclad has a cowboy hat"],"gold_per_floor":[119,204,204,220,1,1,1],"floor_reached":6,"language":"ENG","playtime":324,"items_purged":["Strike_P"],"score":34,"play_id":"1ecff2ae-6ae2-4b7c-b3d1-faeeb424d292","local_time":"20210226060402","is_ascension_mode":false,"campfire_choices":[],"circlet_count":0,"master_deck":["Strike_P","Strike_P","Strike_P","Defend_P","Defend_P","Defend_P","Defend_P","Eruption","Vigilance","FlurryOfBlows","EmptyBody","Replay:Battleflow","MentalFortress","EmptyFist"],"relics":["aspiration:Nostalgia","Ring of the Snake","Replay:M_StaffOfTheSnake","Damaru"],"acts_visited":["Exordium"],"potions_floor_usage":[6],"damage_taken":[{"damage":2.0,"enemies":"Small Slimes","floor":1.0,"turns":4.0},{"damage":0.0,"enemies":"2 Louse","floor":4.0,"turns":3.0},{"damage":52,"enemies":"3 Sentries","floor":6,"turns":12}],"seed_played":"-3855523380294343452","potions_obtained":[{"floor":1.0,"key":"Block Potion"}],"is_trial":false,"path_per_floor":["M","?","?","M","$","E"],"character_chosen":"WATCHER","items_purchased":["Damaru"],"campfire_rested":0,"item_purchase_floors":[5],"current_hp_per_floor":[70,52,52,52,52,0,0],"gold":1,"neow_bonus":"NOSTALGIA","is_daily":false,"chose_seed":false,"campfire_upgraded":0,"win_rate":0.0,"timestamp":1614348242,"path_taken":["M","?","?","M","$","E"],"items_purchased_type":["Relic"],"build_version":"2020-12-22","purchased_purges":1,"victory":false,"max_hp_per_floor":[72,72,72,72,72,72,72],"relic_stats":{"counters":[3,19],"obtain_stats":[{"Replay:M_StaffOfTheSnake":3,"aspiration:Nostalgia":0,"Damaru":5,"PureWater":0,"Ring of the Snake":0},{"Replay:M_StaffOfTheSnake":1,"aspiration:Nostalgia":0,"Damaru":2,"PureWater":0,"Ring of the Snake":0},{"Replay:M_StaffOfTheSnake":4,"aspiration:Nostalgia":0,"Damaru":7,"PureWater":0,"Ring of the Snake":0}],"Ring of the Snake":[6]},"card_choices":[{"not_picked":["Swivel","ClearTheMind"],"picked":"FlurryOfBlows","floor":1.0},{"not_picked":["CarveReality","CutThroughFate"],"picked":"EmptyBody","floor":2.0},{"not_picked":["Study","FlyingSleeves"],"picked":"Replay:Battleflow","floor":2.0},{"not_picked":["ClearTheMind","Protect"],"picked":"MentalFortress","floor":2.0},{"not_picked":["PathToVictory","ClearTheMind"],"picked":"EmptyFist","floor":4.0}],"player_experience":1997015,"relics_obtained":[],"event_choices":[],"is_beta":false,"boss_relics":[],"items_purged_floors":[5],"is_endless":false,"potions_floor_spawned":[1],"killed_by":"3 Sentries","ascension_level":0,"is_humility":true}}