{"host":"ijtyqc57s6c9mbij","time":1614305914,"event":{"mods":["BaseMod","Colored Map","Downfall","Minty Spire (QoL Compilation)","StSLib"],"gold_per_floor":[99,99,99,99,99,99,99,4,38,38,70,84,84,69,82,184,184,84,102,102,102,202,102,102,87,117,17,35,47,47,60,73,176,176,176,191,202,220,232,232,258,258,258,258],"floor_reached":42,"language":"ENG","playtime":3020,"items_purged":[],"score":517,"play_id":"9993baba-002f-4494-95db-5e09865db9e7","local_time":"20210225181834","is_ascension_mode":true,"campfire_choices":[{"floor":1,"key":"RECALL"},{"data":"sneckomod:TailWhip","floor":6,"key":"SMITH"},{"floor":27,"key":"REST"},{"data":"bronze:MaxOutput","floor":35,"key":"SMITH"},{"floor":40,"key":"REST"}],"circlet_count":0,"master_deck":["sneckomod:TailWhip+1","sneckomod:SnekBite","sneckomod:UnknownBlock","sneckomod:UnknownUncommonPower","sneckomod:SnakeSap","sneckomod:UnknownRareAttack","sneckomod:SnekBeam","champ:TripleStrike","sneckomod:WideSting","sneckomod:UnknownRarePower","sneckomod:Mudshield","sneckomod:Transmogrify","sneckomod:DangerNoodle","bronze:MaxOutput+1","sneckomod:UnknownClassGUARDIAN","sneckomod:Rotation","sneckomod:UnknownClassGUARDIAN","J.A.X.","sneckomod:Rotation","bronze:Return+1","Guardian:Gem_Cyan","sneckomod:UnknownVulnerable+1","sneckomod:UnknownDexterity+1","sneckomod:UnknownX+1","sneckomod:UnknownClassTHE_CHAMP_GRAY","sneckomod:TrashToTreasure","sneckomod:UnknownClassGUARDIAN","sneckomod:Cheat","Guardian:RevengeProtocol","sneckomod:IronFang+1","sneckomod:QuickMove+1","Guardian:Gem_Green","bronze:Virus"],"relics":["sneckomod:SuperSneckoSoul","downfall:HeartsMalice","downfall:ShatteredFragment","Torii","Happy Flower","Pandora\u0027s Box","downfall:HeartBlessingGreen","MutagenicStrength","downfall:HeartBlessingRed","champ:DeflectingBracers","downfall:HeartBlessingBlue","Oddly Smooth Stone","Meat on the Bone","Omamori"],"acts_visited":["Exordium","TheCity","TheBeyond"],"potions_floor_usage":[12,16,31,32],"damage_taken":[{"damage":0,"enemies":"Cultist","floor":2,"turns":1},{"damage":0,"enemies":"Small Slimes","floor":5,"turns":1},{"damage":0,"enemies":"downfall:FleeingMerchant","floor":8,"turns":1},{"damage":12,"enemies":"3 Sentries","floor":9,"turns":7},{"damage":0,"enemies":"Gremlin Nob","floor":11,"turns":4},{"damage":1,"enemies":"Jaw Worm","floor":12,"turns":4},{"damage":0,"enemies":"downfall:FleeingMerchant","floor":14,"turns":4},{"damage":12,"enemies":"Exordium Wildlife","floor":15,"turns":2},{"damage":51,"enemies":"DF_ARCHETYPE_STREAMLINE","floor":16,"turns":6},{"damage":0,"enemies":"Spheric Guardian","floor":19,"turns":2},{"damage":50,"enemies":"downfall:Augmenter","floor":22,"turns":6},{"damage":8,"enemies":"downfall:FleeingMerchant","floor":25,"turns":4},{"damage":26,"enemies":"Book of Stabbing","floor":26,"turns":5},{"damage":12,"enemies":"3 Byrds","floor":28,"turns":3},{"damage":13,"enemies":"3 Cultists","floor":29,"turns":4},{"damage":0,"enemies":"Snake Plant","floor":31,"turns":1},{"damage":24,"enemies":"Shelled Parasite and Fungi","floor":32,"turns":3},{"damage":61,"enemies":"IC_MUSHROOM_ARCHETYPE","floor":33,"turns":7},{"damage":13,"enemies":"3 Darklings","floor":36,"turns":4},{"damage":29,"enemies":"3 Shapes","floor":37,"turns":5},{"damage":24,"enemies":"Sphere and 2 Shapes","floor":38,"turns":4},{"damage":23,"enemies":"4 Shapes","floor":39,"turns":4},{"damage":64,"enemies":"Jaw Worm Horde","floor":42,"turns":2}],"seed_played":"-6232545075869450580","potions_obtained":[{"floor":9,"key":"Fire Potion"},{"floor":11,"key":"SteroidPotion"},{"floor":12,"key":"FearPotion"},{"floor":16,"key":"LiquidBronze"},{"floor":30,"key":"FairyPotion"},{"floor":31,"key":"Fire Potion"},{"floor":33,"key":"Weak Potion"},{"floor":37,"key":"Guardian:BlockOnCardUsePotion"}],"is_trial":false,"path_per_floor":["R","M","?","?","M","R","T","$","E","?","E","M","R","$","M","B",null,"R","M","?","?","?","R","T","$","E","R","M","M","?","M","M","B",null,"R","M","M","M","M","R","T","M"],"character_chosen":"THE_SNECKO","items_purchased":["Fruit Juice"],"campfire_rested":2,"item_purchase_floors":[8],"current_hp_per_floor":[90,90,69,69,69,69,69,69,57,50,50,54,54,54,54,15,95,95,95,95,95,57,57,57,49,35,76,64,63,63,63,51,22,105,105,92,63,51,28,59,59,0,0,0],"gold":258,"neow_bonus":"THREE_ENEMY_KILL","is_daily":false,"chose_seed":false,"campfire_upgraded":2,"win_rate":0.0,"timestamp":1614305914,"path_taken":["R","M","?","?","?","R","T","?","E","?","E","M","R","?","M","BOSS","R","M","?","?","?","R","T","$","E","R","M","M","?","M","M","BOSS","R","M","?","M","M","R","T","M"],"items_purchased_type":["Potion"],"build_version":"2020-12-22","purchased_purges":0,"victory":false,"max_hp_per_floor":[90,90,90,90,90,90,90,90,90,90,90,95,95,95,95,95,95,95,95,95,95,95,95,95,95,95,105,105,105,105,105,105,105,105,105,105,105,105,105,105,105,105,105,105],"card_choices":[{"not_picked":["sneckomod:CheapStock","sneckomod:DiceBlock"],"picked":"sneckomod:UnknownBlock","floor":2},{"not_picked":["sneckomod:ImprovisedGuard","sneckomod:Nope"],"picked":"sneckomod:UnknownUncommonPower","floor":5},{"not_picked":["sneckomod:DefensiveFlair","sneckomod:WideSting"],"picked":"sneckomod:SnakeSap","floor":8},{"not_picked":["sneckomod:IronFang","sneckomod:RainOfDice"],"picked":"sneckomod:UnknownRareAttack","floor":9},{"not_picked":["sneckomod:UnknownCommonAttack","sneckomod:Unknown1Cost"],"picked":"sneckomod:SnekBeam","floor":11},{"not_picked":["sneckomod:DiceBlock","sneckomod:Unknown1Cost","sneckomod:RainOfDice"],"picked":"SKIP","floor":12},{"not_picked":["sneckomod:SoulRoll","sneckomod:IronFang"],"picked":"sneckomod:WideSting","floor":14},{"not_picked":["sneckomod:UnknownX","sneckomod:Nope"],"picked":"sneckomod:UnknownRarePower","floor":15},{"not_picked":["sneckomod:Mudshield","sneckomod:GlitteringGambit"],"picked":"sneckomod:UnknownRarePower","floor":16},{"not_picked":["sneckomod:UnknownDraw","sneckomod:UnknownX"],"picked":"sneckomod:UnknownClassGUARDIAN","floor":19},{"not_picked":["sneckomod:Nope","sneckomod:UnknownExhaust"],"picked":"sneckomod:UnknownX+1","floor":22},{"not_picked":["Guardian:Gem_Red","Guardian:Gem_Green"],"picked":"Guardian:Gem_Cyan","floor":22},{"not_picked":[],"picked":"J.A.X.","floor":22},{"not_picked":["Guardian:Gem_Red","Guardian:Gem_Green"],"picked":"Guardian:Gem_Cyan","floor":25},{"not_picked":["sneckomod:WideSting","sneckomod:QuickMove"],"picked":"sneckomod:UnknownVulnerable+1","floor":25},{"not_picked":["sneckomod:Unknown1Cost+1","sneckomod:CheapStock"],"picked":"sneckomod:UnknownDexterity+1","floor":26},{"not_picked":["sneckomod:UnknownColorless+1","sneckomod:UnknownCommonSkill"],"picked":"sneckomod:UnknownX+1","floor":28},{"not_picked":["sneckomod:DefensiveFlair","sneckomod:UnknownClassTHE_BRONZE_AUTOMATON+1"],"picked":"sneckomod:UnknownClassTHE_CHAMP_GRAY","floor":29},{"not_picked":["sneckomod:UnknownExhaust+1","sneckomod:UnknownClassGUARDIAN+1"],"picked":"sneckomod:TrashToTreasure","floor":31},{"not_picked":["sneckomod:ImprovisedGuard","sneckomod:MixItUp"],"picked":"sneckomod:UnknownClassGUARDIAN","floor":32},{"not_picked":["sneckomod:UnknownRarePower","sneckomod:DangerNoodle"],"picked":"sneckomod:Cheat","floor":33},{"not_picked":["sneckomod:UnendingSupply","sneckomod:UnknownX+1"],"picked":"sneckomod:IronFang+1","floor":36},{"not_picked":["sneckomod:Nope","sneckomod:SlitherStrike+1"],"picked":"sneckomod:QuickMove+1","floor":37},{"not_picked":["Guardian:Gem_Red","Guardian:Gem_Lightblue"],"picked":"Guardian:Gem_Green","floor":38},{"not_picked":["sneckomod:IronFang","sneckomod:WideSting","sneckomod:UnknownCommonAttack"],"picked":"SKIP","floor":38},{"not_picked":["sneckomod:UnknownCommonSkill","sneckomod:Unknown1Cost+1"],"picked":"sneckomod:UnknownRareAttack","floor":39}],"player_experience":1056125,"relics_obtained":[{"floor":7,"key":"Torii"},{"floor":9,"key":"Meat on the Bone"},{"floor":11,"key":"Juzu Bracelet"},{"floor":22,"key":"MutagenicStrength"},{"floor":22,"key":"sneckomod:LoadedDie"},{"floor":25,"key":"Meat on the Bone"},{"floor":26,"key":"Ancient Tea Set"},{"floor":26,"key":"champ:DeflectingBracers"},{"floor":33,"key":"Meat on the Bone"},{"floor":36,"key":"Meat on the Bone"},{"floor":37,"key":"Ancient Tea Set"},{"floor":38,"key":"Oddly Smooth Stone"},{"floor":39,"key":"Meat on the Bone"},{"floor":41,"key":"Omamori"}],"event_choices":[{"damage_healed":0,"gold_gain":0,"player_choice":"Success","damage_taken":7,"relics_obtained":["Happy Flower"],"max_hp_gain":0,"max_hp_loss":0,"event_name":"Scrap Ooze","floor":10,"gold_loss":0},{"damage_healed":0,"gold_gain":0,"player_choice":"Read","damage_taken":0,"max_hp_gain":0,"max_hp_loss":0,"event_name":"The Library","floor":20,"gold_loss":0,"cards_obtained":["sneckomod:Rotation"]},{"damage_healed":0,"gold_gain":0,"player_choice":"Got Potions","damage_taken":0,"max_hp_gain":0,"max_hp_loss":0,"event_name":"Lab","floor":30,"gold_loss":0}],"is_beta":false,"boss_relics":[{"not_picked":["Astrolabe","SacredBark"],"picked":"Pandora\u0027s Box"},{"not_picked":["Cursed Key","Busted Crown"],"picked":"sneckomod:SuperSneckoSoul"}],"items_purged_floors":[],"is_endless":false,"potions_floor_spawned":[9,11,12,16,19,22,31,33,37,39],"killed_by":"Jaw Worm Horde","ascension_level":2}}