{"host":"vrsxkkch9ccrec7k","time":1614324990,"event":{"mods":["Act Like it!","BaseMod","Bestiary","Better Altar","Better Match","Better Note","Better Sensory Stone","Better Skull","Better Third Choice","Better Vampires","Downfall","Minty Spire (QoL Compilation)","Permanent Neow","Relic Stats","Spicy Shops","StSLib"],"gold_per_floor":[365,290,290,25,37,48,48,65,65,99,99,99,132,17,17,94,94,48,48,67,67,67],"floor_reached":21,"language":"ENG","playtime":733,"items_purged":["Decay"],"score":374,"play_id":"4b6c6159-318e-4fbc-8202-91820338088e","local_time":"20210226023630","is_ascension_mode":true,"campfire_choices":[{"data":"Bash","floor":7,"key":"SMITH"},{"data":"Pommel Strike","floor":11,"key":"SMITH"},{"data":"Inflame","floor":15,"key":"SMITH"}],"circlet_count":0,"master_deck":["AscendersBane","Strike_R","Strike_R","Strike_R","Strike_R","Defend_R","Defend_R","Defend_R","Defend_R","Bash+1","Inflame+1","Wild Strike","Pommel Strike+1","Heavy Blade","Anger","Flex","Evolve","Thunderclap","Corruption+1","Feel No Pain","Armaments","Feel No Pain"],"relics":["Burning Blood","Guardian:PocketSentry","Ancient Tea Set","Prayer Wheel","HornCleat","Self Forming Clay","SlaversCollar"],"acts_visited":["Exordium","TheCity"],"potions_floor_usage":[8,10],"damage_taken":[{"damage":3,"enemies":"2 Louse","floor":1,"turns":4},{"damage":1,"enemies":"Cultist","floor":5,"turns":3},{"damage":2,"enemies":"Jaw Worm","floor":6,"turns":3},{"damage":8,"enemies":"Exordium Thugs","floor":8,"turns":4},{"damage":17,"enemies":"3 Sentries","floor":10,"turns":6},{"damage":20,"enemies":"Lagavulin","floor":13,"turns":6},{"damage":17,"enemies":"Hexaghost","floor":16,"turns":7},{"damage":36,"enemies":"2 Thieves","floor":18,"turns":5},{"damage":19,"enemies":"Spheric Guardian","floor":20,"turns":4},{"damage":19,"enemies":"Centurion and Healer","floor":21,"turns":3}],"seed_played":"-4575843234212638857","potions_obtained":[{"floor":1,"key":"Block Potion"},{"floor":6,"key":"BlessingOfTheForge"},{"floor":16,"key":"ElixirPotion"},{"floor":18,"key":"FearPotion"}],"is_trial":false,"path_per_floor":["M","?","?","$","M","M","R","M","T","E","R","?","E","$","R","B",null,"M","?","M","M"],"character_chosen":"IRONCLAD","items_purchased":["Guardian:PocketSentry","Wild Strike","Evolve","Thunderclap"],"campfire_rested":0,"item_purchase_floors":[4,4,14,14],"current_hp_per_floor":[68,68,68,68,68,68,68,66,66,55,55,55,41,41,41,30,59,29,29,16,0,0],"gold":67,"neow_bonus":"TWO_FIFTY_GOLD","is_daily":false,"chose_seed":false,"campfire_upgraded":3,"win_rate":0.0,"timestamp":1614324990,"path_taken":["M","?","?","$","?","M","R","?","T","E","R","?","E","?","R","BOSS","M","?","M","?"],"items_purchased_type":["Relic","Card","Card","Card"],"build_version":"2020-12-22","purchased_purges":1,"victory":false,"max_hp_per_floor":[68,68,68,68,68,68,68,68,68,68,68,68,68,68,68,68,68,68,68,68,68,68],"relic_stats":{"counters":[10,45],"Self Forming Clay":[33],"Prayer Wheel":2,"obtain_stats":[{"SlaversCollar":17,"HornCleat":12,"Self Forming Clay":13,"Prayer Wheel":10,"Guardian:PocketSentry":4,"Ancient Tea Set":9,"Burning Blood":0},{"SlaversCollar":7,"HornCleat":5,"Self Forming Clay":6,"Prayer Wheel":5,"Guardian:PocketSentry":1,"Ancient Tea Set":4,"Burning Blood":0},{"SlaversCollar":33,"HornCleat":20,"Self Forming Clay":26,"Prayer Wheel":20,"Guardian:PocketSentry":4,"Ancient Tea Set":14,"Burning Blood":0}],"Burning Blood":42},"card_choices":[{"not_picked":["Entrench","Clash"],"picked":"Inflame","floor":1},{"not_picked":["Heavy Blade","Shrug It Off"],"picked":"Pommel Strike","floor":5},{"not_picked":["Warcry","Armaments"],"picked":"Anger","floor":6},{"not_picked":["Searing Blow","Barricade"],"picked":"Heavy Blade","floor":8},{"not_picked":["Searing Blow","Sentinel"],"picked":"Anger","floor":10},{"not_picked":["Heavy Blade","Headbutt"],"picked":"Flex","floor":13},{"not_picked":["Exhume","Juggernaut"],"picked":"Corruption","floor":16},{"not_picked":["Sword Boomerang","Clash"],"picked":"Feel No Pain","floor":18},{"not_picked":["Blood for Blood","Pummel","Twin Strike"],"picked":"SKIP","floor":18},{"not_picked":["Clash","Cleave"],"picked":"Armaments","floor":20},{"not_picked":["Fire Breathing","Whirlwind"],"picked":"Feel No Pain","floor":20}],"player_experience":2038527,"relics_obtained":[{"floor":9,"key":"Ancient Tea Set"},{"floor":10,"key":"Prayer Wheel"},{"floor":13,"key":"Self Forming Clay"}],"event_choices":[{"cards_removed":["Strike_R"],"damage_healed":0,"gold_gain":0,"player_choice":"Card Removal","damage_taken":0,"max_hp_gain":0,"max_hp_loss":0,"event_name":"The Cleric","floor":2,"gold_loss":75},{"damage_healed":0,"gold_gain":0,"player_choice":"Cursed","damage_taken":0,"max_hp_gain":0,"max_hp_loss":0,"event_name":"Wheel of Change","floor":3,"gold_loss":0,"cards_obtained":["Decay"]},{"cards_removed":["Anger"],"damage_healed":0,"gold_gain":0,"player_choice":"Gave Card","damage_taken":0,"relics_obtained":["HornCleat"],"max_hp_gain":0,"max_hp_loss":0,"event_name":"WeMeetAgain","floor":12,"gold_loss":0},{"damage_healed":0,"gold_gain":0,"player_choice":"Upgraded","damage_taken":0,"max_hp_gain":0,"max_hp_loss":0,"event_name":"Upgrade Shrine","floor":19,"gold_loss":0,"cards_upgraded":["Corruption"]}],"is_beta":false,"boss_relics":[{"not_picked":["SacredBark","Sozu"],"picked":"SlaversCollar"}],"items_purged_floors":[4],"is_endless":false,"potions_floor_spawned":[1,6,16,18],"killed_by":"Centurion and Healer","ascension_level":20}}