{"host":"17xjy7b7ubl548g2","time":1614315612,"event":{"mods":["2.2 Compatiblity","Act Like it!","Aspiration","Astrologer","Bard","BaseMod","Challenge The Spire","ChefMod","Colored Map","Colored Powertips","Conspire","Elementarium","Energized Spire","Friendly Minions","Gensokyo","GifTheSpireLib","Halation","Hallownest","Hermit","Hubris","Infinite Spire","Jedi Mod","Jorbs\u0027s Wanderer Trilogy","Marisa（霧雨　魔理沙）","Marked Mod","Menagerie","Minty Spire (QoL Compilation)","Permanent Neow","Reliquary","Replay The Spire","Robot Space Explorer","Ruina","Shapeshifter Mod","Spicy Shops","Spire Arcade","StSLib","Stuff the Spire","The Blue Laboratory","The Bug Knight","The Construct","The Disciple","The Hayseed","The Hierophant","The Marked","The Mystic","The Runesmith","The Sage","TheFirefly"],"gold_per_floor":[114,134,153,153,169,202,202,227,280,280,293,421,433,444,444,541,591,603,621,621,632,645,645,656,656,734,854,246,246,358,358,358,358,358],"floor_reached":33,"language":"ENG","playtime":4647,"items_purged":["mysticmod:Strike_Mystic","Pride"],"score":347,"play_id":"db6d0354-ab27-4708-9a92-a01248bc6eec","local_time":"20210226000012","is_ascension_mode":true,"campfire_choices":[{"data":"mysticmod:Daze","floor":7.0,"key":"SMITH"},{"data":"Skewer","floor":10.0,"key":"SMITH"},{"data":"mysticmod:Haste","floor":15,"key":"SMITH"},{"data":"mysticmod:Momentum","floor":23,"key":"SMITH"},{"data":"mysticmod:FloatingDisk","floor":25,"key":"SMITH"},{"data":"mysticmod:CureLightWounds","floor":29,"key":"SMITH"},{"floor":32,"key":"REST"}],"circlet_count":0,"master_deck":["mysticmod:Defend_Mystic","mysticmod:Defend_Mystic","mysticmod:Defend_Mystic+1","mysticmod:ArcaneDodge","mysticmod:ShockingGrasp","mysticmod:AllIn","mysticmod:CorrosiveTouch","mysticmod:Flurry","Skewer+1","All Out Attack","Bullet Time+1","mysticmod:FloatingDisk","mysticmod:Daze+1","mysticmod:Disengage","mysticmod:MightyMagic+1","mysticmod:Haste+1","mysticmod:BulkUp","mysticmod:BladedDash","mysticmod:Momentum+1","mysticmod:FloatingDisk+1","mysticmod:MightyMagic+1","mysticmod:ComponentsPouch+1","mysticmod:Snowball+1","mysticmod:TomeOfSpells","mysticmod:Shield+1","mysticmod:CureLightWounds+1","mysticmod:EnchantedMoulinet","mysticmod:Fly+1","mysticmod:DiviningBlow","mysticmod:Stoneskin","mysticmod:Riposte"],"relics":["mysticmod:SpellBook","reliquary:BoilingFlask","reliquary:SharkskinSheath","StuffTheSpire:TintedRock","reliquary:Buckler","Tiny House","mysticmod:DeckOfManyThings","jedi:archwizardhat","infinitespire:Lucky Rock","conspire:GiftBox","hubris:CrystalStatue","PreservedInsect","halation:SelfBoilingWater"],"acts_visited":["Exordium","Menagerie:Menagerie"],"potions_floor_usage":[16,22,27],"damage_taken":[{"damage":0.0,"enemies":"Menagerie:MonstrousExperiment","floor":1.0,"turns":5.0},{"damage":0.0,"enemies":"Menagerie:2_RABBITS","floor":2.0,"turns":3.0},{"damage":0.0,"enemies":"Menagerie:StygianBoar","floor":3.0,"turns":2.0},{"damage":0.0,"enemies":"Menagerie:Hexasnake","floor":5.0,"turns":3.0},{"damage":15.0,"enemies":"Menagerie:VoidReaper","floor":6.0,"turns":2.0},{"damage":4.0,"enemies":"Menagerie:Hydra","floor":8.0,"turns":4.0},{"damage":5.0,"enemies":"Menagerie:MeltingSalamander","floor":11.0,"turns":3.0},{"damage":9.0,"enemies":"Menagerie:VoidReaper","floor":12.0,"turns":3.0},{"damage":0.0,"enemies":"Menagerie:RedMage","floor":13.0,"turns":2.0},{"damage":7,"enemies":"Menagerie:MENAGERIE_WILDLIFE","floor":14,"turns":3},{"damage":4,"enemies":"Menagerie:AVATARS","floor":16,"turns":6},{"damage":3,"enemies":"ruina:BadWolf","floor":18,"turns":5},{"damage":9,"enemies":"ruina:2_Scarecrows","floor":19,"turns":7},{"damage":4,"enemies":"ruina:KingOfGreed","floor":21,"turns":4},{"damage":10,"enemies":"ruina:Woodsman","floor":22,"turns":4},{"damage":18,"enemies":"ruina:Nos_and_Bat","floor":24,"turns":4},{"damage":13,"enemies":"ruina:Mountain","floor":27,"turns":6},{"damage":8,"enemies":"ruina:RoadHome","floor":30,"turns":5},{"damage":20,"enemies":"ruina:Red_and_Wolf","floor":33,"turns":6}],"seed_played":"7833685617617972782","potions_obtained":[{"floor":1.0,"key":"SteroidPotion"},{"floor":6.0,"key":"blueLaboratory:SavagePotion"},{"floor":8.0,"key":"Languid Potion"},{"floor":11.0,"key":"Dexterity Potion"},{"floor":14,"key":"blueLaboratory:HorrorPotion"},{"floor":16,"key":"blueLaboratory:BottleOfVodka"},{"floor":17,"key":"blueLaboratory:ExaltedPotion"},{"floor":27,"key":"blueLaboratory:RememoryPotion"}],"is_trial":false,"path_per_floor":["M","M","M","?","M","E","R","E","T","R","M","E","M","M","R","B",null,"M","M","AVR","M","M","R","M","R","T","E","$","R","E","?","R","B"],"character_chosen":"MYSTIC_CLASS","items_purchased":["conspire:GiftBox","hubris:CrystalStatue","PreservedInsect","mysticmod:Fly+1","mysticmod:DiviningBlow","mysticmod:Stoneskin"],"campfire_rested":1,"item_purchase_floors":[28,28,28,28,28,28],"current_hp_per_floor":[77,77,77,77,77,62,62,58,58,58,53,44,44,37,37,33,82,79,70,70,66,56,56,38,38,38,25,25,25,23,31,55,40,40],"gold":358,"neow_bonus":"REMOVE_CARD","is_daily":false,"chose_seed":false,"campfire_upgraded":6,"win_rate":0.0,"timestamp":1614315612,"path_taken":["M","M","?","?","?","E","R","E","T","R","?","E","M","M","R","BOSS","M","M","AVR","M","?","R","M","R","T","E","$","R","E","?","R","BOSS"],"items_purchased_type":["Relic","Relic","Relic","Card","Card","Card"],"build_version":"2020-12-22","purchased_purges":2,"victory":false,"max_hp_per_floor":[77,77,77,77,77,77,77,77,77,77,77,77,77,77,77,77,82,82,82,82,82,82,82,82,82,82,82,82,82,82,82,82,82,82],"card_choices":[{"not_picked":["mysticmod:Disengage","mysticmod:MirrorStrike"],"picked":"mysticmod:AllIn","floor":1.0},{"not_picked":["mysticmod:BulkUp","mysticmod:Alacrity"],"picked":"mysticmod:CorrosiveTouch","floor":2.0},{"not_picked":["mysticmod:Probe","mysticmod:Shield"],"picked":"mysticmod:Flurry","floor":3.0},{"not_picked":["mysticmod:Grapple","mysticmod:EbbAndFlow"],"picked":"mysticmod:FloatingDisk","floor":5.0},{"not_picked":["mysticmod:AllIn","mysticmod:SpontaneousCaster"],"picked":"mysticmod:Daze","floor":6.0},{"not_picked":["mysticmod:Probe","mysticmod:Daze"],"picked":"mysticmod:Disengage","floor":8.0},{"not_picked":["mysticmod:Daze","mysticmod:ComponentsPouch"],"picked":"mysticmod:MightyMagic","floor":11.0},{"not_picked":["mysticmod:MirrorStrike","mysticmod:Shield"],"picked":"mysticmod:Haste","floor":12.0},{"not_picked":["mysticmod:HunkerDown","mysticmod:Flourish"],"picked":"mysticmod:BulkUp","floor":13.0},{"not_picked":["mysticmod:HeavyStrike","mysticmod:SummonFamiliar"],"picked":"mysticmod:BladedDash","floor":14},{"not_picked":["mysticmod:Doublecast","mysticmod:GreaterInvisibility"],"picked":"mysticmod:Momentum","floor":16},{"not_picked":["mysticmod:ComboCaster","mysticmod:CorrosiveTouch"],"picked":"mysticmod:FloatingDisk","floor":17},{"not_picked":["mysticmod:PureInstinct","mysticmod:DiviningBlow"],"picked":"mysticmod:MightyMagic+1","floor":18},{"not_picked":["mysticmod:PureInstinct","mysticmod:PunishingArmor"],"picked":"mysticmod:ComponentsPouch+1","floor":19},{"not_picked":["mysticmod:EbbAndFlow","mysticmod:MagicMissile+1"],"picked":"mysticmod:Snowball+1","floor":21},{"not_picked":["mysticmod:MightyMagic+1","mysticmod:EnergizedRift"],"picked":"mysticmod:TomeOfSpells","floor":22},{"not_picked":["mysticmod:CorrosiveTouch","mysticmod:StyleChange"],"picked":"mysticmod:Shield+1","floor":24},{"not_picked":["mysticmod:Flourish","mysticmod:EnergizedRift+1"],"picked":"mysticmod:CureLightWounds","floor":27},{"not_picked":["mysticmod:GeminiForm","mysticmod:Doublecast"],"picked":"mysticmod:EnchantedMoulinet","floor":28},{"not_picked":["mysticmod:FiveFootStep","mysticmod:EbbAndFlow"],"picked":"mysticmod:Riposte","floor":30}],"player_experience":2279421,"relics_obtained":[{"floor":6.0,"key":"reliquary:BoilingFlask"},{"floor":8.0,"key":"reliquary:SharkskinSheath"},{"floor":9.0,"key":"StuffTheSpire:TintedRock"},{"floor":12.0,"key":"reliquary:Buckler"},{"floor":26,"key":"jedi:archwizardhat"},{"floor":27,"key":"infinitespire:Lucky Rock"},{"floor":30,"key":"halation:SelfBoilingWater"}],"event_choices":[],"is_beta":false,"boss_relics":[{"not_picked":["StuffTheSpire:ModemDavis","Kintsugi"],"picked":"Tiny House"}],"items_purged_floors":[20,28],"is_endless":false,"potions_floor_spawned":[1,6,8,11,14,16,18,27],"killed_by":"ruina:Red_and_Wolf","ascension_level":1}}