{"host":"s41rn2jhghpwfrvz","time":1614363330,"event":{"mods":["BaseMod","Minty Spire (QoL Compilation)","Quick Restart","Relic Stats","SuperFastMode"],"gold_per_floor":[111,111,186,196,210,210,210],"floor_reached":6,"language":"ENG","playtime":178,"items_purged":[],"score":72,"play_id":"48c837a1-7684-4cde-a04f-b44330609da4","local_time":"20210226201530","daily_mods":["SealedDeck","Diverse","Elite Swarm"],"is_ascension_mode":true,"campfire_choices":[],"circlet_count":0,"master_deck":["AscendersBane","Coolheaded","Blade Dance+1","Steam","Study","WreathOfFlame","Whirlwind","PiercingWail","PiercingWail+1","Blur","Prostrate","Escape Plan"],"relics":["Burning Blood"],"acts_visited":["Exordium"],"potions_floor_usage":[],"damage_taken":[{"damage":0,"enemies":"Small Slimes","floor":1,"turns":4},{"damage":0,"enemies":"Jaw Worm","floor":4,"turns":5},{"damage":6,"enemies":"Cultist","floor":5,"turns":6},{"damage":93,"enemies":"Gremlin Nob","floor":6,"turns":4}],"seed_played":"9212066751126151829","potions_obtained":[{"floor":4,"key":"FairyPotion"}],"is_trial":true,"path_per_floor":["M","?","?","M","M","E"],"character_chosen":"IRONCLAD","items_purchased":[],"campfire_rested":0,"item_purchase_floors":[],"current_hp_per_floor":[74,51,40,46,46,0,0],"gold":210,"neow_bonus":"","is_daily":false,"chose_seed":false,"campfire_upgraded":0,"win_rate":0.0,"timestamp":1614363330,"path_taken":["M","?","?","M","M","E"],"items_purchased_type":[],"build_version":"2020-12-22","purchased_purges":0,"victory":false,"max_hp_per_floor":[75,75,75,75,75,75,75],"relic_stats":{"counters":[4,19],"obtain_stats":[{"Burning Blood":0},{"Burning Blood":0},{"Burning Blood":0}],"Burning Blood":18},"card_choices":[{"not_picked":["True Grit","Shrug It Off"],"picked":"Escape Plan","floor":1},{"not_picked":["Steam","Consecrate","Flying Knee"],"picked":"SKIP","floor":4},{"not_picked":["BowlingBash","Searing Blow","Pummel"],"picked":"SKIP","floor":5}],"player_experience":2033792,"relics_obtained":[],"event_choices":[{"damage_healed":0,"gold_gain":0,"player_choice":"Entered Light","damage_taken":23,"max_hp_gain":0,"max_hp_loss":0,"event_name":"Shining Light","floor":2,"gold_loss":0,"cards_upgraded":["PiercingWail","Blade Dance"]},{"damage_healed":0,"gold_gain":75,"player_choice":"Gather Gold","damage_taken":11,"max_hp_gain":0,"max_hp_loss":0,"event_name":"World of Goop","floor":3,"gold_loss":0}],"is_beta":false,"boss_relics":[],"items_purged_floors":[],"is_endless":false,"potions_floor_spawned":[4],"killed_by":"Gremlin Nob","ascension_level":20}}