{"host":"bplbr8uekuotory4","time":1614335565,"event":{"mods":["Act Like it!","BaseMod","Custom Start","GungeonMod","Hermit","KinomotoSakuraMod(木之本樱)","Marisa（F雨　魔理沙）","Minty Spire (QoL Compilation)","Prisma Mod","Quick Restart","Reimu（博丽灵梦）","SOS（斯巴达之子）","Spicy Shops","StSLib","TestMod","The Blackbeard","The Cursed","The Mystic","The Saiyan","The Senshi","The Servant 0.9.4","Yuri Mod","[IsaacMod]以撒尖塔"],"gold_per_floor":[363,363,131,150,163,163,198,222,222,222,245,73,92,113,113,202,202,217,59,59,459,484,520,546,551,551],"floor_reached":25,"language":"ZHS","playtime":601,"items_purged":["Defend_MRS","MillisecondPulsars+1"],"score":530,"play_id":"18892f69-1757-4b4a-bddd-c1a3ec6656be","local_time":"20210226183245","is_ascension_mode":true,"campfire_choices":[{"data":"PowerUp","floor":6,"key":"SMITH"},{"data":"UpSweep","floor":10,"key":"SMITH"},{"data":"MeteoricShower","floor":15,"key":"SMITH"}],"circlet_count":0,"master_deck":["AscendersBane","Strike_MRS","Strike_MRS","Defend_MRS","MasterSpark","UpSweep+1","ShootTheMoon","Parasite","Parasite","PowerUp+1","MysteriousBeam","MeteoricShower+1","SuperNova","GravityBeat+1","ChargingUp+1","GalacticHalo","Writhe","DarkMatter+1","WitchOfGreed+1"],"relics":["MiniHakkero","HushsDoor","DeadEye","testmod-DeterminationOfClimber","TheBean","BigShroomBag","BookOfRevelations","Astrolabe","GuppysHairball","SatanicBible","DemoMod:ClearGuonStone","Blood Vial","Potion Belt"],"acts_visited":["Exordium","TheCity"],"potions_floor_usage":[16,16],"damage_taken":[{"damage":0,"enemies":"2 Louse","floor":1,"turns":3},{"damage":0,"enemies":"Small Slimes","floor":4,"turns":1},{"damage":0,"enemies":"Jaw Worm","floor":5,"turns":2},{"damage":8,"enemies":"3 Sentries","floor":7,"turns":3},{"damage":4,"enemies":"The Mushroom Lair","floor":8,"turns":2},{"damage":0,"enemies":"2 Fungi Beasts","floor":11,"turns":2},{"damage":0,"enemies":"Large Slime","floor":13,"turns":1},{"damage":0,"enemies":"Blue Slaver","floor":14,"turns":1},{"damage":0,"enemies":"The Guardian","floor":16,"turns":2},{"damage":0,"enemies":"Chosen","floor":18,"turns":1},{"damage":0,"enemies":"Spheric Guardian","floor":22,"turns":1},{"damage":14,"enemies":"Slavers","floor":23,"turns":2},{"damage":0,"enemies":"Centurion and Healer","floor":24,"turns":1},{"damage":0,"enemies":"Gremlin Leader","floor":25,"turns":1}],"seed_played":"-1698231871049269759","potions_obtained":[{"floor":1,"key":"ShroomBrew"},{"floor":4,"key":"Weak Potion"},{"floor":14,"key":"ColorlessPotion"},{"floor":22,"key":"DistilledChaos"},{"floor":23,"key":"BottledSpark"}],"is_trial":false,"path_per_floor":["M","?","$","M","M","R","E","?","T","R","M","$","M","M","R","B",null,"M","$","?","?","M","E","M","E"],"character_chosen":"MARISA","items_purchased":["ShroomBag","BookOfRevelations","GuppysHairball","SatanicBible","DemoMod:ClearGuonStone"],"campfire_rested":0,"item_purchase_floors":[3,12,17,17,19],"current_hp_per_floor":[47,40,40,48,56,56,62,68,68,68,70,70,70,70,70,70,45,45,45,45,45,45,40,45,45,45],"gold":551,"neow_bonus":"TWO_FIFTY_GOLD","is_daily":false,"chose_seed":false,"campfire_upgraded":3,"win_rate":0.0,"timestamp":1614335565,"path_taken":["M","?","$","M","M","R","E","?","T","R","M","$","M","M","R","BOSS","M","$","?","?","M","E","?","E"],"items_purchased_type":["Relic","Relic","Relic","Relic","Relic"],"build_version":"2020-12-22","purchased_purges":2,"victory":false,"max_hp_per_floor":[70,70,70,70,70,70,70,70,70,70,70,70,70,70,70,70,45,45,45,45,45,45,45,45,45,45],"card_choices":[{"not_picked":["MagicAbsorber","MilkyWay"],"picked":"ShootTheMoon","floor":1},{"not_picked":["GravityBeat","IllusionStar","LuminesStrike"],"picked":"SKIP","floor":4},{"not_picked":["6A","ManaConvection"],"picked":"PowerUp","floor":5},{"not_picked":["MillisecondPulsars","NonDirectionalLaser","PowerUp"],"picked":"SKIP","floor":7},{"not_picked":["PropBag","NonDirectionalLaser"],"picked":"MysteriousBeam","floor":11},{"not_picked":["EscapeVelocity","AsteroidBelt","EventHorizon"],"picked":"SKIP","floor":13},{"not_picked":["DoubleSpark","NonDirectionalLaser"],"picked":"MeteoricShower","floor":14},{"not_picked":["UltimateShortwave","TreasureHunter"],"picked":"SuperNova","floor":16},{"not_picked":["DoubleSpark","AsteroidBelt"],"picked":"GalacticHalo","floor":18},{"not_picked":["OneTimeOff","EnergyFlow","EnergyRecoil"],"picked":"SKIP","floor":22},{"not_picked":["SporeBomb","RefractionSpark"],"picked":"DarkMatter+1","floor":23},{"not_picked":["PowerUp","DarkMatter+1"],"picked":"WitchOfGreed+1","floor":24}],"player_experience":1195987,"relics_obtained":[{"floor":7,"key":"TheBean"},{"floor":8,"key":"BigShroomBag"},{"floor":23,"key":"Potion Belt"}],"event_choices":[{"cards_removed":["Strike_MRS"],"damage_healed":0,"gold_gain":0,"player_choice":"Card Removal","damage_taken":7,"max_hp_gain":0,"max_hp_loss":0,"event_name":"Golden Wing","floor":2,"gold_loss":0},{"damage_healed":0,"gold_gain":0,"player_choice":"Fought Mushrooms","damage_taken":0,"max_hp_gain":0,"max_hp_loss":0,"event_name":"Mushrooms_MRS","floor":8,"gold_loss":0},{"damage_healed":0,"gold_gain":0,"player_choice":"Opened","damage_taken":0,"relics_obtained":["Blood Vial"],"max_hp_gain":0,"max_hp_loss":0,"event_name":"The Mausoleum","floor":20,"gold_loss":0,"cards_obtained":["Writhe"]},{"damage_healed":0,"gold_gain":400,"player_choice":"Sell","damage_taken":0,"max_hp_gain":0,"max_hp_loss":0,"event_name":"恩洛斯的盘子","floor":21,"relics_lost":["testmod-TestBox"],"gold_loss":0}],"is_beta":false,"boss_relics":[{"not_picked":["theSenshi:MoonKaleidoScopeRelic","testmod-Temperance"],"picked":"Astrolabe"},{"not_picked":[]}],"items_purged_floors":[3,17],"is_endless":false,"potions_floor_spawned":[1,4,5,11,14,22,23],"killed_by":"Gremlin Leader","ascension_level":17}}