{"host":"sv70n8tirfk0oiuf","time":1614361877,"event":{"mods":["Act Like it!","BaseMod","Gensokyo","Marisa£®ÏF”Í°°ƒß¿Ì…≥£©","Minty Spire (QoL Compilation)","Reimu£®≤©¿ˆ¡È√Œ£©","Remilia£®¿Ÿ√◊¿Ú—«£©","StSLib","The Administrix","noobMod"],"gold_per_floor":[112,187,206,220,220,249,264,297,297,331,348,360,360,535,535,630,630,643,553,563,47,74,117,142,210,288,320,320,346,346,402,402,543,543,553,571,631,205,205,260,260,327,327,393,393,24,71,98,98,98,98,98,51,84,112],"floor_reached":56,"language":"ZHS","playtime":4076,"items_purged":["WitchOfGreed"],"score":1513,"play_id":"48850145-b3f1-4806-900d-5a3dac730503","local_time":"20210227015117","is_ascension_mode":true,"campfire_choices":[{"floor":15,"key":"RECALL"},{"data":"PropBag","floor":28,"key":"SMITH"},{"data":"DarkMatter","floor":30,"key":"SMITH"},{"floor":32,"key":"REST"},{"data":"OpenUniverse","floor":41,"key":"SMITH"},{"data":"BinaryStars","floor":49,"key":"SMITH"},{"data":"CollectingQuirk","floor":52,"key":"SMITH"}],"circlet_count":0,"master_deck":["Strike_MRS","Strike_MRS","Strike_MRS","Strike_MRS","Defend_MRS","Defend_MRS","Defend_MRS","Defend_MRS","MasterSpark","UpSweep","ChargeUpSpray","GravityBeat","Acceleration","DC","GravityBeat+1","PropBag+1","IllusionStar","PropBag","NonDirectionalLaser","CollectingQuirk","AlicesGift","EarthLightRay+1","WitchOfGreed","GrandCross","IllusionStar","OrrerysSun","WitchOfGreed+1","GravityBeat","CollectingQuirk+1","DarkMatter+1","NonDirectionalLaser+1","BinaryStars+1","Robbery","GrandCross+1","OpenUniverse+1","PropBag","DarkSpark+1","ShootingEcho+1","IllusionStar+1","BinaryStars+1","WitchLeyline+1","ShootingEcho","GrandCross","LuminesStrike+1"],"relics":["MiniHakkero","ice","Question Card","Bronze Scales","Nunchaku","Pantograph","Centennial Puzzle","Blue Candle","SlaversCollar","Frozen Eye","Ornamental Fan","Bottled Lightning","CrazyTorch:ReiMu","Mercury Hourglass","Incense Burner","InkBottle","Runic Pyramid","PreservedInsect","TentaclePot:ReiMu","Bottled Tornado","Letter Opener","War Paint","Medical Kit","Pear","Boot"],"acts_visited":["Exordium","TheCity","TheBeyond","TheEnding"],"potions_floor_usage":[6,23,24,25,25,31,40,42,47,47,50],"damage_taken":[{"damage":1,"enemies":"Jaw Worm","floor":1,"turns":3},{"damage":1,"enemies":"Cultist","floor":3,"turns":3},{"damage":0,"enemies":"2 Louse","floor":4,"turns":2},{"damage":31,"enemies":"Lagavulin","floor":6,"turns":4},{"damage":30,"enemies":"Exordium Thugs","floor":7,"turns":4},{"damage":10,"enemies":"3 Sentries","floor":8,"turns":5},{"damage":29,"enemies":"Lagavulin","floor":10,"turns":4},{"damage":0,"enemies":"Large Slime","floor":11,"turns":4},{"damage":4,"enemies":"Blue Slaver","floor":12,"turns":2},{"damage":41,"enemies":"The Guardian","floor":16,"turns":6},{"damage":1,"enemies":"3 Byrds","floor":18,"turns":3},{"damage":20,"enemies":"2 Thieves","floor":20,"turns":2},{"damage":20,"enemies":"Book of Stabbing","floor":23,"turns":4},{"damage":10,"enemies":"Sentry and Sphere","floor":24,"turns":3},{"damage":6,"enemies":"Gremlin Leader","floor":25,"turns":4},{"damage":2,"enemies":"Book of Stabbing","floor":27,"turns":2},{"damage":17,"enemies":"Gremlin Leader","floor":29,"turns":3},{"damage":11,"enemies":"Snake Plant","floor":31,"turns":3},{"damage":5,"enemies":"Collector","floor":33,"turns":5},{"damage":7,"enemies":"3 Shapes","floor":35,"turns":2},{"damage":11,"enemies":"Orb Walker","floor":36,"turns":2},{"damage":18,"enemies":"Sphere and 2 Shapes","floor":37,"turns":3},{"damage":0,"enemies":"Giant Head","floor":40,"turns":5},{"damage":45,"enemies":"Nemesis","floor":42,"turns":3},{"damage":17,"enemies":"4 Shapes","floor":44,"turns":2},{"damage":0,"enemies":"Reptomancer","floor":47,"turns":2},{"damage":2,"enemies":"Transient","floor":48,"turns":5},{"damage":71,"enemies":"Time Eater","floor":50,"turns":5},{"damage":28,"enemies":"Shield and Spear","floor":54,"turns":2},{"damage":62,"enemies":"The Heart","floor":55,"turns":3}],"seed_played":"-8680573509205717181","potions_obtained":[{"floor":3,"key":"ZuzhouPotion:ReiMu"},{"floor":4,"key":"FearPotion"},{"floor":12,"key":"EssenceOfSteel"},{"floor":16,"key":"Ancient Potion"},{"floor":23,"key":"GrandPatriotsElixir:ReiMu"},{"floor":23,"key":"CultistPotion"},{"floor":24,"key":"Weak Potion"},{"floor":25,"key":"ShroomBrew"},{"floor":25,"key":"Dexterity Potion"},{"floor":29,"key":"BottledSpark"},{"floor":31,"key":"LiquidMemories"},{"floor":33,"key":"DistilledChaos"},{"floor":40,"key":"ShroomBrew"},{"floor":42,"key":"AttackPotion"},{"floor":44,"key":"AttackPotion"},{"floor":47,"key":"ColorlessPotion"},{"floor":48,"key":"Energy Potion"}],"is_trial":false,"path_per_floor":["M","?","M","M","T","E","M","E","T","E","M","M","T","?","R","B",null,"M","?","M","$","T","E","M","E","T","E","R","E","R","M","R","B",null,"M","M","M","$","?","E","R","E","T","M","?","$","E","M","R","B",null,"R","$","E","B",null],"character_chosen":"MARISA","items_purchased":["Frozen Eye","Ornamental Fan","WitchOfGreed","GrandCross","IllusionStar","PropBag","PreservedInsect","TentaclePot:ReiMu","WitchOfGreed","Medical Kit","BinaryStars","GrandCross"],"campfire_rested":1,"item_purchase_floors":[21,21,21,21,21,38,38,38,38,46,46,53],"current_hp_per_floor":[81,70,69,69,69,38,8,72,72,43,43,39,39,39,39,23,98,97,97,77,77,77,61,63,61,61,63,63,50,50,43,78,102,122,119,112,94,94,94,98,98,53,53,36,36,36,46,44,44,145,162,162,162,134,97],"gold":112,"neow_bonus":"TEN_PERCENT_HP_BONUS","is_daily":false,"chose_seed":false,"campfire_upgraded":5,"win_rate":0.0,"timestamp":1614361877,"path_taken":["M","?","M","M","?","E","?","E","T","E","M","M","?","?","R","BOSS","M","?","M","$","?","E","M","E","T","E","R","E","R","M","R","BOSS","M","M","M","$","?","E","R","E","T","M","?","$","E","?","R","BOSS","R","$","E","BOSS"],"items_purchased_type":["Relic","Relic","Card","Card","Card","Card","Relic","Relic","Card","Relic","Card","Card"],"build_version":"2020-12-22","purchased_purges":1,"victory":true,"max_hp_per_floor":[82,82,82,82,82,82,82,84,84,86,86,87,87,87,87,98,98,99,99,101,101,101,107,108,111,111,113,113,116,116,119,119,122,122,126,127,132,132,132,133,133,137,137,142,142,142,152,157,157,162,162,162,162,165,206],"card_choices":[{"not_picked":["DoubleSpark","PowerUp"],"picked":"ChargeUpSpray","floor":1},{"not_picked":["LuminesStrike","UnstableBomb"],"picked":"GravityBeat","floor":3},{"not_picked":["DeepEcoloBomb","WitchLeyline"],"picked":"Acceleration","floor":4},{"not_picked":["UnstableBomb","MilkyWay","DoubleSpark"],"picked":"DC","floor":6},{"not_picked":["ManaConvection","IllusionStar","ChargeUpSpray"],"picked":"GravityBeat","floor":7},{"not_picked":["PowerUp","EnergyRecoil","DC"],"picked":"PropBag","floor":8},{"not_picked":["MagicChant","MysteriousBeam","SprinkleStarSeal"],"picked":"IllusionStar","floor":10},{"not_picked":["OneTimeOff","LuminesStrike","DC"],"picked":"PropBag","floor":11},{"not_picked":["DC","6A","OrrerysSun"],"picked":"NonDirectionalLaser","floor":12},{"not_picked":["StarDustReverie","TreasureHunter","SatelliteIllusion"],"picked":"CollectingQuirk","floor":16},{"not_picked":["StarlightTyphoon","NonDirectionalLaser","SprinkleStarSeal"],"picked":"AlicesGift","floor":18},{"not_picked":["MachineGunSpark","OortCloud","Acceleration"],"picked":"EarthLightRay","floor":20},{"not_picked":["WitchLeyline","MilkyWay+1","NonDirectionalLaser+1"],"picked":"OrrerysSun","floor":23},{"not_picked":["Occultation","MagicAbsorber","6A"],"picked":"WitchOfGreed+1","floor":24},{"not_picked":["ShootTheMoon","PowerUp+1","ChargeUpSpray"],"picked":"GravityBeat","floor":25},{"not_picked":["BlazeAway+1","Acceleration","MysteriousBeam+1"],"picked":"CollectingQuirk","floor":27},{"not_picked":["AlicesGift","SprinkleStarSeal+1","LuminesStrike"],"picked":"DarkMatter","floor":29},{"not_picked":["AsteroidBelt+1","OneTimeOff","AlicesGift"],"picked":"NonDirectionalLaser+1","floor":31},{"not_picked":["MaximisePower","StarDustReverie","BigCrunch"],"picked":"BinaryStars","floor":33},{"not_picked":["MagicAbsorber+1","PowerUp","ManaConvection+1"],"picked":"Robbery","floor":35},{"not_picked":["MilkyWay","LuminesStrike+1","DragonMeteor"],"picked":"GrandCross+1","floor":36},{"not_picked":["StarlightTyphoon+1","WitchLeyline","DoubleSpark+1"],"picked":"OpenUniverse","floor":37},{"not_picked":["EventHorizon","GalacticHalo","MaximisePower"],"picked":"DarkSpark+1","floor":40},{"not_picked":["EnergyFlow","DeepEcoloBomb+1","SporeBomb"],"picked":"ShootingEcho+1","floor":42},{"not_picked":["EnergyRecoil","GalacticHalo","WitchLeyline+1"],"picked":"IllusionStar+1","floor":44},{"not_picked":["NonDirectionalLaser+1","DarkMatter","FinalSpark"],"picked":"WitchLeyline+1","floor":47},{"not_picked":["LuminesStrike+1","WitchOfGreed+1","AsteroidBelt"],"picked":"ShootingEcho","floor":48},{"not_picked":["ShootingEcho+1","MeteoricShower","SporeBomb+1"],"picked":"LuminesStrike+1","floor":54}],"player_experience":353467,"relics_obtained":[{"floor":5,"key":"Question Card"},{"floor":6,"key":"Bronze Scales"},{"floor":8,"key":"Nunchaku"},{"floor":9,"key":"Pantograph"},{"floor":10,"key":"Centennial Puzzle"},{"floor":13,"key":"Blue Candle"},{"floor":23,"key":"Bottled Lightning"},{"floor":25,"key":"CrazyTorch:ReiMu"},{"floor":26,"key":"Mercury Hourglass"},{"floor":27,"key":"Incense Burner"},{"floor":29,"key":"InkBottle"},{"floor":40,"key":"Bottled Tornado"},{"floor":42,"key":"Letter Opener"},{"floor":43,"key":"War Paint"},{"floor":47,"key":"Pear"},{"floor":54,"key":"Boot"}],"event_choices":[{"damage_healed":0,"gold_gain":75,"player_choice":"Gather Gold","damage_taken":11,"max_hp_gain":0,"max_hp_loss":0,"event_name":"World of Goop","floor":2,"gold_loss":0},{"damage_healed":0,"gold_gain":175,"player_choice":"AGREE","damage_taken":0,"max_hp_gain":0,"max_hp_loss":0,"event_name":"Liars Game","floor":14,"gold_loss":0,"cards_obtained":["Doubt"]},{"cards_removed":["Doubt"],"damage_healed":0,"gold_gain":0,"player_choice":"Upgrade and Remove","damage_taken":0,"max_hp_gain":0,"max_hp_loss":0,"event_name":"Designer","floor":19,"gold_loss":90,"cards_upgraded":["GravityBeat"]},{"damage_healed":0,"gold_gain":0,"player_choice":"Ignored","damage_taken":0,"max_hp_gain":0,"max_hp_loss":0,"event_name":"Tomb of Lord Red Mask","floor":39,"gold_loss":0},{"damage_healed":0,"gold_gain":0,"player_choice":"Ignored","damage_taken":0,"max_hp_gain":0,"max_hp_loss":0,"event_name":"SecretPortal","floor":45,"gold_loss":0}],"is_beta":false,"boss_relics":[{"not_picked":["Sozu","Pandora\u0027s Box"],"picked":"SlaversCollar"},{"not_picked":["Coffee Dripper","BewitchedHakkero"],"picked":"Runic Pyramid"}],"items_purged_floors":[46],"is_endless":false,"potions_floor_spawned":[3,4,12,16,23,25,29,31,33,36,37,42,44,48],"ascension_level":1}}