{"host":"hg2vyukq38ky973l","time":1614321530,"event":{"mods":["AchievementEnabler","BaseMod","Minty Spire (QoL Compilation)"],"gold_per_floor":[112,112,124,124,137,165,165,196,196,210,226,226,206,217,217,312,312,330,330,58,69,69,69,88,88,88],"floor_reached":25,"language":"ENG","playtime":936,"items_purged":["Strike_P"],"score":238,"play_id":"e7a1446a-01a9-4eee-a747-9e34fae9b3ee","local_time":"20210226163850","is_ascension_mode":false,"campfire_choices":[{"floor":7,"key":"REST"},{"floor":12,"key":"REST"},{"floor":15,"key":"REST"},{"floor":23,"key":"REST"}],"circlet_count":0,"master_deck":["Strike_P+1","Strike_P","Defend_P","Defend_P","Defend_P","Defend_P","Eruption+1","Vigilance","MentalFortress+1","EmptyFist+1","Vengeance","EmptyFist","Adaptation","Adaptation+1","EmptyFist","EmptyFist","Alpha","FollowUp","Prostrate","FollowUp"],"relics":["HolyWater","NeowsBlessing","Vajra","Matryoshka","Toy Ornithopter","Frozen Egg 2","Bottled Flame","Enchiridion","Whetstone"],"acts_visited":["Exordium","TheCity"],"potions_floor_usage":[8,16,21],"damage_taken":[{"damage":0,"enemies":"Jaw Worm","floor":1,"turns":1},{"damage":0,"enemies":"Cultist","floor":3,"turns":1},{"damage":0,"enemies":"Small Slimes","floor":5,"turns":1},{"damage":38,"enemies":"Gremlin Nob","floor":6,"turns":4},{"damage":16,"enemies":"Lagavulin","floor":8,"turns":5},{"damage":6,"enemies":"Red Slaver","floor":10,"turns":4},{"damage":7,"enemies":"Blue Slaver","floor":11,"turns":4},{"damage":0,"enemies":"3 Louse","floor":14,"turns":3},{"damage":38,"enemies":"The Guardian","floor":16,"turns":10},{"damage":5,"enemies":"Spheric Guardian","floor":18,"turns":3},{"damage":47,"enemies":"2 Thieves","floor":21,"turns":4},{"damage":10,"enemies":"Snake Plant","floor":24,"turns":5},{"damage":22,"enemies":"Shelled Parasite and Fungi","floor":25,"turns":3}],"seed_played":"-7650408289730966842","potions_obtained":[{"floor":1,"key":"PowerPotion"},{"floor":5,"key":"Energy Potion"},{"floor":11,"key":"BlessingOfTheForge"},{"floor":13,"key":"SneckoOil"},{"floor":14,"key":"DuplicationPotion"},{"floor":18,"key":"EssenceOfSteel"},{"floor":24,"key":"StancePotion"}],"is_trial":false,"path_per_floor":["M","?","M","?","M","E","R","E","T","M","M","R","?","M","R","B",null,"M","?","$","M","?","R","M","M"],"character_chosen":"WATCHER","items_purchased":["Whetstone","FollowUp"],"campfire_rested":4,"item_purchase_floors":[20,20],"current_hp_per_floor":[72,58,58,58,58,20,41,25,25,19,12,33,33,33,54,21,72,67,51,51,9,9,30,20,0,0],"gold":88,"neow_bonus":"THREE_ENEMY_KILL","is_daily":false,"chose_seed":false,"campfire_upgraded":0,"win_rate":0.0,"timestamp":1614321530,"path_taken":["M","?","M","?","M","E","R","E","T","?","?","R","?","M","R","BOSS","M","?","$","M","?","R","M","?"],"items_purchased_type":["Relic","Card"],"build_version":"2020-12-22","purchased_purges":1,"victory":false,"max_hp_per_floor":[72,72,72,72,72,72,72,72,72,72,72,72,72,72,72,72,72,72,72,72,72,72,72,72,72,72],"card_choices":[{"not_picked":["Meditate","EmptyMind"],"picked":"MentalFortress","floor":1},{"not_picked":["Consecrate","Evaluate"],"picked":"EmptyFist","floor":3},{"not_picked":["Fasting2","WindmillStrike"],"picked":"Vengeance","floor":5},{"not_picked":["SashWhip","PathToVictory"],"picked":"EmptyFist","floor":6},{"not_picked":["CarveReality","Worship"],"picked":"Adaptation","floor":8},{"not_picked":["FlyingSleeves","Consecrate"],"picked":"Adaptation+1","floor":10},{"not_picked":["Evaluate","ForeignInfluence"],"picked":"EmptyFist","floor":11},{"not_picked":["Collect","CutThroughFate"],"picked":"EmptyFist","floor":14},{"not_picked":["Establishment+1","ConjureBlade"],"picked":"Alpha","floor":16},{"not_picked":["FlyingSleeves","LikeWater+1","ThirdEye"],"picked":"SKIP","floor":18},{"not_picked":["Fasting2+1","Wallop"],"picked":"Prostrate","floor":21},{"not_picked":["Crescendo+1","SashWhip"],"picked":"FollowUp","floor":24}],"player_experience":329800,"relics_obtained":[{"floor":6,"key":"Matryoshka"},{"floor":8,"key":"Toy Ornithopter"},{"floor":9,"key":"Frozen Egg 2"},{"floor":9,"key":"Bottled Flame"},{"floor":19,"key":"Enchiridion"}],"event_choices":[{"damage_healed":0,"gold_gain":0,"player_choice":"Entered Light","damage_taken":14,"max_hp_gain":0,"max_hp_loss":0,"event_name":"Shining Light","floor":2,"gold_loss":0,"cards_upgraded":["MentalFortress","Eruption"]},{"damage_healed":0,"gold_gain":0,"player_choice":"Gave Potion","damage_taken":0,"relics_obtained":["Vajra"],"max_hp_gain":0,"max_hp_loss":0,"event_name":"WeMeetAgain","floor":4,"gold_loss":0},{"damage_healed":0,"gold_gain":0,"player_choice":"Bought 1 Potion","damage_taken":0,"max_hp_gain":0,"max_hp_loss":0,"event_name":"The Woman in Blue","floor":13,"gold_loss":0},{"damage_healed":0,"gold_gain":0,"player_choice":"Obtained Book","damage_taken":16,"max_hp_gain":0,"max_hp_loss":0,"event_name":"Cursed Tome","floor":19,"gold_loss":0},{"cards_removed":["Strike_P"],"damage_healed":0,"gold_gain":0,"player_choice":"Card Removal","damage_taken":0,"max_hp_gain":0,"max_hp_loss":0,"event_name":"Wheel of Change","floor":22,"gold_loss":0}],"is_beta":false,"boss_relics":[{"not_picked":["Busted Crown","Runic Dome"],"picked":"HolyWater"}],"items_purged_floors":[20],"is_endless":false,"potions_floor_spawned":[1,5,11,14,18,24],"killed_by":"Shelled Parasite and Fungi","ascension_level":0}}