{"host":"uhnh33uh34qot0et","time":1614302110,"event":{"mods":["Act Like it!","BaseMod","Bossed Relics","Colored Map","Downfall","GungeonMod","Hallownest","Hermit","JesterMod","Marisa????????","Minty Spire (QoL Compilation)","Relic Stats","Replay The Spire","Ruina","StSLib","The Construct","The Cursed","The Hierophant","The Servant 0.9.4"],"gold_per_floor":[112,126,88,88,63,96,110,110,110,120,150,168,168,187,187,282,282,295,295,55,66,66,66,16,16,16,35,48,66,66,85,85,188,188,203,303,146,161,173,173,173,173,198,210,210,210],"floor_reached":45,"language":"ENG","playtime":1517,"items_purged":[],"score":442,"play_id":"03b4a19d-a52f-40d4-bb43-738f9a9f63d1","local_time":"20210226021510","is_ascension_mode":false,"campfire_choices":[{"data":"FollowUp","floor":8,"key":"SMITH"},{"data":"Meditate","floor":13,"key":"SMITH"},{"floor":15,"key":"REST"},{"data":"Replay:DivineShield","floor":23,"key":"SMITH"},{"floor":25,"key":"REST"},{"floor":30,"key":"REST"},{"data":"LikeWater","floor":32,"key":"SMITH"},{"floor":40,"key":"RECALL"},{"floor":42,"key":"REST"}],"circlet_count":0,"master_deck":["Strike_P","Strike_P","Strike_P","Strike_P","Defend_P","Defend_P","Defend_P","Defend_P","Eruption","Vigilance","LikeWater+1","CrushJoints","Meditate+1","FollowUp+1","EmptyBody","WreathOfFlame","CrushJoints","Replay:DivineShield+1","Adaptation","FlurryOfBlows","Blasphemy","CurseOfTheBell","Replay:AtTheReady+1","BattleHymn","LikeWater+1","LikeWater","ReachHeaven","Alpha+1","Vault+1","Replay:ManipulateFuture+1","MasterReality","EmptyBody+1","Replay:DivineShield+1","ReachHeaven+1"],"relics":["PureWater","NeowsBlessing","Centennial Puzzle","Simple Rune","Odd Mushroom","Calling Bell","Replay:Mystery Machine","Toxic Egg 2","construct:RocketBooster","Mirror","ChewingGum","Vajra","DemoMod:GlassGuonStoneRelic"],"acts_visited":["Exordium","TheCity","TheBeyond"],"potions_floor_usage":[1,11,21,21,28,29,33,39],"damage_taken":[{"damage":0,"enemies":"Cultist","floor":1,"turns":1},{"damage":0,"enemies":"2 Louse","floor":2,"turns":1},{"damage":0,"enemies":"3 Sentries","floor":6,"turns":2},{"damage":0,"enemies":"Jaw Worm","floor":7,"turns":4},{"damage":2,"enemies":"Looter","floor":10,"turns":3},{"damage":0,"enemies":"The Mushroom Lair","floor":11,"turns":4},{"damage":2,"enemies":"2 Fungi Beasts","floor":12,"turns":3},{"damage":0,"enemies":"Exordium Wildlife","floor":14,"turns":2},{"damage":15,"enemies":"Slime Boss","floor":16,"turns":6},{"damage":5,"enemies":"Chosen","floor":18,"turns":3},{"damage":43,"enemies":"Shell Parasite","floor":21,"turns":6},{"damage":11,"enemies":"Snake Plant","floor":27,"turns":4},{"damage":30,"enemies":"Snecko","floor":28,"turns":8},{"damage":10,"enemies":"Shelled Parasite and Fungi","floor":29,"turns":8},{"damage":8,"enemies":"Snake Plant","floor":31,"turns":8},{"damage":23,"enemies":"Pondfish","floor":33,"turns":9},{"damage":13,"enemies":"3 Shapes","floor":35,"turns":5},{"damage":0,"enemies":"Orb Walker","floor":38,"turns":5},{"damage":12,"enemies":"Spire Growth","floor":39,"turns":7},{"damage":61,"enemies":"Transient","floor":44,"turns":6},{"damage":20,"enemies":"Writhing Mass","floor":45,"turns":2}],"seed_played":"-5925958556764118199","potions_obtained":[{"floor":1,"key":"Fruit Juice"},{"floor":7,"key":"Adrenaline Potion"},{"floor":10,"key":"Regen Potion"},{"floor":16,"key":"Regen Potion"},{"floor":18,"key":"PowerPotion"},{"floor":21,"key":"GamblersBrew"},{"floor":27,"key":"Reflective Coating"},{"floor":35,"key":"Dexterity Potion"},{"floor":44,"key":"Dexterity Potion"}],"is_trial":false,"path_per_floor":["M","M","$","?","$","E","M","R","T","M","?","M","R","M","R","B",null,"M","?","$","M","?","R","$","R","T","M","M","M","R","M","R","B",null,"M","?","$","M","M","R","?","R","T","M","M"],"character_chosen":"WATCHER","items_purchased":["Meditate","FollowUp","Mirror","Weak Potion","MasterReality"],"campfire_rested":4,"item_purchase_floors":[3,5,20,24,37],"current_hp_per_floor":[77,77,77,62,62,62,62,62,62,60,60,58,58,58,77,62,77,72,72,72,43,43,43,43,66,66,55,30,20,43,35,35,12,77,64,64,64,64,52,52,52,75,75,14,0,0],"gold":210,"neow_bonus":"THREE_ENEMY_KILL","is_daily":false,"chose_seed":false,"campfire_upgraded":4,"win_rate":0.0,"timestamp":1614302110,"path_taken":["M","?","$","?","$","E","M","R","T","M","?","M","R","M","R","BOSS","M","?","$","M","?","R","?","R","T","M","M","M","R","M","R","BOSS","M","?","?","M","M","R","?","R","T","?","M"],"items_purchased_type":["Card","Card","Relic","Potion","Card"],"build_version":"2020-12-22","purchased_purges":0,"victory":false,"max_hp_per_floor":[77,77,77,77,77,77,77,77,77,77,77,77,77,77,77,77,77,77,77,77,77,77,77,77,77,77,77,77,77,77,77,77,77,77,77,77,77,77,77,77,77,77,77,77,77,77],"relic_stats":{"Centennial Puzzle":[39],"counters":[21,97],"obtain_stats":[{"construct:RocketBooster":17,"NeowsBlessing":0,"Vajra":43,"DemoMod:GlassGuonStoneRelic":1,"Odd Mushroom":11,"Replay:Mystery Machine":17,"Calling Bell":17,"Centennial Puzzle":6,"Simple Rune":9,"ChewingGum":34,"PureWater":0,"Toxic Egg 2":17,"Mirror":20},{"construct:RocketBooster":9,"NeowsBlessing":0,"Vajra":19,"DemoMod:GlassGuonStoneRelic":1,"Odd Mushroom":6,"Replay:Mystery Machine":9,"Calling Bell":9,"Centennial Puzzle":3,"Simple Rune":4,"ChewingGum":16,"PureWater":0,"Toxic Egg 2":9,"Mirror":10},{"construct:RocketBooster":26,"NeowsBlessing":0,"Vajra":89,"DemoMod:GlassGuonStoneRelic":1,"Odd Mushroom":15,"Replay:Mystery Machine":26,"Calling Bell":26,"Centennial Puzzle":4,"Simple Rune":8,"ChewingGum":72,"PureWater":0,"Toxic Egg 2":26,"Mirror":29}]},"card_choices":[{"not_picked":["CutThroughFate","Replay:BluntJabs"],"picked":"LikeWater","floor":1},{"not_picked":["JustLucky","ForeignInfluence"],"picked":"CrushJoints","floor":2},{"not_picked":["JustLucky","Replay:AtTheReady"],"picked":"EmptyBody","floor":6},{"not_picked":["InnerPeace","Replay:BluntJabs"],"picked":"WreathOfFlame","floor":7},{"not_picked":["Halt","Perseverance"],"picked":"CrushJoints","floor":10},{"not_picked":["Evaluate","EmptyBody"],"picked":"Replay:DivineShield","floor":11},{"not_picked":["Replay:ManipulateFuture","Replay:Vibes"],"picked":"Adaptation","floor":12},{"not_picked":["Pray","CrushJoints"],"picked":"FlurryOfBlows","floor":14},{"not_picked":["Omniscience","Scrawl"],"picked":"Blasphemy","floor":16},{"not_picked":["EmptyMind+1","Pray+1"],"picked":"Replay:AtTheReady+1","floor":18},{"not_picked":["Replay:ManipulateFuture+1","Replay:AtTheReady+1"],"picked":"BattleHymn","floor":21},{"not_picked":["Consecrate","FlurryOfBlows+1"],"picked":"LikeWater","floor":27},{"not_picked":["CrushJoints+1","Wallop"],"picked":"LikeWater","floor":28},{"not_picked":["Conclude+1","Evaluate+1"],"picked":"ReachHeaven","floor":29},{"not_picked":["Replay:AtTheReady+1","WheelKick"],"picked":"Alpha+1","floor":31},{"not_picked":["Brilliance","Establishment"],"picked":"Vault+1","floor":33},{"not_picked":["Consecrate","CrushJoints"],"picked":"Replay:ManipulateFuture+1","floor":35},{"not_picked":["Meditate+1","WindmillStrike"],"picked":"EmptyBody+1","floor":38},{"not_picked":["DeceiveReality+1","Halt+1"],"picked":"Replay:DivineShield+1","floor":39},{"not_picked":["Replay:AllIn+1","WaveOfTheHand+1"],"picked":"ReachHeaven+1","floor":44}],"player_experience":69458,"relics_obtained":[{"floor":6,"key":"Centennial Puzzle"},{"floor":9,"key":"Simple Rune"},{"floor":11,"key":"Odd Mushroom"},{"floor":17,"key":"Replay:Mystery Machine"},{"floor":17,"key":"Toxic Egg 2"},{"floor":17,"key":"construct:RocketBooster"},{"floor":43,"key":"Vajra"}],"event_choices":[{"damage_healed":0,"gold_gain":0,"player_choice":"Entered Light","damage_taken":15,"max_hp_gain":0,"max_hp_loss":0,"event_name":"Shining Light","floor":4,"gold_loss":0,"cards_upgraded":["Defend_P","LikeWater"]},{"damage_healed":0,"gold_gain":0,"player_choice":"Fought Mushrooms","damage_taken":0,"max_hp_gain":0,"max_hp_loss":0,"event_name":"Mushrooms","floor":11,"gold_loss":0},{"damage_healed":0,"gold_gain":0,"player_choice":"Ignored","damage_taken":0,"max_hp_gain":0,"max_hp_loss":0,"event_name":"Beggar","floor":19,"gold_loss":0},{"damage_healed":0,"gold_gain":100,"player_choice":"Pray","damage_taken":0,"max_hp_gain":0,"max_hp_loss":0,"event_name":"Golden Shrine","floor":36,"gold_loss":0}],"is_beta":false,"boss_relics":[{"not_picked":["Busted Crown","Runic Pyramid"],"picked":"Calling Bell"},{"not_picked":["Snecko Eye","Replay:Ancient Bell"],"picked":"ChewingGum"}],"items_purged_floors":[],"is_endless":false,"potions_floor_spawned":[1,7,10,16,18,21,27,35,44],"killed_by":"Writhing Mass","ascension_level":0}}