{"host":"bxn2em57qlx5u4i0","time":1614302416,"event":{"mods":["BaseMod","Colored Map","Colored Powertips","Highlight Path","Minty Spire (QoL Compilation)","Random Character Button","Relic Sorter","Relic Stats","StSLib","SuperFastMode"],"gold_per_floor":[118,129,148,68,68,68,104,104,129,129,148,148,183,183,183,277,277,296,315,334,57,72,72,72],"floor_reached":23,"language":"ENG","playtime":520,"items_purged":["Regret"],"score":402,"play_id":"c296619e-c8c7-4fe6-82f3-ed02717fc167","local_time":"20210225202016","is_ascension_mode":true,"campfire_choices":[{"data":"Apotheosis","floor":6.0,"key":"SMITH"},{"data":"Dagger Spray","floor":8.0,"key":"SMITH"},{"data":"Noxious Fumes","floor":10.0,"key":"SMITH"},{"data":"Bouncing Flask","floor":12.0,"key":"SMITH"},{"floor":15.0,"key":"RECALL"}],"circlet_count":0,"master_deck":["AscendersBane","Strike_G","Strike_G","Strike_G","Strike_G","Strike_G","Defend_G","Defend_G","Defend_G","Defend_G","Defend_G","Survivor","Neutralize","Apotheosis+1","Bouncing Flask+1","Dagger Spray+1","Noxious Fumes+1","Backflip","Bullet Time","Calculated Gamble","Footwork"],"relics":["Ring of the Snake","Golden Idol","Akabeko","Ancient Tea Set","Strawberry","Runic Pyramid","ClockworkSouvenir"],"acts_visited":["Exordium","TheCity"],"potions_floor_usage":[],"damage_taken":[{"damage":4.0,"enemies":"Jaw Worm","floor":1.0,"turns":5.0},{"damage":3.0,"enemies":"2 Louse","floor":2.0,"turns":3.0},{"damage":3.0,"enemies":"Cultist","floor":3.0,"turns":5.0},{"damage":11.0,"enemies":"Gremlin Nob","floor":7.0,"turns":3.0},{"damage":0.0,"enemies":"Blue Slaver","floor":11.0,"turns":4.0},{"damage":3.0,"enemies":"Lagavulin","floor":13.0,"turns":8.0},{"damage":24.0,"enemies":"Hexaghost","floor":16.0,"turns":9.0},{"damage":1.0,"enemies":"3 Byrds","floor":18.0,"turns":5.0},{"damage":7.0,"enemies":"Shell Parasite","floor":19.0,"turns":5.0},{"damage":23.0,"enemies":"Snake Plant","floor":20.0,"turns":5.0},{"damage":0.0,"enemies":"Shelled Parasite and Fungi","floor":22.0,"turns":4.0},{"damage":28,"enemies":"Gremlin Leader","floor":23,"turns":2}],"seed_played":"9121649616436969119","potions_obtained":[{"floor":1.0,"key":"ColorlessPotion"},{"floor":3.0,"key":"Energy Potion"},{"floor":11.0,"key":"BlessingOfTheForge"},{"floor":19.0,"key":"DistilledChaos"}],"is_trial":false,"path_per_floor":["M","M","M","$","?","R","E","R","T","R","M","R","E","?","R","B",null,"M","M","M","$","M","E"],"character_chosen":"THE_SILENT","items_purchased":["Noxious Fumes","ClockworkSouvenir","Footwork"],"campfire_rested":0,"item_purchase_floors":[4,21,21],"current_hp_per_floor":[55,52,49,49,49,49,38,38,38,38,38,38,35,42,42,18,50,49,42,19,19,19,0,0],"gold":72,"neow_bonus":"RANDOM_COLORLESS_2","is_daily":false,"chose_seed":false,"campfire_upgraded":4,"win_rate":0.0,"timestamp":1614302416,"path_taken":["M","M","M","$","?","R","E","R","T","R","M","R","E","?","R","BOSS","M","M","M","$","M","E"],"items_purchased_type":["Card","Relic","Card"],"build_version":"2020-12-22","purchased_purges":1,"victory":false,"max_hp_per_floor":[60,60,60,60,54,54,54,54,54,54,54,54,54,61,61,61,61,61,61,61,61,61,61,61],"relic_stats":{"counters":[12,58],"Golden Idol":52,"obtain_stats":[{"Golden Idol":5,"Strawberry":14,"Ancient Tea Set":13,"Akabeko":7,"Ring of the Snake":0,"Runic Pyramid":17,"ClockworkSouvenir":21},{"Golden Idol":3,"Strawberry":6,"Ancient Tea Set":6,"Akabeko":4,"Ring of the Snake":0,"Runic Pyramid":7,"ClockworkSouvenir":10},{"Golden Idol":13,"Strawberry":28,"Ancient Tea Set":28,"Akabeko":16,"Ring of the Snake":0,"Runic Pyramid":37,"ClockworkSouvenir":52}],"Ring of the Snake":[24]},"card_choices":[{"not_picked":["The Bomb","Violence"],"picked":"Apotheosis","floor":0.0},{"not_picked":["Underhanded Strike","Tactician"],"picked":"Bouncing Flask","floor":1.0},{"not_picked":["Riddle With Holes","Heel Hook","Outmaneuver"],"picked":"SKIP","floor":2.0},{"not_picked":["Accuracy","Blade Dance"],"picked":"Dagger Spray","floor":3.0},{"not_picked":["All Out Attack","Dagger Throw"],"picked":"Backflip","floor":7.0},{"not_picked":["Masterful Stab","Skewer","Sucker Punch"],"picked":"SKIP","floor":11.0},{"not_picked":["Predator","Bane","Poisoned Stab"],"picked":"SKIP","floor":13.0},{"not_picked":["Adrenaline","Phantasmal Killer"],"picked":"Bullet Time","floor":16.0},{"not_picked":["Sucker Punch","PiercingWail"],"picked":"Calculated Gamble","floor":18.0},{"not_picked":["Outmaneuver+1","Dagger Throw","Riddle With Holes"],"picked":"SKIP","floor":19.0},{"not_picked":["Slice","Acrobatics","Reflex"],"picked":"SKIP","floor":20.0},{"not_picked":["Terror","Heel Hook","Acrobatics"],"picked":"SKIP","floor":22.0}],"player_experience":3050499,"relics_obtained":[{"floor":7.0,"key":"Akabeko"},{"floor":13.0,"key":"Ancient Tea Set"}],"event_choices":[{"damage_healed":0.0,"max_hp_gain":0.0,"max_hp_loss":6.0,"gold_gain":0.0,"event_name":"Golden Idol","player_choice":"Lose Max HP","floor":5.0,"gold_loss":0.0,"damage_taken":0.0,"relics_obtained":["Golden Idol"]},{"damage_healed":0.0,"max_hp_gain":0.0,"max_hp_loss":0.0,"gold_gain":0.0,"event_name":"Big Fish","player_choice":"Box","floor":14.0,"gold_loss":0.0,"damage_taken":0.0,"relics_obtained":["Strawberry"],"cards_obtained":["Regret"]}],"is_beta":false,"boss_relics":[{"not_picked":["Calling Bell","Busted Crown"],"picked":"Runic Pyramid"}],"items_purged_floors":[21],"is_endless":false,"potions_floor_spawned":[1,3,11,19],"killed_by":"Gremlin Leader","ascension_level":20}}