{"host":"dkr0dog13pegamnp","time":1614340155,"event":{"mods":["AchievementEnabler","BaseMod","Minty Spire (QoL Compilation)","Rare Cards Sparkle","StSLib","SuperFastMode","everything is the same but u backflip on backflip"],"gold_per_floor":[118,133,83,100,100,100,116,133,133,144,160,172,77,77,77],"floor_reached":14,"language":"KOR","playtime":453,"items_purged":["Strike_G","Strike_G"],"score":146,"play_id":"f7d89a77-e1bb-43ea-9a75-db3bcbd4f7af","local_time":"20210226204915","is_ascension_mode":true,"campfire_choices":[{"data":"Neutralize","floor":6,"key":"SMITH"}],"circlet_count":0,"master_deck":["AscendersBane","Strike_G","Strike_G","Strike_G","Defend_G","Defend_G","Defend_G","Defend_G+1","Defend_G","Survivor","Neutralize+1","Cloak And Dagger+1","Backflip","Dagger Spray","Malaise","Blade Dance"],"relics":["Ring of the Snake","Smiling Mask","Thread and Needle"],"acts_visited":["Exordium"],"potions_floor_usage":[14],"damage_taken":[{"damage":2.0,"enemies":"Small Slimes","floor":1.0,"turns":6.0},{"damage":2.0,"enemies":"2 Louse","floor":2.0,"turns":6.0},{"damage":1,"enemies":"Cultist","floor":4,"turns":5},{"damage":5,"enemies":"Lots of Slimes","floor":7,"turns":9},{"damage":6,"enemies":"Large Slime","floor":8,"turns":11},{"damage":0,"enemies":"2 Fungi Beasts","floor":10,"turns":3},{"damage":7,"enemies":"Gremlin Gang","floor":11,"turns":7},{"damage":0,"enemies":"Lots of Slimes","floor":12,"turns":5},{"damage":24,"enemies":"Gremlin Nob","floor":14,"turns":6}],"seed_played":"121531096347984770","potions_obtained":[{"floor":7,"key":"Dexterity Potion"},{"floor":12,"key":"Swift Potion"}],"is_trial":false,"path_per_floor":["M","M","$","M","?","R","M","M","T","M","M","M","$","E"],"character_chosen":"THE_SILENT","items_purchased":["Blade Dance"],"campfire_rested":0,"item_purchase_floors":[13],"current_hp_per_floor":[57,55,55,54,41,41,36,30,30,30,23,23,23,0,0],"gold":77,"neow_bonus":"RANDOM_COMMON_RELIC","is_daily":false,"chose_seed":false,"campfire_upgraded":1,"win_rate":0.0,"timestamp":1614340155,"path_taken":["M","M","$","M","?","R","M","M","T","M","M","M","$","E"],"items_purchased_type":["Card"],"build_version":"2020-12-22","purchased_purges":2,"victory":false,"max_hp_per_floor":[66,66,66,66,66,66,66,66,66,66,66,66,66,66,66],"card_choices":[{"not_picked":["Accuracy","Dodge and Roll"],"picked":"Cloak And Dagger","floor":1.0},{"not_picked":["Dagger Throw","Reflex","Sucker Punch"],"picked":"SKIP","floor":2},{"not_picked":["Reflex","Acrobatics","Dodge and Roll"],"picked":"SKIP","floor":4},{"not_picked":["Endless Agony","Flechettes"],"picked":"Backflip","floor":7},{"not_picked":["Backflip","Dagger Throw"],"picked":"Dagger Spray","floor":8},{"not_picked":["Poisoned Stab","Deflect","Masterful Stab"],"picked":"SKIP","floor":10},{"not_picked":["Escape Plan","Backstab"],"picked":"Malaise","floor":11},{"not_picked":["Acrobatics","Eviscerate","Slice"],"picked":"SKIP","floor":12}],"player_experience":120360,"relics_obtained":[{"floor":9,"key":"Thread and Needle"}],"event_choices":[{"damage_healed":0,"gold_gain":0,"player_choice":"Entered Light","damage_taken":13,"max_hp_gain":0,"max_hp_loss":0,"event_name":"Shining Light","floor":5,"gold_loss":0,"cards_upgraded":["Defend_G","Cloak And Dagger"]}],"is_beta":false,"boss_relics":[],"items_purged_floors":[3,13],"is_endless":false,"potions_floor_spawned":[7,12],"killed_by":"Gremlin Nob","ascension_level":14}}