{"host":"ukx402utdi8v8522","time":1614300097,"event":{"mods":["AchievementEnabler","BaseMod","Colored Map","Colored Powertips","Downfall","Minty Spire (QoL Compilation)","StSLib"],"gold_per_floor":[99,119,134,150,167,167,218,118,136,136,165,185,220,220,239,340,340,340,359,359,377,392,392,417,417,428,461,471,571,606,12,25,121,121,121,131,144,157,257,276,300,323,47,60,95,106,6,6,25,25],"floor_reached":51,"language":"ENG","playtime":2832,"items_purged":["bronze:Strike","downfall:Bewildered"],"score":910,"play_id":"81d1b0a3-611d-44f3-b00f-32c4bb3a30f2","local_time":"20210226114137","is_ascension_mode":false,"campfire_choices":[{"floor":1,"key":"RECALL"},{"data":"bronze:Flail","floor":8,"key":"SMITH"},{"data":"bronze:Boost","floor":10,"key":"SMITH"},{"data":"bronze:ItsAFeature","floor":18,"key":"SMITH"},{"data":"bronze:Turbo","floor":23,"key":"SMITH"},{"data":"bronze:Fortify","floor":25,"key":"SMITH"},{"data":"bronze:Goto","floor":35,"key":"SMITH"},{"data":"bronze:Allocate","floor":47,"key":"SMITH"}],"circlet_count":0,"master_deck":["bronze:Strike","bronze:Strike","bronze:Strike","bronze:Defend","bronze:Defend","bronze:Defend","bronze:Defend","bronze:Replicate","bronze:Goto+1","bronze:Fortify+1","bronze:Flail+1","bronze:DelayedSlice","bronze:Boost+1","bronze:Flail","bronze:ItsAFeature+1","bronze:Break","bronze:AlphaBuild","bronze:Turbo+1","bronze:Optimize","bronze:FineTuning+1","bronze:Boost","bronze:Mutator","bronze:Repulsor","bronze:ThunderWave","bronze:Turbo","bronze:MaxOutput","bronze:Allocate+1","Trip","bronze:Frontload+1","bronze:Turbo+1","downfall:Icky","Injury","bronze:CleanCode","bronze:ForceShield+1","Clumsy","Doubt","Injury","downfall:Haunted","bronze:BurnOut","bronze:Verify","bronze:ForceShield+1"],"relics":["bronze:BronzeCore","Vajra","Guardian:PocketSentry","downfall:HeartBlessingRed","Eternal Feather","Question Card","bronze:BottledCode","expansioncontent:StudyCardRelic","Centennial Puzzle","Bird Faced Urn","Ginger","Darkstone Periapt","Pen Nib","Chemical X","Juzu Bracelet","Philosopher\u0027s Stone","downfall:ExtraCursedKey","Boot","Toolbox","Sundial","Mercury Hourglass","downfall:HeartBlessingGreen"],"acts_visited":["Exordium","TheCity","TheBeyond"],"potions_floor_usage":[5,16,27,28,31,40,43,50,50],"damage_taken":[{"damage":1,"enemies":"Jaw Worm","floor":2,"turns":3},{"damage":5,"enemies":"2 Louse","floor":3,"turns":3},{"damage":0,"enemies":"Small Slimes","floor":4,"turns":3},{"damage":19,"enemies":"Exordium Wildlife","floor":5,"turns":4},{"damage":0,"enemies":"3 Louse","floor":9,"turns":2},{"damage":6,"enemies":"Lagavulin","floor":11,"turns":4},{"damage":2,"enemies":"downfall:LooterAlt","floor":12,"turns":2},{"damage":14,"enemies":"Gremlin Nob","floor":13,"turns":3},{"damage":2,"enemies":"Exordium Wildlife","floor":15,"turns":2},{"damage":12,"enemies":"SI_SHIV_ARCHETYPE","floor":16,"turns":5},{"damage":0,"enemies":"3 Byrds","floor":19,"turns":3},{"damage":0,"enemies":"downfall:LooterAlt2","floor":21,"turns":1},{"damage":6,"enemies":"Chosen and Byrds","floor":22,"turns":2},{"damage":6,"enemies":"Shelled Parasite and Fungi","floor":26,"turns":2},{"damage":13,"enemies":"Slavers","floor":27,"turns":2},{"damage":5,"enemies":"Snake Plant","floor":28,"turns":2},{"damage":5,"enemies":"Colosseum Nobs","floor":29,"turns":2},{"damage":7,"enemies":"Gremlin Leader","floor":30,"turns":4},{"damage":0,"enemies":"downfall:FleeingMerchant","floor":31,"turns":4},{"damage":9,"enemies":"Centurion and Healer","floor":32,"turns":4},{"damage":19,"enemies":"DF_ARCHETYPE_CLAW","floor":33,"turns":4},{"damage":18,"enemies":"Orb Walker","floor":36,"turns":4},{"damage":13,"enemies":"3 Shapes","floor":37,"turns":2},{"damage":0,"enemies":"Transient","floor":38,"turns":5},{"damage":19,"enemies":"Writhing Mass","floor":40,"turns":3},{"damage":20,"enemies":"downfall:FleeingMerchant","floor":43,"turns":3},{"damage":0,"enemies":"Sphere and 2 Shapes","floor":44,"turns":1},{"damage":42,"enemies":"Nemesis","floor":45,"turns":7},{"damage":28,"enemies":"4 Shapes","floor":46,"turns":2},{"damage":17,"enemies":"Spire Growth","floor":49,"turns":3},{"damage":3,"enemies":"WA_ARCHETYPE_DIVINITY","floor":50,"turns":5}],"seed_played":"122859956817538538","potions_obtained":[{"floor":2,"key":"GamblersBrew"},{"floor":3,"key":"SkillPotion"},{"floor":11,"key":"Swift Potion"},{"floor":13,"key":"champ:CounterPotion"},{"floor":21,"key":"Swift Potion"},{"floor":27,"key":"SkillPotion"},{"floor":30,"key":"Ancient Potion"},{"floor":33,"key":"Swift Potion"},{"floor":40,"key":"AttackPotion"},{"floor":44,"key":"bronze:CleanCodePotion"},{"floor":49,"key":"DistilledChaos"}],"is_trial":false,"path_per_floor":["R","M","M","M","M","?","T","R","M","R","E","M","E","?","M","B",null,"R","M","?","M","M","R","T","R","M","E","M","?","E","$","M","B",null,"R","M","M","M","?","M","T","?","$","M","E","M","R","$","M","B",null],"character_chosen":"THE_AUTOMATON","items_purchased":["bronze:MaxOutput","Chemical X","bronze:Allocate","Trip","Juzu Bracelet","bronze:BurnOut","Toolbox","Sundial"],"campfire_rested":0,"item_purchase_floors":[31,31,31,31,31,43,43,43],"current_hp_per_floor":[77,76,71,71,52,45,45,45,45,45,39,37,23,23,21,9,67,67,67,67,67,61,67,67,67,61,48,49,52,53,63,64,50,67,67,55,48,60,83,72,84,96,84,86,66,44,68,68,65,78],"gold":25,"neow_bonus":"TEN_PERCENT_HP_BONUS","is_daily":false,"chose_seed":false,"campfire_upgraded":7,"win_rate":0.0,"timestamp":1614300097,"path_taken":["R","M","M","M","M","?","T","R","M","R","E","M","E","?","M","BOSS","R","M","?","M","M","R","T","R","M","E","M","?","E","?","M","BOSS","R","M","M","M","?","M","T","?","?","M","E","M","R","$","M","BOSS"],"items_purchased_type":["Card","Relic","Card","Card","Relic","Card","Relic","Relic"],"build_version":"2020-12-22","purchased_purges":2,"victory":true,"max_hp_per_floor":[77,77,77,77,77,77,77,77,77,77,77,77,77,67,67,67,67,67,67,67,67,67,67,67,67,67,67,67,67,67,67,67,67,67,67,67,67,67,90,90,102,114,114,114,114,114,114,114,114,114],"card_choices":[{"not_picked":["bronze:BuggyMess","bronze:CutThrough"],"picked":"bronze:Fortify","floor":2},{"not_picked":["bronze:Overheat","bronze:Fortify"],"picked":"bronze:Flail","floor":3},{"not_picked":["bronze:ChosenStrike","bronze:Repulsor"],"picked":"bronze:DelayedSlice","floor":4},{"not_picked":["bronze:WhirlingStrike","bronze:GetLatest"],"picked":"bronze:Boost","floor":5},{"not_picked":["bronze:Branch","bronze:Invalidate","bronze:NullPointer"],"picked":"SKIP","floor":9},{"not_picked":["bronze:BronzeArmor","bronze:Frontload"],"picked":"bronze:Flail","floor":11},{"not_picked":["bronze:BitShift","bronze:WildBeam","bronze:OilSpill"],"picked":"SKIP","floor":12},{"not_picked":["bronze:ChildClass","bronze:Overheat"],"picked":"bronze:ItsAFeature","floor":13},{"not_picked":["bronze:ForceShield","bronze:Philosophize","bronze:CutThrough"],"picked":"bronze:Break","floor":15},{"not_picked":["bronze:SpaghettiCode","bronze:Format","bronze:CleanCode"],"picked":"bronze:AlphaBuild","floor":16},{"not_picked":["bronze:CloningBeam","bronze:Iterate","bronze:CutThrough+1"],"picked":"bronze:Turbo","floor":19},{"not_picked":["bronze:Turbo","bronze:Iterate+1","bronze:Flail","bronze:OilSpill"],"picked":"SKIP","floor":21},{"not_picked":["bronze:Shell","bronze:CloningBeam","bronze:DelayedGuard"],"picked":"bronze:FineTuning+1","floor":22},{"not_picked":["bronze:Backtrace+1","bronze:CutThrough","bronze:GetLatest"],"picked":"bronze:Boost","floor":26},{"not_picked":["bronze:FineTuning+1","bronze:BronzeOrb","bronze:DelayedSlice"],"picked":"bronze:Mutator","floor":27},{"not_picked":["bronze:BuggyMess","bronze:Allocate+1","bronze:DelayedSlice"],"picked":"bronze:Repulsor","floor":28},{"not_picked":["bronze:OilSpill","bronze:CloningBeam","bronze:Iterate"],"picked":"bronze:ThunderWave","floor":30},{"not_picked":["bronze:CloningBeam","bronze:Overheat","bronze:BronzeOrb"],"picked":"bronze:Turbo","floor":31},{"not_picked":["bronze:WildBeam","bronze:Repulsor","bronze:CloningBeam+1","bronze:DelayedSlice"],"picked":"SKIP","floor":32},{"not_picked":["bronze:Invalidate","bronze:Frontload+1","bronze:OilSpill","bronze:BronzeArmor+1"],"picked":"SKIP","floor":36},{"not_picked":["bronze:BuggyMess","bronze:DelayedGuard","bronze:ClassDefault+1"],"picked":"bronze:Frontload+1","floor":37},{"not_picked":["bronze:BugBarrage","bronze:WhirlingStrike","bronze:OilSpill"],"picked":"bronze:Turbo+1","floor":38},{"not_picked":["bronze:WildBeam","bronze:ChildClass+1","bronze:DelayedSlice+1"],"picked":"bronze:ForceShield+1","floor":40},{"not_picked":["bronze:NullPointer+1","bronze:WildBeam+1","bronze:Safeguard+1","bronze:Shield"],"picked":"SKIP","floor":43},{"not_picked":["bronze:GetLatest","bronze:DelayedGuard","bronze:NullPointer"],"picked":"bronze:Verify","floor":44},{"not_picked":["bronze:BitShift","bronze:Turbo+1","bronze:WildBeam+1"],"picked":"bronze:ForceShield+1","floor":45},{"not_picked":["bronze:CutThrough+1","bronze:Iterate+1","bronze:Assembly","bronze:Backtrace"],"picked":"SKIP","floor":46},{"not_picked":["bronze:Overheat+1","bronze:DelayedGuard","bronze:Branch+1","bronze:Deprecate+1"],"picked":"SKIP","floor":49}],"player_experience":540605,"relics_obtained":[{"floor":7,"key":"Guardian:PocketSentry"},{"floor":11,"key":"Eternal Feather"},{"floor":13,"key":"Question Card"},{"floor":24,"key":"Centennial Puzzle"},{"floor":27,"key":"Bird Faced Urn"},{"floor":29,"key":"Ginger"},{"floor":29,"key":"Darkstone Periapt"},{"floor":30,"key":"Pen Nib"},{"floor":42,"key":"Boot"},{"floor":45,"key":"Mercury Hourglass"}],"event_choices":[{"damage_healed":0,"gold_gain":0,"player_choice":"Success","damage_taken":7,"relics_obtained":["Vajra"],"max_hp_gain":0,"max_hp_loss":0,"event_name":"Scrap Ooze","floor":6,"gold_loss":0},{"damage_healed":0,"gold_gain":0,"player_choice":"Read","damage_taken":0,"max_hp_gain":0,"max_hp_loss":0,"event_name":"The Library","floor":20,"gold_loss":0,"cards_obtained":["bronze:Optimize"]}],"is_beta":false,"boss_relics":[{"not_picked":["Tiny House","Calling Bell"],"picked":"expansioncontent:StudyCardRelic"},{"not_picked":["bronze:PlatinumCore","Astrolabe"],"picked":"Philosopher\u0027s Stone"}],"items_purged_floors":[31,43],"is_endless":false,"potions_floor_spawned":[2,3,11,13,15,21,26,27,30,33,37,40,44,49],"ascension_level":0}}