{"host":"a9gsz7kv8aebwp1f","time":1614359280,"event":{"mods":["AchievementEnabler","BaseMod","Minty Spire (QoL Compilation)"],"gold_per_floor":[112,128,128,10,70,70,99,99,99,117,117,128,93,268,268,268,268],"floor_reached":16,"language":"KOR","playtime":380,"items_purged":[],"score":157,"play_id":"e3f3d82b-cf25-4077-bf05-73ceda854435","local_time":"20210227020800","is_ascension_mode":true,"campfire_choices":[{"floor":6,"key":"REST"},{"floor":11,"key":"REST"},{"floor":15,"key":"REST"}],"circlet_count":0,"master_deck":["AscendersBane","Strike_B","Strike_B","Strike_B","Strike_B","Defend_B","Defend_B","Defend_B+1","Defend_B","Zap","Dualcast","Turbo+1","Gash","Coolheaded","Auto Shields","Sunder","Turbo","Redo","Hologram","Doubt"],"relics":["Cracked Core","Ice Cream","Potion Belt"],"acts_visited":["Exordium"],"potions_floor_usage":[16,16],"damage_taken":[{"damage":2,"enemies":"Jaw Worm","floor":1,"turns":3},{"damage":0,"enemies":"Small Slimes","floor":2,"turns":4},{"damage":57,"enemies":"Gremlin Nob","floor":7,"turns":6},{"damage":0,"enemies":"Cultist","floor":10,"turns":4},{"damage":12,"enemies":"Exordium Wildlife","floor":12,"turns":2},{"damage":72,"enemies":"Hexaghost","floor":16,"turns":14}],"seed_played":"-6924363957401038830","potions_obtained":[{"floor":2,"key":"Dexterity Potion"},{"floor":7,"key":"Strength Potion"},{"floor":8,"key":"SkillPotion"}],"is_trial":false,"path_per_floor":["M","M","?","$","?","R","E","?","T","M","R","M","?","?","R","B"],"character_chosen":"DEFECT","items_purchased":["Auto Shields","Sunder"],"campfire_rested":3,"item_purchase_floors":[4,4],"current_hp_per_floor":[66,66,51,51,51,73,16,16,16,16,38,26,44,44,66,0,0],"gold":268,"neow_bonus":"THREE_CARDS","is_daily":false,"chose_seed":false,"campfire_upgraded":0,"win_rate":0.0,"timestamp":1614359280,"path_taken":["M","M","?","$","?","R","E","?","T","M","R","?","?","?","R","BOSS"],"items_purchased_type":["Card","Card"],"build_version":"2020-12-22","purchased_purges":0,"victory":false,"max_hp_per_floor":[75,75,75,75,75,75,75,75,75,75,75,75,75,75,75,75,75],"card_choices":[{"not_picked":["Redo","Coolheaded"],"picked":"Turbo","floor":0},{"not_picked":["Rebound","Loop"],"picked":"Gash","floor":1},{"not_picked":["Rip and Tear","Double Energy"],"picked":"Coolheaded","floor":2},{"not_picked":["Darkness","Skim"],"picked":"Turbo","floor":7},{"not_picked":["Sweeping Beam","Barrage"],"picked":"Redo","floor":10},{"not_picked":["Doom and Gloom","Rebound"],"picked":"Hologram","floor":12}],"player_experience":491431,"relics_obtained":[{"floor":7,"key":"Ice Cream"},{"floor":9,"key":"Potion Belt"}],"event_choices":[{"damage_healed":0,"gold_gain":0,"player_choice":"Entered Light","damage_taken":15,"max_hp_gain":0,"max_hp_loss":0,"event_name":"Shining Light","floor":3,"gold_loss":0,"cards_upgraded":["Defend_B","Turbo"]},{"damage_healed":0,"gold_gain":60,"player_choice":"Gained Gold","damage_taken":0,"max_hp_gain":0,"max_hp_loss":0,"event_name":"Golden Wing","floor":5,"gold_loss":0},{"damage_healed":0,"gold_gain":0,"player_choice":"Got Potions","damage_taken":0,"max_hp_gain":0,"max_hp_loss":0,"event_name":"Lab","floor":8,"gold_loss":0},{"damage_healed":18,"gold_gain":0,"player_choice":"Healed","damage_taken":0,"max_hp_gain":0,"max_hp_loss":0,"event_name":"The Cleric","floor":13,"gold_loss":35},{"damage_healed":0,"gold_gain":175,"player_choice":"AGREE","damage_taken":0,"max_hp_gain":0,"max_hp_loss":0,"event_name":"Liars Game","floor":14,"gold_loss":0,"cards_obtained":["Doubt"]}],"is_beta":false,"boss_relics":[],"items_purged_floors":[],"is_endless":false,"potions_floor_spawned":[2,7],"killed_by":"Hexaghost","ascension_level":12}}