{"host":"syn2s104037ynsrp","time":1614317251,"event":{"mods":["2.2 Compatiblity","BaseMod","Downfall","Hermit","Minty Spire (QoL Compilation)","StSLib","The Construct","The Marked"],"gold_per_floor":[99,116,116,136,151,170,170,201,214,230,230,264,264,295,309,413,413,413,513,528,528,544,563,588,614,630,630,658,669,669,695,709,813,813,813,827,827,844,857,623,649,675,675,695,723,733,733,750,769,769],"floor_reached":51,"language":"ENG","playtime":6297,"items_purged":["Normality"],"score":859,"play_id":"a1724966-7581-4705-8d40-9771c69f5557","local_time":"20210226002731","is_ascension_mode":true,"campfire_choices":[{"data":"Slimebound:CorrosiveSpit","floor":1,"key":"SMITH"},{"data":"Slimebound:Chomp","floor":13,"key":"SMITH"},{"data":"Slimebound:Split","floor":18,"key":"SMITH"},{"data":"Slimebound:GoopSpray","floor":30,"key":"SMITH"},{"data":"Slimebound:ForwardTackle","floor":35,"key":"SMITH"},{"floor":47,"key":"RECALL"}],"circlet_count":0,"master_deck":["Slimebound:Strike_Slimebound+1","Slimebound:Strike_Slimebound+1","Slimebound:Tackle+1","Slimebound:Defend_Slimebound+1","Slimebound:Defend_Slimebound","Slimebound:Defend_Slimebound+1","Slimebound:Split+1","Slimebound:CorrosiveSpit+1","Enlightenment","Slimebound:GoopSpray+1","Slimebound:Chomp+1","Slimebound:ForwardTackle+1","Slimebound:SplitMire","Slimebound:Nibble+1","Slimebound:Grow+1","Slimebound:DisruptingSlam+1","Slimebound:PressTheAttack+1","Slimebound:AcidTongue+1","Slimebound:RollThrough+1","Slimebound:MassRepurpose+1","Slimebound:ComboTackle+1","Slimebound:HungryTackle+1","Slimebound:Nibble+1","Slimebound:Gluttony+1","Slimebound:Chomp+1","Slimebound:SlimeTap+1","Slimebound:LeechEnergy+1","Slimebound:SlimeSlap+1","Slimebound:Nibble+1","Slimebound:Gluttony+1","Slimebound:GoopTackle+1","Slimebound:HauntingLick+1","Slimebound:LeadByExample+1","Slimebound:SamplingLick+1","Slimebound:Nibble+1","Slimebound:LeechEnergy+1","Slimebound:Nibble+1"],"relics":["Slimebound:AbsorbEndCombat","Molten Egg 2","Frozen Egg 2","InkBottle","Slimebound:AggressiveSlimeRelic","Coffee Dripper","downfall:GremlinWheel","HornCleat","CaptainsWheel","Whetstone","Astrolabe","PreservedInsect","Blood Vial","Bottled Lightning","Omamori","Pantograph"],"acts_visited":["Exordium","TheCity","TheBeyond"],"potions_floor_usage":[10,12,14,23,25,32,40,49,50],"damage_taken":[{"damage":0,"enemies":"Small Slimes","floor":2,"turns":3},{"damage":6,"enemies":"Jaw Worm","floor":4,"turns":3},{"damage":0,"enemies":"2 Louse","floor":5,"turns":2},{"damage":8,"enemies":"Red Slaver","floor":6,"turns":4},{"damage":19,"enemies":"3 Sentries","floor":8,"turns":9},{"damage":4,"enemies":"Blue Slaver","floor":9,"turns":4},{"damage":0,"enemies":"Large Slime","floor":10,"turns":4},{"damage":19,"enemies":"Lagavulin","floor":12,"turns":5},{"damage":8,"enemies":"3 Sentries","floor":14,"turns":6},{"damage":19,"enemies":"Red Slaver","floor":15,"turns":3},{"damage":9,"enemies":"SI_SHIV_ARCHETYPE","floor":16,"turns":6},{"damage":8,"enemies":"SI_SHIV_ARCHETYPE","floor":19,"turns":3},{"damage":0,"enemies":"3 Byrds","floor":20,"turns":5},{"damage":2,"enemies":"Spheric Guardian","floor":22,"turns":3},{"damage":2,"enemies":"Cultist and Chosen","floor":23,"turns":3},{"damage":0,"enemies":"Gremlin Leader","floor":25,"turns":3},{"damage":0,"enemies":"Sentry and Sphere","floor":26,"turns":3},{"damage":10,"enemies":"Book of Stabbing","floor":28,"turns":3},{"damage":11,"enemies":"Snake Plant","floor":29,"turns":2},{"damage":5,"enemies":"Gremlin Leader","floor":31,"turns":4},{"damage":9,"enemies":"Shelled Parasite and Fungi","floor":32,"turns":3},{"damage":15,"enemies":"IC_MUSHROOM_ARCHETYPE","floor":33,"turns":4},{"damage":10,"enemies":"Orb Walker","floor":36,"turns":2},{"damage":28,"enemies":"Orb Walker","floor":37,"turns":4},{"damage":6,"enemies":"3 Darklings","floor":38,"turns":3},{"damage":15,"enemies":"Sphere and 2 Shapes","floor":39,"turns":4},{"damage":6,"enemies":"downfall:FleeingMerchant","floor":40,"turns":4},{"damage":15,"enemies":"Reptomancer","floor":42,"turns":3},{"damage":3,"enemies":"Jaw Worm Horde","floor":44,"turns":2},{"damage":18,"enemies":"Nemesis","floor":45,"turns":3},{"damage":2,"enemies":"3 Darklings","floor":46,"turns":3},{"damage":4,"enemies":"Maw","floor":48,"turns":4},{"damage":23,"enemies":"Jaw Worm Horde","floor":49,"turns":2},{"damage":6,"enemies":"WA_ARCHETYPE_DIVINITY","floor":50,"turns":3}],"seed_played":"3817430492692602286","potions_obtained":[{"floor":5,"key":"Regen Potion"},{"floor":9,"key":"Explosive Potion"},{"floor":10,"key":"DuplicationPotion"},{"floor":12,"key":"Weak Potion"},{"floor":15,"key":"Slimebound:ThreeZeroPotion"},{"floor":22,"key":"DistilledChaos"},{"floor":23,"key":"FearPotion"},{"floor":25,"key":"hexamod:SoulburnPotion"},{"floor":26,"key":"Weak Potion"},{"floor":32,"key":"SmokeBomb"},{"floor":33,"key":"Ancient Potion"},{"floor":36,"key":"bronze:BurnAndBuffPotion"},{"floor":37,"key":"Swift Potion"},{"floor":46,"key":"DistilledChaos"},{"floor":48,"key":"EssenceOfSteel"},{"floor":49,"key":"Energy Potion"}],"is_trial":false,"path_per_floor":["R","M","?","M","M","M","T","E","M","M","?","E","R","E","M","B",null,"R","?","M","?","M","M","T","E","M","?","E","M","R","E","M","B",null,"R","M","?","M","M","$","T","E","T","M","E","M","R","M","M","B",null],"character_chosen":"SLIMEBOUND","items_purchased":["PreservedInsect"],"campfire_rested":0,"item_purchase_floors":[40],"current_hp_per_floor":[65,65,65,63,65,59,59,48,48,54,59,48,48,48,31,30,70,70,64,70,70,70,70,70,70,70,70,67,63,63,66,65,58,70,70,66,46,48,41,43,43,36,36,43,35,43,70,66,53,68],"gold":769,"neow_bonus":"RANDOM_COLORLESS","is_daily":false,"chose_seed":false,"campfire_upgraded":5,"win_rate":0.0,"timestamp":1614317251,"path_taken":["R","M","?","M","M","M","T","E","M","M","?","E","R","E","M","BOSS","R","?","?","?","M","M","T","E","M","?","E","M","R","E","M","BOSS","R","M","?","M","M","$","T","E","?","M","E","M","R","M","M","BOSS"],"items_purchased_type":["Relic"],"build_version":"2020-12-22","purchased_purges":1,"victory":true,"max_hp_per_floor":[65,65,65,65,65,65,65,65,65,65,70,70,70,70,70,70,70,70,70,70,70,70,70,70,70,70,70,70,70,70,70,70,70,70,70,70,70,70,70,70,70,70,70,70,70,70,70,70,70,70],"card_choices":[{"not_picked":["Madness","Mind Blast"],"picked":"Enlightenment","floor":0},{"not_picked":["Slimebound:PressTheAttack","Slimebound:ComboTackle"],"picked":"Slimebound:GoopSpray","floor":2},{"not_picked":["Slimebound:FinishingTackle","Slimebound:DivideAndConquer"],"picked":"Slimebound:Chomp","floor":4},{"not_picked":["Slimebound:MegaLick","Slimebound:ItLooksTasty"],"picked":"Slimebound:ForwardTackle","floor":5},{"not_picked":["Slimebound:SplitAcid","Slimebound:GoopSpray"],"picked":"Slimebound:SplitMire","floor":6},{"not_picked":["Slimebound:Gluttony+1","Slimebound:WasteNot"],"picked":"Slimebound:Nibble+1","floor":8},{"not_picked":["Slimebound:Prepare","Slimebound:HauntingLick"],"picked":"Slimebound:Grow+1","floor":9},{"not_picked":["Slimebound:SlimeBarrage+1","Slimebound:Nibble+1"],"picked":"Slimebound:DisruptingSlam+1","floor":10},{"not_picked":["Slimebound:HauntingLick","Slimebound:FormOfPuddle"],"picked":"Slimebound:PressTheAttack+1","floor":12},{"not_picked":["Slimebound:Schlurp","Slimebound:ForwardTackle+1"],"picked":"Slimebound:AcidTongue+1","floor":14},{"not_picked":["Slimebound:Repurpose","Slimebound:LevelUp+1"],"picked":"Slimebound:RollThrough+1","floor":15},{"not_picked":["Slimebound:Darklings","Slimebound:OneTwoCombo+1"],"picked":"Slimebound:MassRepurpose","floor":16},{"not_picked":["Slimebound:LeechingTouch+1","Slimebound:LeechEnergy+1"],"picked":"Slimebound:ComboTackle+1","floor":20},{"not_picked":["Slimebound:RollThrough+1","Slimebound:Prepare"],"picked":"Slimebound:HungryTackle+1","floor":22},{"not_picked":["Slimebound:LeechingTouch+1","Slimebound:FlameTackle+1"],"picked":"Slimebound:Nibble+1","floor":23},{"not_picked":["Slimebound:SlimeSpikes","Slimebound:Schlurp"],"picked":"Slimebound:Gluttony+1","floor":25},{"not_picked":["Slimebound:LeechLife+1","Slimebound:Schlurp"],"picked":"Slimebound:Chomp+1","floor":26},{"not_picked":["Slimebound:FormOfPuddle","Slimebound:SplitBruiser+1"],"picked":"Slimebound:SlimeTap+1","floor":28},{"not_picked":["Slimebound:Prepare+1","Slimebound:HauntingLick","Slimebound:GoopSpray"],"picked":"SKIP","floor":29},{"not_picked":["Slimebound:Replication","Slimebound:MinionMaster+1"],"picked":"Slimebound:LeechEnergy+1","floor":31},{"not_picked":["Slimebound:FinishingTackle+1","Slimebound:SplitAcid+1","Slimebound:HauntingLick"],"picked":"SKIP","floor":32},{"not_picked":["Slimebound:DouseInSlime","Slimebound:DuplicatedForm+1"],"picked":"Slimebound:SlimeSlap+1","floor":33},{"not_picked":["Slimebound:SplitAcid+1","Slimebound:ServeAndProtect+1"],"picked":"Slimebound:GoopTackle+1","floor":36},{"not_picked":["Slimebound:SlimeBarrage+1","Slimebound:GrowthPunch+1"],"picked":"Slimebound:HauntingLick+1","floor":37},{"not_picked":["Slimebound:GoopTackle+1","Slimebound:Gluttony+1"],"picked":"Slimebound:LeadByExample+1","floor":38},{"not_picked":["Slimebound:PrepareCrush","Slimebound:SplitLeeching+1","Slimebound:SlimeSpikes"],"picked":"SKIP","floor":39},{"not_picked":["Slimebound:GoopTackle+1","Slimebound:RollThrough+1"],"picked":"Slimebound:SamplingLick+1","floor":40},{"not_picked":["Slimebound:GoopSpray","Slimebound:LivingWall+1","Slimebound:AcidTongue+1"],"picked":"SKIP","floor":42},{"not_picked":["Slimebound:GrowthPunch+1","Slimebound:SplitAcid+1","Slimebound:Replication+1"],"picked":"SKIP","floor":44},{"not_picked":["Slimebound:CheckThePlaybook","Slimebound:ProtectTheBoss+1"],"picked":"Slimebound:Nibble+1","floor":45},{"not_picked":["Slimebound:SplitBruiser+1","Slimebound:FormOfPuddle"],"picked":"Slimebound:LeechEnergy+1","floor":46},{"not_picked":["Slimebound:ViciousTackle+1","Slimebound:RainOfGoop"],"picked":"Slimebound:Nibble+1","floor":48},{"not_picked":["Slimebound:Schlurp","Slimebound:GoopSpray","Slimebound:SlimeSpikes+1"],"picked":"SKIP","floor":49}],"player_experience":607926,"relics_obtained":[{"floor":7,"key":"Molten Egg 2"},{"floor":8,"key":"Frozen Egg 2"},{"floor":12,"key":"InkBottle"},{"floor":14,"key":"Slimebound:AggressiveSlimeRelic"},{"floor":19,"key":"downfall:GremlinWheel"},{"floor":25,"key":"HornCleat"},{"floor":28,"key":"CaptainsWheel"},{"floor":31,"key":"Whetstone"},{"floor":41,"key":"Blood Vial"},{"floor":42,"key":"Bottled Lightning"},{"floor":43,"key":"Omamori"},{"floor":45,"key":"Pantograph"}],"event_choices":[{"damage_healed":0,"gold_gain":0,"player_choice":"Donut","damage_taken":0,"max_hp_gain":5,"max_hp_loss":0,"event_name":"Big Fish","floor":11,"gold_loss":0},{"damage_healed":0,"gold_gain":0,"player_choice":"Ignored","damage_taken":0,"max_hp_gain":0,"max_hp_loss":0,"event_name":"Ghosts","floor":21,"gold_loss":0},{"damage_healed":27,"gold_gain":0,"player_choice":"Full Heal","damage_taken":0,"max_hp_gain":0,"max_hp_loss":0,"event_name":"Wheel of Change","floor":47,"gold_loss":0}],"is_beta":false,"boss_relics":[{"not_picked":["Empty Cage","Calling Bell"],"picked":"Coffee Dripper"},{"not_picked":["Velvet Choker","Pandora\u0027s Box"],"picked":"Astrolabe"}],"items_purged_floors":[40],"is_endless":false,"potions_floor_spawned":[5,9,10,12,15,22,23,25,26,31,32,33,36,37,46,48,49],"ascension_level":1}}