{"host":"rw1trt79hfpl7pom","time":1614339941,"event":{"mods":["BaseMod","Bestiary","Colored Map","Jorbs\u0027s Wanderer Trilogy","Minty Spire (QoL Compilation)","Relic Stats","StSLib","SuperFastMode"],"gold_per_floor":[117,133,113,133,58,90,90,90,90,115,115,145,24,41,41,112,112,127,127,52,64,6,6,6],"floor_reached":23,"language":"ENG","playtime":1065,"items_purged":["Strike_R"],"score":414,"play_id":"3f0ee66e-1c1c-4996-b7f3-a4e9a21019f6","local_time":"20210226034541","is_ascension_mode":true,"campfire_choices":[{"floor":8.0,"key":"REST"},{"floor":15,"key":"REST"}],"circlet_count":0,"master_deck":["AscendersBane","Strike_R","Strike_R","Defend_R","Defend_R","Defend_R","Defend_R","Bash","Wild Strike","Sever Soul","Rupture","Dropkick","Berserk+1","Thunderclap","Inflame+1","Pummel","Heavy Blade","Rupture+1","Brutality+1","Flame Barrier","Bloodletting","Blood for Blood","Metallicize+1","Shrug It Off"],"relics":["Runic Pyramid","Thread and Needle","Prayer Wheel","Frozen Egg 2","Unceasing Top","SlaversCollar"],"acts_visited":["Exordium","TheCity"],"potions_floor_usage":[18,23],"damage_taken":[{"damage":1.0,"enemies":"Cultist","floor":1.0,"turns":3.0},{"damage":12.0,"enemies":"Jaw Worm","floor":2.0,"turns":4.0},{"damage":0.0,"enemies":"2 Louse","floor":4.0,"turns":2.0},{"damage":18.0,"enemies":"Gremlin Nob","floor":6.0,"turns":4.0},{"damage":16.0,"enemies":"Lagavulin","floor":10.0,"turns":5.0},{"damage":25.0,"enemies":"3 Sentries","floor":12.0,"turns":9.0},{"damage":5,"enemies":"Looter","floor":14,"turns":3},{"damage":41,"enemies":"The Guardian","floor":16,"turns":11},{"damage":24,"enemies":"Spheric Guardian","floor":18,"turns":5},{"damage":31,"enemies":"3 Byrds","floor":21,"turns":4},{"damage":7,"enemies":"Centurion and Healer","floor":23,"turns":1}],"seed_played":"-4704914079827363722","potions_obtained":[{"floor":3.0,"key":"Weak Potion"},{"floor":4.0,"key":"Ancient Potion"},{"floor":6.0,"key":"DistilledChaos"},{"floor":10.0,"key":"Ancient Potion"},{"floor":16,"key":"FearPotion"},{"floor":21,"key":"Weak Potion"}],"is_trial":false,"path_per_floor":["M","M","?","M","$","E","?","R","T","E","?","E","$","M","R","B",null,"M","?","?","M","$","M"],"character_chosen":"IRONCLAD","items_purchased":["Inflame+1","Pummel","Shrug It Off"],"campfire_rested":2,"item_purchase_floors":[13,13,22],"current_hp_per_floor":[67,55,55,55,55,37,42,66,66,50,50,25,25,20,44,3,61,37,37,37,6,6,0,0],"gold":6,"neow_bonus":"BOSS_RELIC","is_daily":false,"chose_seed":false,"campfire_upgraded":0,"win_rate":0.0,"timestamp":1614339941,"path_taken":["M","?","?","?","?","E","?","R","T","E","?","E","$","?","R","BOSS","M","?","?","M","$","M"],"items_purchased_type":["Card","Card","Card"],"build_version":"2020-12-22","purchased_purges":1,"victory":false,"max_hp_per_floor":[75,75,75,75,75,75,80,80,80,80,80,80,80,80,80,80,80,80,80,80,80,80,80,80],"relic_stats":{"counters":[11,51],"Prayer Wheel":3,"obtain_stats":[{"SlaversCollar":17,"Thread and Needle":6,"Prayer Wheel":9,"Frozen Egg 2":10,"Burning Blood":0,"Unceasing Top":12,"Runic Pyramid":0},{"SlaversCollar":8,"Thread and Needle":4,"Prayer Wheel":4,"Frozen Egg 2":5,"Burning Blood":0,"Unceasing Top":6,"Runic Pyramid":0},{"SlaversCollar":41,"Thread and Needle":13,"Prayer Wheel":13,"Frozen Egg 2":18,"Burning Blood":0,"Unceasing Top":27,"Runic Pyramid":0}],"Unceasing Top":[0]},"card_choices":[{"not_picked":["Wild Strike","Thunderclap","Havoc"],"picked":"SKIP","floor":1.0},{"not_picked":["Thunderclap","Havoc"],"picked":"Wild Strike","floor":1.0},{"not_picked":["Cleave","Clash"],"picked":"Sever Soul","floor":2.0},{"not_picked":["Infernal Blade","Evolve"],"picked":"Rupture","floor":4.0},{"not_picked":["Clash","Warcry"],"picked":"Dropkick","floor":6.0},{"not_picked":["Whirlwind","Burning Pact"],"picked":"Berserk+1","floor":10.0},{"not_picked":["Thunderclap","Iron Wave","Anger"],"picked":"SKIP","floor":12.0},{"not_picked":["Twin Strike","Sword Boomerang"],"picked":"Heavy Blade","floor":14},{"not_picked":["Rage","Power Through"],"picked":"Rupture+1","floor":14},{"not_picked":["Demon Form+1","Double Tap"],"picked":"Brutality+1","floor":16},{"not_picked":["Shockwave","Cleave"],"picked":"Flame Barrier","floor":18},{"not_picked":["Anger+1","Whirlwind"],"picked":"Bloodletting","floor":18},{"not_picked":["Thunderclap+1","Headbutt"],"picked":"Blood for Blood","floor":21},{"not_picked":["Twin Strike","Anger+1"],"picked":"Metallicize+1","floor":21}],"player_experience":2936056,"relics_obtained":[{"floor":6.0,"key":"Thread and Needle"},{"floor":9.0,"key":"Prayer Wheel"},{"floor":10.0,"key":"Frozen Egg 2"},{"floor":12.0,"key":"Unceasing Top"}],"event_choices":[{"damage_healed":0.0,"max_hp_gain":0.0,"max_hp_loss":0.0,"gold_gain":0.0,"event_name":"The Woman in Blue","player_choice":"Bought 1 Potion","floor":3.0,"gold_loss":0.0,"damage_taken":0.0},{"damage_healed":0.0,"max_hp_gain":5.0,"max_hp_loss":0.0,"gold_gain":0.0,"event_name":"Big Fish","player_choice":"Donut","floor":7.0,"gold_loss":0.0,"damage_taken":0.0},{"damage_healed":0.0,"max_hp_gain":0.0,"max_hp_loss":0.0,"gold_gain":0.0,"cards_transformed":["Strike_R"],"event_name":"Living Wall","player_choice":"Change","floor":11.0,"gold_loss":0.0,"damage_taken":0.0,"cards_obtained":["Thunderclap"]},{"damage_healed":0,"gold_gain":0,"player_choice":"Ignored","damage_taken":0,"max_hp_gain":0,"max_hp_loss":0,"event_name":"Vampires","floor":19,"gold_loss":0},{"cards_removed":["Strike_R"],"damage_healed":0,"gold_gain":0,"player_choice":"Gave Gold","damage_taken":0,"max_hp_gain":0,"max_hp_loss":0,"event_name":"Beggar","floor":20,"gold_loss":75}],"is_beta":false,"boss_relics":[{"not_picked":["Runic Dome","Runic Cube"],"picked":"SlaversCollar"}],"items_purged_floors":[5],"is_endless":false,"potions_floor_spawned":[4,6,10,16,21],"killed_by":"Centurion and Healer","ascension_level":20}}