{"host":"7wi4qgm5yw4j7oz0","time":1614344012,"event":{"mods":["AchievementEnabler","BaseMod","Block Reminder","Colored Map","Colored Powertips","Highlight Path","Minty Spire (QoL Compilation)","Permanent Neow","Random Character Button","StSLib","SuperFastMode","everything is the same but u backflip on backflip"],"gold_per_floor":[110,121,121,141,209,209,209,33,33,33,33,52,52,63,63,137,137,154,36,46,96,11,11,11,11],"floor_reached":24,"language":"KOR","playtime":565,"items_purged":[],"score":350,"play_id":"1330c482-fc38-4eae-b8c1-eee26fe6cfcc","local_time":"20210226215332","is_ascension_mode":true,"campfire_choices":[{"floor":6.0,"key":"REST"},{"data":"Bludgeon","floor":11.0,"key":"SMITH"},{"data":"Double Tap","floor":15.0,"key":"SMITH"},{"floor":23,"key":"REST"}],"circlet_count":0,"master_deck":["AscendersBane","Strike_R","Strike_R+1","Strike_R","Strike_R","Defend_R","Defend_R","Defend_R","Defend_R","Bash+1","Evolve+1","Clothesline","Second Wind","Bludgeon+1","Double Tap+1","Dropkick","Barricade+1","Shrug It Off","Metallicize+1","Rampage","Warcry"],"relics":["Burning Blood","Frozen Egg 2","Sozu","White Beast Statue"],"acts_visited":["Exordium","TheCity"],"potions_floor_usage":[16,18],"damage_taken":[{"damage":7.0,"enemies":"Jaw Worm","floor":1.0,"turns":3.0},{"damage":23.0,"enemies":"Small Slimes","floor":2.0,"turns":4.0},{"damage":0.0,"enemies":"Cultist","floor":4.0,"turns":3.0},{"damage":12.0,"enemies":"Blue Slaver","floor":12.0,"turns":3.0},{"damage":7.0,"enemies":"2 Fungi Beasts","floor":14.0,"turns":3.0},{"damage":28,"enemies":"Hexaghost","floor":16,"turns":6},{"damage":32,"enemies":"3 Byrds","floor":18,"turns":7},{"damage":16,"enemies":"Shell Parasite","floor":20,"turns":5},{"damage":61,"enemies":"Book of Stabbing","floor":24,"turns":6}],"seed_played":"-994232493773932161","potions_obtained":[{"floor":2.0,"key":"Swift Potion"},{"floor":14.0,"key":"SneckoOil"}],"is_trial":false,"path_per_floor":["M","M","?","M","?","R","?","$","T","$","R","M","?","M","R","B",null,"M","$","M","?","?","R","E"],"character_chosen":"IRONCLAD","items_purchased":["Bludgeon","Metallicize+1","Rampage"],"campfire_rested":2,"item_purchase_floors":[8,19,19],"current_hp_per_floor":[67,50,27,33,33,55,55,55,55,55,55,49,74,73,73,51,69,43,43,33,33,33,55,0,0],"gold":11,"neow_bonus":"UPGRADE_CARD","is_daily":false,"chose_seed":false,"campfire_upgraded":2,"win_rate":0.0,"timestamp":1614344012,"path_taken":["M","M","?","M","?","R","?","$","T","$","R","?","?","M","R","BOSS","M","$","M","?","?","R","E"],"items_purchased_type":["Card","Card","Card"],"build_version":"2020-12-22","purchased_purges":0,"victory":false,"max_hp_per_floor":[75,75,75,75,75,75,75,75,75,75,75,75,75,75,75,75,75,75,75,75,75,75,75,75,75],"card_choices":[{"not_picked":["Havoc","Anger"],"picked":"Evolve","floor":1.0},{"not_picked":["Seeing Red","Dark Embrace"],"picked":"Clothesline","floor":2.0},{"not_picked":["Pommel Strike","Anger"],"picked":"Second Wind","floor":4.0},{"not_picked":["Pummel","Sentinel"],"picked":"Double Tap","floor":12.0},{"not_picked":["Dual Wield","Twin Strike"],"picked":"Dropkick","floor":14.0},{"not_picked":["Fiend Fire","Impervious"],"picked":"Barricade+1","floor":16},{"not_picked":["Heavy Blade","Body Slam"],"picked":"Shrug It Off","floor":18},{"not_picked":["Clash","Flex"],"picked":"Warcry","floor":20}],"player_experience":377966,"relics_obtained":[{"floor":9.0,"key":"Frozen Egg 2"}],"event_choices":[{"damage_healed":0.0,"max_hp_gain":0.0,"max_hp_loss":0.0,"gold_gain":0.0,"event_name":"Shining Light","player_choice":"Entered Light","floor":3.0,"gold_loss":0.0,"damage_taken":23.0,"cards_upgraded":["Evolve","Strike_R"]},{"damage_healed":0.0,"max_hp_gain":0.0,"max_hp_loss":0.0,"gold_gain":68.0,"event_name":"Golden Wing","player_choice":"Gained Gold","floor":5.0,"gold_loss":0.0,"damage_taken":0.0},{"cards_removed":["Strike_R"],"damage_healed":0.0,"max_hp_gain":0.0,"max_hp_loss":0.0,"gold_gain":0.0,"event_name":"Purifier","player_choice":"Purged","floor":7.0,"gold_loss":0.0,"damage_taken":0.0},{"damage_healed":25.0,"max_hp_gain":0.0,"max_hp_loss":0.0,"gold_gain":0.0,"event_name":"Big Fish","player_choice":"Banana","floor":13.0,"gold_loss":0.0,"damage_taken":0.0},{"damage_healed":0,"gold_gain":50,"player_choice":"Stole From Cult","damage_taken":0,"max_hp_gain":0,"max_hp_loss":0,"event_name":"Nest","floor":21,"gold_loss":0},{"damage_healed":0,"gold_gain":0,"player_choice":"Obtained Relic","damage_taken":0,"relics_obtained":["White Beast Statue"],"max_hp_gain":0,"max_hp_loss":0,"event_name":"Addict","floor":22,"gold_loss":85}],"is_beta":false,"boss_relics":[{"not_picked":["Coffee Dripper","Philosopher\u0027s Stone"],"picked":"Sozu"}],"items_purged_floors":[],"is_endless":false,"potions_floor_spawned":[2,14],"killed_by":"Book of Stabbing","ascension_level":18}}