{"host":"75labscqqrd170u0","time":1614302020,"event":{"mods":["BaseMod","Minty Spire (QoL Compilation)","Replay The Spire","StSLib"],"gold_per_floor":[115,115,132,148,165,199,199,229,229,248,263,338,513,523,523,623,623,641,641,740,274,324,354,374,374],"floor_reached":24,"language":"ENG","playtime":1283,"items_purged":["Doubt"],"score":228,"play_id":"bac95326-e381-4ae5-ad11-20af16d77054","local_time":"20210225201340","is_ascension_mode":false,"campfire_choices":[{"floor":7,"key":"REST"},{"floor":15,"key":"REST"}],"circlet_count":0,"master_deck":["Strike_B","Strike_B","Strike_B","Strike_B","Defend_B","Defend_B","Defend_B","Defend_B","Zap","Dualcast","Streamline","FIFO Queue","Fusion","Thunder Strike","Cold Snap","Echo Form+1","Capacitor","Machine Learning+1","Streamline","Crystallizer","Ball Lightning+1","Panic Button+1","Crystallizer+1","Barrage+1"],"relics":["Cracked Core","Mercury Hourglass","Potion Belt","Golden Egg","Coffee Dripper","Blood Vial","Replay:Antivirus Software","Replay:Bottled Snecko"],"acts_visited":["Exordium","TheCity"],"potions_floor_usage":[3,6,10,11,16],"damage_taken":[{"damage":2,"enemies":"Jaw Worm","floor":1,"turns":4},{"damage":1,"enemies":"Cultist","floor":3,"turns":3},{"damage":0,"enemies":"Small Slimes","floor":4,"turns":3},{"damage":5,"enemies":"Looter","floor":5,"turns":3},{"damage":28,"enemies":"Lagavulin","floor":6,"turns":7},{"damage":17,"enemies":"Replay:BlueRogue","floor":8,"turns":5},{"damage":0,"enemies":"Blue Slaver","floor":10,"turns":2},{"damage":4,"enemies":"2 Fungi Beasts","floor":11,"turns":4},{"damage":21,"enemies":"Exordium Thugs","floor":14,"turns":4},{"damage":50,"enemies":"The Guardian","floor":16,"turns":11},{"damage":25,"enemies":"Shell Parasite","floor":18,"turns":7},{"damage":25,"enemies":"Gremlin Leader","floor":23,"turns":8},{"damage":10,"enemies":"Chosen","floor":24,"turns":4}],"seed_played":"453574419894452160","potions_obtained":[{"floor":2,"key":"Adrenaline Potion"},{"floor":2,"key":"Venom Potion"},{"floor":2,"key":"SmokeBomb"},{"floor":5,"key":"LifebloodPotion"},{"floor":6,"key":"Block Potion"},{"floor":8,"key":"AttackPotion"},{"floor":10,"key":"Regen Potion"},{"floor":14,"key":"DuplicationPotion"},{"floor":24,"key":"Weak Potion"}],"is_trial":false,"path_per_floor":["M","?","M","M","M","E","R","E","T","M","M","?","?","M","R","B",null,"M","?","?","$","?","E","M"],"character_chosen":"DEFECT","items_purchased":["Blood Vial","Ball Lightning","Panic Button","Replay:Antivirus Software"],"campfire_rested":2,"item_purchase_floors":[21,21,21,21],"current_hp_per_floor":[80,80,79,79,74,46,70,53,53,53,61,50,50,29,53,3,82,57,57,57,57,57,34,26,26],"gold":374,"neow_bonus":"TEN_PERCENT_HP_BONUS","is_daily":false,"chose_seed":false,"campfire_upgraded":0,"win_rate":0.0,"timestamp":1614302020,"path_taken":["M","?","M","?","M","E","R","E","T","M","?","?","?","M","R","BOSS","M","?","?","$","?","E","M"],"items_purchased_type":["Relic","Card","Card","Relic"],"build_version":"2020-12-13","purchased_purges":1,"victory":false,"max_hp_per_floor":[82,82,82,82,82,82,82,82,82,82,82,82,82,82,82,82,82,82,82,82,82,82,82,82,82],"card_choices":[{"not_picked":["Conserve Battery","Go for the Eyes"],"picked":"Streamline","floor":1},{"not_picked":["Reinforced Body","Doom and Gloom"],"picked":"FIFO Queue","floor":3},{"not_picked":["Storm","Beam Cell","Compile Driver"],"picked":"SKIP","floor":4},{"not_picked":["Consume","Rip and Tear"],"picked":"Fusion","floor":5},{"not_picked":["Go for the Eyes","Aggregate","Leap"],"picked":"SKIP","floor":6},{"not_picked":["Undo","Conserve Battery"],"picked":"Thunder Strike","floor":8},{"not_picked":["Force Field","Go for the Eyes"],"picked":"Cold Snap","floor":10},{"not_picked":["Compile Driver","Turbo"],"picked":"Echo Form","floor":11},{"not_picked":["Melter","Redo"],"picked":"Capacitor","floor":14},{"not_picked":["Core Surge","Meteor Strike"],"picked":"Machine Learning","floor":16},{"not_picked":["Chaos","Leap+1"],"picked":"Streamline","floor":18},{"not_picked":["Barrage","Conserve Battery"],"picked":"Crystallizer+1","floor":23},{"not_picked":["Crystallizer","Rebound"],"picked":"Barrage+1","floor":24}],"player_experience":102239,"relics_obtained":[{"floor":6,"key":"Mercury Hourglass"},{"floor":8,"key":"Potion Belt"},{"floor":9,"key":"Golden Egg"},{"floor":23,"key":"Replay:Bottled Snecko"}],"event_choices":[{"damage_healed":0,"gold_gain":0,"player_choice":"Got Potions","damage_taken":0,"max_hp_gain":0,"max_hp_loss":0,"event_name":"Lab","floor":2,"gold_loss":0},{"damage_healed":0,"gold_gain":75,"player_choice":"Gather Gold","damage_taken":11,"max_hp_gain":0,"max_hp_loss":0,"event_name":"World of Goop","floor":12,"gold_loss":0},{"damage_healed":0,"gold_gain":175,"player_choice":"AGREE","damage_taken":0,"max_hp_gain":0,"max_hp_loss":0,"event_name":"Liars Game","floor":13,"gold_loss":0,"cards_obtained":["Doubt"]},{"damage_healed":0,"gold_gain":0,"player_choice":"Read","damage_taken":0,"max_hp_gain":0,"max_hp_loss":0,"event_name":"The Library","floor":19,"gold_loss":0,"cards_obtained":["Crystallizer"]},{"damage_healed":0,"gold_gain":99,"player_choice":"Stole From Cult","damage_taken":0,"max_hp_gain":0,"max_hp_loss":0,"event_name":"Nest","floor":20,"gold_loss":0},{"damage_healed":0,"gold_gain":100,"player_choice":"Bet on Murderer","damage_taken":0,"max_hp_gain":0,"max_hp_loss":0,"event_name":"The Joust","floor":22,"gold_loss":50}],"is_beta":false,"boss_relics":[{"not_picked":["Inserter","FrozenCore"],"picked":"Coffee Dripper"}],"items_purged_floors":[21],"is_endless":false,"potions_floor_spawned":[5,6,8,10,14,24],"killed_by":"Chosen","ascension_level":0}}