{"host":"lv7etzzgwahaenh9","time":1614315560,"event":{"mods":["AchievementEnabler","BaseMod","Colored Map","Colored Powertips","Highlight Path","Minty Spire (QoL Compilation)","Permanent Neow","Quick Restart","Random Character Button","StSLib"],"gold_per_floor":[116,136,211,211,386,386,415,415,463,27,27,27,61,79,79,182,182,196,208,208],"floor_reached":19,"language":"ENG","playtime":708,"items_purged":["Doubt"],"score":280,"play_id":"e338d7b9-cbf5-404c-a883-31b8b629b78f","local_time":"20210225205920","is_ascension_mode":true,"campfire_choices":[{"data":"Blasphemy","floor":6.0,"key":"SMITH"},{"floor":8.0,"key":"REST"},{"floor":12.0,"key":"REST"},{"data":"Conclude","floor":15,"key":"SMITH"}],"circlet_count":0,"master_deck":["AscendersBane","Strike_P","Defend_P","Eruption","Vigilance","Blasphemy+1","Sanctity","Wallop","BowlingBash+1","ThirdEye","Establishment","LessonLearned","Conclude+1","Good Instincts","Crescendo","TalkToTheHand","ClearTheMind","Scrawl","Vengeance+1","Conclude+1","Crescendo+1","MentalFortress"],"relics":["PureWater","Dream Catcher","Smiling Mask","Orichalcum","Astrolabe"],"acts_visited":["Exordium","TheCity"],"potions_floor_usage":[13,19],"damage_taken":[{"damage":0.0,"enemies":"Small Slimes","floor":1.0,"turns":1.0},{"damage":0.0,"enemies":"2 Louse","floor":2.0,"turns":3.0},{"damage":45.0,"enemies":"3 Sentries","floor":7.0,"turns":8.0},{"damage":12,"enemies":"Lagavulin","floor":13,"turns":6},{"damage":8,"enemies":"Jaw Worm","floor":14,"turns":2},{"damage":23,"enemies":"Slime Boss","floor":16,"turns":8},{"damage":27,"enemies":"2 Thieves","floor":18,"turns":3},{"damage":9,"enemies":"3 Byrds","floor":19,"turns":3}],"seed_played":"4183763848495098846","potions_obtained":[{"floor":2.0,"key":"BottledMiracle"},{"floor":7.0,"key":"Explosive Potion"},{"floor":14,"key":"Ancient Potion"},{"floor":19,"key":"SpeedPotion"}],"is_trial":false,"path_per_floor":["M","M","?","?","?","R","E","R","T","$","?","R","E","M","R","B",null,"M","M"],"character_chosen":"WATCHER","items_purchased":["Establishment","LessonLearned","Conclude","Good Instincts"],"campfire_rested":2,"item_purchase_floors":[10,10,10,10],"current_hp_per_floor":[65,65,54,47,47,47,2,23,23,23,23,44,32,24,24,1,54,27,18,18],"gold":208,"neow_bonus":"TRANSFORM_CARD","is_daily":false,"chose_seed":false,"campfire_upgraded":2,"win_rate":0.0,"timestamp":1614315560,"path_taken":["M","M","?","?","?","R","E","R","T","$","?","R","E","M","R","BOSS","M","M"],"items_purchased_type":["Card","Card","Card","Card"],"build_version":"2020-12-22","purchased_purges":1,"victory":false,"max_hp_per_floor":[72,72,72,72,72,72,72,72,72,72,72,72,72,72,72,72,72,72,72,72],"card_choices":[{"not_picked":["FlyingSleeves","Tantrum"],"picked":"Sanctity","floor":1.0},{"not_picked":["Prostrate","JustLucky"],"picked":"Wallop","floor":2.0},{"not_picked":["Wallop","Halt"],"picked":"BowlingBash","floor":7.0},{"not_picked":["Halt","FearNoEvil"],"picked":"ThirdEye","floor":8.0},{"not_picked":["EmptyBody","Prostrate"],"picked":"Crescendo","floor":12.0},{"not_picked":["TalkToTheHand","Collect","BowlingBash"],"picked":"SKIP","floor":13},{"not_picked":["Collect","BowlingBash"],"picked":"TalkToTheHand","floor":13},{"not_picked":["Wallop","Pray"],"picked":"ClearTheMind","floor":14},{"not_picked":["DevaForm","Establishment"],"picked":"Scrawl","floor":16},{"not_picked":["FlyingSleeves","Consecrate+1"],"picked":"MentalFortress","floor":18}],"player_experience":554622,"relics_obtained":[{"floor":7.0,"key":"Dream Catcher"},{"floor":9.0,"key":"Smiling Mask"},{"floor":13,"key":"Orichalcum"}],"event_choices":[{"damage_healed":0.0,"max_hp_gain":0.0,"max_hp_loss":0.0,"gold_gain":75.0,"event_name":"World of Goop","player_choice":"Gather Gold","floor":3.0,"gold_loss":0.0,"damage_taken":11.0},{"cards_removed":["Defend_P"],"damage_healed":0.0,"max_hp_gain":0.0,"max_hp_loss":0.0,"gold_gain":0.0,"event_name":"Golden Wing","player_choice":"Card Removal","floor":4.0,"gold_loss":0.0,"damage_taken":7.0},{"damage_healed":0.0,"max_hp_gain":0.0,"max_hp_loss":0.0,"gold_gain":175.0,"event_name":"Liars Game","player_choice":"AGREE","floor":5.0,"gold_loss":0.0,"damage_taken":0.0,"cards_obtained":["Doubt"]},{"cards_removed":["Strike_P"],"damage_healed":0.0,"max_hp_gain":0.0,"max_hp_loss":0.0,"gold_gain":0.0,"event_name":"Living Wall","player_choice":"Forget","floor":11.0,"gold_loss":0.0,"damage_taken":0.0}],"is_beta":false,"boss_relics":[{"not_picked":["VioletLotus","SlaversCollar"],"picked":"Astrolabe"}],"items_purged_floors":[10],"is_endless":false,"potions_floor_spawned":[2,7,14,19],"killed_by":"3 Byrds","ascension_level":12}}