{"host":"dzvdy2cvkhifjmvi","time":1614317364,"event":{"mods":["BaseMod","Downfall","Infinite Spire","Marisa????????","Minty Spire (QoL Compilation)","Replay The Spire","StSLib","The Cursed","The Disciple","The Servant 0.9.4"],"gold_per_floor":[111,211,229,247,264,295,315,315,340,340,352,352,384,412,412,516,516,536,513,513,530,571,571,571,571,571,592,592,592],"floor_reached":28,"language":"ENG","playtime":1679,"items_purged":["Strike_Br"],"score":232,"play_id":"6fbb72cc-37f5-442e-8d33-15c0b04fd69a","local_time":"20210225222924","is_ascension_mode":false,"campfire_choices":[{"data":"LockedWarPaint","floor":8.0,"key":"SMITH"},{"data":"SecondHand","floor":10.0,"key":"SMITH"},{"data":"Goo","floor":15.0,"key":"SMITH"},{"data":"LockedWhetstone","floor":23,"key":"SMITH"},{"data":"infinitespire:Fortify","floor":25,"key":"SMITH"}],"circlet_count":0,"master_deck":["Strike_Br","Strike_Br","Defend_Br","Defend_Br","Defend_Br","Defend_Br","SecondHand+1","PatternShift","Goo+13","LockedScales","LockedWarPaint+1","LockedFlame","LockedScales","LockedWhetstone+1","LockedMercury","LockedScales","WatchCommand","infinitespire:Fortify+1","ReplayTheSpireMod:Echoes of Time"],"relics":["Chronometer","NeowsBlessing","Boot","Replay:Bandana","Coffee Dripper","Replay:Wax Seal","Philosopher\u0027s Stone","infinitespire:ShieldingShard","Singing Bowl"],"acts_visited":["Exordium","TheCity"],"potions_floor_usage":[19,27,28,28],"damage_taken":[{"damage":0.0,"enemies":"Cultist","floor":1.0,"turns":1.0},{"damage":0.0,"enemies":"Jaw Worm","floor":3.0,"turns":1.0},{"damage":0.0,"enemies":"Small Slimes","floor":4.0,"turns":1.0},{"damage":4.0,"enemies":"Exordium Wildlife","floor":5.0,"turns":6.0},{"damage":22.0,"enemies":"Gremlin Nob","floor":6.0,"turns":5.0},{"damage":5.0,"enemies":"Gremlin Gang","floor":7.0,"turns":5.0},{"damage":3.0,"enemies":"Looter","floor":11.0,"turns":4.0},{"damage":5.0,"enemies":"Lagavulin","floor":13.0,"turns":9.0},{"damage":7.0,"enemies":"3 Louse","floor":14.0,"turns":6.0},{"damage":9.0,"enemies":"Fading Forest","floor":16.0,"turns":11.0},{"damage":30,"enemies":"Chosen","floor":18,"turns":9},{"damage":17,"enemies":"2 Thieves","floor":19,"turns":5},{"damage":13,"enemies":"Centurion and Healer","floor":21,"turns":9},{"damage":3,"enemies":"Snake Plant","floor":27,"turns":5},{"damage":5,"enemies":"Gremlin Leader","floor":28,"turns":1}],"seed_played":"-4563290083193159484","potions_obtained":[{"floor":1.0,"key":"Energy Potion"},{"floor":4.0,"key":"ColorlessPotion"},{"floor":14.0,"key":"Adrenaline Potion"},{"floor":16,"key":"DistilledChaos"},{"floor":18,"key":"WardPotion"},{"floor":21,"key":"SteroidPotion"},{"floor":22,"key":"Languid Potion"},{"floor":22,"key":"Languid Potion"}],"is_trial":false,"path_per_floor":["M","?","M","M","M","E","M","R","T","R","M","?","E","M","R","B",null,"M","M","?","M","?","R","AVR","R","T","M","E"],"character_chosen":"CHRONO_CLASS","items_purchased":[],"campfire_rested":0,"item_purchase_floors":[],"current_hp_per_floor":[65,65,65,65,61,39,34,34,34,34,31,31,26,19,19,20,65,35,18,18,5,5,5,5,5,5,4,0,0],"gold":592,"neow_bonus":"THREE_ENEMY_KILL","is_daily":false,"chose_seed":false,"campfire_upgraded":5,"win_rate":0.0,"timestamp":1614317364,"path_taken":["M","?","M","M","?","E","M","R","T","R","M","?","E","M","R","BOSS","BOSS","M","M","?","?","?","R","AVR","R","T","?","E"],"items_purchased_type":[],"build_version":"2020-12-22","purchased_purges":1,"victory":false,"max_hp_per_floor":[65,65,65,65,65,65,65,65,65,65,65,65,65,65,65,65,65,65,65,65,65,65,65,65,65,65,67,67,67],"card_choices":[{"not_picked":["Tempo","HandsUpB","BeatsPerMinute"],"picked":"SKIP","floor":1.0},{"not_picked":["Echoward","LockedBlood"],"picked":"Goo","floor":3.0},{"not_picked":["LockedOrichalcum","WakeUpCall"],"picked":"LockedScales","floor":4.0},{"not_picked":["HandsUpC","Facsimile"],"picked":"LockedWarPaint","floor":5.0},{"not_picked":["Engulf","BlueShift","LockedWarPaint"],"picked":"SKIP","floor":6.0},{"not_picked":["Keepsakes","HandsUpB","WindUp"],"picked":"SKIP","floor":7.0},{"not_picked":["LockedPlans","BeatsPerMinute","Parity"],"picked":"SKIP","floor":11.0},{"not_picked":["WindUp","AlternateTimeline"],"picked":"LockedFlame","floor":13.0},{"not_picked":["LockedMedicine","AlternateTimeline"],"picked":"LockedScales","floor":14.0},{"not_picked":["Cuckoo","LockedBlood"],"picked":"LockedWhetstone","floor":18},{"not_picked":["Cuckoo","BlueShift"],"picked":"LockedMercury","floor":19},{"not_picked":["BeatsPerMinute","BlueShift"],"picked":"LockedScales","floor":21},{"not_picked":["LockedTornado+1","Engulf"],"picked":"WatchCommand","floor":22},{"not_picked":["CrunchTime","LockedWhetstone+1","LockedMedicine+1"],"picked":"Singing Bowl","floor":27}],"player_experience":1441907,"relics_obtained":[{"floor":6.0,"key":"Boot"},{"floor":13.0,"key":"Replay:Bandana"},{"floor":26,"key":"Singing Bowl"}],"event_choices":[{"damage_healed":0.0,"max_hp_gain":0.0,"max_hp_loss":0.0,"gold_gain":100.0,"event_name":"Golden Shrine","player_choice":"Pray","floor":2.0,"gold_loss":0.0,"damage_taken":0.0},{"damage_healed":0,"gold_gain":0,"player_choice":"Gave Potion","damage_taken":0,"relics_obtained":["Replay:Wax Seal"],"max_hp_gain":0,"max_hp_loss":0,"event_name":"WeMeetAgain","floor":20,"gold_loss":0}],"is_beta":false,"boss_relics":[{"not_picked":["Runic Dome","Replay:Drink Me"],"picked":"Coffee Dripper"}],"items_purged_floors":[24],"is_endless":false,"potions_floor_spawned":[1,4,14,16,18,21],"killed_by":"Gremlin Leader","ascension_level":0}}