{"host":"gxcrkmpoa14hk0os","time":1614360874,"event":{"mods":["AchievementEnabler","BaseMod","Better Third Choice","BetterRewards","Conspire","Hubris","Infinite Spire","Minty Spire (QoL Compilation)","Relic Stats","Replay The Spire","Shop Mod","StSLib"],"gold_per_floor":[115,126,72,147,161,189,189,206,232,262,277,297,310,323,323,427,427,443,463,475,128,128,145,21,34,34,44,78,89,89,89],"floor_reached":30,"language":"ENG","playtime":2832,"items_purged":["Strike_R"],"score":268,"play_id":"dcbf1cf0-f849-4b91-8129-62198a1d44bf","local_time":"20210226113434","is_ascension_mode":false,"campfire_choices":[{"data":"Shrug It Off","floor":7,"key":"SMITH"},{"data":"conspire:Charge","floor":15,"key":"SMITH"}],"circlet_count":0,"master_deck":["Strike_R","Strike_R","Strike_R","Strike_R","Defend_R","Defend_R","Defend_R","Defend_R","Bash+1","Shrug It Off+1","Metallicize+1","conspire:Charge+1","Reaper","Flex","Metallicize"],"relics":["Burning Blood","hubris:SphereOfDissonance","Art of War","The Courier","Odd Mushroom","Replay:Bronze Core","MerchantsRug","Lantern","Lee\u0027s Waffle","infinitespire:Satchel"],"acts_visited":["Exordium","TheCity"],"potions_floor_usage":[12,16,19,20,27,27,28,29],"damage_taken":[{"damage":0,"enemies":"2 Louse","floor":1,"turns":4},{"damage":7,"enemies":"Jaw Worm","floor":2,"turns":4},{"damage":2,"enemies":"Cultist","floor":5,"turns":3},{"damage":1,"enemies":"Replay:BlueRogue","floor":6,"turns":9},{"damage":1,"enemies":"Looter","floor":8,"turns":3},{"damage":7,"enemies":"Gremlin Nob","floor":10,"turns":4},{"damage":3,"enemies":"Exordium Wildlife","floor":11,"turns":4},{"damage":2,"enemies":"The Mushroom Lair","floor":12,"turns":3},{"damage":2,"enemies":"3 Louse","floor":13,"turns":4},{"damage":2,"enemies":"Looter","floor":14,"turns":3},{"damage":15,"enemies":"Slime Boss","floor":16,"turns":9},{"damage":32,"enemies":"conspire:FuzzyDice","floor":18,"turns":7},{"damage":28,"enemies":"Chosen","floor":19,"turns":9},{"damage":25,"enemies":"Snake Plant","floor":20,"turns":6},{"damage":4,"enemies":"conspire:HollyBat","floor":23,"turns":10},{"damage":9,"enemies":"Centurion and Healer","floor":25,"turns":7},{"damage":29,"enemies":"3 Cultists","floor":27,"turns":8},{"damage":34,"enemies":"Slavers","floor":28,"turns":11},{"damage":41,"enemies":"Snake Plant","floor":29,"turns":8},{"damage":10,"enemies":"Snecko","floor":30,"turns":5}],"seed_played":"-5324786202529649779","potions_obtained":[{"floor":1,"key":"Dexterity Potion"},{"floor":6,"key":"BlessingOfTheForge"},{"floor":11,"key":"Explosive Potion"},{"floor":12,"key":"Elixir"},{"floor":13,"key":"Dexterity Potion"},{"floor":19,"key":"Explosive Potion"},{"floor":23,"key":"DuplicationPotion"},{"floor":27,"key":"SkillPotion"},{"floor":28,"key":"PowerPotion"}],"is_trial":false,"path_per_floor":["M","M","$","?","M","E","R","M","T","E","M","?","M","M","R","B",null,"M","M","M","$","?","M","$","M","T","M","E","M","M"],"character_chosen":"IRONCLAD","items_purchased":["Metallicize+1","MerchantsRug","Lantern","Adrenaline Potion","Lee\u0027s Waffle"],"campfire_rested":0,"item_purchase_floors":[3,21,21,21,24],"current_hp_per_floor":[80,79,79,68,72,77,77,80,80,79,80,80,80,80,80,71,80,64,42,23,23,23,29,87,87,87,68,40,9,0,0],"gold":89,"neow_bonus":"UPGRADE_CARD","is_daily":false,"chose_seed":false,"campfire_upgraded":2,"win_rate":0.0,"timestamp":1614360874,"path_taken":["M","M","$","?","M","E","R","M","T","E","M","?","M","M","R","BOSS","M","M","M","$","?","?","$","M","T","M","E","M","M"],"items_purchased_type":["Card","Relic","Relic","Potion","Relic"],"build_version":"2020-12-22","purchased_purges":1,"victory":false,"max_hp_per_floor":[80,80,80,80,80,80,80,80,80,80,80,80,80,80,80,80,80,80,80,80,80,80,80,87,87,87,87,87,87,87,87],"relic_stats":{"Lee\u0027s Waffle":58,"counters":[20,121],"Art of War":[2],"obtain_stats":[{"MerchantsRug":21,"Lantern":21,"Lee\u0027s Waffle":24,"Replay:Bronze Core":17,"hubris:SphereOfDissonance":6,"infinitespire:Satchel":28,"The Courier":10,"Art of War":9,"Odd Mushroom":12,"Burning Blood":0},{"MerchantsRug":14,"Lantern":14,"Lee\u0027s Waffle":15,"Replay:Bronze Core":11,"hubris:SphereOfDissonance":4,"infinitespire:Satchel":18,"The Courier":6,"Art of War":5,"Odd Mushroom":8,"Burning Blood":0},{"MerchantsRug":72,"Lantern":72,"Lee\u0027s Waffle":82,"Replay:Bronze Core":50,"hubris:SphereOfDissonance":20,"infinitespire:Satchel":108,"The Courier":27,"Art of War":23,"Odd Mushroom":34,"Burning Blood":0}],"Burning Blood":89},"card_choices":[{"not_picked":["Replay:Undeath\u0027s Touch","Body Slam"],"picked":"Shrug It Off","floor":1},{"not_picked":["Fire Breathing","Armaments","Iron Wave"],"picked":"SKIP","floor":2},{"not_picked":["Eclipse","hubris:ReadiedAction","Twin Strike"],"picked":"SKIP","floor":5},{"not_picked":["Sever Soul","Dark Embrace","Massacre"],"picked":"SKIP","floor":6},{"not_picked":["Pommel Strike","Iron Wave","Flex"],"picked":"SKIP","floor":8},{"not_picked":["Perfected Strike","hubris:StunningStrike"],"picked":"conspire:Charge","floor":10},{"not_picked":["Twin Strike","Heavy Blade","Perfected Strike"],"picked":"SKIP","floor":11},{"not_picked":["Heavy Blade","hubris:SharpeningStone","Run Through"],"picked":"SKIP","floor":13},{"not_picked":["Thunderclap","Flex","Uppercut"],"picked":"SKIP","floor":14},{"not_picked":["conspire:Purge","hubris:StunningStrike"],"picked":"Reaper","floor":16},{"not_picked":["Thunderclap","Shockwave+1","Second Wind+1"],"picked":"SKIP","floor":18},{"not_picked":["Life Link","Massacre+1","Clash"],"picked":"SKIP","floor":19},{"not_picked":["Perfected Strike+1","Carnage+1","Wild Strike+1"],"picked":"SKIP","floor":20},{"not_picked":["ReplayTheSpireMod:Strike From Hell","Seeing Red+1"],"picked":"Flex","floor":23},{"not_picked":["ReplayTheSpireMod:Muscle Training+1","Havoc"],"picked":"Metallicize","floor":25},{"not_picked":["Rage","ReplayTheSpireMod:Strike From Hell","Infernal Blade+1"],"picked":"SKIP","floor":27},{"not_picked":["Armaments+1","ReplayTheSpireMod:Limb From Limb","infinitespire:OneForAll+1"],"picked":"SKIP","floor":28},{"not_picked":["Armaments","Flex+1","Clash"],"picked":"SKIP","floor":29}],"player_experience":610992,"relics_obtained":[{"floor":6,"key":"hubris:SphereOfDissonance"},{"floor":9,"key":"Art of War"},{"floor":10,"key":"The Courier"},{"floor":12,"key":"Odd Mushroom"},{"floor":28,"key":"infinitespire:Satchel"}],"event_choices":[{"damage_healed":0,"gold_gain":75,"player_choice":"Gold","damage_taken":11,"max_hp_gain":0,"max_hp_loss":0,"event_name":"betterThird:BetterGoop","floor":4,"gold_loss":0},{"damage_healed":0,"gold_gain":0,"player_choice":"Fought Mushrooms","damage_taken":0,"max_hp_gain":0,"max_hp_loss":0,"event_name":"Mushrooms","floor":12,"gold_loss":0},{"damage_healed":0,"gold_gain":0,"player_choice":"Ignored","damage_taken":0,"max_hp_gain":0,"max_hp_loss":0,"event_name":"N\u0027loth","floor":22,"gold_loss":0}],"is_beta":false,"boss_relics":[{"not_picked":["hubris:RunicObelisk","Velvet Choker"],"picked":"Replay:Bronze Core"}],"items_purged_floors":[21],"is_endless":false,"potions_floor_spawned":[1,6,11,12,13,19,23,27,28],"killed_by":"Snecko","ascension_level":0}}