{"host":"151p09krvn8vrvfk","time":1614317284,"event":{"mods":["BaseMod","Better Altar","Better Skull","Better Third Choice","Downfall","Hermit","Minty Spire (QoL Compilation)","READ ME - Guardian Mod","StSLib","The Cursed"],"gold_per_floor":[118,118,130,149,149,183,196,196,223,238,238,255,231,242,242,341,341,355,355,112,126,126,152,152,167,167,21,21,35,46,46,46,46,46],"floor_reached":33,"language":"ENG","playtime":2162,"items_purged":["Strike_B"],"score":269,"play_id":"b0f14a4f-c737-4fc7-8f5f-867419c37ddc","local_time":"20210226002804","is_ascension_mode":false,"campfire_choices":[{"floor":11,"key":"REST"},{"floor":15,"key":"REST"},{"floor":24,"key":"REST"},{"floor":28,"key":"REST"},{"floor":32,"key":"REST"}],"circlet_count":0,"master_deck":["Strike_B","Strike_B","Defend_B","Defend_B","Defend_B","Zap+1","Dualcast","Forethought","Gash","Defragment","Chaos","Meteor Strike","Ball Lightning","White Noise","Biased Cognition","CurseOfTheBell","Undo","Secret Technique","Sweeping Beam+1","Sweeping Beam+1","Hologram","Self Repair+1"],"relics":["Cracked Core","Potion Belt","MealTicket","betterThird:SlimedRelic","Calling Bell","Omamori","Letter Opener","Peace Pipe","Centennial Puzzle","Question Card","Membership Card"],"acts_visited":["Exordium","TheCity"],"potions_floor_usage":[14],"damage_taken":[{"damage":2,"enemies":"Small Slimes","floor":1,"turns":3},{"damage":1,"enemies":"Cultist","floor":3,"turns":3},{"damage":6,"enemies":"Jaw Worm","floor":4,"turns":2},{"damage":35,"enemies":"3 Sentries","floor":6,"turns":7},{"damage":16,"enemies":"3 Louse","floor":7,"turns":4},{"damage":5,"enemies":"Large Slime","floor":10,"turns":6},{"damage":10,"enemies":"2 Fungi Beasts","floor":12,"turns":3},{"damage":1,"enemies":"Red Slaver","floor":14,"turns":3},{"damage":21,"enemies":"Hexaghost","floor":16,"turns":8},{"damage":21,"enemies":"Chosen","floor":18,"turns":6},{"damage":22,"enemies":"Spheric Guardian","floor":21,"turns":4},{"damage":35,"enemies":"Gremlin Leader","floor":23,"turns":7},{"damage":26,"enemies":"Snake Plant","floor":25,"turns":5},{"damage":7,"enemies":"Snecko","floor":29,"turns":5},{"damage":33,"enemies":"Centurion and Healer","floor":30,"turns":13},{"damage":29,"enemies":"Automaton","floor":33,"turns":8}],"seed_played":"4429173586138822630","potions_obtained":[{"floor":3,"key":"FocusPotion"},{"floor":4,"key":"ColorlessPotion"},{"floor":6,"key":"Block Potion"},{"floor":16,"key":"Guardian:BlockOnCardUsePotion"},{"floor":18,"key":"BlessingOfTheForge"}],"is_trial":false,"path_per_floor":["M","?","M","M","?","E","M","?","T","M","R","M","?","M","R","B",null,"M","?","$","M","?","E","R","M","T","$","R","M","M","?","R","B"],"character_chosen":"DEFECT","items_purchased":["Secret Technique","Membership Card"],"campfire_rested":5,"item_purchase_floors":[20,27],"current_hp_per_floor":[73,73,72,66,59,24,8,33,33,28,50,40,29,28,50,29,75,54,54,69,47,47,12,34,8,8,23,45,38,5,5,27,0,0],"gold":46,"neow_bonus":"RANDOM_COLORLESS","is_daily":false,"chose_seed":false,"campfire_upgraded":0,"win_rate":0.0,"timestamp":1614317284,"path_taken":["M","?","?","M","?","E","M","?","T","M","R","M","?","M","R","BOSS","M","?","$","?","?","E","R","M","T","$","R","M","?","?","R","BOSS"],"items_purchased_type":["Card","Relic"],"build_version":"2020-12-22","purchased_purges":1,"victory":false,"max_hp_per_floor":[75,75,75,75,75,75,75,75,75,75,75,75,75,75,75,75,75,75,75,75,75,75,75,75,75,75,75,75,75,75,75,75,75,75],"card_choices":[{"not_picked":["Panacea","Blind"],"picked":"Forethought","floor":0},{"not_picked":["FTL","Cold Snap","Conserve Battery"],"picked":"SKIP","floor":1},{"not_picked":["Heatsinks","Sweeping Beam"],"picked":"Gash","floor":3},{"not_picked":["Sunder","Compile Driver"],"picked":"Defragment","floor":4},{"not_picked":["Conserve Battery","Rip and Tear"],"picked":"Chaos","floor":6},{"not_picked":["Coolheaded","Force Field"],"picked":"Meteor Strike","floor":7},{"not_picked":["Steam","Turbo","Blizzard"],"picked":"SKIP","floor":10},{"not_picked":["Defragment","Aggregate"],"picked":"Ball Lightning","floor":12},{"not_picked":["Lockon","Redo"],"picked":"White Noise","floor":14},{"not_picked":["Meteor Strike","Fission"],"picked":"Biased Cognition","floor":16},{"not_picked":["Gash","Cold Snap+1"],"picked":"Undo","floor":18},{"not_picked":["Cold Snap","Skim"],"picked":"Sweeping Beam+1","floor":21},{"not_picked":["Multi-Cast","Compile Driver"],"picked":"Hologram","floor":23},{"not_picked":["Doom and Gloom","Beam Cell","Redo"],"picked":"SKIP","floor":25},{"not_picked":["Go for the Eyes","Tempest","Barrage","Sweeping Beam"],"picked":"SKIP","floor":29},{"not_picked":["Beam Cell","Leap","Reinforced Body"],"picked":"Self Repair+1","floor":30}],"player_experience":54895,"relics_obtained":[{"floor":6,"key":"Potion Belt"},{"floor":9,"key":"MealTicket"},{"floor":17,"key":"Omamori"},{"floor":17,"key":"Letter Opener"},{"floor":17,"key":"Peace Pipe"},{"floor":23,"key":"Centennial Puzzle"},{"floor":26,"key":"Question Card"}],"event_choices":[{"damage_healed":0,"gold_gain":0,"player_choice":"Ignored","damage_taken":0,"max_hp_gain":0,"max_hp_loss":0,"event_name":"NoteForYourself","floor":2,"gold_loss":0},{"cards_removed":["Defend_B"],"damage_healed":0,"gold_gain":0,"player_choice":"Card Removal","damage_taken":7,"max_hp_gain":0,"max_hp_loss":0,"event_name":"Golden Wing","floor":5,"gold_loss":0},{"damage_healed":25,"gold_gain":0,"player_choice":"Banana","damage_taken":0,"max_hp_gain":0,"max_hp_loss":0,"event_name":"Big Fish","floor":8,"gold_loss":0},{"damage_healed":0,"gold_gain":0,"player_choice":"Slimed","damage_taken":11,"max_hp_gain":0,"max_hp_loss":0,"event_name":"betterThird:BetterGoop","floor":13,"gold_loss":24},{"damage_healed":0,"gold_gain":0,"player_choice":"Forge","damage_taken":0,"max_hp_gain":0,"max_hp_loss":0,"event_name":"Accursed Blacksmith","floor":19,"gold_loss":0,"cards_upgraded":["Zap"]},{"damage_healed":0,"gold_gain":0,"player_choice":"Copied","damage_taken":0,"max_hp_gain":0,"max_hp_loss":0,"event_name":"Duplicator","floor":22,"gold_loss":0,"cards_obtained":["Sweeping Beam"]},{"cards_removed":["Strike_B"],"damage_healed":0,"gold_gain":0,"player_choice":"Purged","damage_taken":0,"max_hp_gain":0,"max_hp_loss":0,"event_name":"Purifier","floor":31,"gold_loss":0}],"is_beta":false,"boss_relics":[{"not_picked":["Fusion Hammer","Inserter"],"picked":"Calling Bell"}],"items_purged_floors":[20],"is_endless":false,"potions_floor_spawned":[3,4,6,16,18],"killed_by":"Automaton","ascension_level":0}}