{"host":"ao8ok4k25npyixk7","time":1614362969,"event":{"mods":["BaseMod","Colored Map","Minty Spire (QoL Compilation)"],"gold_per_floor":[113,113,38,38,56,56,89,89,89,118,118,129,141,167,167,167,167],"floor_reached":16,"language":"ENG","playtime":594,"items_purged":["Strike_G"],"score":286,"play_id":"25e4df28-0587-4d27-87e3-c3859c304ac6","local_time":"20210226190929","is_ascension_mode":true,"campfire_choices":[{"data":"Blade Dance","floor":6,"key":"SMITH"},{"data":"Neutralize","floor":8,"key":"SMITH"},{"data":"Predator","floor":15,"key":"SMITH"}],"circlet_count":0,"master_deck":["AscendersBane","Strike_G","Strike_G","Strike_G","Strike_G","Defend_G","Defend_G","Defend_G","Defend_G","Defend_G","Survivor","Neutralize+1","Dagger Throw+1","Blade Dance+1","PiercingWail","Sucker Punch","Predator+1","PiercingWail"],"relics":["Ring of the Snake","NeowsBlessing","NlothsMask","Meat on the Bone","Regal Pillow","Art of War"],"acts_visited":["Exordium"],"potions_floor_usage":[10,12,16],"damage_taken":[{"damage":0,"enemies":"2 Louse","floor":1,"turns":1},{"damage":0,"enemies":"Cultist","floor":5,"turns":1},{"damage":0,"enemies":"3 Sentries","floor":7,"turns":1},{"damage":28,"enemies":"Gremlin Nob","floor":10,"turns":5},{"damage":10,"enemies":"Small Slimes","floor":12,"turns":6},{"damage":15,"enemies":"Gremlin Gang","floor":13,"turns":7},{"damage":25,"enemies":"Lagavulin","floor":14,"turns":5},{"damage":50,"enemies":"Hexaghost","floor":16,"turns":11}],"seed_played":"4678773688585130854","potions_obtained":[{"floor":5,"key":"Block Potion"},{"floor":11,"key":"Fruit Juice"},{"floor":11,"key":"Regen Potion"},{"floor":12,"key":"CunningPotion"}],"is_trial":false,"path_per_floor":["M","?","$","?","M","R","E","R","T","E","?","M","M","E","R","B"],"character_chosen":"THE_SILENT","items_purchased":[],"campfire_rested":0,"item_purchase_floors":[],"current_hp_per_floor":[59,59,59,59,59,59,59,59,59,43,43,50,47,34,34,0,0],"gold":167,"neow_bonus":"THREE_ENEMY_KILL","is_daily":false,"chose_seed":false,"campfire_upgraded":3,"win_rate":0.0,"timestamp":1614362969,"path_taken":["M","?","?","?","?","R","E","R","T","E","?","M","M","E","R","BOSS"],"items_purchased_type":[],"build_version":"2020-12-22","purchased_purges":1,"victory":false,"max_hp_per_floor":[66,66,66,66,66,66,66,66,66,66,66,71,71,71,71,71,71],"card_choices":[{"not_picked":["Escape Plan","Deflect"],"picked":"Dagger Throw","floor":1},{"not_picked":["Dodge and Roll","Flying Knee"],"picked":"Blade Dance","floor":5},{"not_picked":["Prepared","Finisher"],"picked":"PiercingWail","floor":7},{"not_picked":["Blur","Outmaneuver","Choke"],"picked":"SKIP","floor":10},{"not_picked":["Endless Agony","Eviscerate"],"picked":"Sucker Punch","floor":12},{"not_picked":["Eviscerate","Deflect"],"picked":"Predator","floor":13},{"not_picked":["Blade Dance","Setup"],"picked":"PiercingWail","floor":14}],"player_experience":281085,"relics_obtained":[{"floor":7,"key":"Meat on the Bone"},{"floor":10,"key":"Regal Pillow"},{"floor":14,"key":"Art of War"}],"event_choices":[{"damage_healed":0,"gold_gain":0,"player_choice":"Upgraded","damage_taken":0,"max_hp_gain":0,"max_hp_loss":0,"event_name":"Upgrade Shrine","floor":2,"gold_loss":0,"cards_upgraded":["Dagger Throw"]},{"damage_healed":0,"gold_gain":0,"player_choice":"Trade","damage_taken":0,"relics_obtained":["NlothsMask"],"max_hp_gain":0,"max_hp_loss":0,"event_name":"FaceTrader","floor":4,"gold_loss":0},{"damage_healed":0,"gold_gain":0,"player_choice":"Got Potions","damage_taken":0,"max_hp_gain":0,"max_hp_loss":0,"event_name":"Lab","floor":11,"gold_loss":0}],"is_beta":false,"boss_relics":[],"items_purged_floors":[3],"is_endless":false,"potions_floor_spawned":[5,12],"killed_by":"Hexaghost","ascension_level":20}}