{"host":"545ma68kbj6ggddn","time":1614311278,"event":{"mods":["BaseMod","Colored Map","Colored Powertips","Downfall","Minty Spire (QoL Compilation)","Permanent Neow","Quick Restart","StSLib","The Death Knight"],"gold_per_floor":[99,99,99,199,649,549,600,600,600,600,600],"floor_reached":9,"language":"ENG","playtime":85,"items_purged":[],"score":47,"play_id":"2a3bfec8-f654-4466-8826-091d0c87c7b1","local_time":"20210225214758","is_ascension_mode":true,"campfire_choices":[{"floor":1,"key":"RECALL"},{"data":"sneckomod:UnknownExhaust","floor":6,"key":"SMITH"}],"circlet_count":0,"master_deck":["sneckomod:Strike","sneckomod:Strike","sneckomod:Strike","sneckomod:Defend","sneckomod:Defend","sneckomod:Defend","sneckomod:TailWhip","sneckomod:SnekBite","sneckomod:Unknown","sneckomod:Unknown","sneckomod:DiceBoulder","sneckomod:UnknownExhaust+1","downfall:Icky","downfall:Icky","downfall:Icky","sneckomod:UnknownColorless"],"relics":["sneckomod:SneckoSoul","downfall:HeartsMalice","downfall:HeartBlessingRed","Centennial Puzzle"],"acts_visited":["Exordium"],"potions_floor_usage":[],"damage_taken":[{"damage":0,"enemies":"2 Louse","floor":2,"turns":1},{"damage":0,"enemies":"Small Slimes","floor":3,"turns":1},{"damage":0,"enemies":"Cultist","floor":8,"turns":1},{"damage":14,"enemies":"Gremlin Nob","floor":9,"turns":3}],"seed_played":"8126810765963549274","potions_obtained":[],"is_trial":false,"path_per_floor":["R","M","M","?","?","R","T","M","E"],"character_chosen":"THE_SNECKO","items_purchased":[],"campfire_rested":0,"item_purchase_floors":[],"current_hp_per_floor":[90,90,90,90,90,90,90,90,76,76,76],"gold":600,"neow_bonus":"THREE_ENEMY_KILL","is_daily":false,"chose_seed":false,"campfire_upgraded":1,"win_rate":0.0,"timestamp":1614311278,"path_taken":["R","M","M","?","?","R","T","M","E"],"items_purchased_type":[],"build_version":"2020-12-22","purchased_purges":0,"victory":false,"max_hp_per_floor":[90,90,90,90,90,90,90,90,90,90,90],"card_choices":[{"not_picked":["sneckomod:UnendingSupply","sneckomod:ImprovisedAttack"],"picked":"sneckomod:DiceBoulder","floor":2},{"not_picked":["sneckomod:QuickBite","sneckomod:DiceCrush"],"picked":"sneckomod:UnknownExhaust","floor":3},{"not_picked":["sneckomod:Unknown0Cost","sneckomod:WideSting"],"picked":"sneckomod:UnknownColorless","floor":8}],"player_experience":248988,"relics_obtained":[{"floor":7,"key":"Centennial Puzzle"}],"event_choices":[],"is_beta":false,"boss_relics":[],"items_purged_floors":[],"is_endless":false,"potions_floor_spawned":[],"killed_by":"Gremlin Nob","ascension_level":1}}