{"host":"2no1vwhhkhf0ohz3","time":1614362717,"event":{"mods":["AchievementEnabler","BaseMod","Colored Map","DeckTracker","Keyboard Shortcuts","Minty Spire (QoL Compilation)","SuperFastMode"],"gold_per_floor":[117,137,137,137,137,137,155,155,155,6,6,22,46,60,60,60,60],"floor_reached":16,"language":"KOR","playtime":263,"items_purged":[],"score":140,"play_id":"5f504014-16e0-44a6-bb06-279f4d9a7e81","local_time":"20210227030517","is_ascension_mode":true,"campfire_choices":[{"data":"Bash","floor":6.0,"key":"SMITH"},{"data":"Intimidate","floor":8.0,"key":"SMITH"},{"data":"Immolate","floor":11.0,"key":"SMITH"},{"data":"Bloodletting","floor":15.0,"key":"SMITH"}],"circlet_count":0,"master_deck":["AscendersBane","Strike_R","Strike_R","Strike_R","Strike_R","Defend_R+1","Defend_R","Defend_R","Defend_R+1","Bash+1","Finesse","Intimidate+1","Power Through","Shrug It Off","Immolate+1","Bloodletting+1","Burning Pact"],"relics":["Burning Blood","Golden Idol","Letter Opener","War Paint"],"acts_visited":["Exordium"],"potions_floor_usage":[],"damage_taken":[{"damage":5.0,"enemies":"Jaw Worm","floor":1.0,"turns":5.0},{"damage":7.0,"enemies":"Small Slimes","floor":2.0,"turns":4.0},{"damage":2.0,"enemies":"2 Louse","floor":7.0,"turns":4.0},{"damage":7.0,"enemies":"Looter","floor":12.0,"turns":3.0},{"damage":6.0,"enemies":"Exordium Thugs","floor":14.0,"turns":3.0},{"damage":0,"enemies":"Slime Boss","floor":16,"turns":1}],"seed_played":"-4997315094999294071","potions_obtained":[{"floor":1.0,"key":"Weak Potion"},{"floor":12.0,"key":"ColorlessPotion"}],"is_trial":false,"path_per_floor":["M","M","?","?","?","R","M","R","T","$","R","M","T","M","R","B"],"character_chosen":"IRONCLAD","items_purchased":["Immolate"],"campfire_rested":0,"item_purchase_floors":[10],"current_hp_per_floor":[73,72,72,65,32,32,36,36,36,36,36,35,35,35,35,35,35],"gold":60,"neow_bonus":"RANDOM_COLORLESS","is_daily":false,"chose_seed":false,"campfire_upgraded":4,"win_rate":0.0,"timestamp":1614362717,"path_taken":["M","M","?","?","?","R","M","R","T","$","R","M","?","?","R","BOSS"],"items_purchased_type":["Card"],"build_version":"2020-12-22","purchased_purges":0,"victory":false,"max_hp_per_floor":[80,80,74,74,74,74,74,74,74,74,74,74,74,74,74,74,74],"card_choices":[{"not_picked":["Discovery","PanicButton"],"picked":"Finesse","floor":0.0},{"not_picked":["Iron Wave","Clash"],"picked":"Intimidate","floor":1.0},{"not_picked":["Thunderclap","Headbutt"],"picked":"Power Through","floor":2.0},{"not_picked":["Disarm","Whirlwind"],"picked":"Shrug It Off","floor":7.0},{"not_picked":["Iron Wave","Clash"],"picked":"Bloodletting","floor":12.0},{"not_picked":["Combust","Thunderclap"],"picked":"Burning Pact","floor":14.0}],"player_experience":319226,"relics_obtained":[{"floor":13.0,"key":"War Paint"}],"event_choices":[{"damage_healed":0.0,"max_hp_gain":0.0,"max_hp_loss":6.0,"gold_gain":0.0,"event_name":"Golden Idol","player_choice":"Lose Max HP","floor":3.0,"gold_loss":0.0,"damage_taken":0.0,"relics_obtained":["Golden Idol"]},{"cards_removed":["Strike_R"],"damage_healed":0.0,"max_hp_gain":0.0,"max_hp_loss":0.0,"gold_gain":0.0,"event_name":"Golden Wing","player_choice":"Card Removal","floor":4.0,"gold_loss":0.0,"damage_taken":7.0},{"damage_healed":0.0,"max_hp_gain":0.0,"max_hp_loss":0.0,"gold_gain":0.0,"event_name":"Scrap Ooze","player_choice":"Success","floor":5.0,"gold_loss":0.0,"damage_taken":33.0,"relics_obtained":["Letter Opener"]}],"is_beta":false,"boss_relics":[],"items_purged_floors":[],"is_endless":false,"potions_floor_spawned":[1,12,14],"killed_by":"Slime Boss","ascension_level":11}}