{"host":"d52brwsy6af8zvaq","time":1614372006,"event":{"mods":["AchievementEnabler","BaseMod","Bestiary","Highlight Path","Minty Spire (QoL Compilation)","Quick Restart","Relic Stats","ojb\u0027s Better Paths Mod"],"gold_per_floor":[117,117,129,139,159,159,174,200,225,91,91,166,216,216,216],"floor_reached":14,"language":"ENG","playtime":2445,"items_purged":["Strike_B"],"score":230,"play_id":"e422d2b8-e561-4b82-bf03-91742f5b8384","local_time":"20210226134006","is_ascension_mode":true,"campfire_choices":[{"data":"Sunder","floor":6,"key":"SMITH"},{"data":"Static Discharge","floor":11,"key":"SMITH"}],"circlet_count":0,"master_deck":["AscendersBane","Strike_B","Strike_B","Defend_B","Defend_B","Defend_B","Defend_B","Zap","Dualcast","Melter","Go for the Eyes","Static Discharge+1","Sunder+1","Auto Shields","FTL","Reinforced Body","Coolheaded"],"relics":["Cracked Core","Toy Ornithopter","Dream Catcher"],"acts_visited":["Exordium"],"potions_floor_usage":[8],"damage_taken":[{"damage":12,"enemies":"2 Louse","floor":1,"turns":4},{"damage":0,"enemies":"Cultist","floor":3,"turns":3},{"damage":6,"enemies":"Small Slimes","floor":4,"turns":3},{"damage":7,"enemies":"2 Fungi Beasts","floor":5,"turns":3},{"damage":13,"enemies":"Exordium Thugs","floor":7,"turns":3},{"damage":0,"enemies":"Gremlin Nob","floor":8,"turns":2},{"damage":25,"enemies":"Lagavulin","floor":14,"turns":6}],"seed_played":"-4675658240937460351","potions_obtained":[{"floor":4,"key":"PotionOfCapacity"},{"floor":5,"key":"PowerPotion"}],"is_trial":false,"path_per_floor":["M","?","M","M","M","R","M","E","T","$","R","?","?","E"],"character_chosen":"DEFECT","items_purchased":["Coolheaded"],"campfire_rested":0,"item_purchase_floors":[10],"current_hp_per_floor":[59,59,59,53,46,46,33,33,33,33,33,22,22,0,0],"gold":216,"neow_bonus":"TEN_PERCENT_HP_BONUS","is_daily":false,"chose_seed":false,"campfire_upgraded":2,"win_rate":0.0,"timestamp":1614372006,"path_taken":["M","?","M","M","M","R","M","E","T","?","R","?","?","E"],"items_purchased_type":["Card"],"build_version":"2020-12-22","purchased_purges":1,"victory":false,"max_hp_per_floor":[78,78,78,78,78,78,78,78,78,78,78,78,78,78,78],"relic_stats":{"Dream Catcher":0,"counters":[7,24],"obtain_stats":[{"Dream Catcher":9,"Cracked Core":0,"Toy Ornithopter":8},{"Dream Catcher":6,"Cracked Core":0,"Toy Ornithopter":6},{"Dream Catcher":18,"Cracked Core":0,"Toy Ornithopter":18}],"Toy Ornithopter":0},"card_choices":[{"not_picked":["Leap","Lockon"],"picked":"Melter","floor":1},{"not_picked":["Turbo","FTL"],"picked":"Static Discharge","floor":3},{"not_picked":["Cold Snap","Streamline"],"picked":"Sunder","floor":4},{"not_picked":["Hologram","Beam Cell"],"picked":"Auto Shields","floor":5},{"not_picked":["Doom and Gloom","Leap"],"picked":"FTL","floor":7},{"not_picked":["Beam Cell","Tempest"],"picked":"Reinforced Body","floor":8}],"player_experience":2387039,"relics_obtained":[{"floor":8,"key":"Toy Ornithopter"},{"floor":9,"key":"Dream Catcher"}],"event_choices":[{"damage_healed":0,"gold_gain":0,"cards_transformed":["Strike_B"],"player_choice":"Transformed","damage_taken":0,"max_hp_gain":0,"max_hp_loss":0,"event_name":"Transmorgrifier","floor":2,"gold_loss":0,"cards_obtained":["Go for the Eyes"]},{"damage_healed":0,"gold_gain":75,"player_choice":"Gather Gold","damage_taken":11,"max_hp_gain":0,"max_hp_loss":0,"event_name":"World of Goop","floor":12,"gold_loss":0},{"damage_healed":0,"gold_gain":50,"player_choice":"Pray","damage_taken":0,"max_hp_gain":0,"max_hp_loss":0,"event_name":"Golden Shrine","floor":13,"gold_loss":0}],"is_beta":false,"boss_relics":[],"items_purged_floors":[10],"is_endless":false,"potions_floor_spawned":[4,5,7],"killed_by":"Lagavulin","ascension_level":20}}