{"host":"2l5k2wp87eek7qja","time":1614370547,"event":{"mods":["BaseMod","Colored Map","Minty Spire (QoL Compilation)","Relic Stats"],"gold_per_floor":[116,116,134,150,200,200,225,150,174,207,224,224,224,5,5,5,5],"floor_reached":16,"language":"ENG","playtime":432,"items_purged":["Strike_G"],"score":216,"play_id":"c65e4f36-10bd-4585-b179-1d6c66b8ee14","local_time":"20210226221547","is_ascension_mode":true,"campfire_choices":[{"data":"Terror","floor":6.0,"key":"SMITH"},{"data":"Footwork","floor":13,"key":"SMITH"},{"data":"Blade Dance","floor":15,"key":"SMITH"}],"circlet_count":0,"master_deck":["AscendersBane","Strike_G","Strike_G","Strike_G","Strike_G","Defend_G","Defend_G","Defend_G","Defend_G","Defend_G","Survivor","Neutralize","Blade Dance+1","Terror+1","Footwork+1","Corpse Explosion","Dash","Cloak And Dagger"],"relics":["Ring of the Snake","NeowsBlessing","Pantograph","Letter Opener","Bag of Marbles","Art of War","Akabeko"],"acts_visited":["Exordium"],"potions_floor_usage":[10,16],"damage_taken":[{"damage":0.0,"enemies":"Cultist","floor":1.0,"turns":1.0},{"damage":0.0,"enemies":"Jaw Worm","floor":3.0,"turns":1.0},{"damage":0.0,"enemies":"Small Slimes","floor":4.0,"turns":1.0},{"damage":42,"enemies":"3 Sentries","floor":7,"turns":14},{"damage":6,"enemies":"Gremlin Nob","floor":10,"turns":3},{"damage":2,"enemies":"Red Slaver","floor":11,"turns":3},{"damage":39,"enemies":"Slime Boss","floor":16,"turns":8}],"seed_played":"6344147534653723204","potions_obtained":[{"floor":7,"key":"Poison Potion"},{"floor":10,"key":"Fruit Juice"},{"floor":11,"key":"Poison Potion"}],"is_trial":false,"path_per_floor":["M","T","M","M","?","R","E","$","T","E","M","T","R","$","R","B"],"character_chosen":"THE_SILENT","items_purchased":["Akabeko","Cloak And Dagger"],"campfire_rested":0,"item_purchase_floors":[14,14],"current_hp_per_floor":[59,59,59,59,59,59,17,17,17,11,9,9,9,9,9,0,0],"gold":5,"neow_bonus":"THREE_ENEMY_KILL","is_daily":false,"chose_seed":false,"campfire_upgraded":3,"win_rate":0.0,"timestamp":1614370547,"path_taken":["M","?","?","M","?","R","E","$","T","E","?","?","R","$","R","BOSS"],"items_purchased_type":["Relic","Card"],"build_version":"2020-12-22","purchased_purges":1,"victory":false,"max_hp_per_floor":[66,66,66,66,66,66,66,66,66,66,66,66,66,66,66,71,71],"relic_stats":{"counters":[7,31],"Pantograph":25,"Art of War":[1],"Letter Opener":[5],"obtain_stats":[{"NeowsBlessing":0,"Pantograph":2,"Bag of Marbles":9,"Art of War":10,"Letter Opener":7,"Akabeko":14,"Ring of the Snake":0},{"NeowsBlessing":0,"Pantograph":1,"Bag of Marbles":4,"Art of War":5,"Letter Opener":4,"Akabeko":6,"Ring of the Snake":0},{"NeowsBlessing":0,"Pantograph":1,"Bag of Marbles":17,"Art of War":20,"Letter Opener":17,"Akabeko":23,"Ring of the Snake":0}],"Ring of the Snake":[14]},"card_choices":[{"not_picked":["Bane","Cloak And Dagger"],"picked":"Blade Dance","floor":1.0},{"not_picked":["Acrobatics","Underhanded Strike"],"picked":"Terror","floor":3.0},{"not_picked":["Outmaneuver","Prepared"],"picked":"Footwork","floor":4.0},{"not_picked":["Crippling Poison","Underhanded Strike","Catalyst"],"picked":"SKIP","floor":7},{"not_picked":["Flechettes","Well Laid Plans"],"picked":"Corpse Explosion","floor":10},{"not_picked":["Heel Hook","Prepared"],"picked":"Dash","floor":11}],"player_experience":912963,"relics_obtained":[{"floor":2.0,"key":"Pantograph"},{"floor":7,"key":"Letter Opener"},{"floor":9,"key":"Bag of Marbles"},{"floor":10,"key":"Art of War"}],"event_choices":[{"damage_healed":0.0,"max_hp_gain":0.0,"max_hp_loss":0.0,"gold_gain":50.0,"event_name":"Golden Shrine","player_choice":"Pray","floor":5.0,"gold_loss":0.0,"damage_taken":0.0}],"is_beta":false,"boss_relics":[],"items_purged_floors":[8],"is_endless":false,"potions_floor_spawned":[7,10,11],"killed_by":"Slime Boss","ascension_level":20}}