{"host":"rgy6n2eoa9ji6d0c","time":1614375276,"event":{"mods":["BaseMod","Colored Map","Colored Powertips","Downfall","Minty Spire (QoL Compilation)","Quick Restart","Relic Sorter","Spire Arcade","StSLib"],"gold_per_floor":[99,99,99,99,20,20,44,29,29,41,54,0,30,40,56,56,56,56],"floor_reached":16,"language":"ENG","playtime":965,"items_purged":[],"score":103,"play_id":"d3fe440f-a210-4423-8b91-5dfe9390b6fb","local_time":"20210226223436","is_ascension_mode":true,"campfire_choices":[{"floor":1.0,"key":"RECALL"},{"data":"Guardian:SentryBeam","floor":9.0,"key":"SMITH"}],"circlet_count":0,"master_deck":["Guardian:Strike_Guardian","Guardian:Strike_Guardian","Guardian:Strike_Guardian","Guardian:Defend_Guardian","Guardian:Defend_Guardian","Guardian:Defend_Guardian","Guardian:Defend_Guardian","Guardian:CurlUp","Guardian:TwinSlam","Guardian:Orbwalk","Guardian:Emergency","Guardian:SentryBeam+1","Guardian:RevengeProtocol","Guardian:Harden","Guardian:TemporalStrike","Guardian:FierceBash","Guardian:Suspension","Guardian:Orbwalk","Guardian:RefractedBeam","Guardian:Gem_Blue"],"relics":["Guardian:ModeShifter","downfall:HeartsMalice","Kunai"],"acts_visited":["Exordium"],"potions_floor_usage":[16,16],"damage_taken":[{"damage":0.0,"enemies":"Small Slimes","floor":2.0,"turns":1.0},{"damage":0.0,"enemies":"downfall:FleeingMerchant","floor":5.0,"turns":1.0},{"damage":0.0,"enemies":"2 Louse","floor":6.0,"turns":1.0},{"damage":5.0,"enemies":"downfall:FleeingMerchant","floor":8.0,"turns":4.0},{"damage":3.0,"enemies":"Jaw Worm","floor":10.0,"turns":5.0},{"damage":12.0,"enemies":"Blue Slaver","floor":11.0,"turns":5.0},{"damage":15,"enemies":"downfall:FleeingMerchant","floor":12,"turns":4},{"damage":16,"enemies":"Gremlin Nob","floor":13,"turns":4},{"damage":6,"enemies":"Large Slime","floor":14,"turns":3},{"damage":0,"enemies":"3 Louse","floor":15,"turns":2},{"damage":24,"enemies":"DF_ARCHETYPE_STREAMLINE","floor":16,"turns":9}],"seed_played":"-7678795781693645029","potions_obtained":[{"floor":11.0,"key":"FearPotion"},{"floor":13,"key":"PowerPotion"},{"floor":14,"key":"Regen Potion"}],"is_trial":false,"path_per_floor":["R","M","?","?","$","M","T","$","R","M","M","$","E","M","M","B"],"character_chosen":"GUARDIAN","items_purchased":["Guardian:SentryBeam","Guardian:Orbwalk"],"campfire_rested":0,"item_purchase_floors":[5,12],"current_hp_per_floor":[80,80,85,85,85,85,85,80,80,77,65,50,34,28,28,18,18,18],"gold":56,"neow_bonus":"THREE_ENEMY_KILL","is_daily":false,"chose_seed":false,"campfire_upgraded":1,"win_rate":0.0,"timestamp":1614375276,"path_taken":["R","M","?","?","$","M","T","?","R","M","M","$","E","M","M","BOSS"],"items_purchased_type":["Card","Card"],"build_version":"2020-12-22","purchased_purges":0,"victory":false,"max_hp_per_floor":[80,80,85,85,85,85,85,85,85,85,85,85,85,85,85,85,85,85],"card_choices":[{"not_picked":["Guardian:TemporalShield","Guardian:PrimingBeam"],"picked":"Guardian:Orbwalk","floor":2.0},{"not_picked":["Guardian:ShieldSpikes","Guardian:VentSteam"],"picked":"Guardian:Emergency","floor":5.0},{"not_picked":["Guardian:WalkerClaw","Guardian:Reroute"],"picked":"Guardian:RevengeProtocol","floor":6.0},{"not_picked":["Guardian:Gem_Green","Guardian:CrystalBeam"],"picked":"Guardian:Harden","floor":8.0},{"not_picked":["Guardian:Recover","Guardian:ShieldSpikes"],"picked":"Guardian:TemporalStrike","floor":10.0},{"not_picked":["Guardian:TimeBomb","Guardian:Recover"],"picked":"Guardian:FierceBash","floor":11.0},{"not_picked":["Guardian:Gem_White","Guardian:VentSteam"],"picked":"Guardian:Suspension","floor":12},{"not_picked":["Guardian:Planning","Guardian:CrystalBeam"],"picked":"Guardian:RefractedBeam","floor":13},{"not_picked":["Guardian:DonusPower","Guardian:TemporalStrike"],"picked":"Guardian:Gem_Blue","floor":14},{"not_picked":["Guardian:RollAttack","Guardian:StasisStrike","Guardian:ChargeUp"],"picked":"SKIP","floor":15}],"player_experience":1526649,"relics_obtained":[{"floor":13,"key":"Kunai"}],"event_choices":[{"damage_healed":0.0,"max_hp_gain":5.0,"max_hp_loss":0.0,"gold_gain":0.0,"event_name":"Big Fish","player_choice":"Donut","floor":3.0,"gold_loss":0.0,"damage_taken":0.0}],"is_beta":false,"boss_relics":[],"items_purged_floors":[],"is_endless":false,"potions_floor_spawned":[11,13,14,15],"killed_by":"DF_ARCHETYPE_STREAMLINE","ascension_level":1}}