{"host":"egwexuw5uvnxf11j","time":1614318583,"event":{"mods":["2.2 Compatiblity","Aspiration","BaseMod","Better Note","Better Sensory Stone","Better Third Choice","Displayed Cursed Tome","Downfall","Hermit","Key Reminder","Koishi","Marisa????????","Minty Spire (QoL Compilation)","Quick Restart","Shade Mod","Spicy Shops","StSLib","The Construct","The Cursed","The Runesmith","The Senshi","The Servant 0.9.4","Transform Curses"],"gold_per_floor":[109,109,15,35,53,87,99,72,72,72,147,158,39,53,53,148,148,166,186,204,219,60,90,90,124,151,66,66,66],"floor_reached":28,"language":"ENG","playtime":977,"items_purged":[],"score":310,"play_id":"209458e9-19d6-40b1-8945-e43527a4d5af","local_time":"20210226004943","is_ascension_mode":true,"campfire_choices":[{"floor":7,"key":"REST"},{"floor":10,"key":"REST"},{"floor":15,"key":"REST"},{"floor":24,"key":"REST"}],"circlet_count":0,"master_deck":["Strike_B","Strike_B","Strike_B","Strike_B","Defend_B+1","Defend_B+1","Defend_B","Defend_B","Zap+1","Dualcast","Lockon","Rebound","Defragment","Stack","Aggregate","Tempest","Defragment","FTL","Cold Snap","Beam Cell","Electrodynamics","Ball Lightning+1","Auto Shields","Ball Lightning+1","Conserve Battery+1","Streamline","Doom and Gloom","Conserve Battery","Defragment+1","Go for the Eyes+1","downfall:Malfunctioning"],"relics":["Cracked Core","MawBank","Letter Opener","Dead Branch","Cursed Key","Eternal Feather","Shuriken","PreservedInsect","Vajra"],"acts_visited":["Exordium","TheCity"],"potions_floor_usage":[16,20,25],"damage_taken":[{"damage":3,"enemies":"Jaw Worm","floor":1,"turns":4},{"damage":0,"enemies":"Cultist","floor":4,"turns":2},{"damage":0,"enemies":"2 Louse","floor":5,"turns":3},{"damage":35,"enemies":"Gremlin Nob","floor":6,"turns":4},{"damage":26,"enemies":"Exordium Thugs","floor":12,"turns":4},{"damage":3,"enemies":"Blue Slaver","floor":14,"turns":2},{"damage":7,"enemies":"Slime Boss","floor":16,"turns":6},{"damage":12,"enemies":"3 Byrds","floor":18,"turns":2},{"damage":11,"enemies":"Shell Parasite","floor":19,"turns":3},{"damage":13,"enemies":"Snake Plant","floor":20,"turns":2},{"damage":1,"enemies":"Cultist and Chosen","floor":21,"turns":4},{"damage":33,"enemies":"Slavers","floor":23,"turns":5},{"damage":28,"enemies":"Book of Stabbing","floor":25,"turns":4},{"damage":31,"enemies":"Slavers","floor":28,"turns":1}],"seed_played":"-521358833858718788","potions_obtained":[{"floor":14,"key":"SteroidPotion"},{"floor":16,"key":"champ:CounterPotion"},{"floor":21,"key":"Ancient Potion"},{"floor":25,"key":"Fruit Juice"}],"is_trial":false,"path_per_floor":["M","?","$","M","M","E","R","$","T","R","?","M","$","M","R","B",null,"M","M","M","M","$","E","R","E","T","?","E"],"character_chosen":"DEFECT","items_purchased":["Rebound","Defragment","Defragment","Cold Snap","Dead Branch","Streamline","Doom and Gloom","Conserve Battery"],"campfire_rested":4,"item_purchase_floors":[3,3,8,13,13,22,22,22],"current_hp_per_floor":[72,57,57,57,57,22,44,44,44,66,55,29,29,26,48,41,75,63,52,39,38,38,5,42,19,19,19,0,0],"gold":66,"neow_bonus":"UPGRADE_CARD","is_daily":false,"chose_seed":false,"campfire_upgraded":0,"win_rate":0.0,"timestamp":1614318583,"path_taken":["M","?","?","?","M","E","R","$","T","R","?","M","?","?","R","BOSS","M","M","M","M","$","E","R","E","T","?","E"],"items_purchased_type":["Card","Card","Card","Card","Relic","Card","Card","Card"],"build_version":"2020-12-22","purchased_purges":0,"victory":false,"max_hp_per_floor":[75,75,75,75,75,75,75,75,75,75,75,75,75,75,75,75,75,75,75,75,75,75,75,75,80,80,80,80,80],"card_choices":[{"not_picked":["Fusion","Go for the Eyes"],"picked":"Lockon","floor":1},{"not_picked":["Barrage","Go for the Eyes"],"picked":"Stack","floor":4},{"not_picked":["Compile Driver","Seek"],"picked":"Aggregate","floor":5},{"not_picked":["Fusion","Rebound"],"picked":"Tempest","floor":6},{"not_picked":["Heatsinks","Genetic Algorithm"],"picked":"FTL","floor":12},{"not_picked":["Chaos","Undo"],"picked":"Beam Cell","floor":14},{"not_picked":["Echo Form","Reboot"],"picked":"Electrodynamics","floor":16},{"not_picked":["Stack","Rebound"],"picked":"Ball Lightning+1","floor":18},{"not_picked":["Compile Driver","Hello World"],"picked":"Auto Shields","floor":19},{"not_picked":["Barrage","Gash"],"picked":"Ball Lightning+1","floor":20},{"not_picked":["Steam","Streamline"],"picked":"Conserve Battery+1","floor":21},{"not_picked":["Seek","Steam Power"],"picked":"Defragment+1","floor":23},{"not_picked":["Coolheaded+1","Biased Cognition"],"picked":"Go for the Eyes+1","floor":25}],"player_experience":2146328,"relics_obtained":[{"floor":6,"key":"MawBank"},{"floor":9,"key":"Letter Opener"},{"floor":23,"key":"Eternal Feather"},{"floor":25,"key":"Shuriken"},{"floor":26,"key":"PreservedInsect"}],"event_choices":[{"damage_healed":72,"gold_gain":0,"player_choice":"Upgrade","damage_taken":15,"max_hp_gain":0,"max_hp_loss":75,"event_name":"betterThird:BetterShining","floor":2,"gold_loss":0,"cards_upgraded":["Defend_B","Defend_B"]},{"damage_healed":0,"gold_gain":75,"player_choice":"Gold","damage_taken":11,"max_hp_gain":0,"max_hp_loss":0,"event_name":"betterThird:BetterGoop","floor":11,"gold_loss":0},{"damage_healed":0,"gold_gain":0,"player_choice":"Obtained Relic","damage_taken":0,"relics_obtained":["Vajra"],"max_hp_gain":0,"max_hp_loss":0,"event_name":"Addict","floor":27,"gold_loss":85}],"is_beta":false,"boss_relics":[{"not_picked":["aspiration:RunicSpoon","Runic Pyramid"],"picked":"Cursed Key"}],"items_purged_floors":[],"is_endless":false,"potions_floor_spawned":[1,14,16,18,21,25],"killed_by":"Slavers","ascension_level":4}}