{"host":"lg1piimdyocafd6j","time":1614328479,"event":{"mods":["AchievementEnabler","BaseMod","Better Third Choice","BetterRewards","Colored Map","Colored Powertips","Downfall","Minty Spire (QoL Compilation)","Quick Restart","Rare Cards Sparkle","Remove Card Discount Mod","Shop Mod","StSLib","SuperFastMode"],"gold_per_floor":[112,74,89,89,100,128,141,92,92,92,103,118,118,128,128,225,225,238,165,185,196,213,213,244,22,22,122,122,151,151,162,162,266,266,283,296,188,200,200,212,133,133,157,177,177,227,227,252,252,252,252,252,123,157,157],"floor_reached":56,"language":"ENG","playtime":4089,"items_purged":["Strike_B","Strike_B","Strike_B","Strike_B","Defend_B","Defend_B","Defend_B","Defend_B","Dualcast","Zap","Redo","Redo","Redo","Fusion+1","Fusion","Rebound+1","Consume","Streamline","Self Repair","Leap","Fusion+1"],"score":1474,"play_id":"4d4e411a-66a7-432a-8ada-4b747604e2ce","local_time":"20210226093439","is_ascension_mode":false,"campfire_choices":[{"floor":10,"key":"RECALL"},{"floor":13,"key":"REST"},{"data":"Echo Form","floor":15,"key":"SMITH"},{"data":"Echo Form","floor":23,"key":"SMITH"},{"data":"Buffer","floor":28,"key":"SMITH"},{"data":"Echo Form","floor":30,"key":"SMITH"},{"data":"Fusion","floor":32,"key":"SMITH"},{"data":"Turbo","floor":42,"key":"SMITH"},{"data":"Turbo","floor":45,"key":"SMITH"},{"data":"Apotheosis","floor":49,"key":"SMITH"},{"data":"Sunder","floor":52,"key":"SMITH"}],"circlet_count":0,"master_deck":["Conserve Battery+1","Echo Form+1","Turbo+1","Conserve Battery","Echo Form+1","Genetic Algorithm","Turbo+1","Streamline+1","Sunder+1","Turbo+1","Meteor Strike+1","Conserve Battery","Buffer+1","Echo Form+1","Leap+1","Sunder","Apotheosis+1","Leap+1"],"relics":["Cracked Core","Orrery","War Paint","Membership Card","DollysMirror","Vajra","Runic Pyramid","Whetstone","StoneCalendar","Ice Cream","Bottled Flame","Incense Burner","Singing Bowl","Red Mask","Bag of Preparation","Lantern","Calipers","Bronze Scales","Pear","Blood Vial"],"acts_visited":["Exordium","TheCity","TheBeyond","TheEnding"],"potions_floor_usage":[6,12,27,55],"damage_taken":[{"damage":13,"enemies":"Small Slimes","floor":1,"turns":4},{"damage":7,"enemies":"Jaw Worm","floor":3,"turns":6},{"damage":6,"enemies":"Cultist","floor":5,"turns":4},{"damage":36,"enemies":"3 Sentries","floor":6,"turns":10},{"damage":15,"enemies":"3 Louse","floor":7,"turns":4},{"damage":0,"enemies":"2 Fungi Beasts","floor":11,"turns":4},{"damage":7,"enemies":"Exordium Thugs","floor":12,"turns":5},{"damage":0,"enemies":"3 Louse","floor":14,"turns":4},{"damage":43,"enemies":"Hexaghost","floor":16,"turns":10},{"damage":0,"enemies":"Spheric Guardian","floor":18,"turns":4},{"damage":3,"enemies":"Chosen","floor":20,"turns":4},{"damage":10,"enemies":"Shelled Parasite and Fungi","floor":21,"turns":5},{"damage":13,"enemies":"Centurion and Healer","floor":22,"turns":4},{"damage":6,"enemies":"Slavers","floor":24,"turns":5},{"damage":20,"enemies":"Colosseum Slavers","floor":27,"turns":4},{"damage":0,"enemies":"Colosseum Nobs","floor":27,"turns":4},{"damage":33,"enemies":"Masked Bandits","floor":29,"turns":4},{"damage":0,"enemies":"Sentry and Sphere","floor":31,"turns":5},{"damage":17,"enemies":"Champ","floor":33,"turns":7},{"damage":6,"enemies":"3 Darklings","floor":35,"turns":6},{"damage":0,"enemies":"Orb Walker","floor":36,"turns":4},{"damage":12,"enemies":"Spire Growth","floor":38,"turns":5},{"damage":0,"enemies":"4 Shapes","floor":40,"turns":7},{"damage":6,"enemies":"Writhing Mass","floor":44,"turns":5},{"damage":0,"enemies":"Mind Bloom Boss Battle","floor":46,"turns":3},{"damage":0,"enemies":"Nemesis","floor":48,"turns":5},{"damage":14,"enemies":"Donu and Deca","floor":50,"turns":8},{"damage":0,"enemies":"Shield and Spear","floor":54,"turns":8},{"damage":17,"enemies":"The Heart","floor":55,"turns":8}],"seed_played":"-4837515469322041966","potions_obtained":[{"floor":5,"key":"SneckoOil"},{"floor":6,"key":"Regen Potion"},{"floor":7,"key":"Guardian:BlockOnCardUsePotion"},{"floor":11,"key":"Swift Potion"},{"floor":14,"key":"Energy Potion"},{"floor":27,"key":"sneckomod:MuddlingPotion"},{"floor":33,"key":"hexamod:SoulburnPotion"},{"floor":40,"key":"Regen Potion"},{"floor":46,"key":"DuplicationPotion"}],"is_trial":false,"path_per_floor":["M","$","M","?","M","E","M","$","T","R","M","M","R","M","R","B",null,"M","$","M","M","M","R","E","$","T","?","R","?","R","M","R","B",null,"M","M","$","M","?","M","$","R","T","M","R","?","?","E","R","B",null,"R","$","E","B",null],"character_chosen":"DEFECT","items_purchased":["Orrery","War Paint","Consume","Redo","Leap","Conserve Battery","Membership Card","Fusion","DollysMirror","Genetic Algorithm","Redo","Turbo","Sunder","Whetstone","Ice Cream","Echo Form","Sunder","Apotheosis","Bag of Preparation","Pear"],"campfire_rested":1,"item_purchase_floors":[0,0,0,0,0,0,0,0,0,0,2,2,8,19,25,25,37,37,41,53],"current_hp_per_floor":[62,62,55,40,48,26,18,18,18,18,39,39,61,75,75,46,75,75,75,75,75,75,75,75,75,75,77,77,74,74,81,81,83,83,83,85,85,83,83,85,85,85,85,81,81,83,85,87,87,73,95,95,105,107,102],"gold":157,"neow_bonus":"","is_daily":false,"chose_seed":false,"campfire_upgraded":9,"win_rate":0.0,"timestamp":1614328479,"path_taken":["M","$","M","?","M","E","M","?","T","R","M","M","R","M","R","BOSS","M","$","?","M","M","R","E","$","T","?","R","?","R","?","R","BOSS","M","M","$","M","?","M","$","R","T","M","R","?","?","E","R","BOSS","R","$","E","BOSS"],"items_purchased_type":["Relic","Relic","Card","Card","Card","Card","Relic","Card","Relic","Card","Card","Card","Card","Relic","Relic","Card","Card","Card","Relic","Relic"],"build_version":"2020-12-22","purchased_purges":21,"victory":true,"max_hp_per_floor":[75,75,75,75,75,75,75,75,75,75,75,75,75,75,75,75,75,75,75,75,75,75,75,75,75,75,77,77,79,79,81,81,83,83,83,85,85,85,85,87,87,87,87,89,89,91,93,95,95,95,95,95,105,107,107],"card_choices":[{"not_picked":["Barrage","Gash"],"picked":"Rebound","floor":0},{"not_picked":["Creative AI","Ball Lightning"],"picked":"Fusion","floor":0},{"not_picked":["Auto Shields","Turbo"],"picked":"Conserve Battery","floor":0},{"not_picked":["Chaos","Coolheaded"],"picked":"Echo Form","floor":0},{"not_picked":["Steam","Reprogram"],"picked":"Turbo","floor":0},{"not_picked":["Cold Snap","Sweeping Beam"],"picked":"Redo","floor":1},{"not_picked":["Sweeping Beam","Stack"],"picked":"Self Repair","floor":3},{"not_picked":["Ball Lightning","Melter"],"picked":"Streamline","floor":5},{"not_picked":["Defragment","Steam"],"picked":"Streamline","floor":6},{"not_picked":["Go for the Eyes","Compile Driver"],"picked":"Self Repair","floor":7},{"not_picked":["Seek","Cold Snap"],"picked":"Turbo","floor":11},{"not_picked":["Rip and Tear","Doom and Gloom"],"picked":"Fusion","floor":12},{"not_picked":["Genetic Algorithm","Steam","Stack"],"picked":"SKIP","floor":14},{"not_picked":["All For One","Hyperbeam"],"picked":"Meteor Strike","floor":16},{"not_picked":["Steam","Lockon","Gash"],"picked":"SKIP","floor":18},{"not_picked":["Doom and Gloom+1","Cold Snap"],"picked":"Conserve Battery","floor":20},{"not_picked":["Blizzard","Doom and Gloom","Beam Cell"],"picked":"SKIP","floor":21},{"not_picked":["Loop","Coolheaded+1","FTL+1"],"picked":"SKIP","floor":22},{"not_picked":["Fission","Storm"],"picked":"Buffer","floor":24},{"not_picked":["Steam Power","Cold Snap","Turbo"],"picked":"Singing Bowl","floor":27},{"not_picked":["Loop","Gash","Tempest"],"picked":"Singing Bowl","floor":29},{"not_picked":["Gash","Steam","Darkness"],"picked":"Singing Bowl","floor":31},{"not_picked":["Multi-Cast","Rainbow","Amplify"],"picked":"Singing Bowl","floor":33},{"not_picked":["FTL+1","Blizzard+1"],"picked":"Leap+1","floor":35},{"not_picked":["Leap+1","Gash+1","Force Field+1"],"picked":"Singing Bowl","floor":36},{"not_picked":["Redo+1","Turbo+1"],"picked":"Leap+1","floor":38},{"not_picked":["Tempest","Hello World+1","Heatsinks"],"picked":"Singing Bowl","floor":40},{"not_picked":["Ball Lightning+1","Scrape","Barrage"],"picked":"Singing Bowl","floor":44},{"not_picked":["Turbo+1","Recycle+1","Steam"],"picked":"Singing Bowl","floor":46},{"not_picked":["Impatience","Good Instincts","Dramatic Entrance"],"picked":"Singing Bowl","floor":47},{"not_picked":["Auto Shields","Ball Lightning","Stack"],"picked":"Singing Bowl","floor":48},{"not_picked":["Force Field+1","Doom and Gloom","Glacier+1"],"picked":"Singing Bowl","floor":54}],"player_experience":233621,"relics_obtained":[{"floor":6,"key":"Vajra"},{"floor":24,"key":"StoneCalendar"},{"floor":26,"key":"Bottled Flame"},{"floor":27,"key":"Incense Burner"},{"floor":27,"key":"Singing Bowl"},{"floor":29,"key":"Red Mask"},{"floor":43,"key":"Lantern"},{"floor":46,"key":"Calipers"},{"floor":48,"key":"Bronze Scales"},{"floor":54,"key":"Blood Vial"}],"event_choices":[{"damage_healed":55,"gold_gain":0,"player_choice":"Upgrade","damage_taken":15,"max_hp_gain":0,"max_hp_loss":75,"event_name":"betterThird:BetterShining","floor":4,"gold_loss":0,"cards_upgraded":["Fusion","Rebound"]},{"damage_healed":0,"gold_gain":0,"player_choice":"Fight","damage_taken":0,"max_hp_gain":0,"max_hp_loss":0,"event_name":"Colosseum","floor":27,"gold_loss":0},{"damage_healed":0,"gold_gain":0,"player_choice":"Fought Nobs","damage_taken":0,"max_hp_gain":0,"max_hp_loss":0,"event_name":"Colosseum","floor":27,"gold_loss":0},{"damage_healed":0,"gold_gain":0,"player_choice":"Fought Bandits","damage_taken":0,"max_hp_gain":0,"max_hp_loss":0,"event_name":"Masked Bandits","floor":29,"gold_loss":0},{"cards_removed":["Self Repair"],"damage_healed":0,"gold_gain":0,"player_choice":"Removed Power","damage_taken":0,"max_hp_gain":0,"max_hp_loss":0,"event_name":"Falling","floor":39,"gold_loss":0},{"damage_healed":0,"gold_gain":0,"player_choice":"Fight","damage_taken":0,"max_hp_gain":0,"max_hp_loss":0,"event_name":"MindBloom","floor":46,"gold_loss":0},{"damage_healed":0,"gold_gain":0,"player_choice":"Memory 1","damage_taken":0,"max_hp_gain":0,"max_hp_loss":0,"event_name":"SensoryStone","floor":47,"gold_loss":0}],"is_beta":false,"boss_relics":[{"not_picked":["Black Star","Cursed Key"],"picked":"Runic Pyramid"},{"not_picked":["Pandora\u0027s Box","Philosopher\u0027s Stone","FrozenCore"]}],"items_purged_floors":[0,0,0,0,0,0,0,0,0,0,8,8,8,8,8,8,37,37,37,41,41],"is_endless":false,"potions_floor_spawned":[5,6,7,11,14,18,22,24,27,33,40,46,54],"ascension_level":0}}