{"host":"5n1fl7z5i1vf7jan","time":1614314126,"event":{"mods":["BaseMod","Minty Spire (QoL Compilation)","Quick Restart","Relic Stats"],"gold_per_floor":[110,125,50,62,4,4,31,51,78,78,105,117,142,154,166,255,267,296,322,334,334],"floor_reached":20,"language":"ENG","playtime":866,"items_purged":[],"score":368,"play_id":"022a475d-e5fc-46ab-8d4d-c11ebf5cbef4","local_time":"20210225203526","is_ascension_mode":true,"campfire_choices":[{"data":"Dagger Spray","floor":6.0,"key":"SMITH"},{"floor":10.0,"key":"REST"},{"floor":15.0,"key":"REST"}],"circlet_count":0,"master_deck":["AscendersBane","Strike_G","Strike_G","Strike_G","Strike_G","Strike_G","Defend_G","Defend_G","Defend_G","Defend_G","Survivor","Neutralize+1","Leg Sweep","Backstab","Riddle With Holes","Dagger Spray+1","Masterful Stab","Dagger Throw","Deadly Poison","Backstab","PiercingWail","Dash","Glass Knife","Reflex+1","Skewer"],"relics":["Ring of the Snake","NeowsBlessing","Toy Ornithopter","Dream Catcher","MawBank","HornCleat","Philosopher\u0027s Stone"],"acts_visited":["Exordium","TheCity"],"potions_floor_usage":[],"damage_taken":[{"damage":0.0,"enemies":"Small Slimes","floor":1.0,"turns":1.0},{"damage":0.0,"enemies":"Jaw Worm","floor":2.0,"turns":1.0},{"damage":0.0,"enemies":"2 Louse","floor":4.0,"turns":1.0},{"damage":16.0,"enemies":"Gremlin Nob","floor":7.0,"turns":5.0},{"damage":20.0,"enemies":"Gremlin Gang","floor":8.0,"turns":4.0},{"damage":27.0,"enemies":"3 Sentries","floor":11.0,"turns":9.0},{"damage":0.0,"enemies":"Exordium Thugs","floor":13.0,"turns":4.0},{"damage":22.0,"enemies":"Hexaghost","floor":16.0,"turns":12.0},{"damage":12,"enemies":"Spheric Guardian","floor":18,"turns":4},{"damage":7,"enemies":"Shell Parasite","floor":19,"turns":5},{"damage":38,"enemies":"Cultist and Chosen","floor":20,"turns":5}],"seed_played":"8545886695253402638","potions_obtained":[{"floor":2.0,"key":"GhostInAJar"},{"floor":4.0,"key":"ColorlessPotion"},{"floor":11.0,"key":"ColorlessPotion"},{"floor":19,"key":"Fire Potion"}],"is_trial":false,"path_per_floor":["M","M","?","M","$","R","E","M","T","R","E","T","M","?","R","B",null,"M","M","M"],"character_chosen":"THE_SILENT","items_purchased":["Dagger Spray"],"campfire_rested":2,"item_purchase_floors":[5],"current_hp_per_floor":[59,59,59,59,59,59,43,23,23,42,15,15,15,15,34,17,54,42,35,0,0],"gold":334,"neow_bonus":"THREE_ENEMY_KILL","is_daily":false,"chose_seed":false,"campfire_upgraded":1,"win_rate":0.0,"timestamp":1614314126,"path_taken":["M","M","?","M","?","R","E","M","T","R","E","?","M","?","R","BOSS","M","M","M"],"items_purchased_type":["Card"],"build_version":"2020-12-22","purchased_purges":0,"victory":false,"max_hp_per_floor":[66,66,66,66,66,66,66,66,66,66,66,66,66,66,66,66,66,66,66,66,66],"relic_stats":{"Dream Catcher":2,"counters":[11,51],"MawBank":108,"obtain_stats":[{"Dream Catcher":9,"HornCleat":12,"NeowsBlessing":0,"Philosopher\u0027s Stone":17,"MawBank":11,"Toy Ornithopter":7,"Ring of the Snake":0},{"Dream Catcher":5,"HornCleat":6,"NeowsBlessing":0,"Philosopher\u0027s Stone":8,"MawBank":6,"Toy Ornithopter":4,"Ring of the Snake":0},{"Dream Catcher":12,"HornCleat":21,"NeowsBlessing":0,"Philosopher\u0027s Stone":37,"MawBank":21,"Toy Ornithopter":8,"Ring of the Snake":0}],"Toy Ornithopter":5,"Ring of the Snake":[22]},"card_choices":[{"not_picked":["Backflip","Deflect"],"picked":"Leg Sweep","floor":1.0},{"not_picked":["Sucker Punch","Acrobatics"],"picked":"Backstab","floor":2.0},{"not_picked":["Backflip","Underhanded Strike"],"picked":"Riddle With Holes","floor":4.0},{"not_picked":["Reflex","Deflect"],"picked":"Masterful Stab","floor":7.0},{"not_picked":["Phantasmal Killer","Acrobatics"],"picked":"Dagger Throw","floor":8.0},{"not_picked":["Dagger Throw","Well Laid Plans"],"picked":"Deadly Poison","floor":10.0},{"not_picked":["Heel Hook","PiercingWail"],"picked":"Backstab","floor":11.0},{"not_picked":["Deadly Poison","Concentrate"],"picked":"PiercingWail","floor":13.0},{"not_picked":["PiercingWail","Acrobatics"],"picked":"Dash","floor":15.0},{"not_picked":["Unload","Storm of Steel"],"picked":"Glass Knife","floor":16.0},{"not_picked":["Slice","Bane"],"picked":"Reflex+1","floor":18},{"not_picked":["Choke","Distraction"],"picked":"Skewer","floor":19}],"player_experience":433877,"relics_obtained":[{"floor":7.0,"key":"Toy Ornithopter"},{"floor":9.0,"key":"Dream Catcher"},{"floor":11.0,"key":"MawBank"},{"floor":12.0,"key":"HornCleat"}],"event_choices":[{"cards_removed":["Defend_G"],"damage_healed":0.0,"max_hp_gain":0.0,"max_hp_loss":0.0,"gold_gain":0.0,"event_name":"The Cleric","player_choice":"Card Removal","floor":3.0,"gold_loss":75.0,"damage_taken":0.0},{"damage_healed":0.0,"max_hp_gain":0.0,"max_hp_loss":0.0,"gold_gain":0.0,"event_name":"Upgrade Shrine","player_choice":"Upgraded","floor":14.0,"gold_loss":0.0,"damage_taken":0.0,"cards_upgraded":["Neutralize"]}],"is_beta":false,"boss_relics":[{"not_picked":["Coffee Dripper","Runic Dome"],"picked":"Philosopher\u0027s Stone"}],"items_purged_floors":[],"is_endless":false,"potions_floor_spawned":[2,4,11,19],"killed_by":"Cultist and Chosen","ascension_level":20}}