{"host":"c35j6tsoy7cxzn43","time":1614351061,"event":{"mods":["BaseMod","Better Third Choice","BetterRewards","Colored Map","Colored Powertips","Conspire","Highlight Path","Hubris","Infinite Spire","Minty Spire (QoL Compilation)","Quick Restart","Replay The Spire","Shop Mod","StSLib"],"gold_per_floor":[368,380,655,359,379,379,399,13,13,35,69,69,109,137,137,250,250,277,292,292,292,301,301,313,342,366,385,429,456,470,498,498,608,708,721,621,640,655,683,683,712,712,712,462,462,486,486,501,501,501],"floor_reached":51,"language":"ENG","playtime":5213,"items_purged":["Regret","Strike_G","Strike_G","Strike_G"],"score":583,"play_id":"8008f3e4-06c7-4100-a8db-32374f33dd55","local_time":"20210226155101","is_ascension_mode":false,"campfire_choices":[{"data":"Cloak And Dagger","floor":6,"key":"SMITH"},{"data":"Venomology","floor":12,"key":"SMITH"},{"data":"Accuracy","floor":15,"key":"SMITH"},{"data":"infinitespire:Neurotoxin","floor":23,"key":"SMITH"},{"floor":32,"key":"REST"},{"data":"Replay:Bag of Tricks","floor":40,"key":"SMITH"},{"data":"Phantasmal Killer","floor":42,"key":"SMITH"},{"data":"Doppelganger","floor":45,"key":"SMITH"},{"floor":49,"key":"RECALL"}],"circlet_count":0,"master_deck":["Strike_G","Defend_G","Defend_G","Defend_G","Defend_G","Defend_G","Survivor","Neutralize","Clumsy","Accuracy+1","Noxious Fumes+1","Cloak And Dagger+1","Dagger Spray","Venomology+1","Poisoned Stab","Blade Dance","infinitespire:Neurotoxin+1","Poisoned Stab+1","Finisher","Dash+1","Doppelganger+1","Phantasmal Killer+1","Dodge and Roll+1","Replay:Bag of Tricks+1","Deadly Poison+1","Infinite Blades","conspire:PoisonWeapons"],"relics":["Ring of the Snake","CeramicFish","Lantern","Replay:Bottled Eggs","Bird Faced Urn","infinitespire:ShieldingShard","Potion Belt","Black Star","OrangePellets","Replay:Bronze Core","Replay:Wax Seal","Regal Pillow","Anchor","Bag of Preparation","Replay:Wanted Poster","Bottled Flame","Smiling Mask","StrikeDummy","Snack Pack","infinitespire:CheckeredPen"],"acts_visited":["Exordium","TheCity","TheBeyond"],"potions_floor_usage":[11,13,16,16,16,16,16,25,29,30,31,31,31,33,35,38,39,41,50],"damage_taken":[{"damage":8,"enemies":"Cultist","floor":1,"turns":5},{"damage":0,"enemies":"Small Slimes","floor":2,"turns":3},{"damage":1,"enemies":"conspire:RoseBush","floor":5,"turns":5},{"damage":0,"enemies":"conspire:2 RoseBushes","floor":7,"turns":6},{"damage":20,"enemies":"Gremlin Gang","floor":10,"turns":4},{"damage":14,"enemies":"Gremlin Nob","floor":11,"turns":4},{"damage":20,"enemies":"3 Sentries","floor":13,"turns":5},{"damage":0,"enemies":"2 Fungi Beasts","floor":14,"turns":4},{"damage":19,"enemies":"The Guardian","floor":16,"turns":10},{"damage":14,"enemies":"2 Thieves","floor":18,"turns":4},{"damage":36,"enemies":"Spheric Guardian","floor":19,"turns":6},{"damage":0,"enemies":"Snecko","floor":24,"turns":4},{"damage":10,"enemies":"Sentry and Sphere","floor":25,"turns":6},{"damage":5,"enemies":"Centurion and Healer","floor":27,"turns":4},{"damage":13,"enemies":"Book of Stabbing","floor":28,"turns":5},{"damage":1,"enemies":"Cultist and Chosen","floor":29,"turns":5},{"damage":7,"enemies":"3 Cultists","floor":30,"turns":6},{"damage":0,"enemies":"conspire:SneckoGhost","floor":31,"turns":5},{"damage":39,"enemies":"hubris:MusketHawk","floor":33,"turns":7},{"damage":0,"enemies":"3 Darklings","floor":35,"turns":3},{"damage":0,"enemies":"3 Shapes","floor":37,"turns":3},{"damage":0,"enemies":"Transient","floor":38,"turns":5},{"damage":0,"enemies":"3 Darklings","floor":39,"turns":4},{"damage":8,"enemies":"Giant Head","floor":41,"turns":6},{"damage":0,"enemies":"Spire Growth","floor":46,"turns":4},{"damage":6,"enemies":"4 Shapes","floor":48,"turns":3},{"damage":2,"enemies":"Replay:Hell Engine","floor":50,"turns":7}],"seed_played":"5943168722999098814","potions_obtained":[{"floor":5,"key":"SpeedPotion"},{"floor":7,"key":"Reflective Coating"},{"floor":10,"key":"Adrenaline Potion"},{"floor":11,"key":"Toxic Potion"},{"floor":18,"key":"Flashbang"},{"floor":28,"key":"PowerPotion"},{"floor":29,"key":"PowerPotion"},{"floor":31,"key":"Energy Potion"},{"floor":33,"key":"FearPotion"},{"floor":35,"key":"AttackPotion"}],"is_trial":false,"path_per_floor":["M","M","?","$","M","R","M","$","T","M","E","R","E","M","R","B",null,"M","M","AVR","?","?","R","M","M","T","M","E","M","M","E","R","B",null,"M","$","M","M","M","R","E","R","T","$","R","M","AVR","M","R","B",null],"character_chosen":"THE_SILENT","items_purchased":["CeramicFish","Noxious Fumes","Cloak And Dagger","Lantern","Replay:Bottled Eggs","Snack Pack"],"campfire_rested":1,"item_purchase_floors":[4,4,4,8,8,44],"current_hp_per_floor":[62,62,62,62,61,61,61,61,61,45,35,35,19,19,19,4,70,58,26,26,26,26,26,30,24,24,21,10,13,8,12,48,13,70,70,70,70,70,70,70,62,62,62,62,62,70,70,70,70,70],"gold":501,"neow_bonus":"TWO_FIFTY_GOLD","is_daily":false,"chose_seed":false,"campfire_upgraded":7,"win_rate":0.0,"timestamp":1614351061,"path_taken":["M","M","?","$","M","R","M","$","T","?","E","R","E","M","R","BOSS","M","M","AVR","?","?","R","M","M","T","M","E","M","M","E","R","BOSS","M","$","M","?","?","R","E","R","T","$","R","?","AVR","M","R","BOSS"],"items_purchased_type":["Relic","Card","Card","Relic","Relic","Relic"],"build_version":"2020-12-22","purchased_purges":4,"victory":true,"max_hp_per_floor":[70,70,70,70,70,70,70,70,70,70,70,70,70,70,70,70,70,70,70,70,70,70,70,70,70,70,70,70,70,70,70,70,70,70,70,70,70,70,70,70,70,70,70,70,70,70,70,70,70,70],"card_choices":[{"not_picked":["ReplayTheSpireMod:Speed Training","Cloak And Dagger"],"picked":"Accuracy","floor":1},{"not_picked":["Dodge and Roll","Dagger Throw","Escape Plan"],"picked":"SKIP","floor":2},{"not_picked":["Backflip","Toxin Wave","Outmaneuver"],"picked":"SKIP","floor":5},{"not_picked":["Eviscerate","Finisher","Prepared"],"picked":"SKIP","floor":7},{"not_picked":["Leg Sweep","hubris:TrickCloak"],"picked":"Dagger Spray","floor":10},{"not_picked":["Bane","Accuracy"],"picked":"Venomology","floor":11},{"not_picked":["Outmaneuver","Atom Bomb"],"picked":"Poisoned Stab","floor":13},{"not_picked":["hubris:Counter","Poisoned Stab"],"picked":"Blade Dance","floor":14},{"not_picked":["Burst","Die Die Die"],"picked":"infinitespire:Neurotoxin","floor":16},{"not_picked":["Footwork","conspire:PoisonWeapons"],"picked":"Poisoned Stab+1","floor":18},{"not_picked":["Deflect+1","hubris:SlightOfHand","Flying Knee"],"picked":"SKIP","floor":19},{"not_picked":["Acrobatics","Poisoned Stab","Dodge and Roll"],"picked":"SKIP","floor":24},{"not_picked":["hubris:SlightOfHand","Backflip"],"picked":"Dash+1","floor":25},{"not_picked":["Concentrate","Eviscerate"],"picked":"Doppelganger","floor":27},{"not_picked":["Outmaneuver","Flying Knee"],"picked":"Phantasmal Killer","floor":28},{"not_picked":["Blade Dance","Crippling Poison"],"picked":"Dodge and Roll+1","floor":29},{"not_picked":["Cloak And Dagger","Predator+1","Underhanded Strike"],"picked":"SKIP","floor":30},{"not_picked":["Atom Bomb","Escape Plan","Deadly Poison"],"picked":"SKIP","floor":31},{"not_picked":["Atom Bomb","Escape Plan","Deadly Poison"],"picked":"SKIP","floor":31},{"not_picked":["Glass Knife","Bullet Time"],"picked":"Replay:Bag of Tricks","floor":33},{"not_picked":["Deflect+1","PiercingWail+1","hubris:TrickCloak+1"],"picked":"SKIP","floor":35},{"not_picked":["Sucker Punch+1","Quick Slash+1"],"picked":"Deadly Poison+1","floor":37},{"not_picked":["Slice","Heel Hook","Dodge and Roll+1"],"picked":"SKIP","floor":38},{"not_picked":["Skewer+1","Concentrate"],"picked":"Infinite Blades","floor":39},{"not_picked":["Backflip","Setup","Doppelganger"],"picked":"SKIP","floor":41},{"not_picked":["Blur","Dodge and Roll"],"picked":"conspire:PoisonWeapons","floor":46},{"not_picked":["Underhanded Strike+1","Escape Plan+1","PiercingWail"],"picked":"SKIP","floor":48}],"player_experience":484716,"relics_obtained":[{"floor":9,"key":"Bird Faced Urn"},{"floor":11,"key":"infinitespire:ShieldingShard"},{"floor":13,"key":"Potion Belt"},{"floor":28,"key":"Replay:Wax Seal"},{"floor":28,"key":"Regal Pillow"},{"floor":31,"key":"Anchor"},{"floor":31,"key":"Bag of Preparation"},{"floor":41,"key":"Bottled Flame"},{"floor":41,"key":"Smiling Mask"},{"floor":43,"key":"StrikeDummy"}],"event_choices":[{"damage_healed":0,"gold_gain":275,"player_choice":"Desecrate","damage_taken":0,"max_hp_gain":0,"max_hp_loss":0,"event_name":"Golden Shrine","floor":3,"gold_loss":0,"cards_obtained":["Regret"]},{"damage_healed":0,"gold_gain":0,"cards_transformed":["Strike_G"],"player_choice":"Transformed","damage_taken":0,"max_hp_gain":0,"max_hp_loss":0,"event_name":"Transmorgrifier","floor":22,"gold_loss":0,"cards_obtained":["Finisher"]}],"is_beta":false,"boss_relics":[{"not_picked":["Coffee Dripper","Replay:Drink Me"],"picked":"Black Star"},{"not_picked":["Abe\u0027s Treasure","hubris:GrandSneckoEye"],"picked":"Replay:Wanted Poster"}],"items_purged_floors":[4,20,36,47],"is_endless":false,"potions_floor_spawned":[5,7,10,11,18,28,29,31,33,35,38,41,48],"ascension_level":0}}