{"host":"rw1trt79hfpl7pom","time":1614311993,"event":{"mods":["BaseMod","Bestiary","Colored Map","Jorbs\u0027s Wanderer Trilogy","Minty Spire (QoL Compilation)","Relic Stats","StSLib","SuperFastMode"],"gold_per_floor":[113,123,143,68,68,68,139,180,233,1,22,35,60,83,83,179,179,203,203,228,249,249,289,289,329,388,400,430,456,468,511,523,535,535],"floor_reached":33,"language":"ENG","playtime":1551,"items_purged":["Strike_G"],"score":578,"play_id":"4ff36907-2237-4bbc-8114-a21bcb756767","local_time":"20210225195953","is_ascension_mode":true,"campfire_choices":[{"data":"Dagger Spray","floor":6.0,"key":"SMITH"},{"data":"Well Laid Plans","floor":15.0,"key":"SMITH"},{"data":"Skewer","floor":24.0,"key":"SMITH"},{"floor":27.0,"key":"REST"},{"data":"Choke","floor":32,"key":"SMITH"}],"circlet_count":0,"master_deck":["AscendersBane","Strike_G+1","Strike_G+1","Strike_G+1","Strike_G+1","Defend_G+1","Defend_G+1","Defend_G+1","Defend_G+1","Defend_G+1","Survivor","Neutralize","Dagger Spray+1","Cloak And Dagger+1","Backflip","Quick Slash","Night Terror","Well Laid Plans+1","Blade Dance","Cloak And Dagger","Tools of the Trade","Underhanded Strike","RitualDagger","Terror","Skewer+1","Finisher","Choke+1","Blade Dance","Acrobatics"],"relics":["Runic Dome","Golden Idol","Bag of Preparation","Akabeko","War Paint","Medical Kit","Runic Pyramid","Toy Ornithopter","MawBank","Blood Vial","Red Mask"],"acts_visited":["Exordium","TheCity"],"potions_floor_usage":[33,33],"damage_taken":[{"damage":0.0,"enemies":"2 Louse","floor":1.0,"turns":4.0},{"damage":7.0,"enemies":"Small Slimes","floor":2.0,"turns":3.0},{"damage":4.0,"enemies":"Jaw Worm","floor":3.0,"turns":4.0},{"damage":5.0,"enemies":"3 Sentries","floor":7.0,"turns":8.0},{"damage":29.0,"enemies":"Lagavulin","floor":8.0,"turns":9.0},{"damage":0.0,"enemies":"3 Louse","floor":11.0,"turns":1.0},{"damage":4.0,"enemies":"2 Fungi Beasts","floor":12.0,"turns":3.0},{"damage":0.0,"enemies":"Exordium Wildlife","floor":13.0,"turns":3.0},{"damage":1.0,"enemies":"Red Slaver","floor":14.0,"turns":3.0},{"damage":3.0,"enemies":"Hexaghost","floor":16.0,"turns":9.0},{"damage":3.0,"enemies":"2 Thieves","floor":18.0,"turns":5.0},{"damage":0.0,"enemies":"3 Byrds","floor":20.0,"turns":4.0},{"damage":2.0,"enemies":"Snecko","floor":21.0,"turns":3.0},{"damage":7.0,"enemies":"Book of Stabbing","floor":23.0,"turns":4.0},{"damage":12.0,"enemies":"Slavers","floor":25.0,"turns":3.0},{"damage":0.0,"enemies":"3 Cultists","floor":28.0,"turns":4.0},{"damage":0,"enemies":"Centurion and Healer","floor":29,"turns":4},{"damage":18,"enemies":"Masked Bandits","floor":31,"turns":5},{"damage":52,"enemies":"Champ","floor":33,"turns":7}],"seed_played":"-2898084253547089858","potions_obtained":[{"floor":2.0,"key":"AttackPotion"},{"floor":3.0,"key":"Poison Potion"},{"floor":12.0,"key":"SteroidPotion"},{"floor":16.0,"key":"Block Potion"},{"floor":18.0,"key":"SteroidPotion"},{"floor":21.0,"key":"Fruit Juice"},{"floor":28.0,"key":"ColorlessPotion"},{"floor":31,"key":"Block Potion"}],"is_trial":false,"path_per_floor":["M","M","M","$","?","R","?","E","T","$","M","M","M","M","R","B",null,"M","?","M","M","?","E","R","E","T","R","M","M","?","?","R","B"],"character_chosen":"THE_SILENT","items_purchased":["Well Laid Plans","Medical Kit"],"campfire_rested":1,"item_purchase_floors":[10,10],"current_hp_per_floor":[59,52,48,48,48,48,43,14,14,14,14,10,10,9,9,6,47,44,38,38,36,36,29,29,17,17,46,48,50,50,34,34,0,0],"gold":535,"neow_bonus":"BOSS_RELIC","is_daily":false,"chose_seed":false,"campfire_upgraded":4,"win_rate":0.0,"timestamp":1614311993,"path_taken":["M","M","M","$","?","R","?","E","T","$","M","M","M","M","R","BOSS","M","?","M","M","?","E","R","E","T","R","M","M","?","?","R","BOSS"],"items_purchased_type":["Card","Relic"],"build_version":"2020-12-22","purchased_purges":1,"victory":false,"max_hp_per_floor":[66,66,66,66,60,60,60,60,60,60,60,60,60,60,60,60,60,60,60,60,60,60,60,60,60,60,65,65,65,65,65,65,65,65],"relic_stats":{"Blood Vial":8,"counters":[19,86],"Golden Idol":95,"Bag of Preparation":[30],"War Paint":["Defend_G","Cloak And Dagger"],"Medical Kit":[4],"MawBank":96,"obtain_stats":[{"Blood Vial":26,"Runic Dome":0,"Golden Idol":5,"Bag of Preparation":7,"Red Mask":31,"War Paint":9,"Medical Kit":10,"MawBank":25,"Akabeko":8,"Toy Ornithopter":23,"Ring of the Snake":0,"Runic Pyramid":17},{"Blood Vial":15,"Runic Dome":0,"Golden Idol":3,"Bag of Preparation":4,"Red Mask":18,"War Paint":5,"Medical Kit":5,"MawBank":15,"Akabeko":5,"Toy Ornithopter":14,"Ring of the Snake":0,"Runic Pyramid":10},{"Blood Vial":66,"Runic Dome":0,"Golden Idol":11,"Bag of Preparation":19,"Red Mask":79,"War Paint":28,"Medical Kit":28,"MawBank":66,"Akabeko":28,"Toy Ornithopter":63,"Ring of the Snake":0,"Runic Pyramid":47}],"Toy Ornithopter":15},"card_choices":[{"not_picked":["Bane","Sucker Punch"],"picked":"Dagger Spray","floor":1.0},{"not_picked":["Deadly Poison","Expertise"],"picked":"Cloak And Dagger","floor":2.0},{"not_picked":["Flechettes","Dagger Throw"],"picked":"Backflip","floor":3.0},{"not_picked":["Caltrops","Prepared"],"picked":"Quick Slash","floor":7.0},{"not_picked":["Prepared","Caltrops"],"picked":"Night Terror","floor":8.0},{"not_picked":["Backflip","Reflex"],"picked":"Blade Dance","floor":11.0},{"not_picked":["Outmaneuver","Poisoned Stab","Concentrate"],"picked":"SKIP","floor":12.0},{"not_picked":["Dagger Spray","Slice","Bane"],"picked":"SKIP","floor":13.0},{"not_picked":["Dagger Throw","Flying Knee"],"picked":"Cloak And Dagger","floor":14.0},{"not_picked":["Glass Knife","Doppelganger"],"picked":"Tools of the Trade","floor":16.0},{"not_picked":["Masterful Stab","Acrobatics"],"picked":"Underhanded Strike","floor":18.0},{"not_picked":["Expertise","Setup"],"picked":"Terror","floor":20.0},{"not_picked":["Distraction","Sucker Punch","Backflip"],"picked":"SKIP","floor":21.0},{"not_picked":["Deadly Poison","Predator"],"picked":"Skewer","floor":23.0},{"not_picked":["Endless Agony","Dagger Throw"],"picked":"Finisher","floor":25.0},{"not_picked":["Catalyst","Grand Finale","Backflip"],"picked":"SKIP","floor":28.0},{"not_picked":["Dash","Backflip"],"picked":"Choke","floor":29},{"not_picked":["Underhanded Strike","Poisoned Stab"],"picked":"Acrobatics","floor":31}],"player_experience":2923735,"relics_obtained":[{"floor":7.0,"key":"Bag of Preparation"},{"floor":8.0,"key":"Akabeko"},{"floor":9.0,"key":"War Paint"},{"floor":23.0,"key":"Toy Ornithopter"},{"floor":25.0,"key":"MawBank"},{"floor":26.0,"key":"Blood Vial"},{"floor":31,"key":"Red Mask"}],"event_choices":[{"damage_healed":0.0,"max_hp_gain":0.0,"max_hp_loss":6.0,"gold_gain":0.0,"event_name":"Golden Idol","player_choice":"Lose Max HP","floor":5.0,"gold_loss":0.0,"damage_taken":0.0,"relics_obtained":["Golden Idol"]},{"damage_healed":0.0,"max_hp_gain":0.0,"max_hp_loss":0.0,"gold_gain":30.0,"event_name":"Dead Adventurer","player_choice":"Searched \u00272\u0027 times","floor":7.0,"gold_loss":0.0,"damage_taken":0.0},{"damage_healed":0.0,"max_hp_gain":0.0,"max_hp_loss":0.0,"gold_gain":0.0,"event_name":"Nest","player_choice":"Joined the Cult","floor":19.0,"gold_loss":0.0,"damage_taken":6.0,"cards_obtained":["RitualDagger"]},{"damage_healed":0.0,"max_hp_gain":0.0,"max_hp_loss":0.0,"gold_gain":0.0,"event_name":"Back to Basics","player_choice":"Simplicity","floor":22.0,"gold_loss":0.0,"damage_taken":0.0,"cards_upgraded":["Strike_G","Strike_G","Strike_G","Strike_G","Defend_G","Defend_G","Defend_G","Defend_G"]},{"damage_healed":0,"gold_gain":0,"player_choice":"Read","damage_taken":0,"max_hp_gain":0,"max_hp_loss":0,"event_name":"The Library","floor":30,"gold_loss":0,"cards_obtained":["Blade Dance"]},{"damage_healed":0,"gold_gain":0,"player_choice":"Fought Bandits","damage_taken":0,"max_hp_gain":0,"max_hp_loss":0,"event_name":"Masked Bandits","floor":31,"gold_loss":0}],"is_beta":false,"boss_relics":[{"not_picked":["Coffee Dripper","Black Star"],"picked":"Runic Pyramid"}],"items_purged_floors":[4],"is_endless":false,"potions_floor_spawned":[2,3,12,16,18,20,21,28,31],"killed_by":"Champ","ascension_level":20}}