{"host":"w14xfy17z3c5mpoi","time":1614371782,"event":{"mods":["AchievementEnabler","BaseMod","Minty Spire (QoL Compilation)","Relic Stats"],"gold_per_floor":[213,213,213,231,49,49,80,80,80,80,91,126,126,156,156,235,235,255,267,267,285,305,305,325,325,325,351,361,27,40,40,40,40,40],"floor_reached":33,"language":"ENG","playtime":1374,"items_purged":["Strike_G"],"score":552,"play_id":"7474fd04-a8fb-4b70-a986-b61d6d329bcb","local_time":"20210226153622","is_ascension_mode":true,"campfire_choices":[{"data":"Blade Dance","floor":6,"key":"SMITH"},{"data":"Sucker Punch","floor":8,"key":"SMITH"},{"floor":10,"key":"REST"},{"floor":15,"key":"REST"},{"floor":23,"key":"REST"},{"floor":25,"key":"REST"},{"floor":32,"key":"REST"}],"circlet_count":0,"master_deck":["AscendersBane","Strike_G","Strike_G","Defend_G","Defend_G","Defend_G","Defend_G","Defend_G","Survivor","Neutralize","Dagger Spray","Sucker Punch+1","Blade Dance+1","Dagger Spray","Footwork","Deflect","Quick Slash","Venomology","Dodge and Roll+1","Blade Dance","Backstab","Blade Dance+1","Blade Dance","Blade Dance"],"relics":["Ring of the Snake","Bottled Lightning","Boot","Shuriken","Ancient Tea Set","Philosopher\u0027s Stone","Akabeko","Orichalcum","Ornamental Fan","GremlinMask"],"acts_visited":["Exordium","TheCity"],"potions_floor_usage":[7,14,19,21,21,22,22,27,27,28,30,33,33],"damage_taken":[{"damage":8,"enemies":"Jaw Worm","floor":1,"turns":4},{"damage":0,"enemies":"2 Louse","floor":4,"turns":2},{"damage":19,"enemies":"Lagavulin","floor":7,"turns":8},{"damage":0,"enemies":"Cultist","floor":11,"turns":2},{"damage":15,"enemies":"Gremlin Nob","floor":12,"turns":4},{"damage":4,"enemies":"3 Sentries","floor":14,"turns":3},{"damage":26,"enemies":"Slime Boss","floor":16,"turns":9},{"damage":19,"enemies":"Spheric Guardian","floor":18,"turns":5},{"damage":9,"enemies":"2 Thieves","floor":19,"turns":4},{"damage":16,"enemies":"Centurion and Healer","floor":21,"turns":4},{"damage":7,"enemies":"Snake Plant","floor":22,"turns":3},{"damage":6,"enemies":"Chosen and Byrds","floor":24,"turns":5},{"damage":18,"enemies":"Gremlin Leader","floor":27,"turns":6},{"damage":0,"enemies":"Snecko","floor":28,"turns":4},{"damage":14,"enemies":"Snake Plant","floor":30,"turns":3},{"damage":34,"enemies":"Champ","floor":33,"turns":6}],"seed_played":"-2532026546530996441","potions_obtained":[{"floor":4,"key":"LiquidBronze"},{"floor":7,"key":"SteroidPotion"},{"floor":19,"key":"FearPotion"},{"floor":22,"key":"Weak Potion"},{"floor":27,"key":"CultistPotion"},{"floor":30,"key":"CunningPotion"}],"is_trial":false,"path_per_floor":["M","?","?","M","$","R","E","R","T","R","M","E","?","E","R","B",null,"M","M","?","M","M","R","M","R","T","E","M","$","M","?","R","B"],"character_chosen":"THE_SILENT","items_purchased":["Blade Dance","Block Potion","Ornamental Fan","Blade Dance"],"campfire_rested":5,"item_purchase_floors":[5,5,29,29],"current_hp_per_floor":[51,51,44,44,44,44,25,25,25,44,44,29,29,25,44,18,54,35,26,26,10,3,22,16,35,35,17,17,17,3,3,22,0,0],"gold":40,"neow_bonus":"HUNDRED_GOLD","is_daily":false,"chose_seed":false,"campfire_upgraded":2,"win_rate":0.0,"timestamp":1614371782,"path_taken":["M","?","?","M","$","R","E","R","T","R","M","E","?","E","R","BOSS","M","M","?","M","M","R","M","R","T","E","M","$","M","?","R","BOSS"],"items_purchased_type":["Card","Potion","Relic","Card"],"build_version":"2020-12-22","purchased_purges":1,"victory":false,"max_hp_per_floor":[66,66,66,66,66,66,66,66,66,66,66,66,66,66,66,66,66,66,66,66,66,66,66,66,66,66,66,66,66,66,66,66,66,66],"relic_stats":{"counters":[16,72],"Shuriken":[48],"Ornamental Fan":[56],"Orichalcum":[6],"Boot":[90],"obtain_stats":[{"Shuriken":12,"Ornamental Fan":29,"Philosopher\u0027s Stone":17,"GremlinMask":31,"Bottled Lightning":7,"Orichalcum":27,"Boot":9,"Ancient Tea Set":14,"Akabeko":26,"Ring of the Snake":0},{"Shuriken":5,"Ornamental Fan":14,"Philosopher\u0027s Stone":7,"GremlinMask":15,"Bottled Lightning":3,"Orichalcum":13,"Boot":3,"Ancient Tea Set":6,"Akabeko":12,"Ring of the Snake":0},{"Shuriken":20,"Ornamental Fan":63,"Philosopher\u0027s Stone":32,"GremlinMask":66,"Bottled Lightning":14,"Orichalcum":59,"Boot":14,"Ancient Tea Set":23,"Akabeko":53,"Ring of the Snake":0}],"Ring of the Snake":[32]},"card_choices":[{"not_picked":["Outmaneuver","Slice"],"picked":"Dagger Spray","floor":1},{"not_picked":["Dodge and Roll","Tactician"],"picked":"Sucker Punch","floor":4},{"not_picked":["Escape Plan","Dagger Throw"],"picked":"Dagger Spray","floor":7},{"not_picked":["Dodge and Roll","PiercingWail"],"picked":"Footwork","floor":11},{"not_picked":["Tools of the Trade","Dagger Throw"],"picked":"Deflect","floor":12},{"not_picked":["Distraction","Flying Knee"],"picked":"Quick Slash","floor":14},{"not_picked":["Burst","Envenom"],"picked":"Venomology","floor":16},{"not_picked":["Acrobatics","Underhanded Strike"],"picked":"Dodge and Roll+1","floor":18},{"not_picked":["Dodge and Roll","Riddle With Holes","Heel Hook"],"picked":"SKIP","floor":19},{"not_picked":["Crippling Poison","Backstab+1"],"picked":"Blade Dance","floor":21},{"not_picked":["Bouncing Flask","Endless Agony"],"picked":"Backstab","floor":22},{"not_picked":["Quick Slash","Dagger Throw","Grand Finale"],"picked":"SKIP","floor":24},{"not_picked":["Deadly Poison","Sucker Punch"],"picked":"Blade Dance+1","floor":27},{"not_picked":["Distraction","Choke"],"picked":"Blade Dance","floor":28},{"not_picked":["Outmaneuver","Tools of the Trade","Slice"],"picked":"SKIP","floor":30}],"player_experience":832771,"relics_obtained":[{"floor":7,"key":"Bottled Lightning"},{"floor":9,"key":"Boot"},{"floor":12,"key":"Shuriken"},{"floor":14,"key":"Ancient Tea Set"},{"floor":26,"key":"Akabeko"},{"floor":27,"key":"Orichalcum"}],"event_choices":[{"damage_healed":0,"gold_gain":0,"player_choice":"Leave","damage_taken":0,"max_hp_gain":0,"max_hp_loss":0,"event_name":"The Cleric","floor":2,"gold_loss":0},{"cards_removed":["Strike_G"],"damage_healed":0,"gold_gain":0,"player_choice":"Card Removal","damage_taken":7,"max_hp_gain":0,"max_hp_loss":0,"event_name":"Golden Wing","floor":3,"gold_loss":0},{"cards_removed":["Strike_G"],"damage_healed":0,"gold_gain":0,"player_choice":"Offered Basic","damage_taken":0,"max_hp_gain":0,"max_hp_loss":0,"event_name":"Bonfire Elementals","floor":13,"gold_loss":0},{"damage_healed":0,"gold_gain":0,"player_choice":"Ignored","damage_taken":0,"max_hp_gain":0,"max_hp_loss":0,"event_name":"Ghosts","floor":20,"gold_loss":0},{"damage_healed":0,"gold_gain":0,"player_choice":"Trade","damage_taken":0,"relics_obtained":["GremlinMask"],"max_hp_gain":0,"max_hp_loss":0,"event_name":"FaceTrader","floor":31,"gold_loss":0}],"is_beta":false,"boss_relics":[{"not_picked":["Runic Dome","Pandora\u0027s Box"],"picked":"Philosopher\u0027s Stone"}],"items_purged_floors":[5],"is_endless":false,"potions_floor_spawned":[4,7,19,22,27,30],"killed_by":"Champ","ascension_level":17}}