{"host":"BaronFel","time":1614305585,"event":{"mods":["BaseMod","Filter the Spire","Highlight Path","Minty Spire (QoL Compilation)","Relic Stats","ojb\u0027s Info Mod"],"gold_per_floor":[119,119,44,57,67,67,102,102,127,152,152,178,178,189,189,261,261,273,284,313,313,228,255,255,90,113,113,148,163,9,25,25,104,104,123,123,137,151,373,373,700,754,754,779,810,289,289,301,301,301,301,301,301,10,35,35,35],"floor_reached":56,"language":"ENG","playtime":3844,"items_purged":["Defend_R","Strike_R","Strike_R","Strike_R"],"score":1998,"play_id":"3fc78a0d-601b-49d0-9489-f84c0fe9e377","local_time":"20210225201305","is_ascension_mode":true,"campfire_choices":[{"data":"Searing Blow","floor":6.0,"key":"SMITH"},{"data":"Searing Blow+1","floor":8.0,"key":"SMITH"},{"data":"Searing Blow+2","floor":11.0,"key":"SMITH"},{"data":"Searing Blow+3","floor":13.0,"key":"SMITH"},{"data":"Searing Blow+4","floor":15.0,"key":"SMITH"},{"data":"Searing Blow+5","floor":24.0,"key":"SMITH"},{"data":"Armaments","floor":27.0,"key":"SMITH"},{"data":"Searing Blow+6","floor":32.0,"key":"SMITH"},{"data":"Searing Blow+7","floor":40.0,"key":"SMITH"},{"floor":47.0,"key":"RECALL"},{"data":"Searing Blow+8","floor":49.0,"key":"SMITH"},{"data":"Searing Blow+9","floor":53.0,"key":"SMITH"}],"circlet_count":0,"master_deck":["AscendersBane","Strike_R+1","Defend_R","Defend_R","Defend_R","Bash","Searing Blow+10","Armaments+1","Headbutt+1","Shrug It Off","Armaments","Ghostly Armor","Barricade","Offering","Disarm","Disarm","Battle Trance"],"relics":["Burning Blood","Regal Pillow","PreservedInsect","Pear","Odd Mushroom","Philosopher\u0027s Stone","Red Mask","Boot","StrikeDummy","OrangePellets","Whetstone","Omamori","Cursed Key","Anchor","Old Coin","TungstenRod","Incense Burner","Potion Belt","Centennial Puzzle","Blood Vial"],"acts_visited":["Exordium","TheCity","TheBeyond","TheEnding"],"potions_floor_usage":[56,56,56],"damage_taken":[{"damage":14.0,"enemies":"Small Slimes","floor":1.0,"turns":4.0},{"damage":1.0,"enemies":"Cultist","floor":4.0,"turns":3.0},{"damage":0.0,"enemies":"2 Louse","floor":5.0,"turns":3.0},{"damage":35.0,"enemies":"Lagavulin","floor":7.0,"turns":5.0},{"damage":3.0,"enemies":"Gremlin Nob","floor":10.0,"turns":3.0},{"damage":20.0,"enemies":"The Mushroom Lair","floor":12.0,"turns":5.0},{"damage":0.0,"enemies":"Looter","floor":14.0,"turns":1.0},{"damage":10.0,"enemies":"The Guardian","floor":16.0,"turns":6.0},{"damage":3.0,"enemies":"Chosen","floor":18.0,"turns":3.0},{"damage":9.0,"enemies":"2 Thieves","floor":19.0,"turns":3.0},{"damage":23.0,"enemies":"Masked Bandits","floor":20.0,"turns":3.0},{"damage":31.0,"enemies":"Book of Stabbing","floor":23.0,"turns":4.0},{"damage":10.0,"enemies":"Slavers","floor":28.0,"turns":5.0},{"damage":7.0,"enemies":"Snecko","floor":29.0,"turns":4.0},{"damage":11.0,"enemies":"Shelled Parasite and Fungi","floor":31.0,"turns":4.0},{"damage":69.0,"enemies":"Collector","floor":33.0,"turns":12.0},{"damage":0.0,"enemies":"Orb Walker","floor":35.0,"turns":3.0},{"damage":6.0,"enemies":"3 Shapes","floor":37.0,"turns":5.0},{"damage":11.0,"enemies":"Sphere and 2 Shapes","floor":38.0,"turns":5.0},{"damage":6.0,"enemies":"Reptomancer","floor":41.0,"turns":2.0},{"damage":9.0,"enemies":"2 Orb Walkers","floor":42.0,"turns":3.0},{"damage":0.0,"enemies":"Mind Bloom Boss Battle","floor":44.0,"turns":5.0},{"damage":6.0,"enemies":"Nemesis","floor":45.0,"turns":5.0},{"damage":0.0,"enemies":"Jaw Worm Horde","floor":48.0,"turns":6.0},{"damage":50.0,"enemies":"Donu and Deca","floor":50.0,"turns":10.0},{"damage":25.0,"enemies":"Time Eater","floor":51.0,"turns":10.0},{"damage":28.0,"enemies":"Shield and Spear","floor":55.0,"turns":4.0},{"damage":102,"enemies":"The Heart","floor":56,"turns":8}],"seed_played":"2213546780802824795","potions_obtained":[{"floor":1.0,"key":"FearPotion"},{"floor":10.0,"key":"SpeedPotion"},{"floor":12.0,"key":"SneckoOil"},{"floor":14.0,"key":"Explosive Potion"},{"floor":19.0,"key":"EntropicBrew"},{"floor":28.0,"key":"BloodPotion"},{"floor":31.0,"key":"LiquidMemories"},{"floor":37.0,"key":"GamblersBrew"},{"floor":41.0,"key":"SmokeBomb"},{"floor":42.0,"key":"EssenceOfSteel"},{"floor":44.0,"key":"SkillPotion"}],"is_trial":false,"path_per_floor":["M","?","$","M","M","R","E","R","T","E","R","?","R","M","R","B",null,"M","M","?","?","?","E","R","$","T","R","E","M","$","M","R","B",null,"M","?","M","M","?","R","E","?","T","?","E","$","R","M","R","B","B",null,"R","$","E","B"],"character_chosen":"IRONCLAD","items_purchased":["OrangePellets","BloodPotion","Centennial Puzzle","HeartOfIron","FairyPotion","Battle Trance","BloodPotion"],"campfire_rested":0,"item_purchase_floors":[25,30,46,46,46,54,54],"current_hp_per_floor":[67,67,67,72,78,78,49,49,49,62,62,48,48,54,54,50,82,85,82,65,65,65,40,40,40,40,40,36,35,53,66,66,21,74,80,80,80,75,75,75,75,72,72,78,78,78,78,84,84,40,21,74,74,74,52,0,0],"gold":35,"neow_bonus":"TEN_PERCENT_HP_BONUS","is_daily":false,"chose_seed":false,"campfire_upgraded":11,"win_rate":0.0,"timestamp":1614305585,"path_taken":["M","?","?","M","M","R","E","R","T","E","R","?","R","M","R","BOSS","M","M","?","?","?","E","R","?","T","R","E","M","$","?","R","BOSS","M","?","?","M","?","R","E","?","T","?","E","?","R","?","R","BOSS","BOSS","R","$","E","BOSS"],"items_purchased_type":["Relic","Potion","Relic","Potion","Potion","Card","Potion"],"build_version":"2020-12-18","purchased_purges":4,"victory":false,"max_hp_per_floor":[82,82,82,82,82,82,82,82,82,92,92,92,92,92,92,92,92,92,92,92,92,92,92,92,92,92,92,92,92,92,92,92,92,92,92,92,92,92,92,92,92,92,92,92,92,92,92,92,92,92,92,92,92,92,92,92,92],"relic_stats":{"Blood Vial":2,"OrangePellets":[8],"Regal Pillow":0,"Centennial Puzzle":[12],"counters":[28,134],"PreservedInsect":295,"Whetstone":["Headbutt","Strike_R"],"Boot":[20],"Cursed Key":1,"obtain_stats":[{"Potion Belt":45,"Regal Pillow":7,"Pear":10,"PreservedInsect":9,"Omamori":28,"Incense Burner":44,"Whetstone":26,"Odd Mushroom":12,"Boot":22,"Cursed Key":34,"Burning Blood":0,"Old Coin":41,"Blood Vial":55,"OrangePellets":25,"Anchor":36,"Centennial Puzzle":46,"Philosopher\u0027s Stone":17,"Red Mask":20,"StrikeDummy":23,"TungstenRod":42},{"Potion Belt":23,"Regal Pillow":4,"Pear":5,"PreservedInsect":4,"Omamori":13,"Incense Burner":22,"Whetstone":12,"Odd Mushroom":6,"Boot":11,"Cursed Key":16,"Burning Blood":0,"Old Coin":20,"Blood Vial":27,"OrangePellets":12,"Anchor":17,"Centennial Puzzle":23,"Philosopher\u0027s Stone":8,"Red Mask":11,"StrikeDummy":12,"TungstenRod":21},{"Potion Belt":96,"Regal Pillow":15,"Pear":18,"PreservedInsect":15,"Omamori":48,"Incense Burner":91,"Whetstone":43,"Odd Mushroom":23,"Boot":39,"Cursed Key":68,"Burning Blood":0,"Old Coin":83,"Blood Vial":126,"OrangePellets":43,"Anchor":71,"Centennial Puzzle":96,"Philosopher\u0027s Stone":30,"Red Mask":39,"StrikeDummy":43,"TungstenRod":86}],"Burning Blood":162,"TungstenRod":36},"card_choices":[{"not_picked":["Thunderclap","Shrug It Off"],"picked":"Searing Blow","floor":1.0},{"not_picked":["Carnage","Havoc"],"picked":"Headbutt","floor":4.0},{"not_picked":["Flame Barrier","Wild Strike","Flex"],"picked":"SKIP","floor":5.0},{"not_picked":["Clothesline","Pommel Strike"],"picked":"Shrug It Off","floor":7.0},{"not_picked":["Infernal Blade","Clash"],"picked":"Berserk","floor":10.0},{"not_picked":["Clothesline","Flex"],"picked":"Armaments","floor":12.0},{"not_picked":["True Grit","Reckless Charge","Perfected Strike"],"picked":"SKIP","floor":14.0},{"not_picked":["Twin Strike","Clash","Warcry"],"picked":"SKIP","floor":18.0},{"not_picked":["Body Slam","Clothesline","Combust"],"picked":"SKIP","floor":19.0},{"not_picked":["Rage+1","Wild Strike"],"picked":"Ghostly Armor","floor":20.0},{"not_picked":["Wild Strike","Evolve"],"picked":"Barricade","floor":23.0},{"not_picked":["Whirlwind","Iron Wave","Berserk"],"picked":"SKIP","floor":28.0},{"not_picked":["Fire Breathing","Cleave","Anger"],"picked":"SKIP","floor":29.0},{"not_picked":["Havoc","Body Slam","Clothesline"],"picked":"SKIP","floor":31.0},{"not_picked":["Demon Form","Exhume"],"picked":"Offering","floor":33.0},{"not_picked":["Body Slam+1","Clash"],"picked":"Disarm","floor":35.0},{"not_picked":["Whirlwind","Havoc","Perfected Strike+1"],"picked":"SKIP","floor":37.0},{"not_picked":["Sword Boomerang","Fire Breathing","Reaper"],"picked":"SKIP","floor":38.0},{"not_picked":["Fire Breathing","Warcry"],"picked":"Disarm","floor":41.0},{"not_picked":["Thunderclap+1","Evolve","Fiend Fire"],"picked":"SKIP","floor":45.0},{"not_picked":["Perfected Strike","Power Through","Iron Wave"],"picked":"SKIP","floor":48.0},{"not_picked":["Evolve","Burning Pact","Pommel Strike"],"picked":"SKIP","floor":55.0}],"player_experience":1193404,"relics_obtained":[{"floor":7.0,"key":"Regal Pillow"},{"floor":9.0,"key":"PreservedInsect"},{"floor":10.0,"key":"Pear"},{"floor":12.0,"key":"Odd Mushroom"},{"floor":20.0,"key":"Red Mask"},{"floor":23.0,"key":"StrikeDummy"},{"floor":26.0,"key":"Whetstone"},{"floor":28.0,"key":"Omamori"},{"floor":41.0,"key":"Old Coin"},{"floor":42.0,"key":"TungstenRod"},{"floor":44.0,"key":"Incense Burner"},{"floor":45.0,"key":"Potion Belt"},{"floor":55.0,"key":"Blood Vial"}],"event_choices":[{"damage_healed":0.0,"max_hp_gain":0.0,"max_hp_loss":0.0,"gold_gain":0.0,"cards_transformed":["Strike_R"],"event_name":"Transmorgrifier","player_choice":"Transformed","floor":2.0,"gold_loss":0.0,"damage_taken":0.0,"cards_obtained":["Armaments"]},{"damage_healed":0.0,"max_hp_gain":0.0,"max_hp_loss":0.0,"gold_gain":0.0,"event_name":"Mushrooms","player_choice":"Fought Mushrooms","floor":12.0,"gold_loss":0.0,"damage_taken":0.0},{"damage_healed":0.0,"max_hp_gain":0.0,"max_hp_loss":0.0,"gold_gain":0.0,"event_name":"Masked Bandits","player_choice":"Fought Bandits","floor":20.0,"gold_loss":0.0,"damage_taken":0.0},{"damage_healed":0.0,"max_hp_gain":0.0,"max_hp_loss":0.0,"gold_gain":0.0,"event_name":"The Mausoleum","player_choice":"Ignored","floor":21.0,"gold_loss":0.0,"damage_taken":0.0},{"damage_healed":0.0,"max_hp_gain":0.0,"max_hp_loss":0.0,"gold_gain":0.0,"event_name":"Addict","player_choice":"Obtained Relic","floor":22.0,"gold_loss":85.0,"damage_taken":0.0,"relics_obtained":["Boot"]},{"cards_removed":["Berserk"],"damage_healed":0.0,"max_hp_gain":0.0,"max_hp_loss":0.0,"gold_gain":0.0,"event_name":"WeMeetAgain","player_choice":"Gave Card","floor":36.0,"gold_loss":0.0,"damage_taken":0.0,"relics_obtained":["Anchor"]},{"damage_healed":0.0,"max_hp_gain":0.0,"max_hp_loss":0.0,"gold_gain":222.0,"event_name":"Tomb of Lord Red Mask","player_choice":"Wore Mask","floor":39.0,"gold_loss":0.0,"damage_taken":0.0},{"damage_healed":0.0,"max_hp_gain":0.0,"max_hp_loss":0.0,"gold_gain":0.0,"event_name":"Mysterious Sphere","player_choice":"Fight","floor":42.0,"gold_loss":0.0,"damage_taken":0.0},{"damage_healed":0.0,"max_hp_gain":0.0,"max_hp_loss":0.0,"gold_gain":0.0,"event_name":"MindBloom","player_choice":"Fight","floor":44.0,"gold_loss":0.0,"damage_taken":0.0}],"is_beta":true,"boss_relics":[{"not_picked":["SlaversCollar","SacredBark"],"picked":"Philosopher\u0027s Stone"},{"not_picked":["Coffee Dripper","Black Star"],"picked":"Cursed Key"}],"items_purged_floors":[3,30,46,54],"is_endless":false,"potions_floor_spawned":[1,10,12,14,19,28,31,37,41,42,44],"killed_by":"The Heart","ascension_level":20}}