{"host":"kxz5izodaorfb9am","time":1614355494,"event":{"mods":["BaseMod","GifTheSpireLib","Minty Spire (QoL Compilation)","Shop Mod","StSLib"],"gold_per_floor":[109,109,126,39,114,144,144,160,183,195,295,315,315,325,325,429,429,443,443,443,428,136,136,166,179,204,404,416,416,445,55,55,155,155,167,218,234,234,248,277,277,307,331,331,346,346,357,105,105,105,105],"floor_reached":50,"language":"ENG","playtime":3707,"items_purged":["Strike_R","Strike_R"],"score":847,"play_id":"bba06a18-d15b-43bb-8d18-9c4570f1b879","local_time":"20210226170454","is_ascension_mode":true,"campfire_choices":[{"data":"Entrench","floor":13,"key":"SMITH"},{"data":"Body Slam","floor":15,"key":"SMITH"},{"data":"Bludgeon","floor":23,"key":"SMITH"},{"data":"Shockwave","floor":32,"key":"SMITH"},{"data":"Heavy Blade","floor":41,"key":"SMITH"},{"data":"Spot Weakness","floor":44,"key":"SMITH"},{"floor":49,"key":"RECALL"}],"circlet_count":0,"master_deck":["Strike_R","Strike_R","Defend_R","Defend_R","Defend_R","Defend_R","Bash","Sword Boomerang+1","Body Slam+1","Shrug It Off","Hemokinesis","Battle Trance","Shrug It Off","Dropkick","Entrench+1","Second Wind","Bludgeon+1","Blood for Blood","Forethought","Pommel Strike+1","Shockwave+1","Wild Strike","Carnage","Clothesline","Spot Weakness+1","Bludgeon","Sword Boomerang+1","Disarm+1","Bludgeon+1","Rupture+1","Heavy Blade+1","Perfected Strike+1","Heavy Blade+1","Dual Wield+1"],"relics":["Burning Blood","NeowsBlessing","Tiny Chest","MealTicket","Snecko Eye","Meat on the Bone","Omamori","Ginger","Bag of Preparation","Red Skull","White Beast Statue","Incense Burner","Calling Bell","Toy Ornithopter","Eternal Feather","Magic Flower","Unceasing Top","Self Forming Clay","Pear","Blood Vial","Kunai"],"acts_visited":["Exordium","TheCity","TheBeyond"],"potions_floor_usage":[14,16,24,30,33,35,36,36,40,42,42,42,50,50,50],"damage_taken":[{"damage":0,"enemies":"Small Slimes","floor":1,"turns":1},{"damage":0,"enemies":"Cultist","floor":3,"turns":1},{"damage":0,"enemies":"Gremlin Nob","floor":6,"turns":1},{"damage":3,"enemies":"2 Louse","floor":8,"turns":3},{"damage":14,"enemies":"Red Slaver","floor":10,"turns":3},{"damage":11,"enemies":"Blue Slaver","floor":12,"turns":4},{"damage":4,"enemies":"Gremlin Gang","floor":14,"turns":3},{"damage":61,"enemies":"The Guardian","floor":16,"turns":10},{"damage":11,"enemies":"3 Byrds","floor":18,"turns":5},{"damage":19,"enemies":"2 Thieves","floor":21,"turns":4},{"damage":18,"enemies":"Book of Stabbing","floor":24,"turns":4},{"damage":5,"enemies":"Snecko","floor":25,"turns":3},{"damage":18,"enemies":"Snake Plant","floor":28,"turns":4},{"damage":32,"enemies":"Slavers","floor":30,"turns":4},{"damage":46,"enemies":"Collector","floor":33,"turns":5},{"damage":32,"enemies":"3 Darklings","floor":35,"turns":8},{"damage":25,"enemies":"2 Orb Walkers","floor":36,"turns":4},{"damage":0,"enemies":"3 Shapes","floor":37,"turns":3},{"damage":6,"enemies":"3 Darklings","floor":39,"turns":2},{"damage":0,"enemies":"Reptomancer","floor":40,"turns":4},{"damage":39,"enemies":"Nemesis","floor":42,"turns":9},{"damage":30,"enemies":"Spire Growth","floor":45,"turns":3},{"damage":16,"enemies":"4 Shapes","floor":47,"turns":5},{"damage":117,"enemies":"Donu and Deca","floor":50,"turns":7}],"seed_played":"-1796712025861935005","potions_obtained":[{"floor":6,"key":"Ancient Potion"},{"floor":8,"key":"Regen Potion"},{"floor":10,"key":"Block Potion"},{"floor":12,"key":"Explosive Potion"},{"floor":16,"key":"SpeedPotion"},{"floor":28,"key":"ColorlessPotion"},{"floor":30,"key":"Dexterity Potion"},{"floor":33,"key":"DistilledChaos"},{"floor":35,"key":"SpeedPotion"},{"floor":36,"key":"HeartOfIron"},{"floor":37,"key":"Block Potion"},{"floor":39,"key":"Swift Potion"},{"floor":40,"key":"Block Potion"},{"floor":42,"key":"EssenceOfSteel"},{"floor":45,"key":"ElixirPotion"},{"floor":47,"key":"Fire Potion"}],"is_trial":false,"path_per_floor":["M","?","M","$","?","E","?","M","T","M","?","M","R","M","R","B",null,"M","T","?","M","$","R","E","M","T","?","M","T","E","$","R","B",null,"M","?","M","?","M","E","R","E","T","R","M","T","M","$","R","B"],"character_chosen":"IRONCLAD","items_purchased":["Shrug It Off","Hemokinesis","Shockwave","Omamori","Incense Burner","Kunai"],"campfire_rested":0,"item_purchase_floors":[4,4,22,22,31,48],"current_hp_per_floor":[78,78,80,80,69,75,75,78,78,70,70,65,65,67,67,12,63,58,58,58,57,72,72,65,66,66,66,54,54,40,55,55,27,67,52,52,61,61,64,80,80,70,70,88,67,67,63,78,90,0,0],"gold":105,"neow_bonus":"THREE_ENEMY_KILL","is_daily":false,"chose_seed":false,"campfire_upgraded":6,"win_rate":0.0,"timestamp":1614355494,"path_taken":["M","?","?","$","?","E","?","?","T","M","?","M","R","M","R","BOSS","M","?","?","?","$","R","E","M","T","?","M","?","E","$","R","BOSS","M","?","M","?","M","E","R","E","T","R","?","?","M","$","R","BOSS"],"items_purchased_type":["Card","Card","Card","Relic","Relic","Relic"],"build_version":"2020-12-22","purchased_purges":2,"victory":false,"max_hp_per_floor":[80,80,80,80,80,80,80,80,80,80,80,80,80,80,80,80,80,80,80,80,80,80,80,80,80,80,80,80,80,80,80,80,80,80,80,80,80,80,80,80,80,90,90,90,90,90,90,90,90,90,90],"card_choices":[{"not_picked":["Twin Strike","Sentinel"],"picked":"Sword Boomerang","floor":1},{"not_picked":["Dual Wield","Headbutt"],"picked":"Body Slam","floor":3},{"not_picked":["Reckless Charge","Feel No Pain"],"picked":"Battle Trance","floor":6},{"not_picked":["Armaments","Sentinel"],"picked":"Shrug It Off","floor":8},{"not_picked":["Body Slam","Feel No Pain"],"picked":"Dropkick","floor":10},{"not_picked":["Power Through","Headbutt"],"picked":"Entrench","floor":12},{"not_picked":["Havoc","Seeing Red"],"picked":"Second Wind","floor":14},{"not_picked":["Berserk","Corruption"],"picked":"Bludgeon","floor":16},{"not_picked":["Anger+1","True Grit"],"picked":"Blood for Blood","floor":18},{"not_picked":["Inflame","Sentinel"],"picked":"Pommel Strike+1","floor":21},{"not_picked":["Clothesline","Cleave"],"picked":"Wild Strike","floor":24},{"not_picked":["Anger","Inflame"],"picked":"Carnage","floor":25},{"not_picked":["Armaments","Pummel"],"picked":"Clothesline","floor":28},{"not_picked":["Disarm","Headbutt"],"picked":"Spot Weakness","floor":30},{"not_picked":["Berserk","Juggernaut"],"picked":"Bludgeon","floor":33},{"not_picked":["Shrug It Off","Havoc+1"],"picked":"Sword Boomerang+1","floor":35},{"not_picked":["Shrug It Off","Wild Strike"],"picked":"Disarm+1","floor":36},{"not_picked":["Headbutt+1","Warcry","Hemokinesis+1"],"picked":"SKIP","floor":37},{"not_picked":["Clash","Reckless Charge"],"picked":"Rupture+1","floor":39},{"not_picked":["Flex","Dark Embrace"],"picked":"Heavy Blade","floor":40},{"not_picked":["Offering","Twin Strike"],"picked":"Perfected Strike+1","floor":42},{"not_picked":["Shrug It Off+1","Wild Strike+1"],"picked":"Heavy Blade+1","floor":45},{"not_picked":["Thunderclap+1","Twin Strike+1"],"picked":"Dual Wield+1","floor":47}],"player_experience":370063,"relics_obtained":[{"floor":6,"key":"Tiny Chest"},{"floor":9,"key":"MealTicket"},{"floor":19,"key":"Meat on the Bone"},{"floor":24,"key":"Ginger"},{"floor":26,"key":"Bag of Preparation"},{"floor":29,"key":"Red Skull"},{"floor":30,"key":"White Beast Statue"},{"floor":34,"key":"Toy Ornithopter"},{"floor":34,"key":"Eternal Feather"},{"floor":34,"key":"Magic Flower"},{"floor":36,"key":"Unceasing Top"},{"floor":40,"key":"Self Forming Clay"},{"floor":42,"key":"Pear"},{"floor":46,"key":"Blood Vial"}],"event_choices":[{"damage_healed":0,"gold_gain":0,"player_choice":"Forge","damage_taken":0,"max_hp_gain":0,"max_hp_loss":0,"event_name":"Accursed Blacksmith","floor":2,"gold_loss":0,"cards_upgraded":["Sword Boomerang"]},{"damage_healed":0,"gold_gain":75,"player_choice":"Gather Gold","damage_taken":11,"max_hp_gain":0,"max_hp_loss":0,"event_name":"World of Goop","floor":5,"gold_loss":0},{"cards_removed":["Strike_R"],"damage_healed":0,"gold_gain":0,"player_choice":"Offered Basic","damage_taken":0,"max_hp_gain":0,"max_hp_loss":0,"event_name":"Bonfire Elementals","floor":7,"gold_loss":0},{"damage_healed":0,"gold_gain":100,"player_choice":"Pray","damage_taken":0,"max_hp_gain":0,"max_hp_loss":0,"event_name":"Golden Shrine","floor":11,"gold_loss":0},{"damage_healed":0,"gold_gain":0,"player_choice":"1 cards matched","damage_taken":0,"max_hp_gain":0,"max_hp_loss":0,"event_name":"Match and Keep!","floor":20,"gold_loss":0,"cards_obtained":["Forethought"]},{"damage_healed":0,"gold_gain":200,"player_choice":"Gold","damage_taken":0,"max_hp_gain":0,"max_hp_loss":0,"event_name":"Wheel of Change","floor":27,"gold_loss":0},{"damage_healed":0,"gold_gain":0,"player_choice":"Fight","damage_taken":0,"max_hp_gain":0,"max_hp_loss":0,"event_name":"Mysterious Sphere","floor":36,"gold_loss":0},{"damage_healed":0,"gold_gain":0,"player_choice":"Copied","damage_taken":0,"max_hp_gain":0,"max_hp_loss":0,"event_name":"Duplicator","floor":38,"gold_loss":0,"cards_obtained":["Bludgeon"]}],"is_beta":false,"boss_relics":[{"not_picked":["Velvet Choker","Philosopher\u0027s Stone"],"picked":"Snecko Eye"},{"not_picked":["Mark of Pain","Busted Crown"],"picked":"Calling Bell"}],"items_purged_floors":[22,31],"is_endless":false,"potions_floor_spawned":[6,8,10,12,16,28,30,33,35,36,37,39,40,42,45,47],"killed_by":"Donu and Deca","ascension_level":7}}