{"host":"wik2u884rt5bbues","time":1614375742,"event":{"mods":["AchievementEnabler","BaseMod","Colored Map","Colored Powertips","DeckTracker","Googly Eyes","Minty Spire (QoL Compilation)","Permanent Neow","Quick Restart","Shop Mod","StSLib","SuperFastMode"],"gold_per_floor":[119,138,63,63,73,100,100,100,100,0,20,20,50,67,67,67,67],"floor_reached":16,"language":"ENG","playtime":1120,"items_purged":["Strike_R","Strike_R"],"score":110,"play_id":"83afb537-ce79-48e8-9576-62ac54c7a8bf","local_time":"20210226214222","is_ascension_mode":false,"campfire_choices":[{"data":"Shrug It Off","floor":7,"key":"SMITH"},{"floor":15,"key":"REST"}],"circlet_count":0,"master_deck":["Strike_R","Strike_R","Defend_R+1","Defend_R+1","Bash","Shrug It Off+1","Heavy Blade"],"relics":["Burning Blood","Question Card","War Paint","Dream Catcher"],"acts_visited":["Exordium"],"potions_floor_usage":[6,6],"damage_taken":[{"damage":0.0,"enemies":"2 Louse","floor":1.0,"turns":2.0},{"damage":1.0,"enemies":"Jaw Worm","floor":2.0,"turns":4.0},{"damage":11.0,"enemies":"Small Slimes","floor":5.0,"turns":4.0},{"damage":16,"enemies":"Gremlin Nob","floor":6,"turns":3},{"damage":2,"enemies":"2 Fungi Beasts","floor":11,"turns":4},{"damage":25,"enemies":"Lagavulin","floor":13,"turns":9},{"damage":0,"enemies":"Looter","floor":14,"turns":4},{"damage":41,"enemies":"Hexaghost","floor":16,"turns":9}],"seed_played":"-2122596978438788435","potions_obtained":[{"floor":2.0,"key":"SteroidPotion"},{"floor":5.0,"key":"Fire Potion"}],"is_trial":false,"path_per_floor":["M","M","$","?","M","E","R","?","T","$","M","?","E","M","R","B"],"character_chosen":"IRONCLAD","items_purchased":[],"campfire_rested":1,"item_purchase_floors":[],"current_hp_per_floor":[80,80,80,80,75,65,65,58,58,58,62,29,10,16,40,0,0],"gold":67,"neow_bonus":"REMOVE_CARD","is_daily":false,"chose_seed":false,"campfire_upgraded":1,"win_rate":0.0,"timestamp":1614375742,"path_taken":["M","M","$","?","M","E","R","?","T","?","M","?","E","M","R","BOSS"],"items_purchased_type":[],"build_version":"2020-12-22","purchased_purges":2,"victory":false,"max_hp_per_floor":[80,80,80,80,80,80,80,80,80,80,80,80,80,80,80,80,80],"card_choices":[{"not_picked":["Carnage","Pommel Strike"],"picked":"Shrug It Off","floor":1.0},{"not_picked":["Headbutt","Thunderclap","Searing Blow"],"picked":"SKIP","floor":2.0},{"not_picked":["Fire Breathing","Shrug It Off","Clothesline"],"picked":"SKIP","floor":5.0},{"not_picked":["Offering","Armaments","Pommel Strike"],"picked":"SKIP","floor":6},{"not_picked":["Cleave","Perfected Strike","Disarm"],"picked":"Heavy Blade","floor":11},{"not_picked":["Battle Trance","Hemokinesis","Feel No Pain","Sword Boomerang"],"picked":"SKIP","floor":13},{"not_picked":["True Grit","Thunderclap","Juggernaut","Fire Breathing"],"picked":"SKIP","floor":14}],"player_experience":752245,"relics_obtained":[{"floor":6,"key":"Question Card"},{"floor":13,"key":"Dream Catcher"}],"event_choices":[{"cards_removed":["Defend_R"],"damage_healed":0.0,"max_hp_gain":0.0,"max_hp_loss":0.0,"gold_gain":0.0,"event_name":"Living Wall","player_choice":"Forget","floor":4.0,"gold_loss":0.0,"damage_taken":0.0},{"cards_removed":["Defend_R"],"damage_healed":0,"gold_gain":0,"player_choice":"Card Removal","damage_taken":7,"max_hp_gain":0,"max_hp_loss":0,"event_name":"Golden Wing","floor":8,"gold_loss":0},{"damage_healed":0,"gold_gain":0,"player_choice":"Success","damage_taken":33,"relics_obtained":["War Paint"],"max_hp_gain":0,"max_hp_loss":0,"event_name":"Scrap Ooze","floor":12,"gold_loss":0}],"is_beta":false,"boss_relics":[],"items_purged_floors":[3,10],"is_endless":false,"potions_floor_spawned":[2,5],"killed_by":"Hexaghost","ascension_level":0}}