{"host":"gc8yb33y1dm65mio","time":1614308668,"event":{"mods":["BaseMod","Bestiary","Colored Map","Colored Powertips","Curses Come First","Highlight Path","Minty Spire (QoL Compilation)","Quick Restart","Relic Stats","StSLib"],"gold_per_floor":[12,12,87,107,23,23,64,64,109,152,173,197,197,197,197,197,197],"floor_reached":16,"language":"ENG","playtime":535,"items_purged":[],"score":194,"play_id":"67002c0a-7f84-47fb-bb90-c17944e94964","local_time":"20210225190428","is_ascension_mode":true,"campfire_choices":[{"data":"Sunder","floor":6,"key":"SMITH"},{"data":"Sweeping Beam","floor":8,"key":"SMITH"},{"floor":13,"key":"REST"},{"data":"Reinforced Body","floor":15,"key":"SMITH"}],"circlet_count":0,"master_deck":["AscendersBane","Strike_B","Strike_B","Strike_B","Strike_B","Defend_B","Defend_B","Defend_B","Defend_B","Zap","Dualcast","Core Surge","Reinforced Body+1","Sweeping Beam+1","Sunder+1","Hologram","Go for the Eyes+1","Core Surge"],"relics":["Cracked Core","Golden Idol","Kunai","DataDisk","Matryoshka"],"acts_visited":["Exordium"],"potions_floor_usage":[7,12],"damage_taken":[{"damage":7,"enemies":"Jaw Worm","floor":1,"turns":2},{"damage":0,"enemies":"2 Louse","floor":4,"turns":3},{"damage":16,"enemies":"Lagavulin","floor":7,"turns":7},{"damage":17,"enemies":"3 Sentries","floor":10,"turns":5},{"damage":0,"enemies":"Cultist","floor":11,"turns":2},{"damage":0,"enemies":"Gremlin Gang","floor":12,"turns":2},{"damage":34,"enemies":"Hexaghost","floor":16,"turns":12}],"seed_played":"-5241620364000865935","potions_obtained":[{"floor":1,"key":"AttackPotion"},{"floor":4,"key":"Swift Potion"}],"is_trial":false,"path_per_floor":["M","?","?","M","$","R","E","R","T","E","M","M","R","?","R","B"],"character_chosen":"DEFECT","items_purchased":["Sunder"],"campfire_rested":1,"item_purchase_floors":[5],"current_hp_per_floor":[57,57,46,46,46,46,30,30,30,13,13,13,32,32,32,0,0],"gold":197,"neow_bonus":"THREE_RARE_CARDS","is_daily":false,"chose_seed":false,"campfire_upgraded":3,"win_rate":0.0,"timestamp":1614308668,"path_taken":["M","?","?","M","$","R","E","R","T","E","M","M","R","?","R","BOSS"],"items_purchased_type":["Card"],"build_version":"2020-12-22","purchased_purges":0,"victory":false,"max_hp_per_floor":[71,64,64,64,64,64,64,64,64,64,64,64,64,64,64,64,64],"relic_stats":{"counters":[7,33],"Golden Idol":30,"Kunai":[4],"obtain_stats":[{"DataDisk":9,"Matryoshka":10,"Golden Idol":2,"Kunai":7,"Cracked Core":0},{"DataDisk":3,"Matryoshka":4,"Golden Idol":1,"Kunai":3,"Cracked Core":0},{"DataDisk":12,"Matryoshka":17,"Golden Idol":2,"Kunai":12,"Cracked Core":0}]},"card_choices":[{"not_picked":["All For One","Hyperbeam"],"picked":"Core Surge","floor":0},{"not_picked":["Heatsinks","BootSequence"],"picked":"Reinforced Body","floor":1},{"not_picked":["Compile Driver","Redo"],"picked":"Sweeping Beam","floor":4},{"not_picked":["Turbo","Gash","Conserve Battery"],"picked":"SKIP","floor":7},{"not_picked":["Streamline","Sweeping Beam"],"picked":"Hologram","floor":10},{"not_picked":["Sweeping Beam","Turbo"],"picked":"Go for the Eyes","floor":11},{"not_picked":["Beam Cell","Sweeping Beam"],"picked":"Core Surge","floor":12}],"player_experience":1103306,"relics_obtained":[{"floor":7,"key":"Kunai"},{"floor":9,"key":"DataDisk"},{"floor":10,"key":"Matryoshka"}],"event_choices":[{"damage_healed":0,"gold_gain":0,"player_choice":"Lose Max HP","damage_taken":0,"relics_obtained":["Golden Idol"],"max_hp_gain":0,"max_hp_loss":7,"event_name":"Golden Idol","floor":2,"gold_loss":0},{"damage_healed":0,"gold_gain":75,"player_choice":"Gather Gold","damage_taken":11,"max_hp_gain":0,"max_hp_loss":0,"event_name":"World of Goop","floor":3,"gold_loss":0},{"damage_healed":0,"gold_gain":0,"player_choice":"Grow","damage_taken":0,"max_hp_gain":0,"max_hp_loss":0,"event_name":"Living Wall","floor":14,"gold_loss":0,"cards_upgraded":["Go for the Eyes"]}],"is_beta":false,"boss_relics":[],"items_purged_floors":[],"is_endless":false,"potions_floor_spawned":[1,4],"killed_by":"Hexaghost","ascension_level":16}}