{"host":"w8xisjf5mgmfjvmt","time":1614342682,"event":{"mods":["BaseMod","BetterRewards","Challenge The Spire","Conspire","Energized Spire","Filter the Spire","Minty Spire (QoL Compilation)","Quarter Circle Forward PUNCH!","Quick Restart","Relic Filter Mod","Relic Stats","Reliquary","Replay The Spire","Say the Spire","Shop Mod","Spicy Shops","StSLib","Wide Potions","¡¾ÒÅÎï¿¨ÅÆ¡¿REMEMod","óô»ðÖ¸ÄÏ"],"gold_per_floor":[110,110,185,63,63,94,244,244,271,283,283,283],"floor_reached":11,"language":"ZHS","playtime":230,"items_purged":[],"score":188,"play_id":"5cdb58d8-c9c7-4313-80cf-47ed54945e42","local_time":"20210226203122","is_ascension_mode":true,"campfire_choices":[{"data":"Armaments","floor":8.0,"key":"SMITH"}],"circlet_count":0,"master_deck":["AscendersBane","Strike_R","Strike_R","Strike_R","Strike_R","Strike_R","Defend_R","Defend_R","Defend_R","Defend_R","Bash","Reaper","Fiend Fire","Armaments+1","Evolve","Double Tap","Doubt","Shrug It Off"],"relics":["Burning Blood","REME_ComplimentaryCards","Singing Bowl","reliquary:Knoch","reliquary:RosewoodLute"],"acts_visited":["Exordium"],"potions_floor_usage":[],"damage_taken":[{"damage":7.0,"enemies":"Small Slimes","floor":1.0,"turns":4.0},{"damage":0.0,"enemies":"Gremlin Nob","floor":6.0,"turns":2.0},{"damage":14.0,"enemies":"Jaw Worm","floor":10.0,"turns":5.0},{"damage":40,"enemies":"Lagavulin","floor":11,"turns":6}],"seed_played":"572838112334602097","potions_obtained":[{"floor":1.0,"key":"AttackPotion"},{"floor":6.0,"key":"Fire Potion"}],"is_trial":false,"path_per_floor":["M","?","?","$","T","E","?","R","T","M","E"],"character_chosen":"IRONCLAD","items_purchased":["Armaments","Evolve"],"campfire_rested":0,"item_purchase_floors":[4,4],"current_hp_per_floor":[68,73,62,62,62,68,68,68,68,60,28,28],"gold":283,"neow_bonus":"THREE_RARE_CARDS","is_daily":false,"chose_seed":false,"campfire_upgraded":1,"win_rate":0.0,"timestamp":1614342682,"path_taken":["M","?","?","$","?","E","?","R","T","?","E"],"items_purchased_type":["Card","Card"],"build_version":"2020-12-22","purchased_purges":0,"victory":false,"max_hp_per_floor":[68,73,73,73,73,73,73,73,73,73,73,73],"relic_stats":{"Singing Bowl":0,"counters":[4,17],"obtain_stats":[{"Singing Bowl":5,"reliquary:Knoch":6,"reliquary:RosewoodLute":9,"Burning Blood":0,"REME_ComplimentaryCards":0},{"Singing Bowl":1,"reliquary:Knoch":2,"reliquary:RosewoodLute":2,"Burning Blood":0,"REME_ComplimentaryCards":0},{"Singing Bowl":4,"reliquary:Knoch":6,"reliquary:RosewoodLute":6,"Burning Blood":0,"REME_ComplimentaryCards":0}],"Burning Blood":13},"card_choices":[{"not_picked":["Brutality","conspire:Purge"],"picked":"Reaper","floor":0.0},{"not_picked":["Anger","Perfected Strike","Dropkick"],"picked":"SKIP","floor":1.0},{"not_picked":["Thunderclap","Headbutt"],"picked":"Double Tap","floor":6.0},{"not_picked":["Heavy Blade","Hemokinesis"],"picked":"Shrug It Off","floor":10.0}],"player_experience":1422812,"relics_obtained":[{"floor":5.0,"key":"Singing Bowl"},{"floor":6.0,"key":"reliquary:Knoch"},{"floor":9.0,"key":"reliquary:RosewoodLute"}],"event_choices":[{"damage_healed":0.0,"max_hp_gain":5.0,"max_hp_loss":0.0,"gold_gain":0.0,"event_name":"Big Fish","player_choice":"Donut","floor":2.0,"gold_loss":0.0,"damage_taken":0.0},{"damage_healed":0.0,"max_hp_gain":0.0,"max_hp_loss":0.0,"gold_gain":75.0,"event_name":"World of Goop","player_choice":"Gather Gold","floor":3.0,"gold_loss":0.0,"damage_taken":11.0},{"damage_healed":0.0,"max_hp_gain":0.0,"max_hp_loss":0.0,"gold_gain":150.0,"event_name":"Liars Game","player_choice":"AGREE","floor":7.0,"gold_loss":0.0,"damage_taken":0.0,"cards_obtained":["Doubt"]}],"is_beta":false,"boss_relics":[],"items_purged_floors":[],"is_endless":false,"potions_floor_spawned":[1,6],"killed_by":"Lagavulin","ascension_level":20}}