{"host":"5ueuk67tsx07ylcu","time":1614376601,"event":{"mods":["Act Like it!","BaseMod","Colored Map","Colored Powertips","Downfall","Duelist Mod","GifTheSpireLib","GungeonMod","Hallownest","Hermit","Infinite Spire","Library of Ruina","Lobotomy","Minty Spire (QoL Compilation)","Reliquary","Ruina","StSLib","The Animator"],"gold_per_floor":[112,112,125,125,50,50,50,50,75,103,130,30,50,50,50,150,150,167,92,92,92,40,57,90,90,143,160,172,172,190,205,205,307,307,327,327,0,0,18,18,18],"floor_reached":40,"language":"ENG","playtime":2452,"items_purged":["Strike_R","Strike_R"],"score":470,"play_id":"7cfba4fc-ba41-4e2a-9e2b-fb5d836fa157","local_time":"20210226165641","is_ascension_mode":true,"campfire_choices":[{"data":"Bash","floor":6,"key":"SMITH"},{"data":"Cleave","floor":8,"key":"SMITH"},{"floor":15,"key":"RECALL"},{"floor":25,"key":"REST"},{"floor":29,"key":"REST"},{"floor":32,"key":"REST"}],"circlet_count":0,"master_deck":["Defend_R","Defend_R","Defend_R","Bash+1","Cleave+1","Twin Strike+1","Pummel+1","Shockwave","Fiend Fire","Twin Strike","infinitespire:OneForAll","Feel No Pain","Uppercut","Power Through","Rampage","Berserk","Burning Pact+1","Flash of Steel"],"relics":["Black Blood","NeowsBlessing","DemoMod:WeirdEgg","Art of War","reliquary:MedicineBall","Odd Mushroom","reliquary:Buckler","Empty Cage","reliquary:TridentHead","Centennial Puzzle","Red Mask"],"acts_visited":["Exordium","TheCity","TheBeyond"],"potions_floor_usage":[11,16,16,23,23,28,33,40],"damage_taken":[{"damage":0,"enemies":"Cultist","floor":1,"turns":1},{"damage":0,"enemies":"2 Louse","floor":3,"turns":1},{"damage":0,"enemies":"Gremlin Nob","floor":10,"turns":1},{"damage":0,"enemies":"The Mushroom Lair","floor":11,"turns":2},{"damage":0,"enemies":"Jaw Worm","floor":13,"turns":3},{"damage":35,"enemies":"Slime Boss","floor":16,"turns":9},{"damage":29,"enemies":"Shell Parasite","floor":18,"turns":5},{"damage":18,"enemies":"Spheric Guardian","floor":23,"turns":4},{"damage":43,"enemies":"theDuelist:KaibaA2","floor":24,"turns":6},{"damage":14,"enemies":"Snake Plant","floor":27,"turns":3},{"damage":11,"enemies":"Sentry and Sphere","floor":28,"turns":4},{"damage":12,"enemies":"Snecko","floor":30,"turns":4},{"damage":13,"enemies":"Cultist and Chosen","floor":31,"turns":6},{"damage":42,"enemies":"Automaton","floor":33,"turns":9},{"damage":15,"enemies":"Orb Walker","floor":35,"turns":2},{"damage":39,"enemies":"3 Shapes","floor":39,"turns":4},{"damage":63,"enemies":"Reptomancer","floor":40,"turns":4}],"seed_played":"-7004817226901209173","potions_obtained":[{"floor":3,"key":"PowerPotion"},{"floor":10,"key":"Fire Potion"},{"floor":11,"key":"Strength Potion"},{"floor":18,"key":"PowerPotion"},{"floor":27,"key":"Dexterity Potion"},{"floor":28,"key":"BlessingOfTheForge"},{"floor":39,"key":"Explosive Potion"}],"is_trial":false,"path_per_floor":["M","?","M","?","$","R","T","R","T","E","?","$","M","T","R","B",null,"M","?","?","T","$","M","E","R","T","M","M","R","M","M","R","B",null,"M","?","?","$","M","E"],"character_chosen":"IRONCLAD","items_purchased":["Block Potion"],"campfire_rested":3,"item_purchase_floors":[22],"current_hp_per_floor":[80,80,80,73,73,73,73,73,73,79,80,80,80,80,80,51,80,57,57,57,57,57,45,8,32,32,24,19,43,37,30,54,18,80,77,77,77,77,50,0,0],"gold":18,"neow_bonus":"THREE_ENEMY_KILL","is_daily":false,"chose_seed":false,"campfire_upgraded":2,"win_rate":0.0,"timestamp":1614376601,"path_taken":["M","?","M","?","$","R","?","R","T","E","?","?","M","?","R","BOSS","M","?","?","?","$","M","E","R","T","M","M","R","M","M","R","BOSS","M","?","?","?","?","E"],"items_purchased_type":["Potion"],"build_version":"2020-12-22","purchased_purges":2,"victory":false,"max_hp_per_floor":[80,80,80,80,80,80,80,80,80,80,80,80,80,80,80,80,80,80,80,80,80,80,80,80,80,80,80,80,80,80,80,80,80,80,80,80,80,80,80,80,80],"card_choices":[{"not_picked":["Metallicize","Clothesline"],"picked":"Cleave","floor":1},{"not_picked":["Clash","Dual Wield"],"picked":"Twin Strike","floor":3},{"not_picked":["Seeing Red","True Grit","Whirlwind"],"picked":"SKIP","floor":10},{"not_picked":["Disarm","Power Through"],"picked":"Pummel","floor":11},{"not_picked":["Wild Strike","Blood for Blood"],"picked":"Shockwave","floor":13},{"not_picked":["Reaper","Offering"],"picked":"Fiend Fire","floor":16},{"not_picked":["Pommel Strike","Wild Strike"],"picked":"Twin Strike","floor":18},{"not_picked":["Flex","Twin Strike"],"picked":"infinitespire:OneForAll","floor":23},{"not_picked":["True Grit","Flex","Warcry+1"],"picked":"SKIP","floor":24},{"not_picked":["Seeing Red","Clash"],"picked":"Feel No Pain","floor":27},{"not_picked":["Dual Wield+1","Armaments"],"picked":"Uppercut","floor":28},{"not_picked":["True Grit","Twin Strike+1"],"picked":"Power Through","floor":30},{"not_picked":["Armaments","Iron Wave"],"picked":"Rampage","floor":31},{"not_picked":["Offering","Exhume"],"picked":"Berserk","floor":33},{"not_picked":["Body Slam","Dropkick"],"picked":"Burning Pact+1","floor":35},{"not_picked":["Deep Breath","Mayhem"],"picked":"Flash of Steel","floor":36},{"not_picked":["Warcry","Bloodletting+1","Flex"],"picked":"SKIP","floor":39}],"player_experience":353927,"relics_obtained":[{"floor":7,"key":"DemoMod:WeirdEgg"},{"floor":9,"key":"Art of War"},{"floor":10,"key":"reliquary:MedicineBall"},{"floor":11,"key":"Odd Mushroom"},{"floor":14,"key":"reliquary:Buckler"},{"floor":21,"key":"reliquary:TridentHead"},{"floor":24,"key":"Centennial Puzzle"}],"event_choices":[{"damage_healed":0,"gold_gain":0,"player_choice":"Ignored","damage_taken":0,"max_hp_gain":0,"max_hp_loss":0,"event_name":"Liars Game","floor":2,"gold_loss":0},{"cards_removed":["Strike_R"],"damage_healed":0,"gold_gain":0,"player_choice":"Card Removal","damage_taken":7,"max_hp_gain":0,"max_hp_loss":0,"event_name":"Golden Wing","floor":4,"gold_loss":0},{"damage_healed":0,"gold_gain":0,"player_choice":"Fought Mushrooms","damage_taken":0,"max_hp_gain":0,"max_hp_loss":0,"event_name":"Mushrooms","floor":11,"gold_loss":0},{"cards_removed":["Defend_R"],"damage_healed":0,"gold_gain":0,"player_choice":"Gave Gold","damage_taken":0,"max_hp_gain":0,"max_hp_loss":0,"event_name":"Beggar","floor":19,"gold_loss":75},{"damage_healed":0,"gold_gain":0,"player_choice":"Memory 1","damage_taken":0,"max_hp_gain":0,"max_hp_loss":0,"event_name":"SensoryStone","floor":36,"gold_loss":0},{"damage_healed":0,"gold_gain":0,"player_choice":"Paid","damage_taken":0,"relics_obtained":["Red Mask"],"max_hp_gain":0,"max_hp_loss":0,"event_name":"Tomb of Lord Red Mask","floor":37,"gold_loss":327}],"is_beta":false,"boss_relics":[{"not_picked":["Sozu","Coffee Dripper"],"picked":"Empty Cage"},{"not_picked":["bronze:MakeshiftBattery","Velvet Choker"],"picked":"Black Blood"}],"items_purged_floors":[5,12],"is_endless":false,"potions_floor_spawned":[3,10,11,18,27,28,39],"killed_by":"Reptomancer","ascension_level":2}}