{"host":"928gv66myv2vlnsd","time":1614382868,"event":{"mods":["BaseMod","Highlight Path","Minty Spire (QoL Compilation)","Relic Stats","StSLib"],"gold_per_floor":[119,130,148,166,66,97,97,97,144,144,172,184,204,231,231,231,231],"floor_reached":16,"language":"ENG","playtime":963,"items_purged":["Evolve"],"score":244,"play_id":"c55e01cb-77f6-4e56-8d4a-0923dddd4ab9","local_time":"20210226184108","is_ascension_mode":true,"campfire_choices":[{"data":"True Grit","floor":8,"key":"SMITH"},{"floor":10,"key":"REST"},{"floor":15,"key":"REST"}],"circlet_count":0,"master_deck":["AscendersBane","Bash","Searing Blow","Havoc","Rampage","Flame Barrier+1","Blood for Blood","Feel No Pain","Evolve","Uppercut","Shrug It Off","Pommel Strike","Entrench+1","Headbutt","Cleave","True Grit+1","Parasite","Shockwave","Power Through"],"relics":["Pandora\u0027s Box","Question Card","War Paint","Letter Opener"],"acts_visited":["Exordium"],"potions_floor_usage":[11,14,14,16],"damage_taken":[{"damage":4,"enemies":"Cultist","floor":1,"turns":4},{"damage":2,"enemies":"Small Slimes","floor":2,"turns":5},{"damage":7,"enemies":"2 Louse","floor":3,"turns":3},{"damage":2,"enemies":"Large Slime","floor":4,"turns":7},{"damage":50,"enemies":"Gremlin Nob","floor":6,"turns":5},{"damage":20,"enemies":"3 Sentries","floor":11,"turns":7},{"damage":8,"enemies":"Blue Slaver","floor":12,"turns":4},{"damage":5,"enemies":"Exordium Thugs","floor":13,"turns":6},{"damage":7,"enemies":"Lagavulin","floor":14,"turns":11},{"damage":32,"enemies":"Hexaghost","floor":16,"turns":11}],"seed_played":"7957784613829371431","potions_obtained":[{"floor":2,"key":"EssenceOfSteel"},{"floor":3,"key":"PowerPotion"},{"floor":12,"key":"PowerPotion"},{"floor":14,"key":"Block Potion"}],"is_trial":false,"path_per_floor":["M","M","M","M","$","E","?","R","T","R","E","M","M","E","R","B"],"character_chosen":"IRONCLAD","items_purchased":["Cleave"],"campfire_rested":2,"item_purchase_floors":[5],"current_hp_per_floor":[64,62,55,53,53,3,21,21,21,43,23,15,10,3,25,0,0],"gold":231,"neow_bonus":"BOSS_RELIC","is_daily":false,"chose_seed":false,"campfire_upgraded":1,"win_rate":0.0,"timestamp":1614382868,"path_taken":["M","M","M","?","$","E","?","R","T","R","E","M","M","E","R","BOSS"],"items_purchased_type":["Card"],"build_version":"2020-12-22","purchased_purges":1,"victory":false,"max_hp_per_floor":[75,75,75,75,75,75,75,75,75,75,75,75,75,75,75,75,75],"relic_stats":{"counters":[10,63],"Pandora\u0027s Box":["Searing Blow","Havoc","Rampage","Evolve","Flame Barrier","Blood for Blood","Feel No Pain","Evolve","Uppercut"],"Letter Opener":[0],"War Paint":["Flame Barrier","Entrench"],"Question Card":4,"obtain_stats":[{"Pandora\u0027s Box":0,"Letter Opener":14,"War Paint":11,"Question Card":6,"Burning Blood":0},{"Pandora\u0027s Box":0,"Letter Opener":9,"War Paint":6,"Question Card":5,"Burning Blood":0},{"Pandora\u0027s Box":0,"Letter Opener":52,"War Paint":31,"Question Card":24,"Burning Blood":0}]},"card_choices":[{"not_picked":["Anger","Clothesline"],"picked":"Shrug It Off","floor":1},{"not_picked":["Uppercut","Heavy Blade"],"picked":"Pommel Strike","floor":2},{"not_picked":["Anger","Thunderclap"],"picked":"Entrench","floor":3},{"not_picked":["Whirlwind","Bloodletting"],"picked":"Headbutt","floor":4},{"not_picked":["Heavy Blade","Brutality"],"picked":"True Grit","floor":6},{"not_picked":["Evolve","Searing Blow","Rage","Uppercut"],"picked":"SKIP","floor":11},{"not_picked":["Inflame","Pommel Strike","Pummel"],"picked":"Shockwave","floor":12},{"not_picked":["Cleave","Thunderclap","Heavy Blade"],"picked":"Power Through","floor":13},{"not_picked":["Searing Blow","Heavy Blade","Pommel Strike","Berserk"],"picked":"SKIP","floor":14}],"player_experience":1487249,"relics_obtained":[{"floor":6,"key":"Question Card"},{"floor":11,"key":"War Paint"},{"floor":14,"key":"Letter Opener"}],"event_choices":[{"damage_healed":18,"gold_gain":0,"player_choice":"Healed and dodged fight","damage_taken":0,"max_hp_gain":0,"max_hp_loss":0,"event_name":"Mushrooms","floor":7,"gold_loss":0,"cards_obtained":["Parasite"]}],"is_beta":false,"boss_relics":[],"items_purged_floors":[5],"is_endless":false,"potions_floor_spawned":[2,3,6,12,14],"killed_by":"Hexaghost","ascension_level":20}}