{"host":"vqun63pi4q2xs0ca","time":1614358184,"event":{"mods":["BaseMod","Minty Spire (QoL Compilation)","Relic Stats","StSLib"],"gold_per_floor":[118,5,17,28,28,60,60,80,132,208,208,218,218,218],"floor_reached":13,"language":"ENG","playtime":524,"items_purged":[],"score":166,"play_id":"ac2b0ace-769a-4208-936d-a03714f0b684","local_time":"20210226164944","is_ascension_mode":true,"campfire_choices":[{"floor":7,"key":"REST"}],"circlet_count":0,"master_deck":["AscendersBane","Strike_G","Strike_G","Strike_G","Strike_G","Strike_G","Defend_G","Defend_G","Defend_G","Defend_G","Defend_G","Survivor","Neutralize","Dash","PiercingWail","Blade Dance","Leg Sweep","Noxious Fumes","Masterful Stab","Crippling Poison","Burst"],"relics":["Ring of the Snake","Potion Belt","MealTicket","Odd Mushroom","Anchor"],"acts_visited":["Exordium"],"potions_floor_usage":[6,6,13,13],"damage_taken":[{"damage":7,"enemies":"Cultist","floor":1,"turns":6},{"damage":0,"enemies":"2 Louse","floor":3,"turns":3},{"damage":0,"enemies":"Small Slimes","floor":4,"turns":4},{"damage":29,"enemies":"Lagavulin","floor":6,"turns":7},{"damage":8,"enemies":"The Mushroom Lair","floor":8,"turns":5},{"damage":0,"enemies":"3 Louse","floor":12,"turns":4},{"damage":18,"enemies":"Gremlin Nob","floor":13,"turns":4}],"seed_played":"-7538759502467481411","potions_obtained":[{"floor":3,"key":"Strength Potion"},{"floor":8,"key":"Ancient Potion"},{"floor":12,"key":"Swift Potion"}],"is_trial":false,"path_per_floor":["M","$","M","M","?","E","R","?","T","?","?","M","E"],"character_chosen":"THE_SILENT","items_purchased":["Blade Dance","Fire Potion"],"campfire_rested":1,"item_purchase_floors":[2,2],"current_hp_per_floor":[52,52,52,52,34,5,24,16,16,16,16,16,0,0],"gold":218,"neow_bonus":"THREE_CARDS","is_daily":false,"chose_seed":false,"campfire_upgraded":0,"win_rate":0.0,"timestamp":1614358184,"path_taken":["M","$","?","M","?","E","R","?","T","?","?","M","E"],"items_purchased_type":["Card","Potion"],"build_version":"2020-12-22","purchased_purges":0,"victory":false,"max_hp_per_floor":[66,66,66,66,66,66,66,66,66,66,66,66,66,66],"relic_stats":{"counters":[7,33],"MealTicket":0,"obtain_stats":[{"Potion Belt":5,"Anchor":9,"MealTicket":6,"Odd Mushroom":8,"Ring of the Snake":0},{"Potion Belt":3,"Anchor":5,"MealTicket":4,"Odd Mushroom":5,"Ring of the Snake":0},{"Potion Belt":13,"Anchor":25,"MealTicket":20,"Odd Mushroom":25,"Ring of the Snake":0}],"Ring of the Snake":[14]},"card_choices":[{"not_picked":["Slice","Backflip"],"picked":"Dash","floor":0},{"not_picked":["Blur","Outmaneuver"],"picked":"PiercingWail","floor":1},{"not_picked":["Dodge and Roll","Dash"],"picked":"Leg Sweep","floor":3},{"not_picked":["Backflip","Bane"],"picked":"Noxious Fumes","floor":4},{"not_picked":["Dodge and Roll","Sucker Punch"],"picked":"Masterful Stab","floor":6},{"not_picked":["Masterful Stab","Slice"],"picked":"Crippling Poison","floor":8},{"not_picked":["PiercingWail","Outmaneuver"],"picked":"Burst","floor":12}],"player_experience":1647157,"relics_obtained":[{"floor":6,"key":"MealTicket"},{"floor":8,"key":"Odd Mushroom"},{"floor":9,"key":"Anchor"}],"event_choices":[{"damage_healed":0,"gold_gain":0,"player_choice":"Success","damage_taken":18,"relics_obtained":["Potion Belt"],"max_hp_gain":0,"max_hp_loss":0,"event_name":"Scrap Ooze","floor":5,"gold_loss":0},{"damage_healed":0,"gold_gain":0,"player_choice":"Fought Mushrooms","damage_taken":0,"max_hp_gain":0,"max_hp_loss":0,"event_name":"Mushrooms","floor":8,"gold_loss":0},{"damage_healed":0,"gold_gain":76,"player_choice":"Gained Gold","damage_taken":0,"max_hp_gain":0,"max_hp_loss":0,"event_name":"Golden Wing","floor":10,"gold_loss":0},{"damage_healed":0,"gold_gain":0,"player_choice":"Ignored","damage_taken":0,"max_hp_gain":0,"max_hp_loss":0,"event_name":"Liars Game","floor":11,"gold_loss":0}],"is_beta":false,"boss_relics":[],"items_purged_floors":[],"is_endless":false,"potions_floor_spawned":[3,8,12],"killed_by":"Gremlin Nob","ascension_level":20}}