{"host":"g5ocrzbvbwpvypv7","time":1614354205,"event":{"mods":["AchievementEnabler","BaseMod","Colored Map","Custom Start","DeckTracker","KOR Keyword Fix","Minty Spire (QoL Compilation)","Rare Cards Sparkle","StSLib","SuperFastMode","everything is the same but u backflip on backflip"],"gold_per_floor":[115,132,144,160,160,185,185,203,226,226,257,276,131,143,143,243,243,257,257,172,192,209,209,234,252,252,45,45,45,45,56,56,160,160,178,178,192,247,247,273,273,273,300,318,336,353,353,369,369,369],"floor_reached":51,"language":"KOR","playtime":2303,"items_purged":["Strike_G","Strike_G"],"score":1017,"play_id":"b3beac46-44ae-4a32-9ac9-c96fba4b1c7f","local_time":"20210227004325","is_ascension_mode":true,"campfire_choices":[{"floor":7.0,"key":"REST"},{"data":"Bouncing Flask","floor":10.0,"key":"SMITH"},{"data":"Footwork","floor":15.0,"key":"SMITH"},{"data":"After Image","floor":23.0,"key":"SMITH"},{"floor":28.0,"key":"REST"},{"data":"Catalyst","floor":32.0,"key":"SMITH"},{"floor":41.0,"key":"RECALL"},{"floor":47,"key":"REST"},{"floor":49,"key":"REST"}],"circlet_count":0,"master_deck":["Strike_G","Strike_G","Defend_G","Defend_G+1","Defend_G","Defend_G","Defend_G","Survivor","Neutralize+1","Infinite Blades","Quick Slash","Corpse Explosion+1","Bouncing Flask+1","Footwork+1","Dash","After Image+1","Deflect+1","Blade Dance","Acrobatics","Catalyst+1","Backflip","Burst+1","Backflip+1","Noxious Fumes+1","Catalyst+1"],"relics":["Ring of the Snake","Centennial Puzzle","Regal Pillow","Orichalcum","Philosopher\u0027s Stone","War Paint","Smiling Mask","Omamori","TwistedFunnel","Cursed Key","StoneCalendar","Ancient Tea Set","MealTicket"],"acts_visited":["Exordium","TheCity","TheBeyond"],"potions_floor_usage":[50],"damage_taken":[{"damage":2.0,"enemies":"Small Slimes","floor":1.0,"turns":4.0},{"damage":0.0,"enemies":"2 Louse","floor":2.0,"turns":3.0},{"damage":1.0,"enemies":"Cultist","floor":3.0,"turns":5.0},{"damage":13.0,"enemies":"Exordium Thugs","floor":4.0,"turns":6.0},{"damage":21.0,"enemies":"3 Sentries","floor":6.0,"turns":10.0},{"damage":3.0,"enemies":"Blue Slaver","floor":8.0,"turns":4.0},{"damage":8.0,"enemies":"Gremlin Nob","floor":11.0,"turns":4.0},{"damage":0.0,"enemies":"2 Fungi Beasts","floor":12.0,"turns":2.0},{"damage":2.0,"enemies":"Red Slaver","floor":14.0,"turns":3.0},{"damage":7.0,"enemies":"The Guardian","floor":16.0,"turns":8.0},{"damage":0.0,"enemies":"Chosen","floor":18.0,"turns":6.0},{"damage":0.0,"enemies":"Spheric Guardian","floor":21.0,"turns":2.0},{"damage":9.0,"enemies":"Snecko","floor":22.0,"turns":6.0},{"damage":29.0,"enemies":"Gremlin Leader","floor":24.0,"turns":9.0},{"damage":15.0,"enemies":"Cultist and Chosen","floor":25.0,"turns":5.0},{"damage":4.0,"enemies":"Snake Plant","floor":31.0,"turns":3.0},{"damage":27.0,"enemies":"Collector","floor":33.0,"turns":5.0},{"damage":0.0,"enemies":"3 Darklings","floor":35.0,"turns":2.0},{"damage":1.0,"enemies":"3 Shapes","floor":37.0,"turns":3.0},{"damage":7.0,"enemies":"2 Orb Walkers","floor":38.0,"turns":5.0},{"damage":8.0,"enemies":"Nemesis","floor":40.0,"turns":7.0},{"damage":0.0,"enemies":"Reptomancer","floor":42.0,"turns":2.0},{"damage":28.0,"enemies":"Writhing Mass","floor":44.0,"turns":3.0},{"damage":11.0,"enemies":"Sphere and 2 Shapes","floor":45.0,"turns":4.0},{"damage":0,"enemies":"Maw","floor":46,"turns":4},{"damage":0,"enemies":"4 Shapes","floor":48,"turns":3},{"damage":11,"enemies":"Time Eater","floor":50,"turns":2}],"seed_played":"2106848726288954056","potions_obtained":[{"floor":4.0,"key":"Ancient Potion"},{"floor":6.0,"key":"GhostInAJar"},{"floor":8.0,"key":"SneckoOil"},{"floor":11.0,"key":"Poison Potion"},{"floor":14.0,"key":"Regen Potion"},{"floor":21.0,"key":"Energy Potion"},{"floor":22.0,"key":"LiquidMemories"},{"floor":25.0,"key":"EntropicBrew"},{"floor":40.0,"key":"Fire Potion"},{"floor":45.0,"key":"AttackPotion"}],"is_trial":false,"path_per_floor":["M","M","M","M","?","E","R","M","T","R","E","M","$","M","R","B",null,"M","?","?","M","M","R","E","M","T","$","R","$","?","M","R","B",null,"M","?","M","?","?","E","R","E","T","M","M","M","R","M","R","B",null],"character_chosen":"THE_SILENT","items_purchased":["Footwork","TwistedFunnel"],"campfire_rested":4,"item_purchase_floors":[13,27],"current_hp_per_floor":[61,61,60,47,47,26,47,44,44,44,36,36,36,34,34,27,59,59,46,46,46,37,37,23,8,8,8,45,45,45,41,41,14,60,60,60,59,52,52,44,44,44,44,16,5,5,41,41,71,60],"gold":369,"neow_bonus":"UPGRADE_CARD","is_daily":false,"chose_seed":false,"campfire_upgraded":4,"win_rate":0.0,"timestamp":1614354205,"path_taken":["M","M","M","M","?","E","R","M","T","R","E","M","$","M","R","BOSS","M","?","?","M","M","R","E","M","T","$","R","$","?","?","R","BOSS","M","?","M","?","?","E","R","E","T","M","M","?","R","M","R","BOSS"],"items_purchased_type":["Card","Relic"],"build_version":"2020-12-22","purchased_purges":2,"victory":true,"max_hp_per_floor":[70,70,70,70,70,70,70,70,70,70,70,70,70,70,70,70,70,70,75,75,75,75,75,75,75,75,75,75,75,75,75,75,75,75,75,71,71,71,71,71,71,71,71,71,71,71,71,71,71,71],"card_choices":[{"not_picked":["Sucker Punch","Outmaneuver","Prepared"],"picked":"SKIP","floor":1.0},{"not_picked":["Wraith Form v2","Sucker Punch","Prepared"],"picked":"SKIP","floor":2.0},{"not_picked":["Poisoned Stab","Sucker Punch"],"picked":"Infinite Blades","floor":3.0},{"not_picked":["Distraction","Blur","Cloak And Dagger"],"picked":"SKIP","floor":4.0},{"not_picked":["Choke","Catalyst"],"picked":"Corpse Explosion","floor":6.0},{"not_picked":["Tactician","Backflip"],"picked":"Bouncing Flask","floor":8.0},{"not_picked":["Dagger Throw","Slice","Bouncing Flask"],"picked":"SKIP","floor":11.0},{"not_picked":["Quick Slash","Expertise","Blur"],"picked":"SKIP","floor":12.0},{"not_picked":["Reflex","Cloak And Dagger"],"picked":"Dash","floor":14.0},{"not_picked":["Unload","Die Die Die"],"picked":"After Image","floor":16.0},{"not_picked":["Setup","PiercingWail"],"picked":"Deflect+1","floor":18.0},{"not_picked":["Slice+1","Choke"],"picked":"Blade Dance","floor":21.0},{"not_picked":["Dagger Spray","Acrobatics","Predator+1"],"picked":"SKIP","floor":22.0},{"not_picked":["Dagger Spray","Predator+1"],"picked":"Acrobatics","floor":22.0},{"not_picked":["Bouncing Flask+1","PiercingWail"],"picked":"Catalyst","floor":24.0},{"not_picked":["Flechettes","Predator+1","Concentrate"],"picked":"SKIP","floor":25.0},{"not_picked":["Deadly Poison","Blade Dance"],"picked":"Backflip","floor":31.0},{"not_picked":["Die Die Die","Adrenaline"],"picked":"Burst","floor":33.0},{"not_picked":["Dagger Spray","Escape Plan+1"],"picked":"Backflip+1","floor":35.0},{"not_picked":["Skewer+1","Dodge and Roll+1","Underhanded Strike"],"picked":"SKIP","floor":37.0},{"not_picked":["Flying Knee+1","Heel Hook+1"],"picked":"Noxious Fumes+1","floor":40.0},{"not_picked":["Sucker Punch+1","Dagger Spray+1"],"picked":"Catalyst+1","floor":44.0},{"not_picked":["Prepared","Finisher+1","Poisoned Stab"],"picked":"SKIP","floor":45.0},{"not_picked":["Slice+1","Blade Dance","Dodge and Roll"],"picked":"SKIP","floor":46},{"not_picked":["All Out Attack","Distraction","Storm of Steel"],"picked":"SKIP","floor":48}],"player_experience":364997,"relics_obtained":[{"floor":6.0,"key":"Centennial Puzzle"},{"floor":9.0,"key":"Regal Pillow"},{"floor":11.0,"key":"Orichalcum"},{"floor":24.0,"key":"Smiling Mask"},{"floor":26.0,"key":"Omamori"},{"floor":38.0,"key":"StoneCalendar"},{"floor":40.0,"key":"Ancient Tea Set"},{"floor":43.0,"key":"MealTicket"}],"event_choices":[{"damage_healed":0.0,"max_hp_gain":0.0,"max_hp_loss":0.0,"gold_gain":0.0,"cards_transformed":["Strike_G"],"event_name":"Living Wall","player_choice":"Change","floor":5.0,"gold_loss":0.0,"damage_taken":0.0,"cards_obtained":["Quick Slash"]},{"damage_healed":0.0,"max_hp_gain":5.0,"max_hp_loss":0.0,"gold_gain":0.0,"event_name":"Forgotten Altar","player_choice":"Shed Blood","floor":19.0,"gold_loss":0.0,"damage_taken":18.0},{"damage_healed":0.0,"max_hp_gain":0.0,"max_hp_loss":0.0,"gold_gain":0.0,"event_name":"Addict","player_choice":"Obtained Relic","floor":20.0,"gold_loss":85.0,"damage_taken":0.0,"relics_obtained":["War Paint"]},{"damage_healed":0.0,"max_hp_gain":0.0,"max_hp_loss":0.0,"gold_gain":0.0,"event_name":"Lab","player_choice":"Got Potions","floor":30.0,"gold_loss":0.0,"damage_taken":0.0},{"damage_healed":0.0,"max_hp_gain":0.0,"max_hp_loss":4.0,"gold_gain":0.0,"event_name":"Winding Halls","player_choice":"Max HP","floor":36.0,"gold_loss":0.0,"damage_taken":0.0},{"damage_healed":0.0,"max_hp_gain":0.0,"max_hp_loss":0.0,"gold_gain":0.0,"event_name":"Mysterious Sphere","player_choice":"Fight","floor":38.0,"gold_loss":0.0,"damage_taken":0.0},{"damage_healed":0.0,"max_hp_gain":0.0,"max_hp_loss":0.0,"gold_gain":0.0,"event_name":"Upgrade Shrine","player_choice":"Upgraded","floor":39.0,"gold_loss":0.0,"damage_taken":0.0,"cards_upgraded":["Burst"]}],"is_beta":false,"boss_relics":[{"not_picked":["Snecko Eye","SacredBark"],"picked":"Philosopher\u0027s Stone"},{"not_picked":["HoveringKite","Sozu"],"picked":"Cursed Key"}],"items_purged_floors":[13,27],"is_endless":false,"potions_floor_spawned":[4,6,8,11,14,21,22,25,35,40,42,45],"ascension_level":7}}