{"host":"clf2hd4adhiiw0zf","time":1614316894,"event":{"mods":["AchievementEnabler","Aspiration","BaseMod","Beaked The Cultist","Bestiary","Dark Map","Downfall","Gremlin Mod","Hermit","Hubris","Jorbs\u0027s Wanderer Trilogy","Marisa????????","Minty Spire (QoL Compilation)","Monster B Gone","Quick Restart","Reliquary","Replay The Spire","Shop Mod","Spire Arcade","StSLib","The Construct","The Cursed","The Disciple","The Marked","Wide Potions"],"gold_per_floor":[99,99,99,99,374,150,150,160,160,187,187,187,202,202,220,317,317,217,234,254,254,264,295,371,371,371,371,371,402,73,100,110,110,110],"floor_reached":33,"language":"ENG","playtime":1935,"items_purged":["Regret"],"score":349,"play_id":"d83e3b79-3a45-4168-ab6c-e3fae75f6d8c","local_time":"20210225222134","is_ascension_mode":false,"campfire_choices":[{"data":"construct:AttackMode","floor":9.0,"key":"SMITH"},{"floor":11.0,"key":"RECALL"}],"circlet_count":6,"master_deck":["construct:Strike_Gold","construct:Strike_Gold","construct:Strike_Gold","construct:Strike_Gold","construct:Strike_Gold","construct:Defend_Gold","construct:Defend_Gold","construct:Defend_Gold","construct:Defend_Gold","construct:DefenseMode","construct:Versatility+1","construct:CripplingShot","construct:CriticalHit","Inflame+1","construct:FierceBash","CurseOfTheBell","CurseOfTheBell","construct:HyperBeam","construct:ClusterMines","construct:Reinforce","construct:CripplingShot","construct:Failsafe+1","construct:MetalShell","expansioncontent:QuickStudy"],"relics":["construct:Cogwheel","downfall:HeartsMalice","champ:DuelingGlove","aspiration:BabyByrd","Strange Spoon","reliquary:Sideboard","ReplayTheSpireMod:Shallot","downfall:ExtraCursedBell","Centennial Puzzle","Replay:Bottled Flurry","Circlet","Snecko Eye","downfall:HeartBlessingRed","Sling","Ancient Tea Set","hubris:BottledHeart","Ring of Hypnosis","Membership Card","Toy Ornithopter","hubris:Zylophone"],"acts_visited":["Exordium","TheCity"],"potions_floor_usage":[33],"damage_taken":[{"damage":0.0,"enemies":"Small Slimes","floor":2.0,"turns":1.0},{"damage":0.0,"enemies":"Jaw Worm","floor":4.0,"turns":1.0},{"damage":0.0,"enemies":"downfall:FleeingMerchant","floor":6.0,"turns":1.0},{"damage":0.0,"enemies":"Cultist","floor":8.0,"turns":3.0},{"damage":20.0,"enemies":"3 Sentries","floor":10.0,"turns":7.0},{"damage":7.0,"enemies":"2 Fungi Beasts","floor":13.0,"turns":4.0},{"damage":3.0,"enemies":"3 Louse","floor":15.0,"turns":3.0},{"damage":45.0,"enemies":"DF_ARCHETYPE_STREAMLINE","floor":16.0,"turns":11.0},{"damage":0.0,"enemies":"Shell Parasite","floor":19.0,"turns":5.0},{"damage":15.0,"enemies":"3 Byrds","floor":20.0,"turns":7.0},{"damage":30.0,"enemies":"Snake Plant","floor":22.0,"turns":3.0},{"damage":31.0,"enemies":"Gremlin Leader","floor":23.0,"turns":3.0},{"damage":0.0,"enemies":"downfall:FleeingMerchant","floor":26.0,"turns":1.0},{"damage":0.0,"enemies":"Book of Stabbing","floor":29.0,"turns":5.0},{"damage":0.0,"enemies":"downfall:FleeingMerchant","floor":30.0,"turns":4.0},{"damage":0,"enemies":"Slavers","floor":31,"turns":5},{"damage":0,"enemies":"Centurion and Healer","floor":32,"turns":4},{"damage":16,"enemies":"WA_ARCHETYPE_CALM","floor":33,"turns":8}],"seed_played":"-6429187299736922668","potions_obtained":[{"floor":8.0,"key":"Adrenaline Potion"},{"floor":13.0,"key":"Explosive Potion"},{"floor":15.0,"key":"EssenceOfSteel"},{"floor":20.0,"key":"hexamod:SoulburnPotion"},{"floor":29.0,"key":"FairyPotion"},{"floor":31,"key":"champ:CounterPotion"},{"floor":32,"key":"Fire Potion"}],"is_trial":false,"path_per_floor":["R","M","?","M","?","$","T","M","R","E","R","?","M","?","M","B",null,"R","M","M","AVR","M","E","T","?","$","?","?","E","$","E","M","B"],"character_chosen":"THE_CONSTRUCT_MOD","items_purchased":["Strange Spoon","Membership Card","Toy Ornithopter","expansioncontent:QuickStudy"],"campfire_rested":0,"item_purchase_floors":[6,30,30,30],"current_hp_per_floor":[85,85,85,85,85,85,85,85,85,65,65,65,58,58,55,10,85,85,85,70,70,40,9,9,9,9,1,1,1,1,1,1,0,0],"gold":110,"neow_bonus":"THREE_ENEMY_KILL","is_daily":false,"chose_seed":false,"campfire_upgraded":1,"win_rate":0.0,"timestamp":1614316894,"path_taken":["R","M","?","M","?","$","T","?","R","E","R","?","M","?","M","BOSS","R","M","M","AVR","M","E","T","?","?","?","?","E","$","E","M","BOSS"],"items_purchased_type":["Relic","Relic","Relic","Card"],"build_version":"2020-12-22","purchased_purges":1,"victory":false,"max_hp_per_floor":[85,85,85,85,85,85,85,85,85,85,85,85,85,85,85,85,85,85,85,85,85,85,85,85,85,85,1,1,1,1,1,1,1,1],"card_choices":[{"not_picked":["construct:ClusterMines","construct:Antimatter"],"picked":"construct:Versatility","floor":2.0},{"not_picked":["construct:Backfire","construct:Enhance","construct:ForceCore"],"picked":"SKIP","floor":4.0},{"not_picked":["construct:Disrupt","construct:BatteryAcid"],"picked":"construct:CripplingShot","floor":6.0},{"not_picked":["construct:FocusedBeam","construct:Forcefield"],"picked":"construct:Tumble","floor":8.0},{"not_picked":["construct:Backfire","construct:ForceCore"],"picked":"construct:CriticalHit","floor":10.0},{"not_picked":["construct:ForceCore","construct:ChargeShot"],"picked":"construct:FierceBash","floor":13.0},{"not_picked":["construct:OneWayMirror","construct:PointDefense"],"picked":"construct:ClusterMines","floor":15.0},{"not_picked":["construct:Multistage","construct:ShieldBurst"],"picked":"construct:HyperBeam","floor":16.0},{"not_picked":["construct:SyphonStrike","construct:Autoturret","construct:CripplingShot+1"],"picked":"SKIP","floor":19.0},{"not_picked":["construct:ShiftStrike","construct:Enhance"],"picked":"construct:Reinforce","floor":20.0},{"not_picked":["construct:ChargeShot+1","construct:Zapper+1","construct:SyphonStrike"],"picked":"SKIP","floor":22.0},{"not_picked":["construct:HeavyBolt","construct:SuppressiveFire"],"picked":"construct:Failsafe+1","floor":23.0},{"not_picked":["construct:Construct_Overclock","construct:Autoturret"],"picked":"construct:SyphonStrike+1","floor":26.0},{"not_picked":["construct:ReactiveShield","construct:QuickAttack"],"picked":"construct:MetalShell","floor":29.0},{"not_picked":["construct:ScrapCannon+1","construct:Accumulate+1"],"picked":"construct:ShiftingStance","floor":30},{"not_picked":["construct:Analyze","construct:Reinforce"],"picked":"construct:FlakBarrage","floor":31},{"not_picked":["construct:Analyze","construct:ScrapCannon","construct:Autoturret"],"picked":"SKIP","floor":32}],"player_experience":417939,"relics_obtained":[{"floor":7.0,"key":"reliquary:Sideboard"},{"floor":10.0,"key":"ReplayTheSpireMod:Shallot"},{"floor":14.0,"key":"Centennial Puzzle"},{"floor":14.0,"key":"Replay:Bottled Flurry"},{"floor":14.0,"key":"infinitespire:Magic Flask"},{"floor":23.0,"key":"Ancient Tea Set"},{"floor":28.0,"key":"Ring of Hypnosis"},{"floor":29.0,"key":"Circlet"},{"floor":31,"key":"hubris:Zylophone"}],"event_choices":[],"is_beta":false,"boss_relics":[{"not_picked":["Kintsugi","reliquary:Ember"],"picked":"Snecko Eye"}],"items_purged_floors":[6],"is_endless":false,"potions_floor_spawned":[8,13,15,20,29,31,32],"killed_by":"WA_ARCHETYPE_CALM","ascension_level":0}}