{"host":"8piv3t5bmy3h6dgk","time":1614367075,"event":{"mods":["AchievementEnabler","Astrologer","Bard","BaseMod","Better Altar","Better Match","BetterRewards","Colored Map","Colored Powertips","Faster Ascension Climbing","Gold Saver","Hermit","Minty Spire (QoL Compilation)","Remove Card Discount Mod","StSLib","The Bug Knight","The Cursed","The Disciple","The Hierophant","The Marked","The Necromancer","The Problem Sleuth","The Valiant","The Wild Card"],"gold_per_floor":[5134,5151,5326,4692,4711,4711,4711,4711,4781,4820,4836,4859,4859,4884,4884,5007,5007,5027,5027,4437,4512,4044,4088,4088,4013,4013,3405,3405,3424,3458,3474,3474],"floor_reached":31,"language":"ENG","playtime":1681,"items_purged":["Doubt","Writhe"],"score":398,"play_id":"4f7a7975-de28-41e0-970a-65cefbbdc941","local_time":"20210226141755","is_ascension_mode":false,"campfire_choices":[{"data":"hermit:Showdown","floor":6,"key":"SMITH"},{"data":"hermit:CursedWeapon","floor":8,"key":"SMITH"},{"floor":15,"key":"REST"},{"floor":24,"key":"REST"},{"floor":28,"key":"REST"}],"circlet_count":0,"master_deck":["hermit:Strike_Hermit","hermit:Strike_Hermit","hermit:Strike_Hermit","hermit:Strike_Hermit","hermit:Defend_Hermit","hermit:Defend_Hermit","hermit:Defend_Hermit","hermit:Defend_Hermit","hermit:Snapshot","hermit:Covet","hermit:ItchyTrigger","hermit:Desperado","hermit:Gestalt","hermit:Headshot","hermit:Ricochet","hermit:CursedWeapon+1","hermit:Desperado","hermit:Determination","hermit:Virtue","hermit:Showdown+1","Injury","hermit:HighNoon","hermit:Snipe","hermit:LuckOfTheDraw","hermit:Glare","hermit:Gambit","hermit:Ricochet","hermit:CalledShot","hermit:Showdown","hermit:OverwhelmingPower","hermit:WideOpen","hermit:Snipe","hermit:Headshot","hermit:Deadeye","hermit:Showdown","hermit:SprayPray+1"],"relics":["hermit:ClaspedLocket","Potion Belt","Lizard Tail","Golden Idol","Gremlin Horn","Ginger","Juzu Bracelet","Prayer Beads","hermit:Spyglass","Tiny Chest","Incense Burner","hermit:RedScarf","Bottled Tornado","Meat on the Bone","Bottled Lightning"],"acts_visited":["Exordium","TheCity"],"potions_floor_usage":[16,22,30,31,31,31],"damage_taken":[{"damage":0,"enemies":"Cultist","floor":1,"turns":2},{"damage":0,"enemies":"2 Louse","floor":2,"turns":1},{"damage":13,"enemies":"Small Slimes","floor":5,"turns":3},{"damage":7,"enemies":"Gremlin Nob","floor":10,"turns":5},{"damage":2,"enemies":"2 Fungi Beasts","floor":11,"turns":3},{"damage":2,"enemies":"Exordium Thugs","floor":12,"turns":2},{"damage":2,"enemies":"Lots of Slimes","floor":14,"turns":1},{"damage":50,"enemies":"Hexaghost","floor":16,"turns":7},{"damage":16,"enemies":"Shell Parasite","floor":18,"turns":4},{"damage":53,"enemies":"Gremlin Leader","floor":23,"turns":6},{"damage":12,"enemies":"Spheric Guardian","floor":29,"turns":3},{"damage":27,"enemies":"Book of Stabbing","floor":30,"turns":4},{"damage":42,"enemies":"Snake Plant","floor":31,"turns":3}],"seed_played":"-2603221733613900898","potions_obtained":[{"floor":2,"key":"Dexterity Potion"},{"floor":5,"key":"BlessingOfTheForge"},{"floor":12,"key":"hermit:Tonic"},{"floor":16,"key":"DuplicationPotion"},{"floor":30,"key":"Energy Potion"}],"is_trial":false,"path_per_floor":["M","M","?","$","M","R","?","R","T","E","M","M","?","M","R","B",null,"M","?","$","?","$","E","R","?","T","$","R","M","E","M"],"character_chosen":"HERMIT","items_purchased":["hermit:ItchyTrigger","hermit:Desperado","hermit:Gestalt","Potion Belt","Lizard Tail","hermit:Desperado","hermit:Determination","hermit:Virtue","hermit:Spyglass","PowerPotion","PowerPotion","Tiny Chest","hermit:Ricochet","hermit:CalledShot","hermit:Showdown","hermit:OverwhelmingPower","hermit:WideOpen","hermit:Snipe","Fruit Juice","FearPotion","Bottled Tornado","hermit:Deadeye","hermit:Showdown","Meat on the Bone"],"campfire_rested":3,"item_purchase_floors":[0,0,0,4,4,4,4,4,20,20,20,20,20,20,22,22,22,22,22,22,27,27,27,27],"current_hp_per_floor":[75,75,75,75,62,62,62,62,62,55,53,51,48,46,68,18,75,59,59,59,52,57,4,28,28,28,28,52,52,37,80,80],"gold":3474,"neow_bonus":"","is_daily":false,"chose_seed":false,"campfire_upgraded":2,"win_rate":0.0,"timestamp":1614367075,"path_taken":["M","M","?","$","M","R","?","R","T","E","M","M","?","M","R","BOSS","M","?","$","?","$","E","R","?","T","$","R","M","E","M"],"items_purchased_type":["Card","Card","Card","Relic","Relic","Card","Card","Card","Relic","Potion","Potion","Relic","Card","Card","Card","Card","Card","Card","Potion","Potion","Relic","Card","Card","Relic"],"build_version":"2020-12-22","purchased_purges":2,"victory":false,"max_hp_per_floor":[75,75,75,75,75,75,75,75,75,75,75,75,75,75,75,75,75,75,75,75,75,80,80,80,80,80,80,80,80,80,80,80],"card_choices":[{"not_picked":["hermit:HighCaliber","hermit:TrackingShot"],"picked":"hermit:Ricochet","floor":1},{"not_picked":["hermit:Glare","hermit:Cheat"],"picked":"hermit:CursedWeapon","floor":2},{"not_picked":["hermit:Manifest","hermit:Snipe"],"picked":"hermit:Showdown","floor":5},{"not_picked":["hermit:Feint","hermit:CursedWeapon"],"picked":"hermit:HighNoon","floor":10},{"not_picked":["hermit:Feint","hermit:Desperado"],"picked":"hermit:Snipe","floor":11},{"not_picked":["hermit:Vantage","hermit:Coalescence"],"picked":"hermit:LuckOfTheDraw","floor":12},{"not_picked":["hermit:SprayPray","hermit:Manifest"],"picked":"hermit:Glare","floor":14},{"not_picked":["hermit:Roughhouse","hermit:FromBeyond"],"picked":"hermit:Gambit","floor":16},{"not_picked":["hermit:Shortfuse+1","hermit:ItchyTrigger","hermit:HighCaliber"],"picked":"SKIP","floor":18},{"not_picked":["hermit:Midnight+1","hermit:HoleUp+1"],"picked":"hermit:Headshot","floor":23},{"not_picked":["hermit:WideOpen","hermit:Feint","hermit:HighCaliber+1"],"picked":"SKIP","floor":29},{"not_picked":["hermit:Desperado+1","hermit:HoleUp"],"picked":"hermit:SprayPray+1","floor":30}],"player_experience":178641,"relics_obtained":[{"floor":9,"key":"Gremlin Horn"},{"floor":10,"key":"Ginger"},{"floor":23,"key":"Incense Burner"},{"floor":26,"key":"hermit:RedScarf"},{"floor":30,"key":"Bottled Lightning"}],"event_choices":[{"damage_healed":0,"gold_gain":175,"player_choice":"AGREE","damage_taken":0,"max_hp_gain":0,"max_hp_loss":0,"event_name":"Liars Game","floor":3,"gold_loss":0,"cards_obtained":["Doubt"]},{"damage_healed":0,"gold_gain":0,"player_choice":"Take Wound","damage_taken":0,"relics_obtained":["Golden Idol"],"max_hp_gain":0,"max_hp_loss":0,"event_name":"Golden Idol","floor":7,"gold_loss":0,"cards_obtained":["Injury"]},{"damage_healed":0,"gold_gain":0,"player_choice":"Success","damage_taken":3,"relics_obtained":["Juzu Bracelet"],"max_hp_gain":0,"max_hp_loss":0,"event_name":"Scrap Ooze","floor":13,"gold_loss":0},{"damage_healed":0,"gold_gain":0,"player_choice":"Opened","damage_taken":0,"relics_obtained":["Prayer Beads"],"max_hp_gain":0,"max_hp_loss":0,"event_name":"The Mausoleum","floor":19,"gold_loss":0,"cards_obtained":["Writhe"]},{"damage_healed":0,"gold_gain":75,"player_choice":"Touch","damage_taken":7,"max_hp_gain":0,"max_hp_loss":0,"event_name":"FaceTrader","floor":21,"gold_loss":0},{"damage_healed":0,"gold_gain":0,"player_choice":"3","damage_taken":0,"max_hp_gain":0,"max_hp_loss":0,"event_name":"betterMatch:BetterMatch","floor":25,"gold_loss":0,"cards_obtained":[]}],"is_beta":false,"boss_relics":[{"not_picked":["hermit:BartenderGlass","Fusion Hammer"],"picked":"hermit:ClaspedLocket"}],"items_purged_floors":[4,20],"is_endless":false,"potions_floor_spawned":[2,5,12,16,29,30],"killed_by":"Snake Plant","ascension_level":0}}