{"host":"vx9g5eyuglzorf3u","time":1614371897,"event":{"mods":["2.2 Compatiblity","BaseMod","DeckTracker","Keyboard Shortcuts","Minty Spire (QoL Compilation)","StSLib","SuperFastMode","everything is the same but u backflip on backflip"],"gold_per_floor":[119,137,155,155,170,170,187,221,300,300,319,319,319,353,365,448,460,485,447,459,409,409,409,409,409,409,429,448,477,495,124,124,202,202,213,6,17,37,56,56,72,105,129,155,175,16,0,28,28,28,28,10028,10028,5819,5845,5845],"floor_reached":57,"language":"KOR","playtime":1665,"items_purged":["Strike_P","Defend_P","Strike_P","Defend_P+1","BattleHymn+1","Defend_P+1"],"score":3648,"play_id":"aca46ed5-3f39-436a-848d-01111ce9afa6","local_time":"20210227053817","is_ascension_mode":true,"campfire_choices":[{"floor":6.0,"key":"RECALL"},{"floor":10.0,"key":"REST"},{"floor":12.0,"key":"REST"},{"floor":15.0,"key":"REST"},{"floor":23.0,"key":"REST"},{"floor":25.0,"key":"REST"},{"data":"Defend_P","floor":32.0,"key":"SMITH"},{"floor":40.0,"key":"REST"},{"floor":49,"key":"REST"},{"floor":53,"key":"REST"}],"circlet_count":2,"master_deck":["AscendersBane","Eruption+1","Vigilance+1","EmptyFist+1","FlurryOfBlows+1","FearNoEvil+1","MentalFortress+1","CrushJoints+1","EmptyMind+1","DeusExMachina+1","Tantrum+1","Scrawl+1","LikeWater+1","Wireheading+1","Establishment+1","Adaptation+1"],"relics":["PureWater","Toxic Egg 2","Frozen Egg 2","Molten Egg 2","Black Star","Smiling Mask","Membership Card","The Courier","Omamori","Anchor","Incense Burner","MawBank","HornCleat","Cursed Key","MealTicket","The Courier","Lantern","Mummified Hand","White Beast Statue","Empty Cage","Vajra","Toy Ornithopter","Centennial Puzzle","Bag of Preparation","FossilizedHelix","InkBottle","Red Mask","Frozen Egg 2","Orichalcum","ClockworkSouvenir","Blood Vial","Nunchaku","TeardropLocket","Pen Nib","Strawberry","Oddly Smooth Stone","StrikeDummy","Bag of Marbles","Du-Vu Doll","Akabeko","Pantograph","Boot","Art of War","Eternal Feather","Bottled Lightning","Torii","Ornamental Fan","Sundial","CaptainsWheel","Letter Opener","Kunai","Shuriken","Gremlin Horn","Yang","CloakClasp","Turnip","Calipers","StoneCalendar","Ice Cream","Thread and Needle","TungstenRod","Mango","Bird Faced Urn","Unceasing Top","Lizard Tail","Ginger","Gambling Chip","GoldenEye","Pocketwatch","Bottled Flame","Circlet"],"acts_visited":["Exordium","TheCity","TheBeyond","TheEnding"],"potions_floor_usage":[],"damage_taken":[{"damage":1.0,"enemies":"Cultist","floor":1.0,"turns":4.0},{"damage":2.0,"enemies":"Small Slimes","floor":2.0,"turns":3.0},{"damage":0.0,"enemies":"2 Louse","floor":3.0,"turns":2.0},{"damage":15.0,"enemies":"Lots of Slimes","floor":5.0,"turns":4.0},{"damage":4.0,"enemies":"Large Slime","floor":7.0,"turns":2.0},{"damage":15.0,"enemies":"Lagavulin","floor":8.0,"turns":5.0},{"damage":3.0,"enemies":"2 Fungi Beasts","floor":11.0,"turns":3.0},{"damage":16.0,"enemies":"Gremlin Nob","floor":14.0,"turns":3.0},{"damage":58.0,"enemies":"Slime Boss","floor":16.0,"turns":13.0},{"damage":0.0,"enemies":"Chosen","floor":18.0,"turns":3.0},{"damage":7.0,"enemies":"2 Thieves","floor":20.0,"turns":3.0},{"damage":0.0,"enemies":"Centurion and Healer","floor":27.0,"turns":8.0},{"damage":5.0,"enemies":"Shelled Parasite and Fungi","floor":28.0,"turns":4.0},{"damage":12.0,"enemies":"Book of Stabbing","floor":29.0,"turns":4.0},{"damage":0.0,"enemies":"3 Cultists","floor":30.0,"turns":4.0},{"damage":44.0,"enemies":"Champ","floor":33.0,"turns":7.0},{"damage":0.0,"enemies":"3 Shapes","floor":35.0,"turns":2.0},{"damage":12.0,"enemies":"3 Darklings","floor":37.0,"turns":2.0},{"damage":0.0,"enemies":"Writhing Mass","floor":38.0,"turns":3.0},{"damage":0.0,"enemies":"Sphere and 2 Shapes","floor":39.0,"turns":2.0},{"damage":0.0,"enemies":"Spire Growth","floor":41.0,"turns":2.0},{"damage":0.0,"enemies":"Nemesis","floor":42.0,"turns":1.0},{"damage":0.0,"enemies":"Reptomancer","floor":44.0,"turns":2.0},{"damage":0.0,"enemies":"Transient","floor":45.0,"turns":4.0},{"damage":0,"enemies":"Giant Head","floor":48,"turns":1},{"damage":0,"enemies":"Donu and Deca","floor":50,"turns":3},{"damage":0,"enemies":"Time Eater","floor":51,"turns":5},{"damage":0,"enemies":"Shield and Spear","floor":55,"turns":1},{"damage":0,"enemies":"The Heart","floor":56,"turns":5}],"seed_played":"8398290642787586851","potions_obtained":[{"floor":3.0,"key":"BlessingOfTheForge"},{"floor":5.0,"key":"DistilledChaos"},{"floor":8.0,"key":"EssenceOfSteel"},{"floor":14.0,"key":"Regen Potion"},{"floor":16.0,"key":"Block Potion"},{"floor":33.0,"key":"Dexterity Potion"},{"floor":39.0,"key":"PowerPotion"}],"is_trial":false,"path_per_floor":["M","M","M","?","M","R","M","E","T","R","M","R","?","E","R","B",null,"M","$","M","$","?","R","?","R","T","M","M","E","M","$","R","B",null,"M","$","M","M","M","R","M","E","T","E","M","$","?","E","R","B","B",null,"R","$","E","B",null],"character_chosen":"WATCHER","items_purchased":["Tantrum+1","Lantern","Mummified Hand","White Beast Statue","Swift Potion","LikeWater+1","Wireheading+1","BattleHymn+1","Establishment+1","Adaptation+1","InkBottle","ClockworkSouvenir","Blood Vial","Nunchaku","TeardropLocket","Pen Nib","Strawberry","Oddly Smooth Stone","StrikeDummy","Bag of Marbles","Du-Vu Doll","Akabeko","Pantograph","Boot","Art of War","Eternal Feather","Bottled Lightning","Torii","Ornamental Fan","Sundial","CaptainsWheel","Letter Opener","Kunai","Shuriken","Gremlin Horn","Yang","CloakClasp","Turnip","Calipers","StoneCalendar","Ice Cream","Thread and Needle","TungstenRod","Mango","Bird Faced Urn","Unceasing Top","Lizard Tail","Ginger","Gambling Chip","GoldenEye","Pocketwatch","Bottled Flame","Weak Potion","Strength Potion","Swift Potion"],"campfire_rested":8,"item_purchase_floors":[31,31,31,31,31,36,36,36,36,36,46,54,54,54,54,54,54,54,54,54,54,54,54,54,54,54,54,54,54,54,54,54,54,54,54,54,54,54,54,54,54,54,54,54,54,54,54,54,54,54,54,54,54,54,54],"current_hp_per_floor":[60,58,58,58,43,43,39,24,24,44,41,61,61,45,65,7,53,53,53,46,46,27,48,48,69,69,69,64,52,52,67,67,23,61,61,73,61,61,61,73,73,73,73,73,73,73,73,73,73,73,73,73,73,94,94,94],"gold":5845,"neow_bonus":"UPGRADE_CARD","is_daily":false,"chose_seed":false,"campfire_upgraded":1,"win_rate":0.0,"timestamp":1614371897,"path_taken":["M","M","?","?","M","R","M","E","T","R","M","R","?","E","R","BOSS","M","?","M","$","?","R","?","R","T","M","M","E","M","$","R","BOSS","M","$","M","M","M","R","?","E","T","E","M","$","?","E","R","BOSS","BOSS","R","$","E","BOSS"],"items_purchased_type":["Card","Relic","Relic","Relic","Potion","Card","Card","Card","Card","Card","Relic","Relic","Relic","Relic","Relic","Relic","Relic","Relic","Relic","Relic","Relic","Relic","Relic","Relic","Relic","Relic","Relic","Relic","Relic","Relic","Relic","Relic","Relic","Relic","Relic","Relic","Relic","Relic","Relic","Relic","Relic","Relic","Relic","Relic","Relic","Relic","Relic","Relic","Relic","Relic","Relic","Relic","Potion","Potion","Potion"],"build_version":"2020-12-22","purchased_purges":6,"victory":true,"max_hp_per_floor":[68,68,68,68,68,68,68,68,68,68,68,68,68,68,68,68,68,68,68,68,68,73,73,73,73,73,73,73,73,73,73,73,73,73,73,73,73,73,73,73,73,73,73,73,73,73,73,73,73,73,73,73,73,94,94,94],"card_choices":[{"not_picked":["FlyingSleeves+1","Crescendo+1"],"picked":"EmptyFist+1","floor":1.0},{"not_picked":["Prostrate+1","CutThroughFate+1"],"picked":"FlurryOfBlows+1","floor":2.0},{"not_picked":["SashWhip+1","Indignation+1","CutThroughFate+1"],"picked":"SKIP","floor":3.0},{"not_picked":["EmptyMind+1","WheelKick+1"],"picked":"FearNoEvil+1","floor":5.0},{"not_picked":["Nirvana+1","Consecrate+1","EmptyFist+1"],"picked":"SKIP","floor":7.0},{"not_picked":["PathToVictory+1","Wallop+1","CutThroughFate+1"],"picked":"SKIP","floor":8.0},{"not_picked":["EmptyBody+1","Halt+1","Swivel+1"],"picked":"SKIP","floor":11.0},{"not_picked":["FearNoEvil+1","ForeignInfluence+1"],"picked":"MentalFortress+1","floor":14.0},{"not_picked":["BowlingBash+1","Protect+1"],"picked":"CrushJoints+1","floor":18.0},{"not_picked":["SashWhip+1","PathToVictory+1","CutThroughFate+1"],"picked":"SKIP","floor":20.0},{"not_picked":["Prostrate+1","ThirdEye+1","BowlingBash+1"],"picked":"SKIP","floor":27.0},{"not_picked":["Prostrate+1","Perseverance+1"],"picked":"EmptyMind+1","floor":28.0},{"not_picked":["Judgement+1","JustLucky+1"],"picked":"DeusExMachina+1","floor":29.0},{"not_picked":["Protect+1","ReachHeaven+1","Consecrate+1"],"picked":"SKIP","floor":30.0},{"not_picked":["Blasphemy+1","Judgement+1"],"picked":"Scrawl+1","floor":33.0},{"not_picked":["Nirvana+1","ClearTheMind+1","Protect+1"],"picked":"SKIP","floor":35.0},{"not_picked":["SashWhip+1","Weave+1","WindmillStrike+1"],"picked":"SKIP","floor":37.0},{"not_picked":["BowlingBash+1","ThirdEye+1","Indignation+1"],"picked":"SKIP","floor":38.0},{"not_picked":["Indignation+1","Prostrate+1","Halt+1"],"picked":"SKIP","floor":39.0},{"not_picked":["WindmillStrike+1","WheelKick+1","Prostrate+1"],"picked":"SKIP","floor":41.0},{"not_picked":["SignatureMove+1","BowlingBash+1","WheelKick+1"],"picked":"SKIP","floor":42.0},{"not_picked":["WreathOfFlame+1","CutThroughFate+1","Swivel+1"],"picked":"SKIP","floor":44.0},{"not_picked":["Collect+1","Consecrate+1","FollowUp+1"],"picked":"SKIP","floor":45.0},{"not_picked":["Crescendo+1","EmptyMind+1","SpiritShield+1"],"picked":"SKIP","floor":48},{"not_picked":["Halt+1","EmptyBody+1","Worship+1"],"picked":"SKIP","floor":55}],"player_experience":1553562,"relics_obtained":[{"floor":8.0,"key":"Anchor"},{"floor":8.0,"key":"Incense Burner"},{"floor":14.0,"key":"MawBank"},{"floor":14.0,"key":"HornCleat"},{"floor":29.0,"key":"MealTicket"},{"floor":29.0,"key":"The Courier"},{"floor":42.0,"key":"Vajra"},{"floor":42.0,"key":"Toy Ornithopter"},{"floor":43.0,"key":"Centennial Puzzle"},{"floor":44.0,"key":"Bag of Preparation"},{"floor":44.0,"key":"FossilizedHelix"},{"floor":48,"key":"Frozen Egg 2"},{"floor":48,"key":"Orichalcum"},{"floor":55,"key":"Circlet"},{"floor":55,"key":"Circlet"}],"event_choices":[{"cards_removed":["Defend_P"],"damage_healed":0.0,"max_hp_gain":0.0,"max_hp_loss":0.0,"gold_gain":0.0,"event_name":"Living Wall","player_choice":"Forget","floor":4.0,"gold_loss":0.0,"damage_taken":0.0},{"damage_healed":0.0,"max_hp_gain":0.0,"max_hp_loss":0.0,"gold_gain":0.0,"event_name":"Accursed Blacksmith","player_choice":"Forge","floor":13.0,"gold_loss":0.0,"damage_taken":0.0,"cards_upgraded":["Vigilance"]},{"damage_healed":0.0,"max_hp_gain":5.0,"max_hp_loss":0.0,"gold_gain":0.0,"event_name":"Forgotten Altar","player_choice":"Shed Blood","floor":22.0,"gold_loss":0.0,"damage_taken":24.0},{"damage_healed":0.0,"max_hp_gain":0.0,"max_hp_loss":0.0,"gold_gain":0.0,"event_name":"Upgrade Shrine","player_choice":"Upgraded","floor":24.0,"gold_loss":0.0,"damage_taken":0.0,"cards_upgraded":["Defend_P"]},{"damage_healed":0,"gold_gain":0,"player_choice":"Paid","damage_taken":0,"relics_obtained":["Red Mask"],"max_hp_gain":0,"max_hp_loss":0,"event_name":"Tomb of Lord Red Mask","floor":47,"gold_loss":16}],"is_beta":false,"boss_relics":[{"not_picked":["Coffee Dripper","SlaversCollar"],"picked":"Cursed Key"},{"not_picked":["Calling Bell","Velvet Choker"],"picked":"Empty Cage"}],"items_purged_floors":[19,21,31,36,46,54],"is_endless":false,"potions_floor_spawned":[3,5,8,14,16,20,27,33,35,37,38,39,41,42,44,45,48,55],"ascension_level":20}}