{"host":"dqv8oo4v229c1o2l","time":1614371112,"event":{"mods":["AchievementEnabler","BaseMod","Colored Map","Colored Powertips","Minty Spire (QoL Compilation)","Quick Restart","Rare Cards Sparkle","StSLib","Synergy Search"],"gold_per_floor":[115,40,40,55,230,261,161,161,161,172,186,218,245,265,265,265,265],"floor_reached":16,"language":"ENG","playtime":629,"items_purged":["Defend_B","Doubt"],"score":209,"play_id":"e28bb353-2ae5-4e19-9a4b-95f842b9d05f","local_time":"20210226122512","is_ascension_mode":true,"campfire_choices":[{"data":"Zap","floor":8,"key":"SMITH"},{"floor":15,"key":"REST"}],"circlet_count":0,"master_deck":["AscendersBane","Strike_B","Strike_B","Strike_B","Defend_B","Defend_B","Defend_B","Zap+1","Dualcast","Conserve Battery","FTL","Steam Power","FTL","Echo Form","Gash","Steam"],"relics":["Cracked Core","NeowsBlessing","Ginger","HornCleat","Potion Belt"],"acts_visited":["Exordium"],"potions_floor_usage":[12,14],"damage_taken":[{"damage":0,"enemies":"Jaw Worm","floor":1,"turns":1},{"damage":0,"enemies":"Small Slimes","floor":4,"turns":1},{"damage":0,"enemies":"Lagavulin","floor":6,"turns":1},{"damage":1,"enemies":"Cultist","floor":10,"turns":3},{"damage":24,"enemies":"Exordium Thugs","floor":11,"turns":4},{"damage":31,"enemies":"Gremlin Nob","floor":12,"turns":4},{"damage":0,"enemies":"Lots of Slimes","floor":14,"turns":3},{"damage":28,"enemies":"The Guardian","floor":16,"turns":4}],"seed_played":"-2265792295605251425","potions_obtained":[{"floor":11,"key":"Swift Potion"},{"floor":12,"key":"SkillPotion"}],"is_trial":false,"path_per_floor":["M","$","?","M","?","E","$","R","T","M","M","E","T","M","R","B"],"character_chosen":"DEFECT","items_purchased":[],"campfire_rested":1,"item_purchase_floors":[],"current_hp_per_floor":[68,68,61,61,61,61,61,61,61,60,36,5,5,5,27,0,0],"gold":265,"neow_bonus":"THREE_ENEMY_KILL","is_daily":false,"chose_seed":false,"campfire_upgraded":1,"win_rate":0.0,"timestamp":1614371112,"path_taken":["M","$","?","M","?","E","$","R","T","M","M","E","?","?","R","BOSS"],"items_purchased_type":[],"build_version":"2020-12-22","purchased_purges":2,"victory":false,"max_hp_per_floor":[75,75,75,75,75,75,75,75,75,75,75,75,75,75,75,75,75],"card_choices":[{"not_picked":["Sweeping Beam","Barrage"],"picked":"Conserve Battery","floor":1},{"not_picked":["Gash","Beam Cell"],"picked":"FTL","floor":4},{"not_picked":["Go for the Eyes","Genetic Algorithm"],"picked":"Steam Power","floor":6},{"not_picked":["Redo","Go for the Eyes"],"picked":"FTL","floor":10},{"not_picked":["Steam Power","Steam"],"picked":"Echo Form","floor":11},{"not_picked":["Conserve Battery","Hyperbeam"],"picked":"Gash","floor":12},{"not_picked":["Rebound","Tempest"],"picked":"Steam","floor":14}],"player_experience":351127,"relics_obtained":[{"floor":6,"key":"Ginger"},{"floor":12,"key":"HornCleat"},{"floor":13,"key":"Potion Belt"}],"event_choices":[{"cards_removed":["Strike_B"],"damage_healed":0,"gold_gain":0,"player_choice":"Card Removal","damage_taken":7,"max_hp_gain":0,"max_hp_loss":0,"event_name":"Golden Wing","floor":3,"gold_loss":0},{"damage_healed":0,"gold_gain":175,"player_choice":"AGREE","damage_taken":0,"max_hp_gain":0,"max_hp_loss":0,"event_name":"Liars Game","floor":5,"gold_loss":0,"cards_obtained":["Doubt"]}],"is_beta":false,"boss_relics":[],"items_purged_floors":[2,7],"is_endless":false,"potions_floor_spawned":[11,12],"killed_by":"The Guardian","ascension_level":11}}