{"host":"uzj3qtz06dzkgpll","time":1614380287,"event":{"mods":["BaseMod","Better Altar","Better Match","Better Note","Better Sensory Stone","Better Skull","Better Third Choice","Colored Map","Custom Start","Minty Spire (QoL Compilation)","Permanent Neow","Shop Mod","Spicy Shops","StSLib"],"gold_per_floor":[109,109,109,284,298,298,330,330,330,330,32,3,3,23,23,125,125,139,151,151,165,181,181,208,208,208,208,222,238,266,366,366,366,366],"floor_reached":33,"language":"ENG","playtime":2669,"items_purged":[],"score":400,"play_id":"c8a4c9dd-e861-4995-a9fd-db17be7937b9","local_time":"20210226145807","is_ascension_mode":true,"campfire_choices":[{"data":"Bash","floor":6,"key":"SMITH"},{"data":"Disarm","floor":8,"key":"SMITH"},{"data":"Iron Wave","floor":13,"key":"SMITH"},{"data":"Sadistic Nature","floor":15,"key":"SMITH"},{"data":"Entrench","floor":23,"key":"SMITH"},{"data":"Disarm","floor":25,"key":"SMITH"},{"data":"Impervious","floor":27,"key":"SMITH"},{"data":"Disarm","floor":32,"key":"SMITH"}],"circlet_count":0,"master_deck":["Strike_R","Strike_R","Strike_R","Strike_R","Defend_R","Defend_R","Defend_R","Defend_R","Bash+1","Iron Wave+1","Sadistic Nature+1","Doubt","Ghostly Armor","Disarm+1","Impervious+1","Entrench+1","Intimidate","Disarm+1","Shrug It Off","Body Slam","Disarm+1"],"relics":["Burning Blood","NeowsBlessing","Bird Faced Urn","Self Forming Clay","Dead Branch","CaptainsWheel","Calipers","Coffee Dripper","Paper Frog","Potion Belt"],"acts_visited":["Exordium","TheCity"],"potions_floor_usage":[19,24,30],"damage_taken":[{"damage":0,"enemies":"2 Louse","floor":1,"turns":1},{"damage":0,"enemies":"Jaw Worm","floor":5,"turns":1},{"damage":0,"enemies":"3 Sentries","floor":7,"turns":2},{"damage":10,"enemies":"Small Slimes","floor":14,"turns":3},{"damage":22,"enemies":"Hexaghost","floor":16,"turns":13},{"damage":7,"enemies":"3 Byrds","floor":18,"turns":7},{"damage":2,"enemies":"Chosen","floor":19,"turns":6},{"damage":4,"enemies":"Centurion and Healer","floor":21,"turns":7},{"damage":5,"enemies":"Cultist and Chosen","floor":22,"turns":7},{"damage":31,"enemies":"Slavers","floor":24,"turns":12},{"damage":0,"enemies":"Snecko","floor":28,"turns":6},{"damage":0,"enemies":"Centurion and Healer","floor":29,"turns":7},{"damage":5,"enemies":"Book of Stabbing","floor":30,"turns":6},{"damage":90,"enemies":"Champ","floor":33,"turns":20}],"seed_played":"5045471802766133255","potions_obtained":[{"floor":18,"key":"Regen Potion"},{"floor":22,"key":"Swift Potion"},{"floor":28,"key":"Weak Potion"}],"is_trial":false,"path_per_floor":["M","?","?","?","M","R","E","R","T","?","$","?","R","M","R","B",null,"M","M","?","M","M","R","E","R","T","R","M","M","E","?","R","B"],"character_chosen":"IRONCLAD","items_purchased":["Calipers"],"campfire_rested":0,"item_purchase_floors":[11],"current_hp_per_floor":[78,78,83,83,85,85,85,85,85,37,37,37,37,35,35,21,69,70,85,85,85,85,85,64,64,64,64,72,82,85,85,85,0,0],"gold":366,"neow_bonus":"THREE_ENEMY_KILL","is_daily":false,"chose_seed":false,"campfire_upgraded":8,"win_rate":0.0,"timestamp":1614380287,"path_taken":["M","?","?","?","?","R","E","R","T","?","$","?","R","M","R","BOSS","M","M","?","?","M","R","E","R","T","R","?","M","E","?","R","BOSS"],"items_purchased_type":["Relic"],"build_version":"2020-12-22","purchased_purges":0,"victory":false,"max_hp_per_floor":[80,80,85,85,85,85,85,85,85,85,85,85,85,85,85,85,85,85,85,85,85,85,85,85,85,85,85,85,85,85,85,85,85,85],"card_choices":[{"not_picked":["Perfected Strike","True Grit"],"picked":"Iron Wave","floor":1},{"not_picked":["Metamorphosis","Bandage Up"],"picked":"Sadistic Nature","floor":2},{"not_picked":["Flex","Whirlwind"],"picked":"Ghostly Armor","floor":5},{"not_picked":["Infernal Blade","Fire Breathing"],"picked":"Disarm","floor":7},{"not_picked":["Sentinel","Dual Wield","Spot Weakness"],"picked":"SKIP","floor":14},{"not_picked":["Immolate","Offering"],"picked":"Impervious","floor":16},{"not_picked":["Flex","Armaments"],"picked":"Entrench","floor":18},{"not_picked":["Twin Strike","Perfected Strike+1"],"picked":"Intimidate","floor":19},{"not_picked":["Fire Breathing","Heavy Blade","Second Wind+1"],"picked":"SKIP","floor":21},{"not_picked":["Bludgeon","Fire Breathing","Rage"],"picked":"SKIP","floor":22},{"not_picked":["Bloodletting","Heavy Blade"],"picked":"Shrug It Off","floor":24},{"not_picked":["Blood for Blood+1","Cleave+1","Anger"],"picked":"SKIP","floor":28},{"not_picked":["True Grit","Metallicize+1"],"picked":"Body Slam","floor":29},{"not_picked":["Evolve","Brutality"],"picked":"Disarm","floor":30}],"player_experience":324414,"relics_obtained":[{"floor":7,"key":"Bird Faced Urn"},{"floor":9,"key":"Self Forming Clay"},{"floor":24,"key":"Paper Frog"},{"floor":30,"key":"Potion Belt"}],"event_choices":[{"damage_healed":0,"gold_gain":1,"player_choice":"1","damage_taken":0,"max_hp_gain":0,"max_hp_loss":0,"event_name":"betterStone:BetterStone","floor":2,"gold_loss":0},{"damage_healed":0,"gold_gain":0,"player_choice":"Donut","damage_taken":0,"max_hp_gain":5,"max_hp_loss":0,"event_name":"Big Fish","floor":3,"gold_loss":0},{"damage_healed":0,"gold_gain":175,"player_choice":"AGREE","damage_taken":109,"max_hp_gain":0,"max_hp_loss":0,"event_name":"betterThird:BetterSerpent","floor":4,"gold_loss":0},{"damage_healed":0,"gold_gain":1,"player_choice":"Relic Relic ","damage_taken":48,"max_hp_gain":0,"max_hp_loss":0,"event_name":"betterThird:BetterScrap","floor":10,"gold_loss":0,"cards_obtained":["Core Surge"]},{"damage_healed":0,"gold_gain":0,"player_choice":"Left","damage_taken":0,"max_hp_gain":0,"max_hp_loss":0,"event_name":"betterThird:BetterGoop","floor":12,"gold_loss":29},{"damage_healed":0,"gold_gain":0,"cards_transformed":["Strike_R"],"player_choice":"Transformed","damage_taken":0,"max_hp_gain":0,"max_hp_loss":0,"event_name":"Transmorgrifier","floor":20,"gold_loss":0,"cards_obtained":["Disarm"]},{"damage_healed":0,"gold_gain":100,"player_choice":"Pray","damage_taken":0,"max_hp_gain":0,"max_hp_loss":0,"event_name":"Golden Shrine","floor":31,"gold_loss":0}],"is_beta":false,"boss_relics":[{"not_picked":["SlaversCollar","Tiny House"],"picked":"Coffee Dripper"}],"items_purged_floors":[],"is_endless":false,"potions_floor_spawned":[18,22,28],"killed_by":"Champ","ascension_level":6}}