{"host":"6q94iy5iz6612v89","time":1614306112,"event":{"mods":["2.2 Compatiblity","AchievementEnabler","BaseMod","Colored Map","DeckTracker","Keyboard Shortcuts","Minty Spire (QoL Compilation)","Permanent Neow","StSLib","SuperFastMode"],"gold_per_floor":[119,119,119,133,133,133,168,168,238,238,238,254,11,24,24,119,119,135,159,179,79,97,97,110,130,157,191,191,207,225,249,249,249,249],"floor_reached":33,"language":"KOR","playtime":686,"items_purged":["Strike_B","Strike_B"],"score":592,"play_id":"158cac78-d207-4a6e-af4f-0e3902a89234","local_time":"20210226112152","is_ascension_mode":true,"campfire_choices":[{"data":"Barrage","floor":6,"key":"SMITH"},{"data":"Ball Lightning","floor":8,"key":"SMITH"},{"data":"Zap","floor":10,"key":"SMITH"},{"data":"Dualcast","floor":15,"key":"SMITH"},{"data":"Defragment","floor":23,"key":"SMITH"},{"data":"Buffer","floor":32,"key":"SMITH"}],"circlet_count":0,"master_deck":["AscendersBane","Strike_B+1","Strike_B","Defend_B+1","Defend_B","Defend_B","Defend_B","Zap+1","Dualcast+1","Ball Lightning+1","Barrage+1","Cold Snap","Compile Driver","Electrodynamics","Ball Lightning","Gash+1","Defragment+1","Hologram","Self Repair","Buffer+1"],"relics":["Cracked Core","NeowsBlessing","InkBottle","Golden Idol","CaptainsWheel","Meat on the Bone","OrangePellets","Philosopher\u0027s Stone","Bag of Marbles"],"acts_visited":["Exordium","TheCity"],"potions_floor_usage":[16,20,24,27],"damage_taken":[{"damage":0,"enemies":"Small Slimes","floor":1,"turns":1},{"damage":0,"enemies":"Jaw Worm","floor":4,"turns":1},{"damage":0,"enemies":"3 Sentries","floor":7,"turns":1},{"damage":0,"enemies":"2 Louse","floor":12,"turns":1},{"damage":0,"enemies":"Blue Slaver","floor":14,"turns":2},{"damage":35,"enemies":"Hexaghost","floor":16,"turns":8},{"damage":11,"enemies":"Chosen","floor":18,"turns":3},{"damage":0,"enemies":"Spheric Guardian","floor":19,"turns":3},{"damage":3,"enemies":"Snecko","floor":20,"turns":4},{"damage":7,"enemies":"3 Cultists","floor":22,"turns":3},{"damage":8,"enemies":"Centurion and Healer","floor":24,"turns":2},{"damage":0,"enemies":"Chosen and Byrds","floor":25,"turns":5},{"damage":35,"enemies":"Slavers","floor":27,"turns":3},{"damage":36,"enemies":"Snake Plant","floor":29,"turns":3},{"damage":0,"enemies":"Centurion and Healer","floor":30,"turns":4},{"damage":0,"enemies":"Cultist and Chosen","floor":31,"turns":4},{"damage":61,"enemies":"Champ","floor":33,"turns":9}],"seed_played":"-5640706048372095765","potions_obtained":[{"floor":1,"key":"PowerPotion"},{"floor":7,"key":"DistilledChaos"},{"floor":16,"key":"EssenceOfSteel"},{"floor":22,"key":"EssenceOfSteel"},{"floor":29,"key":"SneckoOil"},{"floor":30,"key":"DistilledChaos"}],"is_trial":false,"path_per_floor":["M","?","T","M","?","R","E","R","T","R","?","M","$","M","R","B",null,"M","M","M","$","M","R","M","M","T","E","?","M","M","M","R","B"],"character_chosen":"DEFECT","items_purchased":["OrangePellets"],"campfire_rested":0,"item_purchase_floors":[13],"current_hp_per_floor":[64,43,43,43,43,43,43,43,43,43,43,43,43,43,43,20,53,42,42,39,39,44,44,36,36,36,13,64,47,54,54,54,0,0],"gold":249,"neow_bonus":"THREE_ENEMY_KILL","is_daily":false,"chose_seed":false,"campfire_upgraded":6,"win_rate":0.0,"timestamp":1614306112,"path_taken":["M","?","?","M","?","R","E","R","T","R","?","?","$","M","R","BOSS","M","M","M","$","?","R","M","M","T","E","?","?","M","M","R","BOSS"],"items_purchased_type":["Relic"],"build_version":"2020-12-22","purchased_purges":2,"victory":false,"max_hp_per_floor":[71,71,71,71,64,64,64,64,64,64,64,64,64,64,64,64,64,64,64,64,64,64,64,64,64,64,64,64,64,64,64,64,64,64],"card_choices":[{"not_picked":["Gash","Chill"],"picked":"Ball Lightning","floor":1},{"not_picked":["Reinforced Body","Stack"],"picked":"Barrage","floor":4},{"not_picked":["Scrape","Tempest"],"picked":"Cold Snap","floor":7},{"not_picked":["Steam","Streamline","Stack"],"picked":"SKIP","floor":12},{"not_picked":["Hologram","Reprogram"],"picked":"Compile Driver","floor":14},{"not_picked":["Reboot","Multi-Cast"],"picked":"Electrodynamics","floor":16},{"not_picked":["Turbo","Reinforced Body","Hello World"],"picked":"SKIP","floor":18},{"not_picked":["Double Energy+1","Steam Power"],"picked":"Ball Lightning","floor":19},{"not_picked":["Turbo","Beam Cell"],"picked":"Gash+1","floor":20},{"not_picked":["Beam Cell","BootSequence"],"picked":"Defragment","floor":22},{"not_picked":["Redo","Double Energy"],"picked":"Hologram","floor":24},{"not_picked":["Compile Driver","Conserve Battery"],"picked":"Genetic Algorithm","floor":25},{"not_picked":["Scrape","Redo+1"],"picked":"Self Repair","floor":27},{"not_picked":["Steam","Beam Cell","Redo"],"picked":"SKIP","floor":29},{"not_picked":["Sweeping Beam","Blizzard"],"picked":"Buffer","floor":30},{"not_picked":["Hologram","Cold Snap","Turbo"],"picked":"SKIP","floor":31}],"player_experience":1499398,"relics_obtained":[{"floor":3,"key":"InkBottle"},{"floor":7,"key":"CaptainsWheel"},{"floor":9,"key":"Meat on the Bone"},{"floor":27,"key":"Bag of Marbles"}],"event_choices":[{"damage_healed":0,"gold_gain":0,"player_choice":"Entered Light","damage_taken":21,"max_hp_gain":0,"max_hp_loss":0,"event_name":"Shining Light","floor":2,"gold_loss":0,"cards_upgraded":["Strike_B","Defend_B"]},{"damage_healed":0,"gold_gain":0,"player_choice":"Lose Max HP","damage_taken":0,"relics_obtained":["Golden Idol"],"max_hp_gain":0,"max_hp_loss":7,"event_name":"Golden Idol","floor":5,"gold_loss":0},{"damage_healed":0,"gold_gain":0,"player_choice":"Ignored","damage_taken":0,"max_hp_gain":0,"max_hp_loss":0,"event_name":"Liars Game","floor":11,"gold_loss":0},{"cards_removed":["Genetic Algorithm"],"damage_healed":51,"gold_gain":0,"player_choice":"Offered Uncommon","damage_taken":0,"max_hp_gain":0,"max_hp_loss":0,"event_name":"Bonfire Elementals","floor":28,"gold_loss":0}],"is_beta":false,"boss_relics":[{"not_picked":["Runic Dome","Velvet Choker"],"picked":"Philosopher\u0027s Stone"}],"items_purged_floors":[13,21],"is_endless":false,"potions_floor_spawned":[1,7,14,16,19,22,29,30],"killed_by":"Champ","ascension_level":20}}