{"host":"itbqv4oobgse7q4n","time":1614380907,"event":{"mods":["100% Spire Juice","2.2 Compatiblity","Act Like it!","Aspiration","Aya Shameimaru","BaseMod","Bossed Relics","CapriCore","Card Forge","Colored Powertips","Evolution","Extra Virgin Snecko Oil","Friendly Minions","FutureSeer","Gensokyo","GifTheSpireLib","Highlight Path","HololiveMod","Hubris","LagranYue(???·?)","Library of Ruina","Minty Spire (QoL Compilation)","Relic Filter","Reliquary","Replay The Spire","Ruina","Shapeshifter Mod","Shop Mod","Small Relic Pack","StSLib","Td1madao Mod","The Alterego","The Animator","The Immortal","The Sage","The Servant 0.9.4","The Wild Card","Wandering Minibosses","Yakumo Yukari mod"],"gold_per_floor":[109,109,109,129,140,166,185,218,218,218,218,233,233,252,252,352,352,309,1065,1130,1130,1130,1155,1155,1155,1155,1175,1210,1210,1210,1210,1210,1210,1210],"floor_reached":33,"language":"RUS","playtime":3126,"items_purged":[],"score":368,"play_id":"d1ae30ef-0139-451a-8083-0f0c636f10fc","local_time":"20210227020827","is_ascension_mode":false,"campfire_choices":[{"floor":11,"key":"RECALL"},{"floor":15,"key":"REST"},{"floor":25,"key":"REST"},{"floor":32,"key":"DIG"}],"circlet_count":0,"master_deck":["shameimaru:Strike+1","shameimaru:Strike+1","shameimaru:Strike+1","shameimaru:Defend+1","shameimaru:Defend+1","shameimaru:Defend+1","shameimaru:Defend+1","shameimaru:PlayfulTaunt+1","shameimaru:SnapshotStrike+1","shameimaru:AdverseWind+1","shameimaru:AirCutter+1","shameimaru:QuickReporting+1","shameimaru:MassDeletion+1","shameimaru:GaleBullet+1","shameimaru:SplittingGale+1","shameimaru:DashingGrace+1","shameimaru:BunbunmaruNewspaper+1","shameimaru:DashingGrace+1","shameimaru:BreezeOfReminiscence+1","shameimaru:OpeningWindAdvent+1","shameimaru:FlutteringFeyFan+1","shameimaru:AirSlash+1","shameimaru:RapidFirePhotography+1","shameimaru:IllusoryDominance+1","shameimaru:Persuade+1","shameimaru:PhotographicDisposal+1","shameimaru:QuickReporting+1"],"relics":["shameimaru:blackbirdfeather","Hammer of Thor","Seething Fire","Anvil of the Gods","EVO:Axolotl","hubris:PeanutButter","Blood Vial","PageOfHappyTeddyBear","Pear","reliquary:ThirdArm","wanderingMiniBosses:MasterThiefsPresence","Toxic Egg 2","PreservedInsect","Thread and Needle","Orichalcum","Centennial Puzzle","Tough Bandages"],"acts_visited":["Gensokyo:Gensokyo","Gensokyo:Gensokyoer"],"potions_floor_usage":[6,23,33],"damage_taken":[{"damage":10,"enemies":"Gensokyo:3_Fairies","floor":1,"turns":5},{"damage":0,"enemies":"Gensokyo:Gryphon","floor":4,"turns":3},{"damage":0,"enemies":"Gensokyo:2_Kodama","floor":5,"turns":4},{"damage":32,"enemies":"Gensokyo:Mamizou","floor":6,"turns":8},{"damage":0,"enemies":"Gensokyo:2_Rabbits","floor":7,"turns":3},{"damage":0,"enemies":"Gensokyo:Cirno","floor":8,"turns":5},{"damage":0,"enemies":"Gensokyo:VengefulSpirit","floor":12,"turns":4},{"damage":0,"enemies":"Gensokyo:3_Kodama","floor":14,"turns":2},{"damage":6,"enemies":"Gensokyo:Yukari","floor":16,"turns":7},{"damage":32,"enemies":"Gensokyo:3_Dogs","floor":18,"turns":8},{"damage":0,"enemies":"Gensokyo:2_Gloops","floor":19,"turns":5},{"damage":17,"enemies":"Gensokyo:Tenshi","floor":23,"turns":4},{"damage":9,"enemies":"Gensokyo:Monolith_and_Dog","floor":27,"turns":7},{"damage":0,"enemies":"Gensokyo:Koishi","floor":28,"turns":2},{"damage":65,"enemies":"Gensokyo:Eternal_Rivals","floor":33,"turns":9}],"seed_played":"2125897642569064908","potions_obtained":[{"floor":4,"key":"Weak Potion"},{"floor":6,"key":"Swift Potion"},{"floor":12,"key":"SteroidPotion"},{"floor":14,"key":"LifebloodPotion"},{"floor":16,"key":"Adrenaline Potion"},{"floor":19,"key":"LifebloodPotion"},{"floor":27,"key":"Explosive Potion"},{"floor":28,"key":"Block Potion"}],"is_trial":false,"path_per_floor":["M","?","?","M","M","E","M","E","T","?","R","M","?","M","R","B",null,"M","M","?","?","?","E","?","R","T","M","E","?","?","T","R","B"],"character_chosen":"AYA","items_purchased":[],"campfire_rested":2,"item_purchase_floors":[],"current_hp_per_floor":[70,70,78,78,78,46,46,46,46,46,46,48,43,45,72,68,90,58,60,24,24,24,9,18,45,45,38,40,40,40,40,40,0,0],"gold":1210,"neow_bonus":"RANDOM_EVENT","is_daily":false,"chose_seed":false,"campfire_upgraded":0,"win_rate":0.0,"timestamp":1614380907,"path_taken":["M","?","?","M","M","E","?","E","T","?","R","M","?","M","R","BOSS","M","M","?","?","?","E","?","R","T","?","E","?","?","?","R","BOSS"],"items_purchased_type":[],"build_version":"2020-12-22","purchased_purges":0,"victory":false,"max_hp_per_floor":[80,80,80,80,80,80,80,80,80,80,80,80,90,90,90,90,90,90,90,90,90,90,90,90,90,90,90,90,90,90,90,90,90,90],"card_choices":[{"not_picked":["shameimaru:SuddenOutburst","shameimaru:DashingGrace"],"picked":"shameimaru:AdverseWind","floor":0},{"not_picked":["shameimaru:DashingDomination","shameimaru:InstantShotJournalist"],"picked":"shameimaru:AirCutter","floor":0},{"not_picked":["shameimaru:Persuade","shameimaru:GaleBlade"],"picked":"shameimaru:QuickReporting","floor":1},{"not_picked":["shameimaru:Foresight","shameimaru:Galeforce"],"picked":"shameimaru:MassDeletion","floor":4},{"not_picked":["shameimaru:Foresight","shameimaru:MountainProcession"],"picked":"shameimaru:GaleBullet","floor":5},{"not_picked":["shameimaru:Telescoping","shameimaru:Opportunity"],"picked":"shameimaru:SplittingGale","floor":6},{"not_picked":["shameimaru:ReporterInstinct","shameimaru:Preparation"],"picked":"shameimaru:DashingGrace","floor":7},{"not_picked":["shameimaru:DoctoredImage","shameimaru:HurricaneOfFreedom"],"picked":"shameimaru:BunbunmaruNewspaper","floor":8},{"not_picked":["shameimaru:Opportunity","shameimaru:Galeforce"],"picked":"shameimaru:DashingGrace","floor":12},{"not_picked":["shameimaru:InstantShotJournalist","shameimaru:CandidShot"],"picked":"shameimaru:BreezeOfReminiscence","floor":14},{"not_picked":["shameimaru:OutburstingGust","shameimaru:DeadlineDay"],"picked":"shameimaru:OpeningWindAdvent","floor":16},{"not_picked":["shameimaru:Photocopier+1","shameimaru:BlindingSpeed"],"picked":"shameimaru:FlutteringFeyFan","floor":18},{"not_picked":["shameimaru:GaleBullet","shameimaru:FlutteringFeyFan"],"picked":"shameimaru:AirSlash","floor":19},{"not_picked":["shameimaru:LoadedStatement+1","shameimaru:CandidShot"],"picked":"shameimaru:RapidFirePhotography+1","floor":20},{"not_picked":["shameimaru:GaleBullet","shameimaru:GuidingBreeze+1"],"picked":"shameimaru:Imitation+1","floor":20},{"not_picked":["shameimaru:Imitation+1","shameimaru:SkywardSonnet+1"],"picked":"shameimaru:Persuade","floor":23},{"not_picked":["shameimaru:InstantShotJournalist+1","shameimaru:DashingGrace"],"picked":"shameimaru:PhotographicDisposal+1","floor":27},{"not_picked":["shameimaru:CandidShot","shameimaru:DashingDomination+1"],"picked":"shameimaru:QuickReporting","floor":28}],"player_experience":186204,"relics_obtained":[{"floor":6,"key":"hubris:PeanutButter"},{"floor":8,"key":"Blood Vial"},{"floor":9,"key":"PageOfHappyTeddyBear"},{"floor":19,"key":"wanderingMiniBosses:MasterThiefsPresence"},{"floor":20,"key":"Toxic Egg 2"},{"floor":23,"key":"PreservedInsect"},{"floor":26,"key":"Thread and Needle"},{"floor":28,"key":"Orichalcum"},{"floor":32,"key":"Centennial Puzzle"}],"event_choices":[],"is_beta":false,"boss_relics":[{"not_picked":["Replay:Ancient Bell","aspiration:PoetsPen"],"picked":"reliquary:ThirdArm"}],"items_purged_floors":[],"is_endless":false,"potions_floor_spawned":[4,6,12,14,16,19,27,28],"killed_by":"Gensokyo:Eternal_Rivals","ascension_level":0}}