{"host":"61y0z9o9vf3ujftj","time":1614326048,"event":{"mods":["BaseMod","Colored Map","Colored Powertips","GifTheSpireLib","HexUI Lib","Highlight Path","Minty Spire (QoL Compilation)","Permanent Neow","Relic Stats","StSLib","ojb\u0027s Info Mod"],"gold_per_floor":[111,127,138,151,151,182,182,210,210,222,239,239,270,287,287,366,366,382,382,382,382,7,7,7],"floor_reached":23,"language":"ENG","playtime":1272,"items_purged":[],"score":457,"play_id":"ffd0abe7-1ce0-4410-8547-02b6b325ce35","local_time":"20210226015408","is_ascension_mode":true,"campfire_choices":[{"data":"Consume","floor":7.0,"key":"SMITH"},{"data":"Genetic Algorithm","floor":12.0,"key":"SMITH"},{"data":"Loop","floor":15.0,"key":"SMITH"}],"circlet_count":0,"master_deck":["AscendersBane","Strike_B","Strike_B","Defend_B","Defend_B","Defend_B","Zap+1","Dualcast","Ball Lightning","Coolheaded","Coolheaded","Loop+1","Consume+1","Hologram","Cold Snap","Genetic Algorithm+1","White Noise","Cold Snap","Loop","Skim","Streamline","BootSequence"],"relics":["Cracked Core","Boot","Kunai","Meat on the Bone","Nunchaku","Fusion Hammer","Incense Burner"],"acts_visited":["Exordium","TheCity"],"potions_floor_usage":[],"damage_taken":[{"damage":9.0,"enemies":"Jaw Worm","floor":1.0,"turns":4.0},{"damage":0.0,"enemies":"Cultist","floor":2.0,"turns":3.0},{"damage":8.0,"enemies":"Small Slimes","floor":3.0,"turns":3.0},{"damage":2.0,"enemies":"3 Louse","floor":4.0,"turns":4.0},{"damage":9.0,"enemies":"Lagavulin","floor":6.0,"turns":6.0},{"damage":18.0,"enemies":"3 Sentries","floor":8.0,"turns":8.0},{"damage":6.0,"enemies":"Red Slaver","floor":10.0,"turns":5.0},{"damage":4.0,"enemies":"Exordium Thugs","floor":11.0,"turns":4.0},{"damage":13.0,"enemies":"Lagavulin","floor":13.0,"turns":5.0},{"damage":6.0,"enemies":"2 Fungi Beasts","floor":14.0,"turns":3.0},{"damage":0.0,"enemies":"Slime Boss","floor":16.0,"turns":6.0},{"damage":3.0,"enemies":"Shell Parasite","floor":18.0,"turns":5.0},{"damage":65,"enemies":"Gremlin Leader","floor":23,"turns":4}],"seed_played":"2424512587293424607","potions_obtained":[{"floor":1.0,"key":"PotionOfCapacity"},{"floor":4.0,"key":"Regen Potion"},{"floor":6.0,"key":"Fire Potion"},{"floor":8.0,"key":"BlessingOfTheForge"}],"is_trial":false,"path_per_floor":["M","M","M","M","?","E","R","E","T","M","M","R","E","M","R","B",null,"M","?","?","?","$","E"],"character_chosen":"DEFECT","items_purchased":["Incense Burner","BootSequence"],"campfire_rested":0,"item_purchase_floors":[22,22],"current_hp_per_floor":[55,55,47,45,45,36,36,33,33,39,35,35,34,40,40,40,58,55,55,55,55,55,0,0],"gold":7,"neow_bonus":"REMOVE_TWO","is_daily":false,"chose_seed":false,"campfire_upgraded":3,"win_rate":0.0,"timestamp":1614326048,"path_taken":["M","M","M","M","?","E","R","E","T","?","M","R","E","M","R","BOSS","M","?","?","?","$","E"],"items_purchased_type":["Relic","Card"],"build_version":"2020-12-22","purchased_purges":0,"victory":false,"max_hp_per_floor":[64,64,64,64,64,64,64,64,64,64,64,64,64,64,64,64,64,64,64,64,64,64,64,64],"relic_stats":{"Nunchaku":[2],"counters":[13,60],"Kunai":[3],"Boot":[3],"obtain_stats":[{"Nunchaku":13,"Fusion Hammer":17,"Incense Burner":22,"Kunai":8,"Cracked Core":0,"Boot":6,"Meat on the Bone":9},{"Nunchaku":9,"Fusion Hammer":11,"Incense Burner":12,"Kunai":6,"Cracked Core":0,"Boot":5,"Meat on the Bone":6},{"Nunchaku":42,"Fusion Hammer":51,"Incense Burner":56,"Kunai":28,"Cracked Core":0,"Boot":20,"Meat on the Bone":28}],"Meat on the Bone":36},"card_choices":[{"not_picked":["Skim","Fusion"],"picked":"Ball Lightning","floor":1.0},{"not_picked":["Leap","Ball Lightning"],"picked":"Coolheaded","floor":2.0},{"not_picked":["Stack","Hello World"],"picked":"Coolheaded","floor":3.0},{"not_picked":["Compile Driver","Go for the Eyes"],"picked":"Loop","floor":4.0},{"not_picked":["Ball Lightning","Sunder"],"picked":"Consume","floor":6.0},{"not_picked":["Thunder Strike","Blizzard"],"picked":"Hologram","floor":8.0},{"not_picked":["Conserve Battery","Compile Driver"],"picked":"Cold Snap","floor":10.0},{"not_picked":["Conserve Battery","Sweeping Beam"],"picked":"Genetic Algorithm","floor":11.0},{"not_picked":["Hello World","Scrape"],"picked":"White Noise","floor":13.0},{"not_picked":["Barrage","Coolheaded"],"picked":"Cold Snap","floor":14.0},{"not_picked":["Go for the Eyes","Redo"],"picked":"Loop","floor":18.0}],"player_experience":576130,"relics_obtained":[{"floor":6.0,"key":"Boot"},{"floor":8.0,"key":"Kunai"},{"floor":9.0,"key":"Meat on the Bone"},{"floor":13.0,"key":"Nunchaku"}],"event_choices":[{"damage_healed":0.0,"max_hp_gain":0.0,"max_hp_loss":0.0,"gold_gain":0.0,"event_name":"Upgrade Shrine","player_choice":"Upgraded","floor":5.0,"gold_loss":0.0,"damage_taken":0.0,"cards_upgraded":["Zap"]},{"damage_healed":0.0,"max_hp_gain":0.0,"max_hp_loss":0.0,"gold_gain":0.0,"event_name":"The Library","player_choice":"Read","floor":19.0,"gold_loss":0.0,"damage_taken":0.0,"cards_obtained":["Skim"]},{"damage_healed":0.0,"max_hp_gain":0.0,"max_hp_loss":0.0,"gold_gain":0.0,"event_name":"Cursed Tome","player_choice":"Ignored","floor":20.0,"gold_loss":0.0,"damage_taken":0.0},{"damage_healed":0.0,"max_hp_gain":0.0,"max_hp_loss":0.0,"gold_gain":0.0,"cards_transformed":["Strike_B"],"event_name":"Transmorgrifier","player_choice":"Transformed","floor":21.0,"gold_loss":0.0,"damage_taken":0.0,"cards_obtained":["Streamline"]}],"is_beta":false,"boss_relics":[{"not_picked":["Pandora\u0027s Box","FrozenCore"],"picked":"Fusion Hammer"}],"items_purged_floors":[],"is_endless":false,"potions_floor_spawned":[1,4,6,8],"killed_by":"Gremlin Leader","ascension_level":15}}