{"host":"yml0ux6c8lqydjlc","time":1614380937,"event":{"mods":["Aspiration","BaseMod","Conspire","Downfall","Hermit","Jedi Mod","Minty Spire (QoL Compilation)","Robot Space Explorer","StSLib","The Blackbeard"],"gold_per_floor":[109,129,38,49,49,49,49,62,62,162,179,190,207,222,222,319,319,319,319],"floor_reached":18,"language":"ENG","playtime":1800,"items_purged":[],"score":156,"play_id":"31f2942f-07e5-4a4a-8f25-57cf8a0ebbdb","local_time":"20210226180857","is_ascension_mode":false,"campfire_choices":[{"data":"jedi:blockon","floor":6,"key":"SMITH"},{"floor":15,"key":"REST"}],"circlet_count":0,"master_deck":["Zap","Dualcast","Redo","Redo","Static Discharge","Coolheaded","jedi:blockon+1","Steam","Darkness","Sweeping Beam","jedi:overflow","Buffer+1","Rebound","Coolheaded","Skim","jedi:overflow","Thunder Strike","Loop+1"],"relics":["Cracked Core","Frozen Egg 2","Pandora\u0027s Box"],"acts_visited":["Exordium","TheCity"],"potions_floor_usage":[],"damage_taken":[{"damage":3,"enemies":"2 Louse","floor":1,"turns":3},{"damage":3,"enemies":"conspire:RoseBush","floor":2,"turns":3},{"damage":1,"enemies":"Cultist","floor":4,"turns":4},{"damage":2,"enemies":"Red Slaver","floor":8,"turns":4},{"damage":6,"enemies":"Blue Slaver","floor":11,"turns":3},{"damage":2,"enemies":"3 Louse","floor":12,"turns":4},{"damage":18,"enemies":"Gremlin Gang","floor":13,"turns":7},{"damage":0,"enemies":"Exordium Wildlife","floor":14,"turns":4},{"damage":55,"enemies":"The Guardian","floor":16,"turns":10},{"damage":0,"enemies":"conspire:FuzzyDice","floor":18,"turns":2}],"seed_played":"3127721863812419379","potions_obtained":[{"floor":2,"key":"sneckomod:MuddlingPotion"},{"floor":4,"key":"SpeedPotion"},{"floor":13,"key":"sneckomod:MuddlingPotion"},{"floor":16,"key":"BlessingOfTheForge"}],"is_trial":false,"path_per_floor":["M","M","$","M","?","R","?","M","T","?","M","M","M","M","R","B",null,"M"],"character_chosen":"DEFECT","items_purchased":["Static Discharge","Coolheaded"],"campfire_rested":1,"item_purchase_floors":[3,3],"current_hp_per_floor":[79,76,76,75,75,75,75,73,73,73,67,65,47,47,71,16,82,82,82],"gold":319,"neow_bonus":"TEN_PERCENT_HP_BONUS","is_daily":false,"chose_seed":false,"campfire_upgraded":1,"win_rate":0.0,"timestamp":1614380937,"path_taken":["M","M","$","M","?","R","?","M","T","?","M","?","M","M","R","BOSS","M"],"items_purchased_type":["Card","Card"],"build_version":"2020-12-22","purchased_purges":0,"victory":false,"max_hp_per_floor":[82,82,82,82,82,82,82,82,82,82,82,82,82,82,82,82,82,82,82],"card_choices":[{"not_picked":["Beam Cell","Barrage"],"picked":"Redo","floor":1},{"not_picked":["Go for the Eyes","Sweeping Beam"],"picked":"Redo","floor":2},{"not_picked":["Sweeping Beam","jedi:readyaimfire"],"picked":"jedi:blockon","floor":4},{"not_picked":["Turbo","jedi:sharpshooter"],"picked":"Steam","floor":8},{"not_picked":["Rip and Tear","Barrage"],"picked":"Darkness","floor":11},{"not_picked":["Rebound","Redo","jedi:spotbugs"],"picked":"SKIP","floor":12},{"not_picked":["Rebound","conspire:Rain"],"picked":"Sweeping Beam","floor":13},{"not_picked":["jedi:BurstLightning","Sweeping Beam"],"picked":"jedi:overflow","floor":14}],"player_experience":151672,"relics_obtained":[{"floor":9,"key":"Frozen Egg 2"}],"event_choices":[{"damage_healed":0,"gold_gain":0,"player_choice":"Disagree","damage_taken":0,"max_hp_gain":0,"max_hp_loss":0,"event_name":"conspire:LoneGhost","floor":5,"gold_loss":0},{"cards_removed":["Strike_B"],"damage_healed":0,"gold_gain":0,"player_choice":"Forget","damage_taken":0,"max_hp_gain":0,"max_hp_loss":0,"event_name":"Living Wall","floor":7,"gold_loss":0},{"damage_healed":0,"gold_gain":100,"player_choice":"Pray","damage_taken":0,"max_hp_gain":0,"max_hp_loss":0,"event_name":"Golden Shrine","floor":10,"gold_loss":0}],"is_beta":false,"boss_relics":[{"not_picked":["jedi:paperlyon","Coffee Dripper"],"picked":"Pandora\u0027s Box"}],"items_purged_floors":[],"is_endless":false,"potions_floor_spawned":[2,4,13,16],"killed_by":"conspire:FuzzyDice","ascension_level":0}}