{"host":"2l5k2wp87eek7qja","time":1614367544,"event":{"mods":["BaseMod","Colored Map","Minty Spire (QoL Compilation)","Relic Stats"],"gold_per_floor":[117,117,192,208,208,239,263,263,263,277,297,324,76,76,76],"floor_reached":14,"language":"ENG","playtime":286,"items_purged":["Strike_G"],"score":230,"play_id":"ed441035-1e1f-4792-96f2-a5c833593e24","local_time":"20210226212544","is_ascension_mode":true,"campfire_choices":[{"data":"Blade Dance","floor":8,"key":"SMITH"}],"circlet_count":0,"master_deck":["AscendersBane","Strike_G","Strike_G","Strike_G","Strike_G","Defend_G","Defend_G","Defend_G","Defend_G","Defend_G","Survivor","Neutralize","Cloak And Dagger","Dagger Spray","Blade Dance+1","All Out Attack","Blade Dance"],"relics":["Ring of the Snake","NeowsBlessing","Golden Idol","Bottled Lightning","Bag of Marbles","MealTicket","Lantern"],"acts_visited":["Exordium"],"potions_floor_usage":[10],"damage_taken":[{"damage":0,"enemies":"Small Slimes","floor":1,"turns":1},{"damage":0,"enemies":"2 Louse","floor":4,"turns":1},{"damage":0,"enemies":"3 Sentries","floor":6,"turns":1},{"damage":2,"enemies":"Jaw Worm","floor":7,"turns":5},{"damage":21,"enemies":"Exordium Thugs","floor":10,"turns":6},{"damage":2,"enemies":"Looter","floor":11,"turns":2},{"damage":48,"enemies":"Lagavulin","floor":14,"turns":6}],"seed_played":"3080634236493713506","potions_obtained":[{"floor":7,"key":"Block Potion"}],"is_trial":false,"path_per_floor":["M","?","?","M","?","E","M","R","T","M","M","T","$","E"],"character_chosen":"THE_SILENT","items_purchased":["Lantern"],"campfire_rested":0,"item_purchase_floors":[13],"current_hp_per_floor":[59,59,48,48,53,53,51,51,51,30,28,28,43,0,0],"gold":76,"neow_bonus":"THREE_ENEMY_KILL","is_daily":false,"chose_seed":false,"campfire_upgraded":1,"win_rate":0.0,"timestamp":1614367544,"path_taken":["M","?","?","M","?","E","M","R","T","M","?","?","$","E"],"items_purchased_type":["Relic"],"build_version":"2020-12-22","purchased_purges":1,"victory":false,"max_hp_per_floor":[66,60,60,60,65,65,65,65,65,65,65,65,65,65,65],"relic_stats":{"counters":[7,22],"Golden Idol":21,"MealTicket":15,"obtain_stats":[{"Lantern":13,"NeowsBlessing":0,"Golden Idol":2,"MealTicket":12,"Bag of Marbles":9,"Bottled Lightning":6,"Ring of the Snake":0},{"Lantern":6,"NeowsBlessing":0,"Golden Idol":1,"MealTicket":6,"Bag of Marbles":4,"Bottled Lightning":3,"Ring of the Snake":0},{"Lantern":16,"NeowsBlessing":0,"Golden Idol":1,"MealTicket":16,"Bag of Marbles":8,"Bottled Lightning":3,"Ring of the Snake":0}],"Ring of the Snake":[14]},"card_choices":[{"not_picked":["Deadly Poison","Tactician"],"picked":"Cloak And Dagger","floor":1},{"not_picked":["Expertise","Riddle With Holes","Prepared"],"picked":"SKIP","floor":4},{"not_picked":["PiercingWail","Masterful Stab"],"picked":"Dagger Spray","floor":6},{"not_picked":["Dagger Spray","Eviscerate"],"picked":"Blade Dance","floor":7},{"not_picked":["Underhanded Strike","Bane"],"picked":"All Out Attack","floor":10},{"not_picked":["Burst","Dodge and Roll"],"picked":"Blade Dance","floor":11}],"player_experience":910172,"relics_obtained":[{"floor":6,"key":"Bottled Lightning"},{"floor":9,"key":"Bag of Marbles"},{"floor":12,"key":"MealTicket"}],"event_choices":[{"damage_healed":0,"gold_gain":0,"player_choice":"Lose Max HP","damage_taken":0,"relics_obtained":["Golden Idol"],"max_hp_gain":0,"max_hp_loss":6,"event_name":"Golden Idol","floor":2,"gold_loss":0},{"damage_healed":0,"gold_gain":75,"player_choice":"Gather Gold","damage_taken":11,"max_hp_gain":0,"max_hp_loss":0,"event_name":"World of Goop","floor":3,"gold_loss":0},{"damage_healed":0,"gold_gain":0,"player_choice":"Donut","damage_taken":0,"max_hp_gain":5,"max_hp_loss":0,"event_name":"Big Fish","floor":5,"gold_loss":0}],"is_beta":false,"boss_relics":[],"items_purged_floors":[13],"is_endless":false,"potions_floor_spawned":[7],"killed_by":"Lagavulin","ascension_level":20}}