{"host":"h2977v3ax51ohsow","time":1614312168,"event":{"mods":["Act Like it!","BaseMod","Colored Powertips","Library of Ruina","Library of Ruina Extra","Marisa£®ÏF”Í°°ƒß¿Ì…≥£©","Minty Spire (QoL Compilation)","Quick Restart","StSLib","noobMod"],"gold_per_floor":[119,119,129,146,146,146,175,190,190,221,234,247,247,12,12,112,112,131,144,160,75,75,108,108,108,133,133,163,78,93,93,93,193,193,213,226,246,246,21,49,65,94,119,119,131,165,165,194,194,194,194],"floor_reached":50,"language":"ZHS","playtime":5245,"items_purged":["Dodge+1"],"score":804,"play_id":"f5dd8568-9eb2-4b76-a529-36f093eb850f","local_time":"20210226120248","is_ascension_mode":true,"campfire_choices":[{"floor":6,"key":"RECALL"},{"data":"MindCrush","floor":13,"key":"SMITH"},{"data":"Apotheosis","floor":15,"key":"SMITH"},{"data":"Unlock1","floor":25,"key":"SMITH"},{"data":"Transpierce","floor":32,"key":"SMITH"},{"data":"LeRegole","floor":44,"key":"SMITH"},{"data":"EmotionalTurbulence","floor":49,"key":"SMITH"}],"circlet_count":0,"master_deck":["LightAttack+1","LightAttack","LightAttack","LightDefense","LightDefense+1","ChargeAndCover","FocusedStrikes","InnerArdor","Eradication","Leap_lor","Castigation","MindCrush+1","SweepTheBackstreets","Apotheosis+1","AGoldenOpportunity","Transpierce+1","MindCrush","FleetEdge","Rewind","Unlock1+1","FlashOfSunup","SearingSword+1","IronWall+1","Jack Of All Trades","Rewind+1","Disposal","EmotionalTurbulence+1","FleetEdge+1","LeRegole+1","DriedUp+1","InnerArdor+1","WildCard+1"],"relics":["PageOfLibrarian","ice","Juzu Bracelet","PageOfSnowWhitesApple","PageOfNothingThere","Black Star","PageOfAlriune","Ancient Tea Set","Lantern","Centennial Puzzle","Pen Nib","PageOfNosferatu","Bag of Marbles","Sozu","HornCleat","PageOfTodaysShyLook","PageOfSingingMachine","PageOfWizard","Smiling Mask","Potion Belt","PageOfWayBackHome","Happy Flower","Whetstone"],"acts_visited":["Exordium","TheCity","TheBeyond"],"potions_floor_usage":[7,12,19,23,33,33,33],"damage_taken":[{"damage":4,"enemies":"Cultist","floor":1,"turns":4},{"damage":0,"enemies":"2 Louse","floor":3,"turns":5},{"damage":0,"enemies":"Jaw Worm","floor":4,"turns":4},{"damage":4,"enemies":"Gremlin Nob","floor":7,"turns":4},{"damage":0,"enemies":"Blue Slaver","floor":8,"turns":2},{"damage":10,"enemies":"Lagavulin","floor":10,"turns":5},{"damage":0,"enemies":"3 Louse","floor":11,"turns":4},{"damage":0,"enemies":"Gremlin Gang","floor":12,"turns":4},{"damage":0,"enemies":"Slime Boss","floor":16,"turns":6},{"damage":0,"enemies":"Chosen","floor":18,"turns":2},{"damage":1,"enemies":"Shell Parasite","floor":19,"turns":5},{"damage":17,"enemies":"3 Cultists","floor":20,"turns":5},{"damage":44,"enemies":"Slavers","floor":23,"turns":5},{"damage":16,"enemies":"Book of Stabbing","floor":28,"turns":4},{"damage":0,"enemies":"Snecko","floor":30,"turns":2},{"damage":1,"enemies":"Automaton","floor":33,"turns":9},{"damage":18,"enemies":"3 Darklings","floor":35,"turns":4},{"damage":4,"enemies":"Orb Walker","floor":36,"turns":2},{"damage":16,"enemies":"Jaw Worm Horde","floor":37,"turns":4},{"damage":14,"enemies":"Nemesis","floor":40,"turns":5},{"damage":8,"enemies":"Spire Growth","floor":41,"turns":4},{"damage":0,"enemies":"Reptomancer","floor":42,"turns":5},{"damage":0,"enemies":"3 Darklings","floor":45,"turns":3},{"damage":13,"enemies":"Nemesis","floor":46,"turns":3},{"damage":11,"enemies":"Giant Head","floor":48,"turns":4},{"damage":58,"enemies":"Awakened One","floor":50,"turns":5}],"seed_played":"-5387585628911861025","potions_obtained":[{"floor":1,"key":"AttackPotion"},{"floor":4,"key":"Explosive Potion"},{"floor":8,"key":"Weak Potion"},{"floor":11,"key":"LiquidBronze"},{"floor":12,"key":"SpeedPotion"},{"floor":20,"key":"Weak Potion"},{"floor":23,"key":"EntropicBrew"},{"floor":30,"key":"SteroidPotion"}],"is_trial":false,"path_per_floor":["M","?","M","M","?","R","E","M","T","E","M","M","R","$","R","B",null,"M","M","M","?","?","E","?","R","T","?","E","$","M","?","R","B",null,"M","M","M","?","$","E","M","E","T","R","M","E","?","E","R","B"],"character_chosen":"Librarian","items_purchased":["Apotheosis","AGoldenOpportunity","Jack Of All Trades","EmotionalTurbulence"],"campfire_rested":0,"item_purchase_floors":[14,14,29,39],"current_hp_per_floor":[56,61,61,61,42,42,38,38,38,28,28,28,28,28,28,32,96,96,96,79,79,79,39,39,39,39,39,5,5,5,5,5,117,119,105,107,91,91,91,77,69,75,75,75,79,66,66,58,58,0,0],"gold":194,"neow_bonus":"RANDOM_COMMON_RELIC","is_daily":false,"chose_seed":false,"campfire_upgraded":6,"win_rate":0.0,"timestamp":1614312168,"path_taken":["M","?","M","M","?","R","E","M","T","E","M","M","R","$","R","BOSS","M","M","M","?","?","E","?","R","T","?","E","$","M","?","R","BOSS","M","M","M","?","$","E","M","E","T","R","M","E","?","E","R","BOSS"],"items_purchased_type":["Card","Card","Card","Card"],"build_version":"2020-12-22","purchased_purges":1,"victory":false,"max_hp_per_floor":[63,68,70,96,96,96,96,96,96,96,96,96,96,96,96,96,96,96,96,96,96,96,96,96,96,96,96,117,117,117,117,117,119,119,125,126,129,129,129,139,143,148,148,148,149,155,155,157,157,164,164],"card_choices":[{"not_picked":["StrongStrike","Pound","FeatherShield","SmokingPipe","Faith","UpbeatPerformance","ShockRound","LossOfSenses"],"picked":"InnerArdor","floor":1},{"not_picked":["Parry2","SparkingSpear","Faith","QuickAttack","FleetEdge","StrikeDown","QuickSuppression","SmokingPipe"],"picked":"Eradication","floor":3},{"not_picked":["SerpentSwordTechnique","YouOnlyLiveOnce","AssaultOrder","FeelinGood","ScatteringSlash","SpearedSweep","BiteOff","SkitterAway"],"picked":"Leap_lor","floor":4},{"not_picked":["PreemptiveStrike","AsThePrescriptOrders","FieryWaltz","Unlock1","Pound","EnergyCycle","Marionette","UncannyStrike"],"picked":"Castigation","floor":7},{"not_picked":["Wallop_lor","Parry","MultiBlock","Quickness","UpbeatPerformance","SilentNight","YoureAHindrance","Diversion","Laceration"],"picked":"SKIP","floor":8},{"not_picked":["SunsetBlade","Standoff","DefenseOrder","FlowOfTheSword","GreatSerpentsImpact","Leap_lor","WillOfThePrescript","IronWall"],"picked":"MindCrush","floor":10},{"not_picked":["HandleRequest","DarkCloud","Parry","GatherIntel","Preparation","Wallop_lor","ForcefulGesture","FocusFire","FleetFootsteps"],"picked":"SKIP","floor":11},{"not_picked":["ButterflySlash","SunsetBlade","PreemptiveStrike","SpearedSweep","DesperateStruggle","SnakesPrey","SharpSwipe","ViolentFlame"],"picked":"SweepTheBackstreets","floor":12},{"not_picked":["FormingStorm","MirageStorm"],"picked":"Transpierce","floor":16},{"not_picked":["Bvapour","InkOver","StartinOutLightly+1","GuardingStance+1","EnergyStrike","TendonChords","MultiHit","Parry2"],"picked":"MindCrush","floor":18},{"not_picked":["FleetFootsteps","EndlessBattle","BackstreetsDash","TendonChords","FlashOfSunup","Laceration","HiddenBlade","EnergyShield"],"picked":"FleetEdge","floor":19},{"not_picked":["Duel_lor+1","ToOvercomeCrisis","FervidEmotions+1","SharpSwipe+1","SilentMist+1","GrazeTheGrass","GreatSerpentsImpact","QuickAttack","Eject"],"picked":"SKIP","floor":20},{"not_picked":["SmokingPipe","PinpointShot","Standoff","FleetFootsteps","WildCard","GoinFirst","SnakesPrey+1","SturdyDefense"],"picked":"Unlock1","floor":23},{"not_picked":["BayonetCombat+1","SilentNight","VioletBlade","Thirst","DestructiveImpact","FocusFire","Faith","Rewind+1"],"picked":"IronWall+1","floor":28},{"not_picked":["SharpSwipe","Pound","SmokingPipe","IronWall","RushDown","EnergyBeam","SteelKnuckles+1","GaleKick"],"picked":"Rewind+1","floor":30},{"not_picked":["EnergyBeam","CrackOfDawn"],"picked":"Disposal","floor":33},{"not_picked":["DarkCloud","ExtractFuel","HiddenBlade","Outburst+1","SnakesPrey","PreemptiveStrike","Parry2+1","ClassAndRespect","EnergyBeam"],"picked":"SKIP","floor":35},{"not_picked":["FleetFootsteps+1","ProselytesBlade","SharpSwipe+1","Overpower","AsThePrescriptOrders","UndertakePrescript","ChargeUp","BiAn+1","Pound+1"],"picked":"SKIP","floor":36},{"not_picked":["InhaleSmoke+1","SnakesPrey+1","ToWhereThePrescriptPoints","SunsetBlade+1","Thrust","GrazeTheGrass","Laceration","HandleRequest","HighKick+1"],"picked":"SKIP","floor":37},{"not_picked":["SharpSwipe+1","HighKick","QuickAttack+1","Decapitation","GrazeTheGrass","EndlessBattle","DaringDecision","Slice_lor+1"],"picked":"FleetEdge+1","floor":40},{"not_picked":["GaleKick+1","BackAttack","AutomatedMovement","ViolentFlame","EndlessBattle","Standoff+1","Parry+1","Outburst"],"picked":"LeRegole","floor":41},{"not_picked":["VioletBlade","JiaoTu+1","UndertakePrescript+1","SkitterAway","Observe","UnavoidableGaze+1","Disposal","Faith+1"],"picked":"DriedUp+1","floor":42},{"not_picked":["GreatSerpentsImpact","HandleRequest+1","TimeForALittleTest","Pound","Multislash+1","Transpierce","Unlock1+1","YouOnlyLiveOnce+1","KeepItFresh"],"picked":"SKIP","floor":45},{"not_picked":["Suppress","Track+1","MultiHit","RepressedFlesh","SetFire","HandleRequest","GuidanceOfTheGears","Bvapour+1"],"picked":"InnerArdor+1","floor":46},{"not_picked":["Fence","EnergyConversion+1","Reload","QuickSuppression+1","BackstreetsDash","SharpSwipe","GaleKick","YourShield"],"picked":"WildCard+1","floor":48}],"player_experience":123254,"relics_obtained":[{"floor":7,"key":"PageOfSnowWhitesApple"},{"floor":10,"key":"PageOfNothingThere"},{"floor":23,"key":"Ancient Tea Set"},{"floor":23,"key":"Lantern"},{"floor":26,"key":"Centennial Puzzle"},{"floor":28,"key":"PageOfNosferatu"},{"floor":28,"key":"Bag of Marbles"},{"floor":40,"key":"HornCleat"},{"floor":40,"key":"PageOfTodaysShyLook"},{"floor":42,"key":"PageOfSingingMachine"},{"floor":42,"key":"PageOfWizard"},{"floor":43,"key":"Smiling Mask"},{"floor":46,"key":"Potion Belt"},{"floor":46,"key":"PageOfWayBackHome"},{"floor":48,"key":"Happy Flower"},{"floor":48,"key":"Whetstone"}],"event_choices":[{"damage_healed":0,"gold_gain":0,"player_choice":"Donut","damage_taken":0,"max_hp_gain":5,"max_hp_loss":0,"event_name":"Big Fish","floor":2,"gold_loss":0},{"damage_healed":0,"gold_gain":0,"player_choice":"Entered Light","damage_taken":19,"max_hp_gain":0,"max_hp_loss":0,"event_name":"Shining Light","floor":5,"gold_loss":0,"cards_upgraded":["LightDefense","Dodge"]},{"damage_healed":0,"gold_gain":0,"player_choice":"Obtained Relic","damage_taken":0,"relics_obtained":["PageOfAlriune"],"max_hp_gain":0,"max_hp_loss":0,"event_name":"Addict","floor":21,"gold_loss":85},{"damage_healed":0,"gold_gain":0,"player_choice":"Read","damage_taken":0,"max_hp_gain":0,"max_hp_loss":0,"event_name":"The Library","floor":22,"gold_loss":0,"cards_obtained":["Rewind"]},{"damage_healed":0,"gold_gain":0,"cards_transformed":["LightDefense","LightDefense"],"player_choice":"Became Test Subject","damage_taken":0,"max_hp_gain":0,"max_hp_loss":0,"event_name":"Drug Dealer","floor":24,"gold_loss":0,"cards_obtained":["FlashOfSunup","SearingSword"]},{"damage_healed":0,"gold_gain":0,"player_choice":"Gave Potion","damage_taken":0,"relics_obtained":["Pen Nib"],"max_hp_gain":0,"max_hp_loss":0,"event_name":"WeMeetAgain","floor":27,"gold_loss":0},{"damage_healed":0,"gold_gain":0,"player_choice":"Ignored","damage_taken":0,"max_hp_gain":0,"max_hp_loss":0,"event_name":"Vampires","floor":31,"gold_loss":0},{"damage_healed":0,"gold_gain":0,"player_choice":"Ignored","damage_taken":0,"max_hp_gain":0,"max_hp_loss":0,"event_name":"Tomb of Lord Red Mask","floor":38,"gold_loss":0},{"damage_healed":0,"gold_gain":0,"player_choice":"Ignored","damage_taken":0,"max_hp_gain":0,"max_hp_loss":0,"event_name":"The Moai Head","floor":47,"gold_loss":0}],"is_beta":false,"boss_relics":[{"not_picked":["PageOfBlackSwan","Tiny House"],"picked":"Black Star"},{"not_picked":["Runic Pyramid","Cursed Key"],"picked":"Sozu"}],"items_purged_floors":[39],"is_endless":false,"potions_floor_spawned":[1,4,8,11,12,20,23,30,41,42,45],"killed_by":"Awakened One","ascension_level":2}}