{"host":"khwpnvgc3av0w6xd","time":1614368545,"event":{"mods":["BaseMod","Block Reminder","Colored Map","DeckTracker","Highlight Path","Minty Spire (QoL Compilation)","Quick Restart"],"gold_per_floor":[111,61,16,16,33,62,72,104,104,104,130,144,154,172,172,267,267,279,204,216,229,329,329,4,29,29,29,29,29],"floor_reached":28,"language":"DEU","playtime":919,"items_purged":["Strike_B"],"score":325,"play_id":"37e8c42f-00a3-4224-a350-52ed789e550a","local_time":"20210226204225","is_ascension_mode":true,"campfire_choices":[{"data":"Sunder","floor":10,"key":"SMITH"},{"data":"Redo","floor":15,"key":"SMITH"},{"data":"Defragment","floor":23,"key":"SMITH"}],"circlet_count":0,"master_deck":["Strike_B","Defend_B","Defend_B","Defend_B","Defend_B","Zap","Dualcast","Cold Snap","Conserve Battery","Biased Cognition","Defragment+1","Sunder+1","Cold Snap","Seek","Redo+1","Ball Lightning","Electrodynamics","Capacitor"],"relics":["Cracked Core","NeowsBlessing","Sundial","Pantograph","Gremlin Horn","Bag of Marbles","Velvet Choker","Frozen Egg 2","Akabeko"],"acts_visited":["Exordium","TheCity"],"potions_floor_usage":[20,25,25],"damage_taken":[{"damage":0,"enemies":"2 Louse","floor":1,"turns":1},{"damage":0,"enemies":"Cultist","floor":5,"turns":1},{"damage":0,"enemies":"Lagavulin","floor":6,"turns":1},{"damage":0,"enemies":"Jaw Worm","floor":7,"turns":2},{"damage":10,"enemies":"3 Sentries","floor":8,"turns":9},{"damage":10,"enemies":"Gremlin Nob","floor":11,"turns":3},{"damage":5,"enemies":"Looter","floor":12,"turns":2},{"damage":11,"enemies":"Exordium Thugs","floor":13,"turns":3},{"damage":0,"enemies":"Gremlin Gang","floor":14,"turns":2},{"damage":9,"enemies":"The Guardian","floor":16,"turns":8},{"damage":19,"enemies":"Spheric Guardian","floor":18,"turns":4},{"damage":15,"enemies":"2 Thieves","floor":20,"turns":2},{"damage":0,"enemies":"Sentry and Sphere","floor":21,"turns":4},{"damage":34,"enemies":"Book of Stabbing","floor":25,"turns":4},{"damage":14,"enemies":"Snake Plant","floor":28,"turns":1}],"seed_played":"-8864800892943808872","potions_obtained":[{"floor":5,"key":"FocusPotion"},{"floor":8,"key":"Dexterity Potion"},{"floor":11,"key":"Fire Potion"},{"floor":16,"key":"LiquidMemories"}],"is_trial":false,"path_per_floor":["M","?","$","?","M","E","M","E","T","R","E","M","M","M","R","B",null,"M","?","M","M","?","R","$","E","T","$","M"],"character_chosen":"DEFECT","items_purchased":["Conserve Battery","Frozen Egg 2"],"campfire_rested":0,"item_purchase_floors":[3,24],"current_hp_per_floor":[75,75,75,75,75,75,75,65,65,65,55,50,39,39,39,55,75,56,56,41,41,41,41,41,7,7,7,0,0],"gold":29,"neow_bonus":"THREE_ENEMY_KILL","is_daily":false,"chose_seed":false,"campfire_upgraded":3,"win_rate":0.0,"timestamp":1614368545,"path_taken":["M","?","$","?","M","E","M","E","T","R","E","?","M","M","R","BOSS","M","?","M","M","?","R","$","E","T","$","M"],"items_purchased_type":["Card","Relic"],"build_version":"2020-12-22","purchased_purges":1,"victory":false,"max_hp_per_floor":[75,75,75,75,75,75,75,75,75,75,75,75,75,75,75,75,75,75,75,75,75,75,75,75,75,75,75,75,75],"card_choices":[{"not_picked":["Hologram","Beam Cell"],"picked":"Cold Snap","floor":1},{"not_picked":["Streamline","Sweeping Beam"],"picked":"Defragment","floor":5},{"not_picked":["Conserve Battery","Streamline"],"picked":"Sunder","floor":6},{"not_picked":["Go for the Eyes","Blizzard"],"picked":"Cold Snap","floor":7},{"not_picked":["Go for the Eyes","Aggregate","Reboot"],"picked":"SKIP","floor":8},{"not_picked":["Gash","Glacier"],"picked":"Seek","floor":11},{"not_picked":["Turbo","Rebound"],"picked":"Redo","floor":12},{"not_picked":["Redo","Sweeping Beam","Static Discharge"],"picked":"SKIP","floor":13},{"not_picked":["Gash","Turbo"],"picked":"Ball Lightning","floor":14},{"not_picked":["Rainbow","Thunder Strike"],"picked":"Electrodynamics","floor":16},{"not_picked":["Go for the Eyes","Recycle","Beam Cell"],"picked":"SKIP","floor":18},{"not_picked":["Melter","Beam Cell","Cold Snap"],"picked":"SKIP","floor":20},{"not_picked":["Recycle","Storm"],"picked":"Capacitor","floor":21},{"not_picked":["Streamline","Compile Driver","Stack"],"picked":"SKIP","floor":25}],"player_experience":128451,"relics_obtained":[{"floor":6,"key":"Sundial"},{"floor":8,"key":"Pantograph"},{"floor":9,"key":"Gremlin Horn"},{"floor":11,"key":"Bag of Marbles"},{"floor":25,"key":"Akabeko"}],"event_choices":[{"cards_removed":["Strike_B"],"damage_healed":0,"gold_gain":0,"player_choice":"Card Removal","damage_taken":0,"max_hp_gain":0,"max_hp_loss":0,"event_name":"The Cleric","floor":2,"gold_loss":50},{"damage_healed":0,"gold_gain":0,"player_choice":"1 cards matched","damage_taken":0,"max_hp_gain":0,"max_hp_loss":0,"event_name":"Match and Keep!","floor":4,"gold_loss":0,"cards_obtained":["Biased Cognition"]},{"cards_removed":["Strike_B"],"damage_healed":0,"gold_gain":0,"player_choice":"Gave Gold","damage_taken":0,"max_hp_gain":0,"max_hp_loss":0,"event_name":"Beggar","floor":19,"gold_loss":75},{"damage_healed":0,"gold_gain":100,"player_choice":"Pray","damage_taken":0,"max_hp_gain":0,"max_hp_loss":0,"event_name":"Golden Shrine","floor":22,"gold_loss":0}],"is_beta":false,"boss_relics":[{"not_picked":["Empty Cage","SacredBark"],"picked":"Velvet Choker"}],"items_purged_floors":[24],"is_endless":false,"potions_floor_spawned":[5,8,11,14,16,18],"killed_by":"Snake Plant","ascension_level":3}}