{"host":"d2gh6suihlstufn7","time":1614365556,"event":{"mods":["AchievementEnabler","BaseMod","Colored Map","Colored Powertips","Minty Spire (QoL Compilation)","Permanent Neow","Quick Restart","StSLib","SuperFastMode"],"gold_per_floor":[112,126,126,137,62,62,82,82,82,92,111,161,486,554,554,658,658,677,777,841,1091,651,651,667,667,667,679,729,704,115,130,130,227,227,237,255,130,150,250,282,282,316,316,316,91,110,110,128,128,128,128,128,40,66,66],"floor_reached":56,"language":"KOR","playtime":2261,"items_purged":["TalkToTheHand","DevaForm","TalkToTheHand+1","Vigilance","SignatureMove+1"],"score":1347,"play_id":"38ca3010-20fa-466b-bddd-b30c97eade8e","local_time":"20210227035236","is_ascension_mode":false,"campfire_choices":[{"data":"Vault","floor":6.0,"key":"SMITH"},{"data":"Adaptation","floor":8.0,"key":"SMITH"},{"data":"Eruption","floor":15.0,"key":"SMITH"},{"data":"MentalFortress","floor":23.0,"key":"SMITH"},{"floor":25.0,"key":"REST"},{"data":"TalkToTheHand","floor":32.0,"key":"SMITH"},{"floor":41.0,"key":"REST"},{"data":"SignatureMove","floor":44.0,"key":"SMITH"},{"floor":47.0,"key":"RECALL"},{"floor":49.0,"key":"REST"},{"data":"LikeWater","floor":52.0,"key":"SMITH"}],"circlet_count":0,"master_deck":["Eruption+1","Vault+1","Adaptation+1","LikeWater+1","MentalFortress+1","FearNoEvil+1"],"relics":["Pandora\u0027s Box","SsserpentHead","Empty Cage","Toxic Egg 2","Cauldron","TeardropLocket","Nilry\u0027s Codex","Pocketwatch","Centennial Puzzle","ClockworkSouvenir","Busted Crown","Turnip","Eternal Feather","Pear","Calipers","Membership Card","Thread and Needle"],"acts_visited":["Exordium","TheCity","TheBeyond","TheEnding"],"potions_floor_usage":[],"damage_taken":[{"damage":11.0,"enemies":"Jaw Worm","floor":1.0,"turns":3.0},{"damage":6.0,"enemies":"Cultist","floor":2.0,"turns":3.0},{"damage":21.0,"enemies":"2 Louse","floor":4.0,"turns":3.0},{"damage":3.0,"enemies":"Looter","floor":7.0,"turns":4.0},{"damage":12.0,"enemies":"Exordium Thugs","floor":11.0,"turns":3.0},{"damage":3.0,"enemies":"3 Louse","floor":14.0,"turns":4.0},{"damage":32.0,"enemies":"Slime Boss","floor":16.0,"turns":6.0},{"damage":8.0,"enemies":"Chosen","floor":18.0,"turns":2.0},{"damage":13.0,"enemies":"3 Byrds","floor":20.0,"turns":6.0},{"damage":6.0,"enemies":"Centurion and Healer","floor":24.0,"turns":4.0},{"damage":0.0,"enemies":"Snecko","floor":27.0,"turns":4.0},{"damage":0.0,"enemies":"Cultist and Chosen","floor":31.0,"turns":3.0},{"damage":24.0,"enemies":"Collector","floor":33.0,"turns":7.0},{"damage":0.0,"enemies":"3 Shapes","floor":35.0,"turns":3.0},{"damage":11.0,"enemies":"3 Darklings","floor":36.0,"turns":4.0},{"damage":0.0,"enemies":"Spire Growth","floor":38.0,"turns":3.0},{"damage":0.0,"enemies":"Mind Bloom Boss Battle","floor":39.0,"turns":4.0},{"damage":51.0,"enemies":"Nemesis","floor":40.0,"turns":6.0},{"damage":3.0,"enemies":"Reptomancer","floor":42.0,"turns":4.0},{"damage":0.0,"enemies":"Sphere and 2 Shapes","floor":46.0,"turns":3.0},{"damage":0.0,"enemies":"3 Darklings","floor":48.0,"turns":3.0},{"damage":30.0,"enemies":"Time Eater","floor":50.0,"turns":7.0},{"damage":0.0,"enemies":"Shield and Spear","floor":54.0,"turns":4.0},{"damage":29,"enemies":"The Heart","floor":55,"turns":7}],"seed_played":"-425928385099834582","potions_obtained":[{"floor":1.0,"key":"EssenceOfSteel"},{"floor":2.0,"key":"Weak Potion"},{"floor":7.0,"key":"Swift Potion"},{"floor":22.0,"key":"StancePotion"},{"floor":22.0,"key":"Strength Potion"},{"floor":22.0,"key":"Weak Potion"},{"floor":24.0,"key":"SmokeBomb"},{"floor":31.0,"key":"Swift Potion"},{"floor":33.0,"key":"EssenceOfSteel"},{"floor":36.0,"key":"Ancient Potion"},{"floor":40.0,"key":"DistilledChaos"},{"floor":48.0,"key":"SkillPotion"},{"floor":54.0,"key":"SneckoOil"}],"is_trial":false,"path_per_floor":["M","M","?","M","$","R","M","R","T","$","M","?","?","M","R","B",null,"M","?","M","?","$","R","M","R","T","M","?","?","$","M","R","B",null,"M","M","$","M","?","E","R","E","T","R","$","M","R","M","R","B",null,"R","$","E","B",null],"character_chosen":"WATCHER","items_purchased":["MentalFortress","Toxic Egg 2","Cauldron","Pocketwatch","Centennial Puzzle","ClockworkSouvenir","Membership Card"],"campfire_rested":3,"item_purchase_floors":[10,22,22,30,30,30,45],"current_hp_per_floor":[61,55,55,34,34,34,31,31,31,31,19,43,43,40,40,8,72,64,64,51,51,51,51,45,66,66,66,50,50,50,50,50,26,72,72,61,61,61,61,10,34,41,41,44,44,44,47,47,74,44,82,82,82,82,53],"gold":66,"neow_bonus":"BOSS_RELIC","is_daily":false,"chose_seed":false,"campfire_upgraded":7,"win_rate":0.0,"timestamp":1614365556,"path_taken":["M","M","?","M","$","R","M","R","T","?","M","?","?","?","R","BOSS","M","?","?","?","?","R","M","R","T","M","?","?","$","M","R","BOSS","M","M","$","M","?","E","R","E","T","R","$","M","R","M","R","BOSS","R","$","E","BOSS"],"items_purchased_type":["Card","Relic","Relic","Relic","Relic","Relic","Relic"],"build_version":"2020-12-22","purchased_purges":5,"victory":true,"max_hp_per_floor":[72,72,72,72,72,72,72,72,72,72,72,72,72,72,72,72,72,72,72,72,72,72,72,72,72,72,72,72,72,72,72,72,72,72,72,72,72,72,72,72,72,82,82,82,82,82,82,82,82,82,82,82,82,82,82],"card_choices":[{"not_picked":["Wireheading","ThirdEye"],"picked":"LikeWater","floor":1.0},{"not_picked":["Protect","SashWhip","Crescendo"],"picked":"SKIP","floor":2.0},{"not_picked":["Sanctity","Halt","ClearTheMind"],"picked":"SKIP","floor":4.0},{"not_picked":["CrushJoints","SignatureMove","WindmillStrike"],"picked":"SKIP","floor":7.0},{"not_picked":["Perseverance","Consecrate","Pray"],"picked":"SKIP","floor":11.0},{"not_picked":["Perseverance","Omniscience","Prostrate"],"picked":"SKIP","floor":14.0},{"not_picked":["Adaptation","CrushJoints+1","CarveReality"],"picked":"SKIP","floor":18.0},{"not_picked":["EmptyBody","BowlingBash","ClearTheMind"],"picked":"SKIP","floor":20.0},{"not_picked":["Consecrate","WheelKick"],"picked":"FearNoEvil+1","floor":24.0},{"not_picked":["ForeignInfluence+1","Evaluate+1","FlyingSleeves"],"picked":"SKIP","floor":27.0},{"not_picked":["Evaluate+1","EmptyFist","Protect+1"],"picked":"SKIP","floor":31.0},{"not_picked":["Nirvana+1"],"picked":"SKIP","floor":35.0},{"not_picked":["Halt+1"],"picked":"SKIP","floor":36.0},{"not_picked":["BowlingBash+1"],"picked":"SKIP","floor":38.0},{"not_picked":["ThirdEye+1"],"picked":"SKIP","floor":40.0},{"not_picked":["Sanctity+1"],"picked":"SKIP","floor":42.0},{"not_picked":["CutThroughFate+1"],"picked":"SKIP","floor":46.0},{"not_picked":["Indignation+1"],"picked":"SKIP","floor":48.0},{"not_picked":["ThirdEye+1"],"picked":"SKIP","floor":54.0}],"player_experience":72604,"relics_obtained":[{"floor":26.0,"key":"TeardropLocket"},{"floor":28.0,"key":"Nilry\u0027s Codex"},{"floor":39.0,"key":"Turnip"},{"floor":40.0,"key":"Eternal Feather"},{"floor":42.0,"key":"Pear"},{"floor":43.0,"key":"Calipers"},{"floor":54.0,"key":"Thread and Needle"}],"event_choices":[{"damage_healed":0.0,"max_hp_gain":0.0,"max_hp_loss":0.0,"gold_gain":0.0,"event_name":"FaceTrader","player_choice":"Trade","floor":3.0,"gold_loss":0.0,"damage_taken":0.0,"relics_obtained":["SsserpentHead"]},{"damage_healed":24.0,"max_hp_gain":0.0,"max_hp_loss":0.0,"gold_gain":0.0,"event_name":"Big Fish","player_choice":"Banana","floor":12.0,"gold_loss":0.0,"damage_taken":0.0},{"damage_healed":0.0,"max_hp_gain":0.0,"max_hp_loss":0.0,"gold_gain":275.0,"event_name":"Golden Shrine","player_choice":"Desecrate","floor":13.0,"gold_loss":0.0,"damage_taken":0.0,"cards_obtained":["Regret"]},{"damage_healed":0.0,"max_hp_gain":0.0,"max_hp_loss":0.0,"gold_gain":100.0,"event_name":"The Joust","player_choice":"Bet on Murderer","floor":19.0,"gold_loss":50.0,"damage_taken":0.0},{"damage_healed":0.0,"max_hp_gain":0.0,"max_hp_loss":0.0,"gold_gain":200.0,"event_name":"Wheel of Change","player_choice":"Gold","floor":21.0,"gold_loss":0.0,"damage_taken":0.0},{"damage_healed":0.0,"max_hp_gain":0.0,"max_hp_loss":0.0,"gold_gain":0.0,"event_name":"Cursed Tome","player_choice":"Obtained Book","floor":28.0,"gold_loss":0.0,"damage_taken":16.0},{"cards_removed":["Devotion"],"damage_healed":0.0,"max_hp_gain":0.0,"max_hp_loss":0.0,"gold_gain":0.0,"event_name":"Beggar","player_choice":"Gave Gold","floor":29.0,"gold_loss":75.0,"damage_taken":0.0},{"damage_healed":0.0,"max_hp_gain":0.0,"max_hp_loss":0.0,"gold_gain":0.0,"event_name":"MindBloom","player_choice":"Fight","floor":39.0,"gold_loss":0.0,"damage_taken":0.0}],"is_beta":false,"boss_relics":[{"not_picked":["Runic Dome","SacredBark"],"picked":"Empty Cage"},{"not_picked":["Philosopher\u0027s Stone","Black Star"],"picked":"Busted Crown"}],"items_purged_floors":[5,22,37,45,53],"is_endless":false,"potions_floor_spawned":[1,2,7,24,31,33,36,38,40,48,54],"ascension_level":0}}