{"host":"xsuxkwaivmtd234a","time":1614375056,"event":{"mods":["BaseMod","Bestiary","Colored Map","Minty Spire (QoL Compilation)","Relic Stats","StSLib"],"gold_per_floor":[110,6,22,41,41,67,78,78,150,161,195,160,174,203,215,326,338,363,650,662,674,686,698,698],"floor_reached":23,"language":"ENG","playtime":1010,"items_purged":[],"score":314,"play_id":"d578bf4c-b88f-48ff-b37d-6b8b12c9c7af","local_time":"20210226163056","is_ascension_mode":true,"campfire_choices":[{"data":"Consume","floor":8.0,"key":"SMITH"},{"data":"Biased Cognition","floor":15,"key":"SMITH"}],"circlet_count":0,"master_deck":["AscendersBane","Strike_B","Strike_B","Defend_B","Defend_B","Defend_B","Defend_B","Zap","Dualcast","Doom and Gloom","Self Repair","Conserve Battery","Rip and Tear","Consume+1","Hologram","Ball Lightning","Biased Cognition+1","Coolheaded","Biased Cognition","Stack","Machine Learning"],"relics":["Black Star","GremlinMask","Girya","Tiny Chest","Ornamental Fan","Juzu Bracelet","Ginger","MawBank","Shuriken","Runic Dome","Bird Faced Urn"],"acts_visited":["Exordium","TheCity"],"potions_floor_usage":[16],"damage_taken":[{"damage":2.0,"enemies":"Jaw Worm","floor":1.0,"turns":3.0},{"damage":0.0,"enemies":"Cultist","floor":3.0,"turns":3.0},{"damage":1.0,"enemies":"2 Louse","floor":4.0,"turns":3.0},{"damage":6.0,"enemies":"3 Sentries","floor":6.0,"turns":8.0},{"damage":15.0,"enemies":"Gremlin Gang","floor":7.0,"turns":6.0},{"damage":13,"enemies":"Blue Slaver","floor":10,"turns":5},{"damage":23,"enemies":"Lagavulin","floor":11,"turns":6},{"damage":11,"enemies":"Looter","floor":13,"turns":3},{"damage":39,"enemies":"Gremlin Nob","floor":14,"turns":5},{"damage":26,"enemies":"Slime Boss","floor":16,"turns":7},{"damage":12,"enemies":"Chosen","floor":18,"turns":5},{"damage":61,"enemies":"Gremlin Leader","floor":23,"turns":4}],"seed_played":"-8911938061425998151","potions_obtained":[{"floor":1.0,"key":"SkillPotion"},{"floor":4.0,"key":"SkillPotion"},{"floor":13,"key":"Ancient Potion"},{"floor":14,"key":"GamblersBrew"}],"is_trial":false,"path_per_floor":["M","$","M","M","?","E","M","R","T","M","E","?","M","E","R","B",null,"M","?","T","?","?","E"],"character_chosen":"DEFECT","items_purchased":["Doom and Gloom","Self Repair"],"campfire_rested":0,"item_purchase_floors":[2,2],"current_hp_per_floor":[66,66,73,75,75,75,67,67,67,61,45,63,59,27,27,8,58,53,53,53,53,53,0,0],"gold":698,"neow_bonus":"BOSS_RELIC","is_daily":false,"chose_seed":false,"campfire_upgraded":2,"win_rate":0.0,"timestamp":1614375056,"path_taken":["M","$","M","M","?","E","M","R","T","?","E","?","M","E","R","BOSS","M","?","?","?","?","E"],"items_purchased_type":["Card","Card"],"build_version":"2020-12-22","purchased_purges":0,"victory":false,"max_hp_per_floor":[75,75,75,75,75,75,75,75,75,75,75,75,75,75,75,75,75,75,75,75,75,75,75,75],"relic_stats":{"counters":[12,58],"Ornamental Fan":[20],"Shuriken":[2],"Bird Faced Urn":[4],"Tiny Chest":1,"Black Star":3,"Juzu Bracelet":0,"Ginger":[8],"MawBank":108,"obtain_stats":[{"Girya":6,"Runic Dome":17,"Ornamental Fan":9,"Shuriken":14,"Bird Faced Urn":20,"GremlinMask":5,"Tiny Chest":6,"Black Star":0,"Juzu Bracelet":11,"Ginger":11,"Cracked Core":0,"MawBank":14},{"Girya":4,"Runic Dome":10,"Ornamental Fan":5,"Shuriken":9,"Bird Faced Urn":11,"GremlinMask":3,"Tiny Chest":4,"Black Star":0,"Juzu Bracelet":7,"Ginger":7,"Cracked Core":0,"MawBank":9},{"Girya":17,"Runic Dome":49,"Ornamental Fan":23,"Shuriken":42,"Bird Faced Urn":54,"GremlinMask":9,"Tiny Chest":17,"Black Star":0,"Juzu Bracelet":34,"Ginger":34,"Cracked Core":0,"MawBank":42}]},"card_choices":[{"not_picked":["Skim","Fusion","Coolheaded"],"picked":"SKIP","floor":1.0},{"not_picked":["Steam","Redo"],"picked":"Conserve Battery","floor":3.0},{"not_picked":["Redo","Leap"],"picked":"Rip and Tear","floor":4.0},{"not_picked":["Hologram","Rebound"],"picked":"Consume","floor":6.0},{"not_picked":["Leap","Darkness"],"picked":"Hologram","floor":7.0},{"not_picked":["Tempest","Rip and Tear"],"picked":"Ball Lightning","floor":10},{"not_picked":["Cold Snap","Compile Driver"],"picked":"Biased Cognition","floor":11},{"not_picked":["Redo","Go for the Eyes","Compile Driver"],"picked":"SKIP","floor":13},{"not_picked":["Conserve Battery","Steam"],"picked":"Coolheaded","floor":14},{"not_picked":["Meteor Strike","Amplify"],"picked":"Biased Cognition","floor":16},{"not_picked":["Self Repair","BootSequence","Fusion"],"picked":"SKIP","floor":18}],"player_experience":1390535,"relics_obtained":[{"floor":6.0,"key":"Girya"},{"floor":6.0,"key":"Tiny Chest"},{"floor":9.0,"key":"Ornamental Fan"},{"floor":11,"key":"Juzu Bracelet"},{"floor":11,"key":"Ginger"},{"floor":14,"key":"MawBank"},{"floor":14,"key":"Shuriken"},{"floor":20,"key":"Bird Faced Urn"}],"event_choices":[{"damage_healed":0.0,"max_hp_gain":0.0,"max_hp_loss":0.0,"gold_gain":0.0,"event_name":"FaceTrader","player_choice":"Trade","floor":5.0,"gold_loss":0.0,"damage_taken":0.0,"relics_obtained":["GremlinMask"]},{"damage_healed":18,"gold_gain":0,"player_choice":"Healed","damage_taken":0,"max_hp_gain":0,"max_hp_loss":0,"event_name":"The Cleric","floor":12,"gold_loss":35},{"damage_healed":0,"gold_gain":275,"player_choice":"Desecrate","damage_taken":0,"max_hp_gain":0,"max_hp_loss":0,"event_name":"Golden Shrine","floor":19,"gold_loss":0,"cards_obtained":["Regret"]},{"damage_healed":0,"gold_gain":0,"cards_transformed":["Strike_B","Strike_B"],"player_choice":"Became Test Subject","damage_taken":0,"max_hp_gain":0,"max_hp_loss":0,"event_name":"Drug Dealer","floor":21,"gold_loss":0,"cards_obtained":["Stack","Machine Learning"]},{"cards_removed":["Regret"],"damage_healed":0,"gold_gain":0,"player_choice":"Elegance","damage_taken":0,"max_hp_gain":0,"max_hp_loss":0,"event_name":"Back to Basics","floor":22,"gold_loss":0}],"is_beta":false,"boss_relics":[{"not_picked":["Empty Cage","Velvet Choker"],"picked":"Runic Dome"}],"items_purged_floors":[],"is_endless":false,"potions_floor_spawned":[1,4,13,14],"killed_by":"Gremlin Leader","ascension_level":10}}