{"host":"5ffrjkuvgrxgllwx","time":1614322928,"event":{"mods":["AchievementEnabler","BaseMod","Colored Map","Colored Powertips","Minty Spire (QoL Compilation)","Quick Restart","Rare Cards Sparkle","StSLib","everything is the same but u backflip on backflip"],"gold_per_floor":[114,189,339,339,339,339,349,361,384,402,431,23,42,70,70,144,144,154,170,84,9,21,21,35,50,73,90,102,118,118,153,153,232,232,246,262,262,41,0,0,14,14,14,30,30,30,30],"floor_reached":46,"language":"ENG","playtime":1837,"items_purged":[],"score":979,"play_id":"c8c98d06-f1ee-4547-855b-17d05d2c6959","local_time":"20210226020208","is_ascension_mode":true,"campfire_choices":[{"floor":6.0,"key":"REST"},{"floor":15.0,"key":"REST"},{"floor":23.0,"key":"REST"},{"floor":30.0,"key":"REST"},{"floor":32.0,"key":"REST"},{"floor":40,"key":"REST"}],"circlet_count":0,"master_deck":["AscendersBane","Strike_P","Strike_P+1","Defend_P","Defend_P","Defend_P","Defend_P","Eruption","Vigilance+1","Protect+1","FlurryOfBlows","Wireheading","ReachHeaven","DeusExMachina+1","FlyingSleeves","Protect","DevaForm","Vengeance","Worship","Conclude+1","Prostrate","Wallop","Devotion","Protect","Devotion","Halt"],"relics":["Snecko Eye","Lantern","Akabeko","FossilizedHelix","Omamori","SlaversCollar","Orichalcum","Smiling Mask","VioletLotus","War Paint","Red Mask","Pear","MealTicket"],"acts_visited":["Exordium","TheCity","TheBeyond"],"potions_floor_usage":[46],"damage_taken":[{"damage":8.0,"enemies":"Small Slimes","floor":1.0,"turns":3.0},{"damage":0.0,"enemies":"2 Louse","floor":7.0,"turns":1.0},{"damage":0.0,"enemies":"Jaw Worm","floor":8.0,"turns":2.0},{"damage":1.0,"enemies":"Red Slaver","floor":10.0,"turns":3.0},{"damage":16.0,"enemies":"Gremlin Nob","floor":11.0,"turns":3.0},{"damage":0.0,"enemies":"2 Fungi Beasts","floor":13.0,"turns":2.0},{"damage":0.0,"enemies":"Lagavulin","floor":14.0,"turns":3.0},{"damage":0.0,"enemies":"Slime Boss","floor":16.0,"turns":5.0},{"damage":0.0,"enemies":"2 Thieves","floor":18.0,"turns":4.0},{"damage":0.0,"enemies":"Spheric Guardian","floor":19.0,"turns":5.0},{"damage":19.0,"enemies":"Snecko","floor":22.0,"turns":5.0},{"damage":0.0,"enemies":"Cultist and Chosen","floor":24.0,"turns":5.0},{"damage":22.0,"enemies":"Shelled Parasite and Fungi","floor":25.0,"turns":5.0},{"damage":0.0,"enemies":"Centurion and Healer","floor":27.0,"turns":5.0},{"damage":17.0,"enemies":"3 Cultists","floor":28.0,"turns":5.0},{"damage":0.0,"enemies":"Snecko","floor":29.0,"turns":4.0},{"damage":26.0,"enemies":"Book of Stabbing","floor":31.0,"turns":6.0},{"damage":26.0,"enemies":"Champ","floor":33.0,"turns":10.0},{"damage":24.0,"enemies":"3 Shapes","floor":35.0,"turns":3.0},{"damage":9,"enemies":"Orb Walker","floor":36,"turns":4},{"damage":26,"enemies":"Spire Growth","floor":41,"turns":5},{"damage":8,"enemies":"4 Shapes","floor":44,"turns":9},{"damage":18,"enemies":"3 Darklings","floor":46,"turns":3}],"seed_played":"-7848073307467502104","potions_obtained":[{"floor":1.0,"key":"SkillPotion"},{"floor":7.0,"key":"ColorlessPotion"},{"floor":10.0,"key":"LiquidMemories"},{"floor":16.0,"key":"Explosive Potion"},{"floor":18.0,"key":"SkillPotion"},{"floor":25.0,"key":"SpeedPotion"},{"floor":28.0,"key":"PowerPotion"},{"floor":41,"key":"Block Potion"}],"is_trial":false,"path_per_floor":["M","?","?","?","?","R","M","M","T","M","E","$","M","E","R","B",null,"M","M","$","?","M","R","M","M","T","M","M","M","R","E","R","B",null,"M","M","?","$","?","R","M","?","T","M","T","M"],"character_chosen":"WATCHER","items_purchased":["FossilizedHelix","DeusExMachina","Worship","War Paint","Protect"],"campfire_rested":6,"item_purchase_floors":[12,12,20,38,38],"current_hp_per_floor":[53,42,42,35,15,35,35,35,35,34,18,18,18,18,38,38,61,61,61,61,61,42,62,62,40,40,40,23,23,43,17,37,11,54,30,21,21,21,21,41,15,15,25,17,17,0,0],"gold":30,"neow_bonus":"BOSS_RELIC","is_daily":false,"chose_seed":false,"campfire_upgraded":0,"win_rate":0.0,"timestamp":1614322928,"path_taken":["M","?","?","?","?","R","M","M","T","?","E","?","M","E","R","BOSS","M","M","$","?","M","R","M","M","T","?","M","M","R","E","R","BOSS","M","M","?","$","?","R","M","?","T","?","?","M"],"items_purchased_type":["Relic","Card","Card","Relic","Card"],"build_version":"2020-12-22","purchased_purges":0,"victory":false,"max_hp_per_floor":[68,68,68,68,68,68,68,68,68,68,68,68,68,68,68,68,68,68,68,68,68,68,68,68,68,68,68,68,68,68,68,68,68,68,68,68,68,68,68,68,68,68,78,78,78,78,78],"card_choices":[{"not_picked":["SashWhip","CrushJoints","DeceiveReality"],"picked":"SKIP","floor":1.0},{"not_picked":["WindmillStrike","Sanctity"],"picked":"Protect","floor":7.0},{"not_picked":["Crescendo","CutThroughFate"],"picked":"FlurryOfBlows","floor":8.0},{"not_picked":["EmptyBody","EmptyFist"],"picked":"Wireheading","floor":10.0},{"not_picked":["Perseverance","Adaptation"],"picked":"ReachHeaven","floor":11.0},{"not_picked":["Consecrate","SandsOfTime"],"picked":"FlyingSleeves","floor":13.0},{"not_picked":["ClearTheMind","JustLucky"],"picked":"Protect","floor":14.0},{"not_picked":["Blasphemy","Omniscience"],"picked":"DevaForm","floor":16.0},{"not_picked":["Protect","EmptyBody"],"picked":"Vengeance","floor":18.0},{"not_picked":["JustLucky","FlurryOfBlows","ClearTheMind"],"picked":"SKIP","floor":19.0},{"not_picked":["Weave","JustLucky","Conclude"],"picked":"SKIP","floor":22.0},{"not_picked":["CutThroughFate","Protect"],"picked":"Conclude+1","floor":24.0},{"not_picked":["Consecrate","CrushJoints"],"picked":"Prostrate","floor":25.0},{"not_picked":["PathToVictory","Evaluate","FlyingSleeves"],"picked":"SKIP","floor":27.0},{"not_picked":["SpiritShield","SandsOfTime"],"picked":"Wallop","floor":28.0},{"not_picked":["MentalFortress","Pray","SignatureMove"],"picked":"SKIP","floor":29.0},{"not_picked":["Wallop","EmptyBody","CrushJoints"],"picked":"SKIP","floor":31.0},{"not_picked":["Wish","MasterReality"],"picked":"Devotion","floor":33.0},{"not_picked":["ClearTheMind+1","BowlingBash","ThirdEye"],"picked":"SKIP","floor":35.0},{"not_picked":["EmptyFist","Study","SashWhip+1"],"picked":"SKIP","floor":36},{"not_picked":["CarveReality","Tantrum","Meditate"],"picked":"SKIP","floor":41},{"not_picked":["FollowUp+1","MentalFortress"],"picked":"Halt","floor":44}],"player_experience":1415941,"relics_obtained":[{"floor":9.0,"key":"Lantern"},{"floor":11.0,"key":"Akabeko"},{"floor":14.0,"key":"Omamori"},{"floor":26.0,"key":"Orichalcum"},{"floor":31.0,"key":"Smiling Mask"},{"floor":43,"key":"Pear"},{"floor":45,"key":"MealTicket"}],"event_choices":[{"damage_healed":0.0,"max_hp_gain":0.0,"max_hp_loss":0.0,"gold_gain":75.0,"event_name":"World of Goop","player_choice":"Gather Gold","floor":2.0,"gold_loss":0.0,"damage_taken":11.0},{"damage_healed":0.0,"max_hp_gain":0.0,"max_hp_loss":0.0,"gold_gain":150.0,"event_name":"Liars Game","player_choice":"AGREE","floor":3.0,"gold_loss":0.0,"damage_taken":0.0,"cards_obtained":["Doubt"]},{"cards_removed":["Doubt"],"damage_healed":0.0,"max_hp_gain":0.0,"max_hp_loss":0.0,"gold_gain":0.0,"event_name":"Golden Wing","player_choice":"Card Removal","floor":4.0,"gold_loss":0.0,"damage_taken":7.0},{"damage_healed":0.0,"max_hp_gain":0.0,"max_hp_loss":0.0,"gold_gain":0.0,"event_name":"Shining Light","player_choice":"Entered Light","floor":5.0,"gold_loss":0.0,"damage_taken":20.0,"cards_upgraded":["Strike_P","Vigilance"]},{"cards_removed":["Strike_P"],"damage_healed":0.0,"max_hp_gain":0.0,"max_hp_loss":0.0,"gold_gain":0.0,"event_name":"Designer","player_choice":"Single Remove","floor":21.0,"gold_loss":75.0,"damage_taken":0.0},{"cards_removed":["Strike_P"],"damage_healed":0,"gold_gain":0,"player_choice":"Removed Attack","damage_taken":0,"max_hp_gain":0,"max_hp_loss":0,"event_name":"Falling","floor":37,"gold_loss":0},{"damage_healed":0,"gold_gain":0,"player_choice":"Paid","damage_taken":0,"relics_obtained":["Red Mask"],"max_hp_gain":0,"max_hp_loss":0,"event_name":"Tomb of Lord Red Mask","floor":39,"gold_loss":41},{"damage_healed":0,"gold_gain":0,"player_choice":"Copied","damage_taken":0,"max_hp_gain":0,"max_hp_loss":0,"event_name":"Duplicator","floor":42,"gold_loss":0,"cards_obtained":["Devotion"]}],"is_beta":false,"boss_relics":[{"not_picked":["Tiny House","Coffee Dripper"],"picked":"SlaversCollar"},{"not_picked":["SacredBark","Runic Dome"],"picked":"VioletLotus"}],"items_purged_floors":[],"is_endless":false,"potions_floor_spawned":[1,7,10,16,18,25,28,29,41],"killed_by":"3 Darklings","ascension_level":17}}