{"host":"xsyxumpp1kksrtww","time":1614356123,"event":{"mods":["Act Like it!","Ascension Unlocker","BaseMod","Colored Map","Colored Powertips","Library of Ruina","Library of Ruina Extra","Lobotomy","LobotomyExtend","Minty Spire (QoL Compilation)","Permanent Neow","Quick Restart","Rare Cards Sparkle","Replay The Spire","Shop Mod","StSLib"],"gold_per_floor":[116,116,128,146,158,158,158,158,158],"floor_reached":8,"language":"ZHS","playtime":355,"items_purged":[],"score":72,"play_id":"26028d28-4a62-4f7a-970f-2459eaf4c139","local_time":"20210227001523","is_ascension_mode":true,"campfire_choices":[{"data":"FocusedStrikes","floor":6.0,"key":"SMITH"}],"circlet_count":0,"master_deck":["AscendersBane","Dodge","LightDefense","LightAttack","LightAttack","LightAttack","LightDefense","LightDefense","LightDefense","ChargeAndCover","FocusedStrikes+1","GroundSmash","GreedKing","BiAn","Murderer","JiaoTu","DreamingCurrent","Slice_lor"],"relics":["PageOfLibrarian","CogitoBucket","LetterFromLob","Oddly Smooth Stone"],"acts_visited":["Exordium"],"potions_floor_usage":[],"damage_taken":[{"damage":0.0,"enemies":"Jaw Worm","floor":1.0,"turns":3.0},{"damage":8.0,"enemies":"Cultist","floor":3.0,"turns":5.0},{"damage":0.0,"enemies":"Small Slimes","floor":4.0,"turns":4.0},{"damage":14.0,"enemies":"Looter","floor":5.0,"turns":4.0},{"damage":20,"enemies":"Replay:BlueRogue","floor":8,"turns":3}],"seed_played":"-799042484635574731","potions_obtained":[{"floor":1.0,"key":"Explosive Potion"},{"floor":4.0,"key":"Swift Potion"}],"is_trial":false,"path_per_floor":["M","?","M","M","M","R","?","E"],"character_chosen":"Librarian","items_purchased":[],"campfire_rested":0,"item_purchase_floors":[],"current_hp_per_floor":[54,54,46,46,32,32,65,51,51],"gold":158,"neow_bonus":"","is_daily":false,"chose_seed":false,"campfire_upgraded":1,"win_rate":0.0,"timestamp":1614356123,"path_taken":["M","?","?","M","?","R","?","E"],"items_purchased_type":[],"build_version":"2020-12-22","purchased_purges":0,"victory":false,"max_hp_per_floor":[62,62,62,62,65,65,65,65,65],"card_choices":[{"not_picked":["StrikeDown","BlindFaith","Outburst","SharpSwipe","Endure","SmokingPipe","Leap_lor","Multislash"],"picked":"GroundSmash","floor":1.0},{"not_picked":["NakedNest","MeatLantern"],"picked":"GreedKing","floor":1.0},{"not_picked":["Quickness","DefenseOrder","FervidEmotions","Execute_lor","FierceCharge","SnakesPrey","Parry","SetFire"],"picked":"BiAn","floor":3.0},{"not_picked":["Woodsman","MeatLantern"],"picked":"Murderer","floor":4.0},{"not_picked":["StrongStrike","SpearedSweep","SnakesPrey","ICanCookAnything","Parry","EnergyShield","Diversion","HighKick"],"picked":"JiaoTu","floor":4.0},{"not_picked":["Bloodbath","BlackSwan"],"picked":"DreamingCurrent","floor":5.0},{"not_picked":["EndlessBattle","HighKick","FierceCharge","QuickAttack","MultiBlock","Clone","StructuralAnalysis","Parry2"],"picked":"Slice_lor","floor":5.0}],"player_experience":963977,"relics_obtained":[{"floor":1.0,"key":"LetterFromLob"},{"floor":2.0,"key":"Oddly Smooth Stone"}],"event_choices":[{"damage_healed":0.0,"max_hp_gain":0.0,"max_hp_loss":0.0,"gold_gain":0.0,"event_name":"Wheel of Change","player_choice":"Relic","floor":2.0,"gold_loss":0.0,"damage_taken":0.0}],"is_beta":false,"boss_relics":[],"items_purged_floors":[],"is_endless":false,"potions_floor_spawned":[1,4],"killed_by":"Replay:BlueRogue","ascension_level":10}}