{"host":"hcfgv6p6h0ubjkk0","time":1614354745,"event":{"mods":["AchievementEnabler","BaseMod","Highlight Path","Minty Spire (QoL Compilation)","Quick Restart","Relic Stats","StSLib"],"gold_per_floor":[117,135,135,135,146,146,173,173,173,192,210,234,247,291,291,291,291],"floor_reached":16,"language":"ENG","playtime":671,"items_purged":[],"score":146,"play_id":"734ccf78-3885-4532-9516-bf8173b8d3c5","local_time":"20210226155225","is_ascension_mode":true,"campfire_choices":[{"data":"Searing Blow","floor":6,"key":"SMITH"},{"data":"Searing Blow+1","floor":8,"key":"SMITH"},{"data":"Searing Blow+2","floor":15,"key":"SMITH"}],"circlet_count":0,"master_deck":["Strike_R","Strike_R","Strike_R","Defend_R","Defend_R","Defend_R","Defend_R","Bash","Shrug It Off","Searing Blow+3","Pommel Strike","Carnage","Shrug It Off","Flex","True Grit","Reaper","Rage"],"relics":["Burning Blood","InkBottle","The Courier","Odd Mushroom","CeramicFish"],"acts_visited":["Exordium"],"potions_floor_usage":[12,12,12,12,14,16,16],"damage_taken":[{"damage":9,"enemies":"2 Louse","floor":1,"turns":4},{"damage":1,"enemies":"Small Slimes","floor":2,"turns":4},{"damage":1,"enemies":"Cultist","floor":5,"turns":3},{"damage":16,"enemies":"3 Sentries","floor":7,"turns":10},{"damage":1,"enemies":"3 Louse","floor":10,"turns":3},{"damage":8,"enemies":"Blue Slaver","floor":11,"turns":3},{"damage":7,"enemies":"The Mushroom Lair","floor":12,"turns":4},{"damage":25,"enemies":"Large Slime","floor":13,"turns":6},{"damage":27,"enemies":"Lagavulin","floor":14,"turns":7},{"damage":57,"enemies":"Hexaghost","floor":16,"turns":15}],"seed_played":"-6609946122300217967","potions_obtained":[{"floor":1,"key":"AttackPotion"},{"floor":2,"key":"Block Potion"},{"floor":5,"key":"EntropicBrew"},{"floor":14,"key":"LiquidMemories"}],"is_trial":false,"path_per_floor":["M","M","?","?","M","R","E","R","T","M","M","?","M","E","R","B"],"character_chosen":"IRONCLAD","items_purchased":[],"campfire_rested":0,"item_purchase_floors":[],"current_hp_per_floor":[69,74,74,74,79,79,69,69,69,74,72,71,60,49,49,0,0],"gold":291,"neow_bonus":"THREE_CARDS","is_daily":false,"chose_seed":false,"campfire_upgraded":3,"win_rate":0.0,"timestamp":1614354745,"path_taken":["M","M","?","?","M","R","E","R","T","M","?","?","M","E","R","BOSS"],"items_purchased_type":[],"build_version":"2020-12-22","purchased_purges":0,"victory":false,"max_hp_per_floor":[80,80,80,80,80,80,80,80,80,80,80,80,80,80,80,80,80],"relic_stats":{"counters":[10,59],"CeramicFish":9,"obtain_stats":[{"CeramicFish":14,"The Courier":9,"Odd Mushroom":12,"Burning Blood":0,"InkBottle":7},{"CeramicFish":9,"The Courier":4,"Odd Mushroom":7,"Burning Blood":0,"InkBottle":4},{"CeramicFish":44,"The Courier":21,"Odd Mushroom":31,"Burning Blood":0,"InkBottle":21}],"Burning Blood":54,"InkBottle":[10]},"card_choices":[{"not_picked":["Body Slam","Fire Breathing"],"picked":"Shrug It Off","floor":0},{"not_picked":["Cleave","Heavy Blade"],"picked":"Searing Blow","floor":1},{"not_picked":["Shrug It Off","Carnage"],"picked":"Pommel Strike","floor":2},{"not_picked":["Uppercut","Bloodletting"],"picked":"Shrug It Off","floor":5},{"not_picked":["Sword Boomerang","Rupture"],"picked":"Flex","floor":7},{"not_picked":["Wild Strike","Body Slam"],"picked":"True Grit","floor":10},{"not_picked":["Warcry","Clash"],"picked":"Reaper","floor":11},{"not_picked":["Twin Strike","Warcry","Rampage"],"picked":"SKIP","floor":13},{"not_picked":["Limit Break","Havoc"],"picked":"Rage","floor":14}],"player_experience":224394,"relics_obtained":[{"floor":7,"key":"InkBottle"},{"floor":9,"key":"The Courier"},{"floor":12,"key":"Odd Mushroom"},{"floor":14,"key":"CeramicFish"}],"event_choices":[{"damage_healed":0,"gold_gain":0,"cards_transformed":["Strike_R"],"player_choice":"Change","damage_taken":0,"max_hp_gain":0,"max_hp_loss":0,"event_name":"Living Wall","floor":3,"gold_loss":0,"cards_obtained":["Carnage"]},{"cards_removed":["Strike_R"],"damage_healed":0,"gold_gain":0,"player_choice":"Card Removal","damage_taken":0,"max_hp_gain":0,"max_hp_loss":0,"event_name":"Wheel of Change","floor":4,"gold_loss":0},{"damage_healed":0,"gold_gain":0,"player_choice":"Fought Mushrooms","damage_taken":0,"max_hp_gain":0,"max_hp_loss":0,"event_name":"Mushrooms","floor":12,"gold_loss":0}],"is_beta":false,"boss_relics":[],"items_purged_floors":[],"is_endless":false,"potions_floor_spawned":[1,2,5,10,14],"killed_by":"Hexaghost","ascension_level":6}}