{"host":"i0m6ffz3lpe3z1ky","time":1614334441,"event":{"mods":["Aspiration","BaseMod","Bestiary","BetterRewards","Colored Map","Conspire","Energized Spire","Highlight Path","Hubris","Ironclad Rager","Minty Spire (QoL Compilation)","Quick Restart","Reliquary","Shop Mod","Spicy Shops","StSLib","Thieving Mod"],"gold_per_floor":[135,173,203,243,81,81,114,114,114,143,201,260,260,410,410,546,546,563,602,324,334,123,123,176,176,176,176,208,133,168,213,213,313,313,332,332,332,232,242,242,23,56,110,142,155,19,48,62,62,62,62,62,6,32,32],"floor_reached":56,"language":"KOR","playtime":4303,"items_purged":["conspire:Purge"],"score":3058,"play_id":"48dbb017-457a-4d38-a699-419d0c96fc04","local_time":"20210226191401","is_ascension_mode":true,"campfire_choices":[{"data":"hubris:EnhanceAbility","floor":6.0,"key":"SMITH"},{"data":"Double Tap","floor":8.0,"key":"SMITH"},{"data":"hubris:EnhanceAbility+1","floor":13.0,"key":"SMITH"},{"data":"hubris:EnhanceAbility+2","floor":15.0,"key":"SMITH"},{"data":"Corruption","floor":23.0,"key":"SMITH"},{"data":"hubris:EnhanceAbility+3","floor":25.0,"key":"SMITH"},{"data":"Cleave","floor":27.0,"key":"SMITH"},{"floor":32,"key":"RECALL"},{"data":"Barricade","floor":40,"key":"SMITH"},{"data":"Mayhem","floor":49,"key":"SMITH"},{"data":"Master of Strategy","floor":52,"key":"SMITH"}],"circlet_count":0,"master_deck":["AscendersBane","Defend_R","Defend_R","Defend_R","Shrug It Off","Feel No Pain","Corruption+1","Shrug It Off","Master of Strategy+1","Ghostly Armor","Havoc","Armaments+1","Feel No Pain","Madness","Madness","Mayhem+1","Shrug It Off","Second Wind+1","Feel No Pain","hubris:DuctTapeCard","Armaments+1","Body Slam","Shrug It Off","Power Through+1"],"relics":["Burning Blood","Ginger","hubris:OldNail","Dead Branch","HandDrill","hubris:AstralHammer","OrangePellets","Gremlin Horn","Kunai","Medical Kit","Shuriken","Omamori","conspire:Boomerang","conspire:InfiniteJournal","Empty Cage","Membership Card","Lantern","reliquary:NewFriend","Bottled Tornado","Red Mask","energizedSpire:NeverEndingSparkler","Turnip","Bag of Preparation","Strawberry","conspire:DeflatedDodgeball","hubris:DuctTape","Paper Frog"],"acts_visited":["Exordium","TheCity","TheBeyond","TheEnding"],"potions_floor_usage":[],"damage_taken":[{"damage":2.0,"enemies":"Jaw Worm","floor":1.0,"turns":4.0},{"damage":0.0,"enemies":"Small Slimes","floor":2.0,"turns":3.0},{"damage":0.0,"enemies":"Cultist","floor":3.0,"turns":2.0},{"damage":2.0,"enemies":"Looter","floor":4.0,"turns":4.0},{"damage":1.0,"enemies":"Blue Slaver","floor":7.0,"turns":5.0},{"damage":0.0,"enemies":"Lagavulin","floor":10.0,"turns":9.0},{"damage":7.0,"enemies":"3 Louse","floor":11.0,"turns":3.0},{"damage":0.0,"enemies":"Lots of Slimes","floor":12.0,"turns":2.0},{"damage":32.0,"enemies":"Slime Boss","floor":16.0,"turns":15.0},{"damage":0.0,"enemies":"Shell Parasite","floor":18.0,"turns":3.0},{"damage":30.0,"enemies":"Spheric Guardian","floor":19.0,"turns":6.0},{"damage":12.0,"enemies":"3 Cultists","floor":21.0,"turns":4.0},{"damage":21.0,"enemies":"Book of Stabbing","floor":24.0,"turns":6.0},{"damage":6,"enemies":"Slavers","floor":28,"turns":4},{"damage":5,"enemies":"Cultist and Chosen","floor":30,"turns":2},{"damage":0,"enemies":"Masked Bandits","floor":31,"turns":2},{"damage":22,"enemies":"conspire:MysteriousRune","floor":33,"turns":4},{"damage":1,"enemies":"3 Shapes","floor":35,"turns":7},{"damage":0,"enemies":"Orb Walker","floor":39,"turns":2},{"damage":3,"enemies":"Reptomancer","floor":42,"turns":2},{"damage":0,"enemies":"Nemesis","floor":44,"turns":3},{"damage":0,"enemies":"Jaw Worm Horde","floor":45,"turns":2},{"damage":2,"enemies":"Reptomancer","floor":47,"turns":3},{"damage":3,"enemies":"Maw","floor":48,"turns":2},{"damage":0,"enemies":"Time Eater","floor":50,"turns":6},{"damage":0,"enemies":"Shield and Spear","floor":54,"turns":1},{"damage":7,"enemies":"The Heart","floor":55,"turns":5}],"seed_played":"-43192974220392854","potions_obtained":[{"floor":1.0,"key":"Explosive Potion"}],"is_trial":false,"path_per_floor":["M","M","M","M","$","R","M","R","T","E","M","M","R","?","R","B",null,"M","M","$","M","$","R","E","R","T","R","E","?","M","?","R","B",null,"M","?","T","NS","M","R","$","E","T","E","M","$","E","M","R","B",null,"R","$","E","B",null],"character_chosen":"IRONCLAD","items_purchased":["Ginger","hubris:OldNail","Dead Branch","HandDrill","Shrug It Off","hubris:AstralHammer","Feel No Pain","OrangePellets","Gremlin Horn","hubris:EnhanceAbility","Kunai","Medical Kit","Shuriken","HandOfGreed","Omamori","conspire:Purge","Master of Strategy","Membership Card","Havoc","Mayhem","Shrug It Off","conspire:DeflatedDodgeball","Body Slam","Shrug It Off"],"campfire_rested":0,"item_purchase_floors":[0,0,0,0,0,0,0,0,0,0,0,0,0,0,5,20,20,22,22,41,41,46,53,53],"current_hp_per_floor":[24,30,36,40,40,40,45,45,45,51,50,56,56,56,56,30,64,70,46,46,40,40,40,25,25,25,25,25,25,26,32,32,16,60,65,51,51,51,57,57,57,60,60,73,79,79,82,82,82,82,82,82,82,82,81],"gold":32,"neow_bonus":"","is_daily":false,"chose_seed":false,"campfire_upgraded":10,"win_rate":0.0,"timestamp":1614334441,"path_taken":["M","M","M","M","$","R","M","R","T","E","M","M","R","?","R","BOSS","M","M","$","M","$","R","E","R","T","R","E","?","M","?","R","BOSS","M","?","?","NS","M","R","$","E","T","E","M","?","E","M","R","BOSS","R","$","E","BOSS"],"items_purchased_type":["Relic","Relic","Relic","Relic","Card","Relic","Card","Relic","Relic","Card","Relic","Relic","Relic","Card","Relic","Card","Card","Relic","Card","Card","Card","Relic","Card","Card"],"build_version":"2020-12-22","purchased_purges":1,"victory":true,"max_hp_per_floor":[75,75,75,75,75,75,75,75,75,75,75,75,75,75,75,75,75,75,75,75,75,75,75,75,75,75,75,75,75,75,75,75,75,75,75,75,75,75,75,75,75,75,75,82,82,82,82,82,82,82,82,82,82,82,82],"card_choices":[{"not_picked":["conspire:Charge","Feel No Pain"],"picked":"Twin Strike","floor":1.0},{"not_picked":["Armaments","conspire:ExplosiveBarrier"],"picked":"Cleave","floor":2.0},{"not_picked":["Evolve","Flex","Perfected Strike"],"picked":"SKIP","floor":3.0},{"not_picked":["Hemokinesis","True Grit","Body Slam"],"picked":"SKIP","floor":4.0},{"not_picked":["Warcry","hubris:ReadiedAction"],"picked":"Double Tap","floor":7.0},{"not_picked":["hubris:SharpeningStone","Thunderclap","Reckless Charge"],"picked":"SKIP","floor":10.0},{"not_picked":["Warcry","Flex","Heavy Blade"],"picked":"SKIP","floor":11.0},{"not_picked":["Flex","Fire Breathing","Iron Wave"],"picked":"SKIP","floor":12.0},{"not_picked":["conspire:Purge","Bludgeon"],"picked":"Corruption","floor":16.0},{"not_picked":["Whirlwind+1","Fire Breathing","Pommel Strike"],"picked":"SKIP","floor":18.0},{"not_picked":["hubris:SharpeningStone","Thunderclap"],"picked":"Shrug It Off","floor":19.0},{"not_picked":["Clash","Evolve"],"picked":"Ghostly Armor","floor":21.0},{"not_picked":["Thunderclap","Battle Trance","hubris:ReadiedAction"],"picked":"SKIP","floor":24.0},{"not_picked":["hubris:ReadiedAction","Clash"],"picked":"Armaments+1","floor":28},{"not_picked":["Battle Trance","Wild Strike","Uppercut"],"picked":"SKIP","floor":30},{"not_picked":["True Grit","Shrug It Off"],"picked":"Feel No Pain","floor":31},{"not_picked":["hubris:StunningStrike","Immolate"],"picked":"Barricade","floor":33},{"not_picked":["Infernal Blade+1","Combust","Clash"],"picked":"SKIP","floor":35},{"not_picked":["Pommel Strike","hubris:CleavingFinish","Flex"],"picked":"SKIP","floor":39},{"not_picked":["Infernal Blade","Rampage","Second Wind+1"],"picked":"SKIP","floor":42},{"not_picked":["Infernal Blade","Rampage"],"picked":"Second Wind+1","floor":42},{"not_picked":["Bloodletting","Sword Boomerang+1","Ghostly Armor"],"picked":"SKIP","floor":44},{"not_picked":["True Grit","Havoc"],"picked":"Feel No Pain","floor":45},{"not_picked":["Headbutt","Warcry+1","hubris:ReadiedAction+1"],"picked":"SKIP","floor":47},{"not_picked":["hubris:SharpeningStone","conspire:Charge"],"picked":"Armaments+1","floor":48},{"not_picked":["Dual Wield","Headbutt"],"picked":"Power Through+1","floor":54}],"player_experience":446950,"relics_obtained":[{"floor":9.0,"key":"conspire:Boomerang"},{"floor":10.0,"key":"conspire:InfiniteJournal"},{"floor":24.0,"key":"Lantern"},{"floor":26.0,"key":"reliquary:NewFriend"},{"floor":28,"key":"Bottled Tornado"},{"floor":31,"key":"Red Mask"},{"floor":42,"key":"Turnip"},{"floor":43,"key":"Bag of Preparation"},{"floor":44,"key":"Strawberry"},{"floor":47,"key":"hubris:DuctTape"},{"floor":54,"key":"Paper Frog"}],"event_choices":[{"damage_healed":0.0,"max_hp_gain":0.0,"max_hp_loss":0.0,"gold_gain":150.0,"event_name":"Liars Game","player_choice":"AGREE","floor":14.0,"gold_loss":0.0,"damage_taken":0.0,"cards_obtained":["Doubt"]},{"cards_removed":["Bash"],"damage_healed":0,"gold_gain":0,"player_choice":"Gave Gold","damage_taken":0,"max_hp_gain":0,"max_hp_loss":0,"event_name":"Beggar","floor":29,"gold_loss":75},{"damage_healed":0,"gold_gain":0,"player_choice":"Fought Bandits","damage_taken":0,"max_hp_gain":0,"max_hp_loss":0,"event_name":"Masked Bandits","floor":31,"gold_loss":0},{"damage_healed":0,"gold_gain":0,"player_choice":"Embrace Madness","damage_taken":14,"max_hp_gain":0,"max_hp_loss":0,"event_name":"Winding Halls","floor":36,"gold_loss":0,"cards_obtained":["Madness","Madness"]}],"is_beta":false,"boss_relics":[{"not_picked":["hubris:GrandSneckoEye","aspiration:FutureDiary"],"picked":"Empty Cage"},{"not_picked":["SacredBark","reliquary:KinkedSpring"],"picked":"energizedSpire:NeverEndingSparkler"}],"items_purged_floors":[41],"is_endless":false,"potions_floor_spawned":[1,3,12,16,19,28,31,33,39,48],"ascension_level":18}}