{"host":"cpsutu8lprjuipd6","time":1614324965,"event":{"mods":["BaseMod","Colored Map","Minty Spire (QoL Compilation)","Permanent Neow","Quick Restart","StSLib","SuperFastMode","The Bug Knight","Together in Spire"],"gold_per_floor":[110,110,120,131,131,157,157,187,187,187,203,223,236,251,251,251,251],"floor_reached":16,"language":"KOR","playtime":1955,"items_purged":[],"score":144,"play_id":"6b4f3993-f9ee-46da-b4d2-0597af122f88","local_time":"20210226163605","is_ascension_mode":true,"campfire_choices":[{"floor":7,"key":"REST"},{"data":"1","floor":10,"key":"LIFT"},{"data":"2","floor":15,"key":"LIFT"}],"circlet_count":0,"master_deck":["Strike_R+1","Strike_R","Strike_R","Strike_R+1","Strike_R","Defend_R","Defend_R","Defend_R","Defend_R","Bash","Fiend Fire","Thunderclap","Battle Trance","Thunderclap","Sword Boomerang","Sentinel","Thunderclap","Burning Pact","Infernal Blade"],"relics":["Burning Blood","FossilizedHelix","Meat on the Bone","Girya","Odd Mushroom"],"acts_visited":["Exordium"],"potions_floor_usage":[],"damage_taken":[{"damage":3,"enemies":"Jaw Worm","floor":1,"turns":3},{"damage":0,"enemies":"2 Louse","floor":3,"turns":5},{"damage":0,"enemies":"Small Slimes","floor":4,"turns":4},{"damage":18,"enemies":"3 Sentries","floor":6,"turns":4},{"damage":0,"enemies":"Gremlin Nob","floor":8,"turns":3},{"damage":3,"enemies":"Exordium Wildlife","floor":11,"turns":4},{"damage":0,"enemies":"The Mushroom Lair","floor":12,"turns":3},{"damage":27,"enemies":"Exordium Thugs","floor":13,"turns":3},{"damage":0,"enemies":"3 Louse","floor":14,"turns":2},{"damage":65,"enemies":"Hexaghost","floor":16,"turns":7}],"seed_played":"-6952365451384185057","potions_obtained":[{"floor":1,"key":"HeartOfIron"},{"floor":4,"key":"SteroidPotion"},{"floor":8,"key":"BloodPotion"}],"is_trial":false,"path_per_floor":["M","?","M","M","?","E","R","E","T","R","M","?","M","M","R","B"],"character_chosen":"IRONCLAD","items_purchased":[],"campfire_rested":1,"item_purchase_floors":[],"current_hp_per_floor":[80,80,80,80,64,52,76,80,80,80,80,80,59,65,65,0,0],"gold":251,"neow_bonus":"ONE_RANDOM_RARE_CARD","is_daily":false,"chose_seed":false,"campfire_upgraded":0,"win_rate":0.0,"timestamp":1614324965,"path_taken":["M","?","M","M","?","E","R","E","T","R","M","?","?","?","R","BOSS"],"items_purchased_type":[],"build_version":"2020-12-22","purchased_purges":0,"victory":false,"max_hp_per_floor":[80,80,80,80,80,80,80,80,80,80,80,80,80,80,80,80,80],"card_choices":[{"not_picked":["Hemokinesis","Shrug It Off"],"picked":"Thunderclap","floor":1},{"not_picked":["Combust","Clash"],"picked":"Battle Trance","floor":3},{"not_picked":["Twin Strike","Sword Boomerang"],"picked":"Thunderclap","floor":4},{"not_picked":["Clothesline","True Grit"],"picked":"Sword Boomerang","floor":6},{"not_picked":["Entrench","Wild Strike"],"picked":"Sentinel","floor":8},{"not_picked":["Clash","Ghostly Armor"],"picked":"Thunderclap","floor":11},{"not_picked":["Flex","Havoc"],"picked":"Burning Pact","floor":12},{"not_picked":["Anger","Hemokinesis"],"picked":"Infernal Blade","floor":13},{"not_picked":["Offering","Flame Barrier","Rupture"],"picked":"SKIP","floor":14}],"player_experience":150735,"relics_obtained":[{"floor":6,"key":"FossilizedHelix"},{"floor":8,"key":"Meat on the Bone"},{"floor":9,"key":"Girya"},{"floor":12,"key":"Odd Mushroom"}],"event_choices":[{"damage_healed":0,"gold_gain":0,"player_choice":"Ignored","damage_taken":0,"max_hp_gain":0,"max_hp_loss":0,"event_name":"Liars Game","floor":2,"gold_loss":0},{"damage_healed":0,"gold_gain":0,"player_choice":"Entered Light","damage_taken":16,"max_hp_gain":0,"max_hp_loss":0,"event_name":"Shining Light","floor":5,"gold_loss":0,"cards_upgraded":["Strike_R","Strike_R"]},{"damage_healed":0,"gold_gain":0,"player_choice":"Fought Mushrooms","damage_taken":0,"max_hp_gain":0,"max_hp_loss":0,"event_name":"Mushrooms","floor":12,"gold_loss":0}],"is_beta":false,"boss_relics":[],"items_purged_floors":[],"is_endless":false,"potions_floor_spawned":[1,4,8,12],"killed_by":"Hexaghost","ascension_level":1}}