{"host":"5bsc0nab6whpyrbj","time":1614313310,"event":{"mods":["AchievementEnabler","BaseMod","BetterRewards","Colored Map","Dark Map","Downfall","Highlight Path","Infinite Spire","Minty Spire (QoL Compilation)","StSLib"],"gold_per_floor":[119,119,394,407,417,417,472,472,545,214,227,227,227,227,227,227,227],"floor_reached":16,"language":"ENG","playtime":433,"items_purged":[],"score":88,"play_id":"0c607b49-ea44-4221-a440-b189c2034cae","local_time":"20210225232150","is_ascension_mode":false,"campfire_choices":[{"floor":6.0,"key":"RECALL"},{"data":"Neutralize","floor":8.0,"key":"SMITH"},{"floor":12.0,"key":"REST"},{"data":"Endless Agony","floor":13.0,"key":"SMITH"},{"floor":15.0,"key":"REST"}],"circlet_count":0,"master_deck":["Strike_G","Strike_G","Strike_G","Strike_G","Strike_G","Defend_G","Defend_G","Defend_G","Defend_G","Defend_G","Survivor","Neutralize+1","Shame","Cloak And Dagger+1","Regret","Endless Agony+1","Dagger Throw"],"relics":["Ring of the Snake","WingedGreaves","Pantograph","Question Card","NlothsMask"],"acts_visited":["Exordium"],"potions_floor_usage":[16,16],"damage_taken":[{"damage":0.0,"enemies":"2 Louse","floor":1.0,"turns":2.0},{"damage":9.0,"enemies":"Jaw Worm","floor":4.0,"turns":3.0},{"damage":0.0,"enemies":"Cultist","floor":5.0,"turns":3.0},{"damage":21.0,"enemies":"Exordium Thugs","floor":11.0,"turns":7.0},{"damage":74,"enemies":"The Guardian","floor":16,"turns":10}],"seed_played":"-747438203834336015","potions_obtained":[{"floor":4.0,"key":"FearPotion"},{"floor":5.0,"key":"Poison Potion"}],"is_trial":false,"path_per_floor":["M","?","?","M","M","R","T","R","T","$","M","R","R","?","R","B"],"character_chosen":"THE_SILENT","items_purchased":["Endless Agony","Question Card"],"campfire_rested":2,"item_purchase_floors":[10,10],"current_hp_per_floor":[70,70,70,61,61,61,61,61,61,61,40,61,61,61,70,0,0],"gold":227,"neow_bonus":"ONE_RARE_RELIC","is_daily":false,"chose_seed":false,"campfire_upgraded":2,"win_rate":0.0,"timestamp":1614313310,"path_taken":["M","?","?","M","?","R","?","R","T","$","?","R","R","?","R","BOSS"],"items_purchased_type":["Card","Relic"],"build_version":"2020-12-22","purchased_purges":0,"victory":false,"max_hp_per_floor":[70,70,70,70,70,70,70,70,70,70,70,70,70,70,70,70,70],"card_choices":[{"not_picked":["Slice","Riddle With Holes"],"picked":"Cloak And Dagger","floor":1.0},{"not_picked":["Dodge and Roll","Outmaneuver","Bane"],"picked":"SKIP","floor":4.0},{"not_picked":["Tactician","Flying Knee","Leg Sweep"],"picked":"SKIP","floor":5.0},{"not_picked":["Sucker Punch","Dash","Bane"],"picked":"Dagger Throw","floor":11.0}],"player_experience":131349,"relics_obtained":[{"floor":9.0,"key":"Pantograph"}],"event_choices":[{"damage_healed":0.0,"max_hp_gain":0.0,"max_hp_loss":0.0,"gold_gain":0.0,"event_name":"Living Wall","player_choice":"Grow","floor":2.0,"gold_loss":0.0,"damage_taken":0.0,"cards_upgraded":["Cloak And Dagger"]},{"damage_healed":0.0,"max_hp_gain":0.0,"max_hp_loss":0.0,"gold_gain":275.0,"event_name":"Golden Shrine","player_choice":"Desecrate","floor":3.0,"gold_loss":0.0,"damage_taken":0.0,"cards_obtained":["Regret"]},{"damage_healed":0.0,"max_hp_gain":0.0,"max_hp_loss":0.0,"gold_gain":0.0,"event_name":"FaceTrader","player_choice":"Trade","floor":14.0,"gold_loss":0.0,"damage_taken":0.0,"relics_obtained":["NlothsMask"]}],"is_beta":false,"boss_relics":[],"items_purged_floors":[],"is_endless":false,"potions_floor_spawned":[4,5],"killed_by":"The Guardian","ascension_level":0}}