{"host":"ymmeoa1x24ihslbm","time":1614381216,"event":{"mods":["AchievementEnabler","BaseMod","Colored Map","Colored Powertips","Defuse TimeMaze Blight","Hermit","Highlight Path","Minty Spire (QoL Compilation)","Permanent Neow","Quick Restart","StSLib","Unceasing Turn Reminder"],"gold_per_floor":[364,5,24,24,47,59,98,110,199,211,223,251,281,318,330,443,455,481,408,431,459,471,483,520,532,544,571,583,626,638,661,673,685,685],"floor_reached":33,"language":"ENG","playtime":3299,"items_purged":[],"score":377,"play_id":"69755f1c-d227-4dec-972c-ba36160a8f3b","local_time":"20210227001336","is_ascension_mode":true,"campfire_choices":[{"data":"hermit:Manifest","floor":6,"key":"SMITH"},{"data":"hermit:LoneWolf","floor":8,"key":"SMITH"},{"data":"hermit:LuckOfTheDraw","floor":10,"key":"SMITH"},{"data":"hermit:FullyLoaded","floor":15,"key":"SMITH"},{"data":"hermit:GhostlyPresence","floor":23,"key":"SMITH"},{"data":"hermit:Vantage","floor":25,"key":"SMITH"},{"data":"hermit:Enervate","floor":28,"key":"SMITH"},{"data":"hermit:Misfire","floor":32,"key":"SMITH"}],"circlet_count":0,"master_deck":["hermit:Strike_Hermit+1","hermit:Strike_Hermit+1","hermit:Strike_Hermit+1","hermit:Strike_Hermit+1","hermit:Defend_Hermit+1","hermit:Defend_Hermit+1","hermit:Defend_Hermit+1","hermit:Defend_Hermit+1","hermit:Snapshot+1","hermit:Covet","Decay","hermit:Vantage+1","hermit:LoneWolf+1","hermit:Manifest+1","hermit:LuckOfTheDraw+1","hermit:Grudge","hermit:Brawl","hermit:FullyLoaded+1","hermit:Purgatory","CurseOfTheBell","hermit:GhostlyPresence+1","hermit:Glare+1","hermit:Enervate+1","hermit:Misfire+1","hermit:LowProfile+1"],"relics":["hermit:Momento","HandDrill","Orichalcum","MawBank","hermit:RedScarf","hermit:Horseshoe","Anchor","Calling Bell","Pen Nib","Blue Candle","Pocketwatch","InkBottle","Blood Vial","Letter Opener","Bag of Preparation"],"acts_visited":["Exordium","TheCity"],"potions_floor_usage":[7,29],"damage_taken":[{"damage":0.0,"enemies":"Small Slimes","floor":1.0,"turns":3.0},{"damage":4.0,"enemies":"Jaw Worm","floor":3.0,"turns":4.0},{"damage":9,"enemies":"Cultist","floor":5,"turns":6},{"damage":6,"enemies":"Lagavulin","floor":7,"turns":6},{"damage":0,"enemies":"Looter","floor":12,"turns":3},{"damage":2,"enemies":"3 Louse","floor":13,"turns":4},{"damage":0,"enemies":"Gremlin Nob","floor":14,"turns":3},{"damage":25,"enemies":"Slime Boss","floor":16,"turns":9},{"damage":17,"enemies":"Spheric Guardian","floor":18,"turns":8},{"damage":7,"enemies":"3 Byrds","floor":20,"turns":7},{"damage":9,"enemies":"Centurion and Healer","floor":21,"turns":6},{"damage":13,"enemies":"Gremlin Leader","floor":24,"turns":8},{"damage":0,"enemies":"Snake Plant","floor":27,"turns":2},{"damage":33,"enemies":"Slavers","floor":29,"turns":6},{"damage":18,"enemies":"Snecko","floor":31,"turns":5},{"damage":43,"enemies":"Champ","floor":33,"turns":9}],"seed_played":"-8840279212276356657","potions_obtained":[{"floor":1.0,"key":"CultistPotion"},{"floor":3.0,"key":"FairyPotion"},{"floor":7,"key":"Dexterity Potion"},{"floor":24,"key":"EssenceOfSteel"},{"floor":31,"key":"FearPotion"}],"is_trial":false,"path_per_floor":["M","$","M","?","M","R","E","R","T","R","?","M","M","E","R","B",null,"M","?","M","M","?","R","E","R","T","M","R","E","?","M","R","B"],"character_chosen":"HERMIT","items_purchased":["HandDrill","Orichalcum","hermit:LoneWolf"],"campfire_rested":0,"item_purchase_floors":[2,2,2],"current_hp_per_floor":[75,75,71,68,59,59,53,53,53,53,53,53,51,51,51,26,75,58,58,51,42,42,42,29,29,29,31,31,22,47,31,31,0,0],"gold":685,"neow_bonus":"TWO_FIFTY_GOLD","is_daily":false,"chose_seed":false,"campfire_upgraded":8,"win_rate":0.0,"timestamp":1614381216,"path_taken":["M","$","M","?","M","R","E","R","T","R","?","M","?","E","R","BOSS","M","?","M","M","?","R","E","R","T","?","R","E","?","M","R","BOSS"],"items_purchased_type":["Relic","Relic","Card"],"build_version":"2020-12-22","purchased_purges":0,"victory":false,"max_hp_per_floor":[75,75,75,75,75,75,75,75,75,75,75,75,75,75,75,75,75,75,75,75,75,75,75,75,75,75,75,75,75,75,75,75,75,75],"card_choices":[{"not_picked":["hermit:Roulette","hermit:PistolWhip"],"picked":"hermit:Vantage","floor":1.0},{"not_picked":["hermit:Feint","hermit:Glare"],"picked":"hermit:Manifest","floor":3.0},{"not_picked":["hermit:Manifest","hermit:Misfire"],"picked":"hermit:LuckOfTheDraw","floor":5},{"not_picked":["hermit:LowProfile","hermit:Malice"],"picked":"hermit:Grudge","floor":7},{"not_picked":["hermit:TakeCover","hermit:LowProfile"],"picked":"hermit:Brawl","floor":12},{"not_picked":["hermit:Dive","hermit:WideOpen"],"picked":"hermit:FullyLoaded","floor":13},{"not_picked":["hermit:BodyArmor","hermit:HighCaliber","hermit:Purgatory"],"picked":"SKIP","floor":14},{"not_picked":["hermit:OverwhelmingPower","hermit:EternalForm"],"picked":"hermit:Purgatory","floor":16},{"not_picked":["hermit:Scavenge","hermit:SprayPray"],"picked":"hermit:GhostlyPresence","floor":18},{"not_picked":["hermit:HoleUp","hermit:Horror+1"],"picked":"hermit:Glare+1","floor":20},{"not_picked":["hermit:PistolWhip","hermit:Misfire"],"picked":"hermit:Enervate","floor":21},{"not_picked":["hermit:Dive+1","hermit:Ricochet+1"],"picked":"hermit:Misfire","floor":24},{"not_picked":["hermit:SprayPray","hermit:Desperado"],"picked":"hermit:LowProfile+1","floor":27},{"not_picked":["hermit:Dive","hermit:TrackingShot+1","hermit:DeadMansHand"],"picked":"SKIP","floor":29},{"not_picked":["hermit:BodyArmor","hermit:Glare+1","hermit:DeadMansHand"],"picked":"SKIP","floor":31}],"player_experience":707252,"relics_obtained":[{"floor":7,"key":"hermit:RedScarf"},{"floor":9,"key":"hermit:Horseshoe"},{"floor":14,"key":"Anchor"},{"floor":17,"key":"Pen Nib"},{"floor":17,"key":"Blue Candle"},{"floor":17,"key":"Pocketwatch"},{"floor":24,"key":"Blood Vial"},{"floor":26,"key":"Letter Opener"},{"floor":29,"key":"Bag of Preparation"}],"event_choices":[{"damage_healed":0.0,"max_hp_gain":0.0,"max_hp_loss":0.0,"gold_gain":0.0,"event_name":"Scrap Ooze","player_choice":"Success","floor":4.0,"gold_loss":0.0,"damage_taken":3.0,"relics_obtained":["MawBank"]},{"damage_healed":0,"gold_gain":0,"player_choice":"Upgraded","damage_taken":0,"max_hp_gain":0,"max_hp_loss":0,"event_name":"Upgrade Shrine","floor":11,"gold_loss":0,"cards_upgraded":["hermit:Snapshot"]},{"damage_healed":0,"gold_gain":0,"player_choice":"Obtained Relic","damage_taken":0,"relics_obtained":["InkBottle"],"max_hp_gain":0,"max_hp_loss":0,"event_name":"Addict","floor":19,"gold_loss":85},{"damage_healed":0,"gold_gain":0,"player_choice":"Simplicity","damage_taken":0,"max_hp_gain":0,"max_hp_loss":0,"event_name":"Back to Basics","floor":22,"gold_loss":0,"cards_upgraded":["hermit:Strike_Hermit","hermit:Strike_Hermit","hermit:Strike_Hermit","hermit:Strike_Hermit","hermit:Defend_Hermit","hermit:Defend_Hermit","hermit:Defend_Hermit","hermit:Defend_Hermit"]},{"damage_healed":25,"gold_gain":0,"player_choice":"Heal","damage_taken":0,"max_hp_gain":0,"max_hp_loss":0,"event_name":"The Library","floor":30,"gold_loss":0}],"is_beta":false,"boss_relics":[{"not_picked":["Astrolabe","SacredBark"],"picked":"Calling Bell"}],"items_purged_floors":[],"is_endless":false,"potions_floor_spawned":[1,3,7,24,31],"killed_by":"Champ","ascension_level":2}}