{"host":"lwys0gbp6t40j7jh","time":1614357109,"event":{"mods":["BaseMod","Minty Spire (QoL Compilation)","StSLib","SuperFastMode"],"gold_per_floor":[213,213,233,79,92,92,92,124,150,168,68,78,78,90,90,191,191,209,209,6,6,26,26,26,26,26,46,46,60,91,91,91,91,91],"floor_reached":33,"language":"ENG","playtime":641,"items_purged":["Strike_P","Defend_P","Strike_P"],"score":305,"play_id":"4605b8f0-2f55-4a4c-b27d-04d92714a2c7","local_time":"20210226173149","is_ascension_mode":true,"campfire_choices":[{"data":"TalkToTheHand","floor":6,"key":"SMITH"},{"floor":15,"key":"REST"},{"data":"Eruption","floor":23,"key":"SMITH"},{"data":"Brilliance","floor":25,"key":"SMITH"},{"data":"FollowUp","floor":32,"key":"SMITH"}],"circlet_count":0,"master_deck":["Strike_P","Strike_P","Defend_P","Defend_P","Defend_P+1","Eruption+1","Vigilance+1","FollowUp","TalkToTheHand+1","EmptyBody","FollowUp+1","FearNoEvil","Brilliance+1","SashWhip","TalkToTheHand+1"],"relics":["HolyWater","Tiny Chest","Damaru","Blood Vial","Letter Opener","Singing Bowl"],"acts_visited":["Exordium","TheCity"],"potions_floor_usage":[16,16,16,30],"damage_taken":[{"damage":0,"enemies":"Jaw Worm","floor":1,"turns":4},{"damage":8,"enemies":"Small Slimes","floor":3,"turns":3},{"damage":0,"enemies":"Cultist","floor":5,"turns":4},{"damage":31,"enemies":"Gremlin Nob","floor":8,"turns":6},{"damage":0,"enemies":"Lots of Slimes","floor":10,"turns":4},{"damage":0,"enemies":"3 Louse","floor":12,"turns":4},{"damage":3,"enemies":"Looter","floor":14,"turns":2},{"damage":19,"enemies":"The Guardian","floor":16,"turns":11},{"damage":0,"enemies":"Spheric Guardian","floor":18,"turns":3},{"damage":0,"enemies":"Chosen","floor":22,"turns":3},{"damage":19,"enemies":"Shelled Parasite and Fungi","floor":27,"turns":4},{"damage":1,"enemies":"Centurion and Healer","floor":29,"turns":6},{"damage":15,"enemies":"Gremlin Leader","floor":30,"turns":5},{"damage":64,"enemies":"Collector","floor":33,"turns":9}],"seed_played":"7639191524051214488","potions_obtained":[{"floor":10,"key":"Energy Potion"},{"floor":12,"key":"GamblersBrew"},{"floor":14,"key":"Block Potion"},{"floor":29,"key":"LiquidMemories"}],"is_trial":false,"path_per_floor":["M","?","M","$","M","R","?","E","T","M","$","M","$","M","R","B",null,"M","?","$","T","M","R","$","R","T","M","?","M","E","?","R","B"],"character_chosen":"WATCHER","items_purchased":["TalkToTheHand","Brilliance"],"campfire_rested":1,"item_purchase_floors":[4,20],"current_hp_per_floor":[72,58,50,50,50,50,72,41,41,41,41,41,41,38,59,40,72,72,59,59,59,61,61,61,61,61,44,44,45,34,60,60,0,0],"gold":91,"neow_bonus":"HUNDRED_GOLD","is_daily":false,"chose_seed":false,"campfire_upgraded":4,"win_rate":0.0,"timestamp":1614357109,"path_taken":["M","?","M","$","M","R","?","E","T","M","$","?","?","M","R","BOSS","M","?","$","?","M","R","$","R","T","M","?","?","E","?","R","BOSS"],"items_purchased_type":["Card","Card"],"build_version":"2020-12-22","purchased_purges":3,"victory":false,"max_hp_per_floor":[72,72,72,72,72,72,72,72,72,72,72,72,72,72,72,72,72,72,77,77,77,77,77,77,77,77,77,77,77,79,79,79,79,79],"card_choices":[{"not_picked":["Prostrate","SignatureMove"],"picked":"FollowUp","floor":1},{"not_picked":["FlyingSleeves","ForeignInfluence","LikeWater"],"picked":"SKIP","floor":3},{"not_picked":["ClearTheMind","Consecrate"],"picked":"EmptyBody","floor":5},{"not_picked":["CarveReality","DeceiveReality"],"picked":"FollowUp","floor":8},{"not_picked":["Scrawl","EmptyFist","WheelKick"],"picked":"SKIP","floor":10},{"not_picked":["FlurryOfBlows","EmptyBody","Protect"],"picked":"SKIP","floor":12},{"not_picked":["ThirdEye","Consecrate"],"picked":"FearNoEvil","floor":14},{"not_picked":["PathToVictory","Crescendo","Collect"],"picked":"SKIP","floor":18},{"not_picked":["Prostrate","CutThroughFate+1"],"picked":"SashWhip","floor":22},{"not_picked":["Wallop","Blasphemy"],"picked":"TalkToTheHand+1","floor":27},{"not_picked":["Prostrate","Protect+1","Halt"],"picked":"SKIP","floor":29},{"not_picked":["Alpha","Protect","LikeWater"],"picked":"Singing Bowl","floor":30}],"player_experience":1230328,"relics_obtained":[{"floor":8,"key":"Tiny Chest"},{"floor":9,"key":"Damaru"},{"floor":21,"key":"Blood Vial"},{"floor":26,"key":"Letter Opener"},{"floor":30,"key":"Singing Bowl"}],"event_choices":[{"damage_healed":0,"gold_gain":0,"player_choice":"Entered Light","damage_taken":14,"max_hp_gain":0,"max_hp_loss":0,"event_name":"Shining Light","floor":2,"gold_loss":0,"cards_upgraded":["Defend_P","Vigilance"]},{"damage_healed":22,"gold_gain":0,"player_choice":"Full Heal","damage_taken":0,"max_hp_gain":0,"max_hp_loss":0,"event_name":"Wheel of Change","floor":7,"gold_loss":0},{"damage_healed":0,"gold_gain":0,"player_choice":"Shed Blood","damage_taken":18,"max_hp_gain":5,"max_hp_loss":0,"event_name":"Forgotten Altar","floor":19,"gold_loss":0},{"damage_healed":26,"gold_gain":0,"player_choice":"Heal","damage_taken":0,"max_hp_gain":0,"max_hp_loss":0,"event_name":"The Library","floor":31,"gold_loss":0}],"is_beta":false,"boss_relics":[{"not_picked":["Pandora\u0027s Box","SlaversCollar"],"picked":"HolyWater"}],"items_purged_floors":[4,11,20],"is_endless":false,"potions_floor_spawned":[10,12,14,29],"killed_by":"Collector","ascension_level":3}}