{"host":"dhv3u8yhd2rnugsp","time":1614316632,"event":{"mods":["BaseMod","Block Reminder","Colored Map","Googly Eyes","Highlight Path","Minty Spire (QoL Compilation)","Permanent Neow","Quick Restart","Random Character Button","StSLib"],"gold_per_floor":[163,163,163,178,188,188,217,217,217,217,217,231,231,250,250,250,250],"floor_reached":16,"language":"ENG","playtime":464,"items_purged":[],"score":200,"play_id":"964c629a-e162-4c0e-b07c-2a7bb7247a3c","local_time":"20210225231712","is_ascension_mode":true,"campfire_choices":[{"data":"Blade Dance","floor":6,"key":"SMITH"},{"floor":8,"key":"REST"},{"data":"Sucker Punch","floor":10,"key":"SMITH"},{"data":"Blade Dance","floor":15,"key":"SMITH"}],"circlet_count":0,"master_deck":["AscendersBane","Strike_G","Strike_G","Strike_G","Strike_G+1","Defend_G","Defend_G","Defend_G","Defend_G","Defend_G","Survivor","Neutralize","PiercingWail","Dodge and Roll","Blade Dance+1","Blade Dance+1","Sucker Punch+1","Blur+1","Escape Plan","Calculated Gamble"],"relics":["Tiny House","Peace Pipe","Tiny Chest","Ice Cream"],"acts_visited":["Exordium"],"potions_floor_usage":[7,16],"damage_taken":[{"damage":1,"enemies":"Cultist","floor":1,"turns":4},{"damage":0,"enemies":"2 Louse","floor":4,"turns":3},{"damage":3,"enemies":"Small Slimes","floor":5,"turns":3},{"damage":58,"enemies":"Gremlin Nob","floor":7,"turns":5},{"damage":19,"enemies":"Gremlin Gang","floor":12,"turns":6},{"damage":1,"enemies":"2 Fungi Beasts","floor":14,"turns":3},{"damage":30,"enemies":"Hexaghost","floor":16,"turns":14}],"seed_played":"-257975684606443702","potions_obtained":[{"floor":0,"key":"Poison Potion"},{"floor":5,"key":"Dexterity Potion"},{"floor":14,"key":"EssenceOfSteel"}],"is_trial":false,"path_per_floor":["M","?","?","M","M","R","E","R","T","R","?","M","?","M","R","B"],"character_chosen":"THE_SILENT","items_purchased":[],"campfire_rested":1,"item_purchase_floors":[],"current_hp_per_floor":[63,63,63,63,60,60,2,23,23,23,46,27,27,26,26,0,0],"gold":250,"neow_bonus":"BOSS_RELIC","is_daily":false,"chose_seed":false,"campfire_upgraded":3,"win_rate":0.0,"timestamp":1614316632,"path_taken":["M","?","?","?","M","R","E","R","T","R","?","M","?","?","R","BOSS"],"items_purchased_type":[],"build_version":"2020-12-22","purchased_purges":0,"victory":false,"max_hp_per_floor":[71,71,71,71,71,71,71,71,71,71,71,71,71,71,71,71,71],"card_choices":[{"not_picked":["Acrobatics","Expertise"],"picked":"PiercingWail","floor":0},{"not_picked":["Expertise","Concentrate"],"picked":"Dodge and Roll","floor":1},{"not_picked":["Sucker Punch","Accuracy"],"picked":"Blade Dance","floor":4},{"not_picked":["Acrobatics","Concentrate"],"picked":"Sucker Punch","floor":5},{"not_picked":["Deadly Poison","Backflip"],"picked":"Blur","floor":7},{"not_picked":["Bullet Time","Dagger Throw"],"picked":"Escape Plan","floor":12},{"not_picked":["Outmaneuver","Tactician"],"picked":"Calculated Gamble","floor":14}],"player_experience":1712841,"relics_obtained":[{"floor":7,"key":"Tiny Chest"},{"floor":9,"key":"Ice Cream"}],"event_choices":[{"damage_healed":0,"gold_gain":0,"cards_transformed":["Strike_G"],"player_choice":"Change","damage_taken":0,"max_hp_gain":0,"max_hp_loss":0,"event_name":"Living Wall","floor":2,"gold_loss":0,"cards_obtained":["Blade Dance"]},{"damage_healed":0,"gold_gain":0,"player_choice":"Gave Potion","damage_taken":0,"relics_obtained":["Peace Pipe"],"max_hp_gain":0,"max_hp_loss":0,"event_name":"WeMeetAgain","floor":3,"gold_loss":0},{"damage_healed":23,"gold_gain":0,"player_choice":"Banana","damage_taken":0,"max_hp_gain":0,"max_hp_loss":0,"event_name":"Big Fish","floor":11,"gold_loss":0},{"damage_healed":0,"gold_gain":0,"player_choice":"Upgraded","damage_taken":0,"max_hp_gain":0,"max_hp_loss":0,"event_name":"Upgrade Shrine","floor":13,"gold_loss":0,"cards_upgraded":["Blur"]}],"is_beta":false,"boss_relics":[],"items_purged_floors":[],"is_endless":false,"potions_floor_spawned":[5,14],"killed_by":"Hexaghost","ascension_level":20}}