{"host":"Luke","time":1614380566,"event":{"mods":["BaseMod","Better Third Choice","Colored Map","Downfall","Hermit","Minty Spire (QoL Compilation)","Shade Mod","StSLib","The Exalted","The Hierophant","TheFirefly","TheHero","Unceasing Turn Reminder"],"gold_per_floor":[99,109,94,104,89,89,89,89,102,122,141,241,30,62,62,165,165,65,80,65,80,180,80,80,35,52,62,73,23,53,69,85,190,190,90,103,149,149,149,149,198,209,209,209,209,236,236,251,266,266,266,266],"floor_reached":50,"language":"ENG","playtime":12799,"items_purged":["downfall:Aged"],"score":624,"play_id":"b37c626a-a78e-4868-9eef-d51c6d35dec2","local_time":"20210226230246","is_ascension_mode":false,"campfire_choices":[{"data":"Slimebound:Split","floor":1,"key":"SMITH"},{"floor":18,"key":"RECALL"},{"data":"Slimebound:SelfFormingGoo","floor":23,"key":"SMITH"},{"data":"Slimebound:DouseInSlime","floor":35,"key":"SMITH"},{"floor":40,"key":"REST"},{"floor":44,"key":"REST"},{"data":"Slimebound:Darklings","floor":47,"key":"SMITH"}],"circlet_count":0,"master_deck":["Slimebound:Strike_Slimebound+1","Slimebound:Strike_Slimebound+1","Slimebound:Tackle+1","Slimebound:Defend_Slimebound+1","Slimebound:Defend_Slimebound+1","Slimebound:Split+1","Slimebound:CorrosiveSpit+1","Slimebound:HauntingLick+1","Slimebound:Repurpose+1","Slimebound:RollThrough+1","Slimebound:MegaLick+1","Slimebound:GrowthPunch+1","Slimebound:SplitMire+1","Slimebound:SplitLeeching+1","Slimebound:SelfFormingGoo+1","Slimebound:SamplingLick+1","expansioncontent:StudyTheSpire+1","Slimebound:Equalize+1","Slimebound:MassFeed+1","Slimebound:SlimeBarrage+1","Slimebound:SamplingLick+1","Slimebound:SplitMire+1","Slimebound:Split+1","Slimebound:GoopSpray+1","Slimebound:ForwardTackle+1","Slimebound:MassFeed+1","Deep Breath+1","Slimebound:Prepare+1","expansioncontent:QuickStudy+1","Slimebound:HauntingLick+1","Slimebound:SplitMire+1","Slimebound:LivingWall+1","Slimebound:ViciousTackle+1","Slimebound:HauntingLick+1","Slimebound:DouseInSlime+1","Slimebound:SplitMire+1","Slimebound:SplitLeeching+1","Decay","Slimebound:Darklings+1","Slimebound:HauntingLick+1","Slimebound:FirmFortitude"],"relics":["Slimebound:AbsorbEndCombat","PreservedInsect","Bronze Scales","SacredBark","downfall:GremlinSack","Membership Card","Slimebound:MaxSlimesRelic","Red Mask","Cursed Key","StoneCalendar","Juzu Bracelet","Orichalcum"],"acts_visited":["Exordium","TheCity","TheBeyond"],"potions_floor_usage":[13,15,20,22,25,28,30,33,37,48],"damage_taken":[{"damage":4,"enemies":"Cultist","floor":2,"turns":4},{"damage":5,"enemies":"downfall:FleeingMerchant","floor":3,"turns":4},{"damage":1,"enemies":"2 Louse","floor":4,"turns":2},{"damage":8,"enemies":"downfall:FleeingMerchant","floor":5,"turns":4},{"damage":0,"enemies":"Small Slimes","floor":9,"turns":2},{"damage":7,"enemies":"Exordium Wildlife","floor":10,"turns":4},{"damage":2,"enemies":"Large Slime","floor":11,"turns":4},{"damage":15,"enemies":"downfall:FleeingMerchant","floor":13,"turns":4},{"damage":33,"enemies":"Gremlin Nob","floor":14,"turns":5},{"damage":0,"enemies":"Gremlin Gang","floor":15,"turns":1},{"damage":34,"enemies":"IC_STATUS_ARCHETYPE","floor":16,"turns":6},{"damage":30,"enemies":"Chosen","floor":19,"turns":5},{"damage":9,"enemies":"downfall:FleeingMerchant","floor":20,"turns":4},{"damage":0,"enemies":"Shell Parasite","floor":21,"turns":5},{"damage":17,"enemies":"Shell Parasite","floor":22,"turns":4},{"damage":28,"enemies":"downfall:FleeingMerchant","floor":25,"turns":3},{"damage":4,"enemies":"Centurion and Healer","floor":26,"turns":7},{"damage":9,"enemies":"Snecko","floor":27,"turns":5},{"damage":18,"enemies":"Snake Plant","floor":28,"turns":3},{"damage":22,"enemies":"Masked Bandits","floor":30,"turns":4},{"damage":14,"enemies":"Sentry and Sphere","floor":31,"turns":5},{"damage":12,"enemies":"Snecko","floor":32,"turns":4},{"damage":20,"enemies":"WA_ARCHETYPE_CALM","floor":33,"turns":7},{"damage":0,"enemies":"Orb Walker","floor":36,"turns":2},{"damage":33,"enemies":"2 Orb Walkers","floor":37,"turns":4},{"damage":5,"enemies":"3 Darklings","floor":42,"turns":4},{"damage":5,"enemies":"Giant Head","floor":46,"turns":4},{"damage":15,"enemies":"Maw","floor":48,"turns":5},{"damage":19,"enemies":"Sphere and 2 Shapes","floor":49,"turns":5},{"damage":78,"enemies":"DF_ARCHETYPE_ORBS","floor":50,"turns":6}],"seed_played":"3324290307786486169","potions_obtained":[{"floor":9,"key":"SmokeBomb"},{"floor":10,"key":"sneckomod:MuddlingPotion"},{"floor":11,"key":"AttackPotion"},{"floor":16,"key":"Slimebound:ThreeZeroPotion"},{"floor":19,"key":"Dexterity Potion"},{"floor":21,"key":"SneckoOil"},{"floor":26,"key":"sneckomod:MuddlingPotion"},{"floor":27,"key":"sneckomod:MuddlingPotion"},{"floor":32,"key":"LiquidBronze"},{"floor":36,"key":"SkillPotion"},{"floor":46,"key":"GamblersBrew"},{"floor":49,"key":"Fire Potion"}],"is_trial":false,"path_per_floor":["R","M","$","M","$","?","T","?","M","M","M","?","$","E","M","B",null,"R","M","$","M","?","R","T","$","M","M","M","?","?","M","M","B",null,"R","M","?","?","?","R","T","M","?","R","?","E","R","M","M","B"],"character_chosen":"SLIMEBOUND","items_purchased":["Slimebound:SamplingLick","expansioncontent:StudyTheSpire","Membership Card","Slimebound:MaxSlimesRelic","expansioncontent:QuickStudy"],"campfire_rested":2,"item_purchase_floors":[13,13,25,25,25],"current_hp_per_floor":[65,63,64,65,63,63,63,63,65,60,63,63,52,25,25,7,65,65,47,54,63,53,53,53,27,39,40,34,61,53,53,45,41,74,84,84,61,61,61,80,80,80,80,80,80,80,80,84,69,0,0,0],"gold":266,"neow_bonus":"TRANSFORM_CARD","is_daily":false,"chose_seed":false,"campfire_upgraded":4,"win_rate":0.0,"timestamp":1614380566,"path_taken":["R","M","?","M","$","?","T","?","M","M","?","?","?","E","M","BOSS","R","M","$","M","?","R","T","$","M","?","M","?","?","M","M","BOSS","R","M","?","?","?","R","T","M","?","R","?","E","R","M","M","BOSS"],"items_purchased_type":["Card","Card","Relic","Relic","Card"],"build_version":"2020-12-18","purchased_purges":1,"victory":false,"max_hp_per_floor":[65,65,65,65,65,65,65,65,65,65,65,65,65,65,65,65,65,65,65,65,68,68,68,68,68,68,68,68,68,74,74,74,74,74,84,84,90,90,80,80,80,80,80,80,80,80,80,84,84,84,84,84],"card_choices":[{"not_picked":["Slimebound:DivideAndConquer","Slimebound:SplitAcid"],"picked":"Slimebound:HauntingLick","floor":2},{"not_picked":["Slimebound:DisruptingSlam","Slimebound:GoopTackle"],"picked":"Slimebound:Repurpose","floor":3},{"not_picked":["Slimebound:GoopTackle","Slimebound:SplitAcid"],"picked":"Slimebound:RollThrough","floor":4},{"not_picked":["Slimebound:PressTheAttack","Slimebound:RollThrough"],"picked":"Slimebound:MegaLick","floor":5},{"not_picked":["Slimebound:SplitBruiser","Slimebound:SlimeSpikes"],"picked":"Slimebound:GrowthPunch","floor":9},{"not_picked":["Slimebound:SpikyOuterGoop","Slimebound:SplitBruiser"],"picked":"Slimebound:SplitMire","floor":10},{"not_picked":["Slimebound:DivideAndConquer","Slimebound:SplitAcid"],"picked":"Slimebound:SplitLeeching","floor":11},{"not_picked":["Slimebound:RainOfGoop","Slimebound:Repurpose"],"picked":"Slimebound:SelfFormingGoo","floor":13},{"not_picked":["Slimebound:FinishingTackle","Slimebound:LeechEnergy"],"picked":"Slimebound:Equalize","floor":14},{"not_picked":["Slimebound:PrepareCrush","Slimebound:Teamwork"],"picked":"Slimebound:MassFeed","floor":16},{"not_picked":["Slimebound:SplitMire","Slimebound:Nibble"],"picked":"Slimebound:SlimeBarrage","floor":19},{"not_picked":["Slimebound:ProtectTheBoss","Slimebound:SplitAcid"],"picked":"Slimebound:SamplingLick","floor":20},{"not_picked":["Slimebound:GoopTackle","Slimebound:FormOfPuddle"],"picked":"Slimebound:SplitMire+1","floor":21},{"not_picked":["Slimebound:BestDefense","Slimebound:SlimeSlap"],"picked":"Slimebound:Prepare","floor":25},{"not_picked":["Slimebound:Schlurp","Slimebound:SplitLeeching+1"],"picked":"Slimebound:HauntingLick+1","floor":26},{"not_picked":["Slimebound:RollThrough","Slimebound:ItLooksTasty+1"],"picked":"Slimebound:SplitMire+1","floor":27},{"not_picked":["Slimebound:ComboTackle","Slimebound:DivideAndConquer"],"picked":"Slimebound:LivingWall+1","floor":28},{"not_picked":["Slimebound:ProtectTheBoss","Slimebound:RallyTheTroops"],"picked":"Slimebound:ViciousTackle","floor":30},{"not_picked":["Slimebound:SplitAcid","Slimebound:GoopSpray"],"picked":"Slimebound:HauntingLick","floor":31},{"not_picked":["Slimebound:Prepare+1","Slimebound:ForwardTackle","Slimebound:LivingWall"],"picked":"SKIP","floor":32},{"not_picked":["Slimebound:OneTwoCombo","Slimebound:CheckThePlaybook"],"picked":"Slimebound:DouseInSlime","floor":33},{"not_picked":["Slimebound:FormOfPuddle","Slimebound:Grow+1"],"picked":"Slimebound:SplitMire+1","floor":36},{"not_picked":["Slimebound:GoopSpray","Slimebound:ItLooksTasty+1"],"picked":"Slimebound:SplitLeeching+1","floor":37},{"not_picked":["Slimebound:SamplingLick","Slimebound:LeechingTouch","Slimebound:LeechEnergy+1"],"picked":"SKIP","floor":42},{"not_picked":["Slimebound:RainOfGoop","Slimebound:MegaLick+1"],"picked":"Slimebound:HauntingLick+1","floor":46},{"not_picked":["Slimebound:ItLooksTasty+1","Slimebound:HauntingLick"],"picked":"Slimebound:FirmFortitude","floor":48},{"not_picked":["Slimebound:GoopTackle+1","Slimebound:SplitLeeching+1","Slimebound:LeechingTouch+1"],"picked":"SKIP","floor":49}],"player_experience":791097,"relics_obtained":[{"floor":7,"key":"PreservedInsect"},{"floor":14,"key":"Bronze Scales"},{"floor":22,"key":"downfall:GremlinSack"},{"floor":30,"key":"Red Mask"},{"floor":37,"key":"StoneCalendar"},{"floor":41,"key":"Juzu Bracelet"},{"floor":46,"key":"Orichalcum"}],"event_choices":[{"damage_healed":0,"gold_gain":0,"player_choice":"Grow","damage_taken":0,"max_hp_gain":0,"max_hp_loss":0,"event_name":"Living Wall","floor":6,"gold_loss":0,"cards_upgraded":["Slimebound:SlimeSlap"]},{"cards_removed":["Slimebound:Defend_Slimebound"],"damage_healed":0,"gold_gain":0,"player_choice":"Offered Basic","damage_taken":0,"max_hp_gain":0,"max_hp_loss":0,"event_name":"Bonfire Elementals","floor":8,"gold_loss":0},{"damage_healed":0,"gold_gain":0,"player_choice":"Fought Bandits","damage_taken":0,"max_hp_gain":0,"max_hp_loss":0,"event_name":"Masked Bandits","floor":30,"gold_loss":0},{"damage_healed":0,"gold_gain":0,"player_choice":"Fight","damage_taken":0,"max_hp_gain":0,"max_hp_loss":0,"event_name":"Mysterious Sphere","floor":37,"gold_loss":0},{"cards_removed":["Slimebound:Defend_Slimebound"],"damage_healed":0,"gold_gain":0,"player_choice":"Removed Skill","damage_taken":0,"max_hp_gain":0,"max_hp_loss":0,"event_name":"Falling","floor":38,"gold_loss":0}],"is_beta":true,"boss_relics":[{"not_picked":["Bromod:ArcaneBarrier","Velvet Choker"],"picked":"SacredBark"},{"not_picked":["Busted Crown","Runic Pyramid"],"picked":"Cursed Key"}],"items_purged_floors":[25],"is_endless":false,"potions_floor_spawned":[9,10,11,16,19,21,26,27,32,36,46,49],"killed_by":"DF_ARCHETYPE_ORBS","ascension_level":0}}