{"host":"88sw61cmk1203zgj","time":1614298437,"event":{"mods":["BaseMod","Minty Spire (QoL Compilation)"],"gold_per_floor":[111,121,121,134,134,162,162,177,177,210,229,20,40,5,5,84,84,102,116,116,134,334,364,364,364,364,380,380,400,228,228,228,299,299,309,334,334,345,147,181,212,224,224,224,236,236,279,290,290,290,290],"floor_reached":50,"language":"ENG","playtime":5003,"items_purged":["Strike_G","Grand Finale","Deadly Poison"],"score":1065,"play_id":"06380997-7752-4a62-a2c2-38eae06536bd","local_time":"20210225191357","is_ascension_mode":true,"campfire_choices":[{"data":"Blade Dance","floor":7.0,"key":"SMITH"},{"data":"Calculated Gamble","floor":15.0,"key":"SMITH"},{"floor":24.0,"key":"REST"},{"data":"Blade Dance","floor":25.0,"key":"SMITH"},{"data":"Terror","floor":28.0,"key":"SMITH"},{"floor":32.0,"key":"REST"},{"data":"A Thousand Cuts","floor":44.0,"key":"SMITH"},{"floor":49.0,"key":"RECALL"}],"circlet_count":0,"master_deck":["AscendersBane","Strike_G+1","Defend_G","Defend_G","Defend_G","Defend_G+1","Survivor","Neutralize+1","Skewer+1","Blade Dance+1","Deflect","Blade Dance+1","Calculated Gamble+1","Flying Knee","PiercingWail","Footwork","Dagger Throw","Die Die Die","Escape Plan","Acrobatics","Escape Plan","Dodge and Roll+1","Endless Agony","Terror+1","PiercingWail","Cloak And Dagger","Underhanded Strike","A Thousand Cuts+1","Blade Dance+1","Flash of Steel","Blur","Accuracy","Blur","Backflip","PiercingWail","Escape Plan"],"relics":["Ring of the Snake","Tough Bandages","WingedGreaves","Bottled Lightning","Empty Cage","Kunai","InkBottle","Coffee Dripper","Mango","Eternal Feather","Bronze Scales","Letter Opener","CeramicFish"],"acts_visited":["Exordium","TheCity","TheBeyond"],"potions_floor_usage":[50],"damage_taken":[{"damage":0.0,"enemies":"Jaw Worm","floor":1.0,"turns":5.0},{"damage":2.0,"enemies":"Cultist","floor":2.0,"turns":5.0},{"damage":0.0,"enemies":"Small Slimes","floor":4.0,"turns":2.0},{"damage":12.0,"enemies":"3 Sentries","floor":6.0,"turns":8.0},{"damage":0.0,"enemies":"Exordium Wildlife","floor":8.0,"turns":4.0},{"damage":16.0,"enemies":"Lagavulin","floor":10.0,"turns":7.0},{"damage":4.0,"enemies":"Blue Slaver","floor":11.0,"turns":3.0},{"damage":1.0,"enemies":"Lots of Slimes","floor":13.0,"turns":4.0},{"damage":6.0,"enemies":"The Guardian","floor":16.0,"turns":13.0},{"damage":4.0,"enemies":"Shell Parasite","floor":18.0,"turns":4.0},{"damage":6.0,"enemies":"2 Thieves","floor":19.0,"turns":5.0},{"damage":7.0,"enemies":"Shelled Parasite and Fungi","floor":21.0,"turns":4.0},{"damage":22.0,"enemies":"Book of Stabbing","floor":23.0,"turns":7.0},{"damage":2.0,"enemies":"Chosen and Byrds","floor":27.0,"turns":12.0},{"damage":0.0,"enemies":"Centurion and Healer","floor":29.0,"turns":5.0},{"damage":35.0,"enemies":"Automaton","floor":33.0,"turns":16.0},{"damage":0.0,"enemies":"3 Darklings","floor":35.0,"turns":5.0},{"damage":0.0,"enemies":"Mind Bloom Boss Battle","floor":36.0,"turns":6.0},{"damage":2.0,"enemies":"3 Shapes","floor":38.0,"turns":5.0},{"damage":4.0,"enemies":"Nemesis","floor":40.0,"turns":8.0},{"damage":0.0,"enemies":"Giant Head","floor":41.0,"turns":6.0},{"damage":7.0,"enemies":"Sphere and 2 Shapes","floor":42.0,"turns":4.0},{"damage":0.0,"enemies":"3 Darklings","floor":45.0,"turns":6.0},{"damage":0.0,"enemies":"Reptomancer","floor":47.0,"turns":4.0},{"damage":0.0,"enemies":"Writhing Mass","floor":48.0,"turns":6.0},{"damage":91,"enemies":"Time Eater","floor":50,"turns":9}],"seed_played":"-7343267100450352069","potions_obtained":[{"floor":1.0,"key":"PowerPotion"},{"floor":2.0,"key":"Block Potion"},{"floor":10.0,"key":"Dexterity Potion"},{"floor":11.0,"key":"FearPotion"},{"floor":27.0,"key":"Swift Potion"},{"floor":29.0,"key":"PowerPotion"},{"floor":36.0,"key":"DistilledChaos"},{"floor":42.0,"key":"DuplicationPotion"}],"is_trial":false,"path_per_floor":["M","M","?","M","?","E","R","M","T","E","M","$","M","?","R","B",null,"M","M","?","M","?","E","R","R","T","M","R","M","$","?","R","B",null,"M","?","?","M","$","E","E","M","T","R","M","T","E","M","R","B"],"character_chosen":"THE_SILENT","items_purchased":["Deadly Poison","PiercingWail","Footwork","Cloak And Dagger","Underhanded Strike","Accuracy"],"campfire_rested":2,"item_purchase_floors":[12,12,12,30,30,39],"current_hp_per_floor":[59,57,44,44,44,32,32,32,32,16,12,12,11,27,27,21,55,51,45,45,38,38,16,35,35,35,33,33,33,33,33,52,17,54,54,68,68,66,66,62,62,55,55,73,73,73,73,73,80,0,0],"gold":290,"neow_bonus":"UPGRADE_CARD","is_daily":false,"chose_seed":false,"campfire_upgraded":5,"win_rate":0.0,"timestamp":1614298437,"path_taken":["M","M","?","M","?","E","R","?","T","E","M","?","M","?","R","BOSS","M","M","?","M","?","E","R","R","T","M","R","?","$","?","R","BOSS","M","?","?","M","$","E","E","M","T","R","M","?","E","?","R","BOSS"],"items_purchased_type":["Card","Card","Card","Card","Card","Card"],"build_version":"2020-12-22","purchased_purges":3,"victory":false,"max_hp_per_floor":[66,66,66,66,66,66,66,66,66,66,66,66,66,66,66,66,66,66,66,66,66,66,66,66,66,66,66,66,66,66,66,66,66,66,66,80,80,80,80,80,80,80,80,80,80,80,80,80,80,80,80],"card_choices":[{"not_picked":["Finisher","Tactician"],"picked":"Skewer","floor":1.0},{"not_picked":["Distraction","Skewer"],"picked":"Blade Dance","floor":2.0},{"not_picked":["Underhanded Strike","Dagger Spray"],"picked":"Deflect","floor":4.0},{"not_picked":["Underhanded Strike","Bane"],"picked":"Blade Dance","floor":6.0},{"not_picked":["Backflip","Choke","Dodge and Roll"],"picked":"SKIP","floor":8.0},{"not_picked":["Expertise","Deadly Poison"],"picked":"Calculated Gamble","floor":10.0},{"not_picked":["Bane","Setup"],"picked":"Flying Knee","floor":11.0},{"not_picked":["Glass Knife","Reflex"],"picked":"Dagger Throw","floor":13.0},{"not_picked":["Doppelganger","Glass Knife"],"picked":"Die Die Die","floor":16.0},{"not_picked":["Blade Dance","Dagger Spray"],"picked":"Escape Plan","floor":18.0},{"not_picked":["Quick Slash","Backflip"],"picked":"Acrobatics","floor":19.0},{"not_picked":["Cloak And Dagger","Acrobatics"],"picked":"Dodge and Roll+1","floor":21.0},{"not_picked":["Dash","Backstab"],"picked":"Endless Agony","floor":23.0},{"not_picked":["Quick Slash","Eviscerate"],"picked":"Terror","floor":27.0},{"not_picked":["Quick Slash","Footwork"],"picked":"PiercingWail","floor":29.0},{"not_picked":["Phantasmal Killer","Die Die Die"],"picked":"A Thousand Cuts","floor":33.0},{"not_picked":["Distraction","Poisoned Stab"],"picked":"Blade Dance+1","floor":35.0},{"not_picked":["Forethought","Good Instincts"],"picked":"Flash of Steel","floor":37.0},{"not_picked":["Infinite Blades+1","Outmaneuver"],"picked":"Blur","floor":38.0},{"not_picked":["Predator","Quick Slash","Underhanded Strike+1"],"picked":"SKIP","floor":40.0},{"not_picked":["Tactician+1","Endless Agony"],"picked":"Blur","floor":41.0},{"not_picked":["Finisher","Sucker Punch"],"picked":"Backflip","floor":42.0},{"not_picked":["Outmaneuver","Dagger Throw"],"picked":"PiercingWail","floor":45.0},{"not_picked":["Masterful Stab+1","Backstab"],"picked":"Escape Plan","floor":47.0},{"not_picked":["Crippling Poison","Slice","Dagger Spray"],"picked":"SKIP","floor":48.0}],"player_experience":1610486,"relics_obtained":[{"floor":6.0,"key":"Tough Bandages"},{"floor":9.0,"key":"WingedGreaves"},{"floor":10.0,"key":"Bottled Lightning"},{"floor":23.0,"key":"Kunai"},{"floor":26.0,"key":"InkBottle"},{"floor":36.0,"key":"Mango"},{"floor":40.0,"key":"Eternal Feather"},{"floor":41.0,"key":"Bronze Scales"},{"floor":46.0,"key":"Letter Opener"},{"floor":47.0,"key":"CeramicFish"}],"event_choices":[{"damage_healed":0.0,"max_hp_gain":0.0,"max_hp_loss":0.0,"gold_gain":0.0,"event_name":"Shining Light","player_choice":"Entered Light","floor":3.0,"gold_loss":0.0,"damage_taken":13.0,"cards_upgraded":["Strike_G","Defend_G"]},{"damage_healed":0.0,"max_hp_gain":0.0,"max_hp_loss":0.0,"gold_gain":0.0,"event_name":"Upgrade Shrine","player_choice":"Upgraded","floor":5.0,"gold_loss":0.0,"damage_taken":0.0,"cards_upgraded":["Skewer"]},{"damage_healed":16.0,"max_hp_gain":0.0,"max_hp_loss":0.0,"gold_gain":0.0,"event_name":"The Cleric","player_choice":"Healed","floor":14.0,"gold_loss":35.0,"damage_taken":0.0},{"damage_healed":0.0,"max_hp_gain":0.0,"max_hp_loss":0.0,"gold_gain":0.0,"cards_transformed":["Strike_G","Defend_G"],"event_name":"Drug Dealer","player_choice":"Became Test Subject","floor":20.0,"gold_loss":0.0,"damage_taken":0.0,"cards_obtained":["Grand Finale","Escape Plan"]},{"damage_healed":0.0,"max_hp_gain":0.0,"max_hp_loss":0.0,"gold_gain":250.0,"event_name":"The Joust","player_choice":"Bet on Owner","floor":22.0,"gold_loss":50.0,"damage_taken":0.0},{"damage_healed":0.0,"max_hp_gain":0.0,"max_hp_loss":0.0,"gold_gain":0.0,"event_name":"Ghosts","player_choice":"Ignored","floor":31.0,"gold_loss":0.0,"damage_taken":0.0},{"damage_healed":0.0,"max_hp_gain":0.0,"max_hp_loss":0.0,"gold_gain":0.0,"event_name":"MindBloom","player_choice":"Fight","floor":36.0,"gold_loss":0.0,"damage_taken":0.0},{"damage_healed":0.0,"max_hp_gain":0.0,"max_hp_loss":0.0,"gold_gain":0.0,"event_name":"SensoryStone","player_choice":"Memory 1","floor":37.0,"gold_loss":0.0,"damage_taken":0.0}],"is_beta":false,"boss_relics":[{"not_picked":["SacredBark","Tiny House"],"picked":"Empty Cage"},{"not_picked":["Fusion Hammer","Ring of the Serpent"],"picked":"Coffee Dripper"}],"items_purged_floors":[12,30,39],"is_endless":false,"potions_floor_spawned":[1,2,10,11,18,27,29,33,36,41,42],"killed_by":"Time Eater","ascension_level":14}}