{"host":"sav7uxregyirlf69","time":1614343115,"event":{"mods":["AchievementEnabler","BaseMod","Colored Map","DeckTracker","Keyboard Shortcuts","Minty Spire (QoL Compilation)","READ ME - Guardian Mod","StSLib","SuperFastMode"],"gold_per_floor":[119,119,68,82,96,96,129,129,129,129,140,190,207,234,234,234,234],"floor_reached":16,"language":"KOR","playtime":198,"items_purged":[],"score":220,"play_id":"6677a971-09b5-4e8f-a0a5-f4059d6d3734","local_time":"20210226213835","is_ascension_mode":true,"campfire_choices":[{"data":"Whirlwind","floor":6.0,"key":"SMITH"},{"data":"Flex","floor":8.0,"key":"SMITH"},{"data":"Bash","floor":10.0,"key":"SMITH"},{"data":"Fire Breathing","floor":15,"key":"SMITH"}],"circlet_count":0,"master_deck":["AscendersBane","Strike_R","Strike_R","Strike_R","Strike_R","Defend_R","Defend_R","Defend_R","Defend_R","Bash+1","Whirlwind+1","Wild Strike","Flex+1","Twin Strike","Feel No Pain","Shrug It Off","Offering","Fire Breathing+1"],"relics":["Burning Blood","Bird Faced Urn","Blue Candle","Prayer Wheel","Toxic Egg 2"],"acts_visited":["Exordium"],"potions_floor_usage":[14],"damage_taken":[{"damage":9.0,"enemies":"2 Louse","floor":1.0,"turns":3.0},{"damage":2.0,"enemies":"Cultist","floor":4.0,"turns":4.0},{"damage":7.0,"enemies":"Jaw Worm","floor":5.0,"turns":3.0},{"damage":15.0,"enemies":"3 Sentries","floor":7.0,"turns":3.0},{"damage":13.0,"enemies":"Red Slaver","floor":11.0,"turns":3.0},{"damage":1,"enemies":"3 Louse","floor":13,"turns":2},{"damage":28,"enemies":"Lagavulin","floor":14,"turns":4},{"damage":31,"enemies":"Hexaghost","floor":16,"turns":7}],"seed_played":"8525057756750345087","potions_obtained":[{"floor":5.0,"key":"Strength Potion"},{"floor":13,"key":"LiquidMemories"},{"floor":14,"key":"Energy Potion"}],"is_trial":false,"path_per_floor":["M","?","$","M","M","R","E","R","T","R","M","?","M","E","R","B"],"character_chosen":"IRONCLAD","items_purchased":["Wild Strike"],"campfire_rested":0,"item_purchase_floors":[3],"current_hp_per_floor":[47,47,47,51,50,50,41,41,41,41,34,34,39,21,21,0,0],"gold":234,"neow_bonus":"ONE_RARE_RELIC","is_daily":false,"chose_seed":false,"campfire_upgraded":4,"win_rate":0.0,"timestamp":1614343115,"path_taken":["M","?","$","?","M","R","E","R","T","R","M","?","M","E","R","BOSS"],"items_purchased_type":["Card"],"build_version":"2020-12-22","purchased_purges":0,"victory":false,"max_hp_per_floor":[75,75,75,75,75,75,75,75,75,75,75,75,75,75,75,75,75],"card_choices":[{"not_picked":["Iron Wave","Sword Boomerang"],"picked":"Whirlwind","floor":1.0},{"not_picked":["Thunderclap","Metallicize"],"picked":"Flex","floor":4.0},{"not_picked":["Headbutt","Iron Wave"],"picked":"Twin Strike","floor":5.0},{"not_picked":["Sword Boomerang","Heavy Blade"],"picked":"Feel No Pain","floor":7.0},{"not_picked":["Sever Soul","Carnage"],"picked":"Shrug It Off","floor":11},{"not_picked":["Havoc","Flex","Heavy Blade"],"picked":"SKIP","floor":11},{"not_picked":["Shrug It Off","True Grit"],"picked":"Offering","floor":13},{"not_picked":["Pommel Strike","Clothesline"],"picked":"Fire Breathing","floor":13},{"not_picked":["Thunderclap","Whirlwind","Cleave"],"picked":"SKIP","floor":14}],"player_experience":1707826,"relics_obtained":[{"floor":7.0,"key":"Blue Candle"},{"floor":9.0,"key":"Prayer Wheel"},{"floor":14,"key":"Toxic Egg 2"}],"event_choices":[{"cards_removed":["Strike_R"],"damage_healed":0.0,"max_hp_gain":0.0,"max_hp_loss":0.0,"gold_gain":0.0,"event_name":"Bonfire Elementals","player_choice":"Offered Basic","floor":2.0,"gold_loss":0.0,"damage_taken":0.0},{"damage_healed":0,"gold_gain":50,"player_choice":"Pray","damage_taken":0,"max_hp_gain":0,"max_hp_loss":0,"event_name":"Golden Shrine","floor":12,"gold_loss":0}],"is_beta":false,"boss_relics":[],"items_purged_floors":[],"is_endless":false,"potions_floor_spawned":[5,13,14],"killed_by":"Hexaghost","ascension_level":20}}