{"host":"tj45uo9npo129mc6","time":1614336320,"event":{"mods":["AchievementEnabler","BaseMod","Friendly Minions","Hubris","Infinite Spire","Kiyohime????","LagranYue(???·?)","Minty Spire (QoL Compilation)","Quick Restart","Remilia??????","StSLib","The Animator","The Bladedancer","The Cursed","The Servant 0.9.4"],"gold_per_floor":[111,130,130,130,130,130,150,167,167,167,177,177,212,212,212,313,313,333,345,345,345],"floor_reached":20,"language":"FRA","playtime":1317,"items_purged":[],"score":174,"play_id":"e447d8f7-36d3-4a4c-accc-9c92a23ea8a0","local_time":"20210226114520","is_ascension_mode":false,"campfire_choices":[{"floor":6,"key":"RECALL"},{"data":"Self Repair","floor":10,"key":"SMITH"},{"data":"White Noise","floor":12,"key":"SMITH"},{"data":"Zap","floor":15,"key":"SMITH"}],"circlet_count":0,"master_deck":["Strike_B","Strike_B","Strike_B","Strike_B","Defend_B","Defend_B","Defend_B","Defend_B","Zap+1","Dualcast","Cold Snap","Defragment+1","Blizzard","Self Repair+1","White Noise+1","Hologram","hubris:SpecializedCircuitry","BootSequence+1","Multi-Cast","hubris:NaturalOne"],"relics":["Cracked Core","LagranYue:RandomDrawCardRelic","NeowsBlessing","hubris:Towel","infinitespire:ShieldingShard","hubris:Icosahedron","hubris:TerracottaHorce"],"acts_visited":["Exordium","TheCity"],"potions_floor_usage":[16,18,20,20,20,20],"damage_taken":[{"damage":0,"enemies":"Jaw Worm","floor":1,"turns":1},{"damage":0,"enemies":"Small Slimes","floor":2,"turns":1},{"damage":0,"enemies":"2 Louse","floor":7,"turns":1},{"damage":11,"enemies":"Red Slaver","floor":8,"turns":3},{"damage":0,"enemies":"Blue Slaver","floor":11,"turns":5},{"damage":21,"enemies":"3 Sentries","floor":13,"turns":7},{"damage":61,"enemies":"Hexaghost","floor":16,"turns":11},{"damage":5,"enemies":"Shell Parasite","floor":18,"turns":9},{"damage":32,"enemies":"Chosen","floor":19,"turns":9},{"damage":56,"enemies":"Masked Bandits","floor":20,"turns":3}],"seed_played":"7254695535874218736","potions_obtained":[{"floor":8,"key":"LiquidBronze"},{"floor":11,"key":"Fire Potion"},{"floor":16,"key":"DistilledChaos"},{"floor":18,"key":"SpeedPotion"},{"floor":19,"key":"EntropicBrew"}],"is_trial":false,"path_per_floor":["M","M","?","?","?","R","M","M","T","R","M","R","E","?","R","B",null,"M","M","?"],"character_chosen":"DEFECT","items_purchased":[],"campfire_rested":0,"item_purchase_floors":[],"current_hp_per_floor":[75,75,80,80,80,80,80,69,69,69,79,79,68,68,68,17,64,69,47,0,0],"gold":345,"neow_bonus":"THREE_ENEMY_KILL","is_daily":false,"chose_seed":false,"campfire_upgraded":3,"win_rate":0.0,"timestamp":1614336320,"path_taken":["M","M","?","?","?","R","M","?","T","R","M","R","E","?","R","BOSS","M","M","?"],"items_purchased_type":[],"build_version":"2020-12-22","purchased_purges":0,"victory":false,"max_hp_per_floor":[75,75,80,80,80,80,80,80,80,80,80,80,80,80,80,80,80,80,80,80,80],"card_choices":[{"not_picked":["Compile Driver","Beam Cell"],"picked":"Cold Snap","floor":1},{"not_picked":["Beam Cell","Steam"],"picked":"Defragment","floor":2},{"not_picked":["Force Field","hubris:Ukulele"],"picked":"Blizzard","floor":7},{"not_picked":["Go for the Eyes","Melter"],"picked":"Self Repair","floor":8},{"not_picked":["hubris:Ukulele","Go for the Eyes"],"picked":"White Noise","floor":11},{"not_picked":["Turbo","hubris:PowerSurge"],"picked":"Hologram","floor":13},{"not_picked":["Reboot","All For One"],"picked":"hubris:SpecializedCircuitry","floor":16},{"not_picked":["Cold Snap","Go for the Eyes"],"picked":"BootSequence+1","floor":18},{"not_picked":["Beam Cell","Gash"],"picked":"Multi-Cast","floor":19}],"player_experience":259368,"relics_obtained":[{"floor":13,"key":"infinitespire:ShieldingShard"}],"event_choices":[{"damage_healed":0,"gold_gain":0,"player_choice":"Donut","damage_taken":0,"max_hp_gain":5,"max_hp_loss":0,"event_name":"Big Fish","floor":3,"gold_loss":0},{"damage_healed":0,"gold_gain":0,"player_choice":"Forge","damage_taken":0,"max_hp_gain":0,"max_hp_loss":0,"event_name":"Accursed Blacksmith","floor":5,"gold_loss":0,"cards_upgraded":["Defragment"]},{"damage_healed":0,"gold_gain":0,"player_choice":"Fought Bandits","damage_taken":0,"max_hp_gain":0,"max_hp_loss":0,"event_name":"Masked Bandits","floor":20,"gold_loss":0}],"is_beta":false,"boss_relics":[{"not_picked":["hubris:GrandSneckoEye","Coffee Dripper"],"picked":"hubris:TerracottaHorce"}],"items_purged_floors":[],"is_endless":false,"potions_floor_spawned":[8,11,16,18,19],"killed_by":"Masked Bandits","ascension_level":0}}