{"host":"3wucmrsmney0jioo","time":1614314510,"event":{"mods":["BaseMod","Minty Spire (QoL Compilation)","MostiFishMod","Prisma Mod","Reliquary","Replay The Spire","Spicy Shops","StSLib","¡¾ÒÅÎï¿¨ÅÆ¡¿REMEMod"],"gold_per_floor":[112,37,37,56,21,52,52,87,87,87,102,127,144,172,172,269,269,285,32,32,32,51,418,418,453,453,476,486,529,552,572,572,684,684,703,722,408,459,468,468,468,542,567,607,651,677,719,741,741,741,741,741,64,106,106],"floor_reached":56,"language":"ZHS","playtime":4534,"items_purged":["Defend_P","Regret","Strike_P","Overencumbered"],"score":1316,"play_id":"227bf9ce-fb3a-4914-8e83-fe604b50a8bd","local_time":"20210226124150","is_ascension_mode":true,"campfire_choices":[{"data":"Defend_P","floor":15.0,"key":"PURGE"},{"data":"MostiFishMod:DustFall","floor":24.0,"key":"SMITH"},{"floor":32.0,"key":"DIG"},{"floor":40.0,"key":"RECALL"},{"data":"Ragnarok","floor":49.0,"key":"SMITH"},{"data":"Wish","floor":52.0,"key":"SMITH"}],"circlet_count":0,"master_deck":["Strike_P","Strike_P","Defend_P","Defend_P+1","Eruption","Vigilance","PrismaMod:ChloeExhaustThree","Eruption","JustLucky","Indignation+1","Adaptation","DeusExMachina","ClearTheMind","Consecrate","MostiFishMod:DustFall+1","Ragnarok+1","SignatureMove","Replay:Hum","Replay:Vibes","Brilliance","Prostrate+1","Crescendo+1","FlyingSleeves+1","MostiFishMod:OutWit","Wish+1","Prostrate+1","Prostrate+1","Writhe","MostiFishMod:ScryFuture+1","MostiFishMod:Adaptation","MostiFishMod:KamiSmash","EmptyMind+1","Devotion","Halt+1","Establishment+1","BattleHymn+1"],"relics":["DaveBox","REME_ComplimentaryCards","GreenFoldingFan","Jackal-EndForJourney","SynthV:TestCard","reliquary:TridentHead","Juzu Bracelet","War Paint","PreservedInsect","REME_HandOfSuture","reliquary:ThirdArm","REME_PuzzleBoxRelic","CeramicFish","Old Coin","reliquary:WeakTea","DianPoetry","Replay:Bottled Flurry","RhineCircuit","reliquary:CitrusReamer","GoldenEye","Lantern","reliquary:Buckler","reliquary:IvoryTrinket","TeardropLocket","Pocketwatch","ReplayTheSpireMod:CursedCoin","reliquary:Aerogel","TungstenRod","Pantograph"],"acts_visited":["Exordium","TheCity","TheBeyond","TheEnding"],"potions_floor_usage":[55],"damage_taken":[{"damage":4.0,"enemies":"Cultist","floor":1.0,"turns":2.0},{"damage":7.0,"enemies":"Jaw Worm","floor":4.0,"turns":3.0},{"damage":14.0,"enemies":"Lagavulin","floor":6.0,"turns":3.0},{"damage":17.0,"enemies":"Replay:BlueRogue","floor":8.0,"turns":2.0},{"damage":4.0,"enemies":"Small Slimes","floor":11.0,"turns":2.0},{"damage":4.0,"enemies":"Gremlin Nob","floor":12.0,"turns":2.0},{"damage":13.0,"enemies":"Exordium Wildlife","floor":13.0,"turns":2.0},{"damage":2.0,"enemies":"Replay:BlueRogue","floor":14.0,"turns":1.0},{"damage":47.0,"enemies":"Hexaghost","floor":16.0,"turns":4.0},{"damage":11.0,"enemies":"2 Thieves","floor":18.0,"turns":3.0},{"damage":2.0,"enemies":"Spheric Guardian","floor":22.0,"turns":1.0},{"damage":23.0,"enemies":"REME_1_Revenger","floor":23.0,"turns":3.0},{"damage":4.0,"enemies":"Gremlin Leader","floor":25.0,"turns":2.0},{"damage":6.0,"enemies":"Centurion and Healer","floor":27.0,"turns":3.0},{"damage":6.0,"enemies":"Cultist and Chosen","floor":28.0,"turns":3.0},{"damage":59.0,"enemies":"Slavers","floor":29.0,"turns":2.0},{"damage":16.0,"enemies":"Shelled Parasite and Fungi","floor":30.0,"turns":2.0},{"damage":4.0,"enemies":"Snake Plant","floor":31.0,"turns":2.0},{"damage":21.0,"enemies":"Automaton","floor":33.0,"turns":4.0},{"damage":13.0,"enemies":"Orb Walker","floor":35.0,"turns":2.0},{"damage":9.0,"enemies":"3 Shapes","floor":36.0,"turns":3.0},{"damage":34.0,"enemies":"2 Orb Walkers","floor":38.0,"turns":3.0},{"damage":6.0,"enemies":"R_Hoarder","floor":44.0,"turns":3.0},{"damage":10.0,"enemies":"Transient","floor":45.0,"turns":5.0},{"damage":9.0,"enemies":"Sphere and 2 Shapes","floor":46.0,"turns":2.0},{"damage":4.0,"enemies":"Giant Head","floor":47.0,"turns":2.0},{"damage":6.0,"enemies":"Maw","floor":48.0,"turns":3.0},{"damage":6.0,"enemies":"Replay:Hell Engine","floor":50.0,"turns":4.0},{"damage":20.0,"enemies":"Shield and Spear","floor":54.0,"turns":2.0},{"damage":71,"enemies":"The Heart","floor":55,"turns":5}],"seed_played":"-379799913254566414","potions_obtained":[{"floor":4.0,"key":"Fruit Juice"},{"floor":8.0,"key":"Milkshake"},{"floor":13.0,"key":"Doom Potion"},{"floor":16.0,"key":"BlessingOfTheForge"},{"floor":22.0,"key":"SpeedPotion"},{"floor":23.0,"key":"Fire Potion"},{"floor":30.0,"key":"SkillPotion"},{"floor":31.0,"key":"FearPotion"},{"floor":35.0,"key":"PowerPotion"},{"floor":42.0,"key":"StancePotion"},{"floor":44.0,"key":"AttackPotion"},{"floor":46.0,"key":"LiquidMemories"}],"is_trial":false,"path_per_floor":["M","$","?","M","$","E","?","E","T","$","M","E","M","E","R","B",null,"M","$","?","?","M","E","R","E","T","M","M","E","M","M","R","B",null,"M","M","$","?","?","R","?","?","T","E","M","M","E","M","R","B",null,"R","$","E","B",null],"character_chosen":"WATCHER","items_purchased":["Adaptation","REME_PuzzleBoxRelic","SignatureMove","reliquary:CitrusReamer","Prostrate","Pocketwatch","ReplayTheSpireMod:CursedCoin","reliquary:Aerogel","Establishment+1","TungstenRod"],"campfire_rested":0,"item_purchase_floors":[5,19,19,37,37,53,53,53,53,53],"current_hp_per_floor":[72,72,72,77,77,73,73,66,66,66,72,77,74,77,77,40,77,76,76,76,76,77,64,64,71,71,75,77,28,22,28,28,17,77,74,75,75,51,70,70,70,40,40,52,52,53,59,63,63,75,79,79,79,69,18],"gold":106,"neow_bonus":"BOSS_RELIC","is_daily":false,"chose_seed":false,"campfire_upgraded":3,"win_rate":0.0,"timestamp":1614314510,"path_taken":["M","?","?","M","$","E","?","E","T","$","M","E","M","E","R","BOSS","M","$","?","?","M","E","R","E","T","M","M","E","M","M","R","BOSS","M","M","$","?","?","R","?","?","T","E","M","M","E","M","R","BOSS","R","$","E","BOSS"],"items_purchased_type":["Card","Relic","Card","Relic","Card","Relic","Relic","Relic","Card","Relic"],"build_version":"2020-12-22","purchased_purges":4,"victory":true,"max_hp_per_floor":[72,72,72,77,77,77,77,77,77,77,77,77,77,77,77,77,77,77,77,77,77,77,77,77,77,77,77,77,77,77,77,77,77,77,77,77,77,77,77,77,77,77,77,77,77,77,77,77,77,79,79,79,79,79,79],"card_choices":[{"not_picked":["BowlingBash","InnerPeace"],"picked":"JustLucky","floor":1.0},{"not_picked":["Halt","Nirvana","Crescendo","ThirdEye"],"picked":"Indignation","floor":4.0},{"not_picked":["Evaluate","ThirdEye","CutThroughFate","Halt"],"picked":"DeusExMachina","floor":6.0},{"not_picked":["Sanctity","MentalFortress","CrushJoints","MostiFishMod:FlowState"],"picked":"ClearTheMind","floor":8.0},{"not_picked":["MostiFishMod:StarOceanP","CarveReality","FollowUp","Evaluate"],"picked":"Consecrate","floor":11.0},{"not_picked":["Crescendo","Replay:AtTheReady","FollowUp","LikeWater"],"picked":"SandsOfTime","floor":12.0},{"not_picked":["Halt","WreathOfFlame","Protect","Fasting2","CrushJoints"],"picked":"SKIP","floor":13.0},{"not_picked":["CarveReality","FlyingSleeves","Halt","Replay:AtTheReady"],"picked":"MostiFishMod:DustFall","floor":14.0},{"not_picked":["MostiFishMod:Disappear","MostiFishMod:StarOceanP","SpiritShield","LessonLearned"],"picked":"Ragnarok","floor":16.0},{"not_picked":["CutThroughFate","REME_Repentance","Indignation","ThirdEye"],"picked":"Replay:ManipulateFuture","floor":18.0},{"not_picked":["Replay:Cycle+1","SashWhip+1","EmptyFist","FlyingSleeves"],"picked":"Replay:Hum","floor":22.0},{"not_picked":["FlyingSleeves","EmptyBody","ClearTheMind","MentalFortress"],"picked":"Replay:Vibes","floor":23.0},{"not_picked":["Adaptation","FlurryOfBlows","FlyingSleeves","Replay:BluntJabs"],"picked":"Brilliance","floor":25.0},{"not_picked":["FlyingSleeves","JustLucky","Replay:AtTheReady+1","Wallop","Replay:Hum"],"picked":"Prostrate+1","floor":27.0},{"not_picked":["Conclude","SashWhip+1","BowlingBash+1","FlurryOfBlows+1","Vengeance"],"picked":"SKIP","floor":28.0},{"not_picked":["CrushJoints","SashWhip","Replay:ManipulateFuture","CutThroughFate"],"picked":"Crescendo+1","floor":29.0},{"not_picked":["CrushJoints","TalkToTheHand","ThirdEye","Evaluate"],"picked":"FlyingSleeves+1","floor":30.0},{"not_picked":["JustLucky","EmptyFist","WaveOfTheHand+1","SashWhip"],"picked":"MostiFishMod:OutWit","floor":31.0},{"not_picked":["Devotion","MostiFishMod:StarWish","Scrawl","MostiFishMod:DustFall"],"picked":"Wish","floor":33.0},{"not_picked":["Meditate+1","WreathOfFlame","REME_Repentance","FollowUp"],"picked":"Prostrate","floor":35.0},{"not_picked":["Consecrate","Evaluate+1","SignatureMove+1","SashWhip+1","Halt"],"picked":"SKIP","floor":36.0},{"not_picked":["Indignation","Replay:AtTheReady+1","ForeignInfluence","FlyingSleeves"],"picked":"MostiFishMod:ScryFuture+1","floor":42.0},{"not_picked":["FlyingSleeves+1","WheelKick+1","Halt","FlurryOfBlows+1"],"picked":"MostiFishMod:Adaptation","floor":42.0},{"not_picked":["BowlingBash","REME_Repentance","Tantrum","Replay:ManipulateFuture+1"],"picked":"MostiFishMod:KamiSmash","floor":44.0},{"not_picked":["ClearTheMind","Halt+1","Evaluate","JustLucky","InnerPeace+1"],"picked":"SKIP","floor":45.0},{"not_picked":["ThirdEye","EmptyBody","Evaluate+1","Replay:BluntJabs+1"],"picked":"EmptyMind+1","floor":46.0},{"not_picked":["FollowUp","Replay:AtTheReady","Collect","Replay:ManipulateFuture"],"picked":"Devotion","floor":47.0},{"not_picked":["Replay:BluntJabs+1","BowlingBash+1","REME_Repentance+1","ThirdEye+1"],"picked":"Halt+1","floor":48.0},{"not_picked":["Study","MostiFishMod:Speedup","Replay:ManipulateFuture","Consecrate"],"picked":"BattleHymn+1","floor":54.0}],"player_experience":122333,"relics_obtained":[{"floor":1.0,"key":"SynthV:TestCard"},{"floor":6.0,"key":"reliquary:TridentHead"},{"floor":8.0,"key":"Juzu Bracelet"},{"floor":9.0,"key":"War Paint"},{"floor":12.0,"key":"PreservedInsect"},{"floor":14.0,"key":"REME_HandOfSuture"},{"floor":23.0,"key":"Old Coin"},{"floor":25.0,"key":"reliquary:WeakTea"},{"floor":29.0,"key":"DianPoetry"},{"floor":32.0,"key":"Replay:Bottled Flurry"},{"floor":38.0,"key":"GoldenEye"},{"floor":42.0,"key":"Lantern"},{"floor":43.0,"key":"reliquary:Buckler"},{"floor":44.0,"key":"reliquary:IvoryTrinket"},{"floor":47.0,"key":"TeardropLocket"},{"floor":54.0,"key":"Pantograph"}],"event_choices":[{"cards_removed":["Replay:ManipulateFuture"],"damage_healed":0.0,"max_hp_gain":0.0,"max_hp_loss":0.0,"gold_gain":0.0,"event_name":"WeMeetAgain","player_choice":"Gave Card","floor":20.0,"gold_loss":0.0,"damage_taken":0.0,"relics_obtained":["CeramicFish"]},{"damage_healed":0.0,"max_hp_gain":0.0,"max_hp_loss":0.0,"gold_gain":0.0,"event_name":"Vampires","player_choice":"Ignored","floor":21.0,"gold_loss":0.0,"damage_taken":0.0},{"damage_healed":0.0,"max_hp_gain":0.0,"max_hp_loss":0.0,"gold_gain":0.0,"event_name":"Mysterious Sphere","player_choice":"Fight","floor":38.0,"gold_loss":0.0,"damage_taken":0.0},{"damage_healed":19.0,"max_hp_gain":0.0,"max_hp_loss":0.0,"gold_gain":0.0,"event_name":"Winding Halls","player_choice":"Writhe","floor":39.0,"gold_loss":0.0,"damage_taken":0.0,"cards_obtained":["Writhe"]},{"cards_removed":["SandsOfTime"],"damage_healed":0.0,"max_hp_gain":0.0,"max_hp_loss":0.0,"gold_gain":0.0,"event_name":"Falling","player_choice":"Removed Attack","floor":41.0,"gold_loss":0.0,"damage_taken":0.0}],"is_beta":false,"boss_relics":[{"not_picked":["reliquary:RedCape","Empty Cage"],"picked":"reliquary:ThirdArm"},{"not_picked":["reliquary:RustamsPendant","Abe\u0027s Treasure"],"picked":"RhineCircuit"}],"items_purged_floors":[2,37,37,53],"is_endless":false,"potions_floor_spawned":[4,8,13,16,22,23,27,30,31,35,44,46],"ascension_level":1}}