{"host":"wy4vwr4x0uqk666t","time":1614343699,"event":{"mods":["Aspiration","BaseMod","BetterRewards","Colored Map","Colored Powertips","Curses Come First","Defuse TimeMaze Blight","Downfall","Hubris","Infinite Spire","Lobotomy","Minty Spire (QoL Compilation)","Quick Restart","Replay The Spire","StSLib"],"gold_per_floor":[51,118,137,147,165,197,220,240,269,269,269,595,595,612,623,721,721,721,736,755,773,790,808,808,808,808,808,908,942,1042,1070,1087,1190,1190,1190,1207,1219,1238,1288,1188,1188,1217,1467,1517,894,919,929,997,1013,1112,1112,1112,1129,1279,277,290,290,290,315,365,515,532,559,574,602,816,919,919,619,633,651,721,733,733,767,817,893,893,943,313,331,331,341,436,436,436,456,471,12,62,79,108,125,175,186,186,202,352,366,384,482,482,482,495,7,57,72,122,157,157,157],"floor_reached":109,"language":"ENG","playtime":4137,"items_purged":["hexamod:Strike","hexamod:Strike"],"score":2745,"play_id":"d1966185-6cdc-4c2b-9e85-73d13ee0aadb","local_time":"20210226134819","is_ascension_mode":false,"campfire_choices":[{"data":"hexamod:RainOfEmbers","floor":1,"key":"SMITH"},{"data":"expansioncontent:DashGenerateEvil","floor":10,"key":"SMITH"},{"floor":18,"key":"DIG"},{"floor":35,"key":"DIG"},{"floor":52,"key":"RECALL"},{"data":"infinitespire:UltimateForm","floor":57,"key":"SMITH"},{"data":"hexamod:SpectersWail","floor":69,"key":"SMITH"},{"data":"hexamod:Defend","floor":86,"key":"SMITH"},{"floor":96,"key":"REST"}],"circlet_count":0,"master_deck":["hexamod:Defend","hexamod:Defend","hexamod:Defend","hexamod:Defend","hexamod:Sear","hexamod:Float","Dramatic Entrance","expansioncontent:DashGenerateEvil+1","hexamod:RainOfEmbers+1","hexamod:SpectralAdrenaline","hexamod:StepThrough","hexamod:NightmareGuise+1","hexamod:SpectersWail","hexamod:SoulSteal","hexamod:RadiantFlame","hexamod:HeatShield","hexamod:NightmareGuise","hexamod:SoulSteal","hexamod:NightmareStrike","hexamod:TimeOfNeed","hexamod:EtherealExpedition","hexamod:Hexaguard","hexamod:HeatMetal","hexamod:SpectersWail+1","hexamod:HexaLevel","hexamod:SpectersWail","hexamod:AdvancingGuard","hexamod:FirstSeal","J.A.X.","hexamod:EmpoweredFlame","hexamod:StepThrough","hexamod:Hexaguard+1","infinitespire:Gouge","hexamod:ShieldOfDarkness","hexamod:HeatMetal+1","hexamod:ParanormalForm","hexamod:SwordOfDarkness","hexamod:GhostflameBarrier+1","expansioncontent:HyperBeam","Replay:SS_forest_2+1","expansioncontent:YouAreMine","hexamod:ThirdSeal","hubris:Rewind","infinitespire:UltimateForm+1","hexamod:HeatMetal+1","hexamod:HeatMetal+1","hexamod:VolcanoVisage+1","expansioncontent:LastStand","hexamod:DynamicBlow","hexamod:SwordOfDarkness+1","hexamod:SoulSteal","hexamod:CatchUp","hexamod:EmpoweredFlame","hexamod:EmpoweredFlame","hexamod:GhostLash","hexamod:Hexaguard","hexamod:GhostOfSpirePast+1","hexamod:NightmareGuise+1","hexamod:NightmareGuise+1","hexamod:FifthSeal","hexamod:SwordOfDarkness+1","expansioncontent:DashGenerateEvil+1","hexamod:PhantomCloak","hexamod:CatchUp+1","hexamod:BurningTouch","hexamod:NightmareStrike","hexamod:ThermalTransfer","hexamod:SpectersWail","hexamod:SixthSeal","hexamod:SixthSeal","hexamod:Hexaguard+1","hexamod:Haunt","hexamod:Sear","hexamod:ThermalTransfer","hexamod:GhostflameBarrier","hexamod:UnlimitedPower","ReplayTheSpireMod:Uncanny Aura","hexamod:SpectersWail","hexamod:BurningTouch+1","hexamod:ThirdSeal","hexamod:SpectersWail","hexamod:ShieldOfDarkness","hexamod:NightmareGuise","hexamod:SpectersWail+1","hexamod:FifthSeal","CurseOfTheBell","hexamod:Hexaguard+1","hexamod:ShieldOfDarkness","Slimebound:CheckThePlaybook","hexamod:NightmareGuise","expansioncontent:InvincibleStrength","hexamod:Hexaguard","Replay:Dark Deal","Replay:Dark Deal","ReplayTheSpireMod:Black Plague","hexamod:TimeOfNeed","hexamod:TimeOfNeed","hexamod:Hexaguard+1","hexamod:FirstSeal","infinitespire:Gouge","infinitespire:Collect","hexamod:SixthSeal","hexamod:SixthSeal","hubris:Gluttony","hexamod:Float","hexamod:SixthSeal","infinitespire:Execution","hexamod:SixthSeal","Apotheosis","hexamod:HeatMetal"],"relics":["hexamod:SpiritBrand","hubris:MobiusCoin","Simple Rune","infinitespire:ShieldingShard","Pen Nib","Oddly Smooth Stone","hubris:OldNail","Old Coin","hubris:BlackHole","Bird Faced Urn","downfall:RedIOU","MutagenicStrength","Strawberry","downfall:CloakOfManyFaces","CultistMask","FaceOfCleric","NlothsMask","GremlinMask","SsserpentHead","hubris:ToyBattleship","hubris:HollowSoul","Omamori","Anchor","hubris:DisguiseKit","infinitespire:CheckeredPen","infinitespire:EmpoweringShard","Replay:Bottled Eggs","hubris:MysteriousPyramids","OrangePellets","aspiration:ArtOfWarUpgrade","downfall:GremlinSack","Calling Bell","Smiling Mask","Question Card","infinitespire:CursedDice","downfall:HeartBlessingGreen","downfall:HeartBlessingRed","downfall:HeartBlessingBlue","Red Mask","Calipers","ReplayTheSpireMod:ShopPack","infinitespire:Lucky Rock","ClockworkSouvenir","Black Star","Bottled Flame","ClockworkSouvenir","WingedGreaves","ReplayTheSpireMod:SealedPack","Unceasing Top"],"acts_visited":["Exordium","TheCity","TheBeyond","Exordium","TheCity","TheBeyond","Exordium"],"potions_floor_usage":[67,67],"damage_taken":[{"damage":0,"enemies":"Cultist","floor":2,"turns":3},{"damage":0,"enemies":"Small Slimes","floor":3,"turns":1},{"damage":0,"enemies":"Jaw Worm","floor":4,"turns":3},{"damage":0,"enemies":"2 Fungi Beasts","floor":5,"turns":2},{"damage":9,"enemies":"Gremlin Nob","floor":6,"turns":3},{"damage":0,"enemies":"downfall:LooterAlt","floor":8,"turns":2},{"damage":12,"enemies":"Lagavulin","floor":9,"turns":5},{"damage":5,"enemies":"Gremlin Nob","floor":12,"turns":3},{"damage":3,"enemies":"Exordium Thugs","floor":14,"turns":3},{"damage":0,"enemies":"Red Slaver","floor":15,"turns":3},{"damage":0,"enemies":"WA_ARCHETYPE_RETAIN","floor":16,"turns":4},{"damage":0,"enemies":"Spheric Guardian","floor":19,"turns":2},{"damage":0,"enemies":"downfall:LooterAlt2","floor":20,"turns":2},{"damage":0,"enemies":"Snake Plant","floor":21,"turns":2},{"damage":0,"enemies":"Shelled Parasite and Fungi","floor":22,"turns":3},{"damage":0,"enemies":"3 Cultists","floor":23,"turns":2},{"damage":10,"enemies":"downfall:Augmenter","floor":28,"turns":3},{"damage":0,"enemies":"Book of Stabbing","floor":29,"turns":4},{"damage":0,"enemies":"downfall:FaceTrader","floor":30,"turns":4},{"damage":0,"enemies":"Nightmare","floor":31,"turns":4},{"damage":0,"enemies":"Chosen and Byrds","floor":32,"turns":3},{"damage":2,"enemies":"DF_ARCHETYPE_CLAW","floor":33,"turns":6},{"damage":9,"enemies":"3 Darklings","floor":36,"turns":3},{"damage":0,"enemies":"3 Shapes","floor":37,"turns":2},{"damage":0,"enemies":"Spire Growth","floor":38,"turns":4},{"damage":0,"enemies":"Giant Head","floor":42,"turns":4},{"damage":0,"enemies":"downfall:FleeingMerchant","floor":45,"turns":4},{"damage":0,"enemies":"Nemesis","floor":46,"turns":1},{"damage":0,"enemies":"Transient","floor":47,"turns":5},{"damage":0,"enemies":"4 Shapes","floor":48,"turns":2},{"damage":0,"enemies":"3 Darklings","floor":49,"turns":2},{"damage":6,"enemies":"IC_BLOCK_ARCHETYPE","floor":50,"turns":4},{"damage":0,"enemies":"Jaw Worm","floor":53,"turns":1},{"damage":0,"enemies":"Cultist","floor":56,"turns":1},{"damage":0,"enemies":"Lagavulin","floor":59,"turns":2},{"damage":0,"enemies":"Lagavulin","floor":61,"turns":1},{"damage":0,"enemies":"2 Louse","floor":62,"turns":1},{"damage":0,"enemies":"3 Sentries","floor":63,"turns":1},{"damage":0,"enemies":"Gremlin Gang","floor":64,"turns":1},{"damage":96,"enemies":"Nightmare","floor":65,"turns":4},{"damage":0,"enemies":"Large Slime","floor":66,"turns":1},{"damage":43,"enemies":"Hexaghost","floor":67,"turns":3},{"damage":0,"enemies":"Shell Parasite","floor":70,"turns":1},{"damage":0,"enemies":"Spheric Guardian","floor":71,"turns":1},{"damage":0,"enemies":"Snecko","floor":72,"turns":1},{"damage":0,"enemies":"3 Cultists","floor":73,"turns":1},{"damage":0,"enemies":"Book of Stabbing","floor":75,"turns":1},{"damage":0,"enemies":"Masked Bandits","floor":77,"turns":1},{"damage":0,"enemies":"Centurion and Healer","floor":81,"turns":1},{"damage":0,"enemies":"Snake Plant","floor":83,"turns":1},{"damage":0,"enemies":"Automaton","floor":84,"turns":3},{"damage":0,"enemies":"Orb Walker","floor":87,"turns":2},{"damage":0,"enemies":"3 Shapes","floor":88,"turns":1},{"damage":0,"enemies":"Spire Growth","floor":91,"turns":1},{"damage":0,"enemies":"Giant Head","floor":92,"turns":2},{"damage":0,"enemies":"Maw","floor":93,"turns":2},{"damage":0,"enemies":"Sphere and 2 Shapes","floor":95,"turns":1},{"damage":0,"enemies":"Writhing Mass","floor":97,"turns":1},{"damage":0,"enemies":"Spire Growth","floor":99,"turns":1},{"damage":0,"enemies":"Maw","floor":100,"turns":4},{"damage":0,"enemies":"Donu and Deca","floor":101,"turns":2},{"damage":0,"enemies":"Cultist","floor":104,"turns":2},{"damage":0,"enemies":"Jaw Worm","floor":107,"turns":1},{"damage":0,"enemies":"Gremlin Nob","floor":109,"turns":1}],"seed_played":"-8231166470852704318","potions_obtained":[{"floor":4,"key":"Fire Potion"},{"floor":6,"key":"PowerPotion"},{"floor":8,"key":"Cursed Concoction"},{"floor":67,"key":"Reflective Coating"},{"floor":71,"key":"Adrenaline Potion"}],"is_trial":false,"path_per_floor":["R","M","M","M","M","E","T","M","E","R","?","E","?","M","M","B",null,"R_BF","M","M","M","M","M","T","?","?","?","?","E","?","NM","M","B",null,"R_BF","M","M","M","?","NS","T","E","AVR","?","$","E","M","M","M","B",null,"R_BF","M","?","$","M","R","T","E","?","?","M","E","M","NM","M","B",null,"R","M","M","M","M","R","E","?","?","R","?","$","M","AVR","M","B",null,"R","M","M","$","?","M","E","M","?","M","R","M","AVR","M","M","B",null,"R","M","$","?","M","?","E"],"character_chosen":"THE_SPIRIT","items_purchased":["hubris:MobiusCoin","Simple Rune","Dramatic Entrance","expansioncontent:DashGenerateEvil","infinitespire:CheckeredPen","infinitespire:EmpoweringShard","expansioncontent:LastStand","hexamod:DynamicBlow","hexamod:SwordOfDarkness","hexamod:SoulSteal","hexamod:CatchUp","hexamod:EmpoweredFlame","expansioncontent:DashGenerateEvil+1","hubris:MysteriousPyramids","OrangePellets","Art of War","hexamod:PhantomCloak","hexamod:CatchUp","hexamod:BurningTouch","hexamod:NightmareStrike","hexamod:ThermalTransfer","Calipers","expansioncontent:InvincibleStrength","ReplayTheSpireMod:ShopPack","hexamod:Hexaguard","infinitespire:Lucky Rock","Bottled Flame","ClockworkSouvenir","Unceasing Top","Apotheosis"],"campfire_rested":1,"item_purchase_floors":[0,0,0,0,45,45,45,45,45,45,45,45,55,55,55,55,55,55,55,55,55,80,80,80,80,80,89,89,105,105],"current_hp_per_floor":[77,77,77,77,77,68,68,68,56,56,77,72,72,69,69,69,77,77,77,77,77,77,77,77,77,77,63,59,83,89,90,91,92,92,92,93,94,95,85,85,85,94,94,94,97,98,99,100,101,102,102,102,103,103,103,104,104,104,105,105,106,107,108,109,30,41,26,112,122,123,124,125,126,126,127,83,86,86,86,86,93,93,116,127,131,131,132,133,133,133,134,135,136,128,129,137,138,138,139,140,141,141,141,142,142,142,143,143,144,144,144],"gold":157,"neow_bonus":"TEN_PERCENT_HP_BONUS","is_daily":false,"chose_seed":false,"campfire_upgraded":5,"win_rate":0.0,"timestamp":1614343699,"path_taken":["R","M","M","M","M","E","T","M","E","R","?","E","?","M","M","BOSS","R_BF","M","M","M","M","M","T","?","?","?","?","E","?","NM","M","BOSS","R_BF","M","M","M","?","NS","T","E","AVR","?","$","E","M","?","M","BOSS","R_BF","M","?","$","M","R","T","E","?","?","M","E","M","NM","M","BOSS","R","M","M","?","M","R","E","?","?","R","?","$","M","AVR","M","BOSS","R","M","M","$","?","M","E","M","?","M","R","M","AVR","M","M","BOSS","R","M","$","?","M","?","E"],"items_purchased_type":["Relic","Relic","Card","Card","Relic","Relic","Card","Card","Card","Card","Card","Card","Card","Relic","Relic","Relic","Card","Card","Card","Card","Card","Relic","Card","Relic","Card","Relic","Relic","Relic","Relic","Card"],"build_version":"2020-12-22","purchased_purges":2,"victory":false,"max_hp_per_floor":[77,77,77,77,77,77,77,77,77,77,77,77,77,77,77,77,77,77,77,77,77,77,77,77,77,77,82,82,89,89,90,91,92,92,92,93,94,95,95,95,95,96,96,96,97,98,99,100,101,102,102,102,103,103,103,104,104,104,105,105,106,107,108,109,110,111,112,112,122,123,124,125,126,126,127,127,128,128,128,128,129,129,130,131,131,131,132,133,133,133,134,135,136,136,137,137,138,138,139,140,141,141,141,142,142,142,143,143,144,144,144],"card_choices":[{"not_picked":["hexamod:Again","hexamod:SpectralAdrenaline"],"picked":"hexamod:StepThrough","floor":2},{"not_picked":["hexamod:Hexaguard","hexamod:SpectersWail"],"picked":"hexamod:NightmareGuise","floor":3},{"not_picked":["hexamod:RecurringNightmare","hexamod:GhostLash"],"picked":"hexamod:SpectersWail","floor":4},{"not_picked":["hexamod:BacktrackSmack","hexamod:NecessarySacrifice"],"picked":"hexamod:SoulSteal","floor":5},{"not_picked":["hexamod:InspiringFlames","hexamod:SearingWound"],"picked":"hexamod:GhostLash","floor":6},{"not_picked":["hexamod:AdvancingGuard","hexamod:BacktrackSmack"],"picked":"hexamod:RadiantFlame","floor":8},{"not_picked":["hexamod:Haunt","hexamod:BacktrackSmack"],"picked":"hexamod:HeatShield","floor":9},{"not_picked":["hexamod:Hexaguard","hexamod:EtherealExpedition"],"picked":"hexamod:NightmareGuise","floor":12},{"not_picked":["hexamod:SkipABeat","hexamod:SwordOfDarkness"],"picked":"hexamod:SoulSteal","floor":14},{"not_picked":["hexamod:GhostLash","hexamod:Hexaguard"],"picked":"hexamod:NightmareStrike","floor":15},{"not_picked":["hexamod:GhostOfSpirePresent","hexamod:ForkedFlame"],"picked":"hexamod:TimeOfNeed","floor":16},{"not_picked":["hexamod:SkipABeat","hexamod:SpectersWail"],"picked":"hexamod:EtherealExpedition","floor":19},{"not_picked":["hexamod:Incineration","hexamod:GhostOfSpireFuture"],"picked":"hexamod:Hexaguard","floor":20},{"not_picked":["hexamod:FastForward","hexamod:GhostLash"],"picked":"hexamod:HeatMetal","floor":21},{"not_picked":["hexamod:SpectralAdrenaline","hexamod:CatchUp+1"],"picked":"hexamod:SpectersWail+1","floor":22},{"not_picked":["hexamod:PhantomCloak","hexamod:FastForward+1"],"picked":"hexamod:HexaLevel","floor":23},{"not_picked":[],"picked":"J.A.X.","floor":28},{"not_picked":["hexamod:AdvancingGuard","hexamod:InspiringFlames"],"picked":"hexamod:EmpoweredFlame","floor":28},{"not_picked":["hexamod:ShieldOfDarkness","hexamod:ThermalTransfer"],"picked":"hexamod:StepThrough","floor":29},{"not_picked":["hexamod:ShieldOfDarkness","hexamod:PhantomCloak"],"picked":"hexamod:Hexaguard","floor":30},{"not_picked":["infinitespire:Starlight","ReplayTheSpireMod:Book of Names"],"picked":"infinitespire:Gouge","floor":31},{"not_picked":["hexamod:RetreatToShadows+1","hexamod:GhostShield"],"picked":"hexamod:ShieldOfDarkness","floor":31},{"not_picked":["hexamod:GhostShield","hexamod:SoulSteal"],"picked":"hexamod:HeatMetal+1","floor":32},{"not_picked":["hexamod:HexaLevel","hexamod:GhostOfSpirePresent"],"picked":"hexamod:ParanormalForm","floor":33},{"not_picked":["hexamod:ThermalTransfer","hexamod:AdvancingGuard"],"picked":"hexamod:SwordOfDarkness","floor":36},{"not_picked":["hexamod:SpectersWail","hexamod:BacktrackSmack"],"picked":"hexamod:GhostflameBarrier+1","floor":37},{"not_picked":["hexamod:CatchUp","hexamod:NightmareGuise"],"picked":"hexamod:GhostLash+1","floor":38},{"not_picked":["expansioncontent:Chronoboost","Replay:SS_hec_1"],"picked":"expansioncontent:HyperBeam","floor":39},{"not_picked":["Replay:SS_hec_1","expansioncontent:InvincibleStrength"],"picked":"Replay:SS_forest_2","floor":39},{"not_picked":["Replay:SS_hec_1","expansioncontent:HyperBeam"],"picked":"expansioncontent:YouAreMine","floor":39},{"not_picked":["hexamod:TimeOfNeed","hexamod:AdvancingGuard+1"],"picked":"hexamod:ThirdSeal","floor":42},{"not_picked":["hexamod:FourthSeal","hexamod:PhantomFireball+1","bronze:CutThrough"],"picked":"hexamod:HeatMetal+1","floor":45},{"not_picked":["hexamod:FastForward+1","hexamod:BurningTouch","bronze:Overheat"],"picked":"hexamod:HeatMetal+1","floor":45},{"not_picked":["hexamod:HauntingEcho+1","hexamod:RecurringNightmare+1","bronze:BitShift"],"picked":"hexamod:VolcanoVisage","floor":45},{"not_picked":["hexamod:FastForward","hexamod:BacktrackSmack","bronze:BugBarrage"],"picked":"hexamod:GhostLash","floor":46},{"not_picked":["hexamod:StepThrough","hexamod:ShieldOfDarkness","bronze:OilSpill"],"picked":"hexamod:Hexaguard","floor":47},{"not_picked":["hexamod:AdvancingGuard","hexamod:PhantomFireball+1","bronze:FineTuning"],"picked":"hexamod:GhostOfSpirePast+1","floor":47},{"not_picked":["hexamod:FourthSeal","hexamod:RadiantFlame+1","bronze:Deprecate"],"picked":"hexamod:NightmareGuise+1","floor":48},{"not_picked":["hexamod:ThermalTransfer","hexamod:Rewind+1","bronze:WhirlingStrike"],"picked":"hexamod:NightmareGuise+1","floor":49},{"not_picked":["hexamod:SixthSeal","hexamod:HexaLevel","bronze:HyperBeam"],"picked":"hexamod:FifthSeal","floor":50},{"not_picked":["hexamod:InspiringFlames","hexamod:BacktrackSmack","bronze:FineTuning"],"picked":"hexamod:SwordOfDarkness","floor":53},{"not_picked":["hexamod:Again","hexamod:HauntingEcho","bronze:Iterate"],"picked":"hexamod:SpectersWail","floor":56},{"not_picked":["hexamod:ThirdSeal","hexamod:FirstSeal"],"picked":"hexamod:SixthSeal","floor":59},{"not_picked":["hexamod:SecondSeal","hexamod:FourthSeal"],"picked":"hexamod:SixthSeal","floor":59},{"not_picked":["hexamod:HeatCrush","hexamod:GhostLash","bronze:Turbo"],"picked":"hexamod:Hexaguard","floor":59},{"not_picked":["hexamod:GhostOfSpirePast","hexamod:SpectersWail","bronze:DelayedSlice"],"picked":"hexamod:Haunt","floor":59},{"not_picked":["hexamod:UnleashSpirits","hexamod:StepThrough","bronze:Shield"],"picked":"hexamod:SpectersWail","floor":61},{"not_picked":["hexamod:EtherealExpedition","hexamod:BacktrackSmack","bronze:OilSpill"],"picked":"hexamod:BurningTouch","floor":62},{"not_picked":["hexamod:Hexaguard","hexamod:Incineration","bronze:ChildClass"],"picked":"hexamod:ThirdSeal","floor":63},{"not_picked":["hexamod:HeatShield","hexamod:HeatMetal","bronze:CutThrough"],"picked":"hexamod:SpectersWail","floor":64},{"not_picked":["hexamod:NightmareStrike","hexamod:ExtraCrispy","bronze:BitShift"],"picked":"hexamod:ShieldOfDarkness","floor":65},{"not_picked":["hexamod:HeatCrush","hexamod:UnleashSpirits","bronze:Overheat"],"picked":"hexamod:NightmareGuise","floor":65},{"not_picked":["hexamod:HauntingEcho","hexamod:NightmareStrike","bronze:ChildClass"],"picked":"hexamod:SpectersWail","floor":65},{"not_picked":["hexamod:BacktrackSmack","hexamod:GhostShield","bronze:WildBeam"],"picked":"hexamod:FifthSeal","floor":66},{"not_picked":["hexamod:NightmareGuise+1","hexamod:HauntingEcho","hexamod:BacktrackSmack","bronze:FineTuning"],"picked":"hexamod:Hexaguard","floor":70},{"not_picked":["hexamod:HeatMetal+1","hexamod:FourthSeal","hexamod:InspiringFlames","hexamod:RecurringNightmare","bronze:Branch"],"picked":"SKIP","floor":71},{"not_picked":["hexamod:EtherealExpedition","hexamod:FastForward","hexamod:Firestarter","hexamod:EmpoweredFlame+1","bronze:WhirlingStrike"],"picked":"SKIP","floor":72},{"not_picked":["hexamod:HeatMetal","hexamod:BurningTouch+1","hexamod:SwordOfDarkness+1","bronze:ClassDefault"],"picked":"hexamod:ShieldOfDarkness","floor":73},{"not_picked":["hexamod:TurnItUp","hexamod:HeatShield","hexamod:FirstSeal","hexamod:GhostOfSpireFuture","bronze:Deprecate"],"picked":"SKIP","floor":75},{"not_picked":["hexamod:GhostShield+1","hexamod:BacktrackSmack+1","hexamod:SecondSeal","bronze:BitShift"],"picked":"hexamod:NightmareGuise","floor":77},{"not_picked":["hubris:Ssssneak","Discovery","Replay:Sssssssssstrike","Mind Blast"],"picked":"Replay:Dark Deal","floor":80},{"not_picked":["Enlightenment","Poisoned Strike","Dramatic Entrance","Finesse"],"picked":"Replay:Dark Deal","floor":80},{"not_picked":["hexamod:ShieldOfDarkness","hexamod:PhantomFireball","hexamod:BurningTouch+1","hexamod:NightmareStrike","bronze:CutThrough"],"picked":"SKIP","floor":81},{"not_picked":["hexamod:Again","hexamod:GhostLash","hexamod:HeatMetal","hexamod:SpectersWail+1","bronze:ForceShield"],"picked":"SKIP","floor":83},{"not_picked":["hexamod:UnleashSpirits","hexamod:TurnItUp","hexamod:UnlimitedPower","bronze:CleanCode"],"picked":"hexamod:TimeOfNeed","floor":84},{"not_picked":["hexamod:WildfireWeapon","hexamod:ParanormalForm","hexamod:ForkedFlame","bronze:FindAndReplace"],"picked":"hexamod:TimeOfNeed","floor":84},{"not_picked":["hexamod:NightmareGuise+1","hexamod:BacktrackSmack","hexamod:GhostLash","hexamod:BurningTouch+1","bronze:DigitalCarnage"],"picked":"SKIP","floor":87},{"not_picked":["hexamod:FastForward","hexamod:Incineration","hexamod:HauntingEcho+1","hexamod:BurningTouch","bronze:Deprecate"],"picked":"SKIP","floor":88},{"not_picked":["hexamod:NightmareGuise","hexamod:ThermalTransfer","hexamod:ShieldOfDarkness","bronze:MaxOutput"],"picked":"hexamod:Hexaguard+1","floor":91},{"not_picked":["hexamod:GhostShield+1","hexamod:GhostLash","hexamod:StepThrough","hexamod:SpectersWail+1","bronze:Mutator"],"picked":"SKIP","floor":92},{"not_picked":["hexamod:UnleashSpirits","hexamod:NecessarySacrifice","hexamod:AdvancingGuard","hexamod:ThermalTransfer+1","bronze:Optimize"],"picked":"SKIP","floor":93},{"not_picked":["hexamod:RetreatToShadows","hexamod:PhantomFireball","hexamod:BacktrackSmack+1","bronze:Shield"],"picked":"hexamod:FirstSeal","floor":95},{"not_picked":["hexamod:HauntingEcho+1","hexamod:SpectersWail","hexamod:ShieldOfDarkness+1","hexamod:SecondSeal","bronze:NullPointer"],"picked":"SKIP","floor":97},{"not_picked":["infinitespire:SealOfDarkness+","infinitespire:Execution"],"picked":"infinitespire:Gouge","floor":98},{"not_picked":["hexamod:EtherealExpedition","hexamod:RadiantFlame+1","hexamod:ShieldOfDarkness+1","hexamod:FourthSeal","bronze:DarkDash"],"picked":"SKIP","floor":99},{"not_picked":["hexamod:ThirdSeal","hexamod:FourthSeal"],"picked":"hexamod:SixthSeal","floor":100},{"not_picked":["hexamod:RadiantFlame+1","hexamod:Firestarter","hexamod:HeatMetal+1","hexamod:SpectralAdrenaline","bronze:FineTuning"],"picked":"SKIP","floor":100},{"not_picked":["hexamod:UnlimitedPower","hexamod:TimeOfNeed","hexamod:WildfireWeapon","bronze:BurnOut"],"picked":"hexamod:SixthSeal","floor":101},{"not_picked":["sneckomod:TailWhip","SpAim","ExecuteAim","m_BronzeSurvivor"],"picked":"hexamod:Float","floor":102},{"not_picked":["hexamod:TimeOfNeed","hexamod:FifthSeal","hexamod:UnleashSpirits","hexamod:ParanormalForm"],"picked":"hexamod:SixthSeal","floor":102},{"not_picked":["infinitespire:SevenWalls","infinitespire:FinalStrike","infinitespire:Gouge","infinitespire:Punishment"],"picked":"infinitespire:Execution","floor":102},{"not_picked":["hexamod:SecondSeal","hexamod:FirstSeal"],"picked":"hexamod:SixthSeal","floor":104},{"not_picked":["hexamod:BurningTouch","hexamod:NightmareGuise","hexamod:SwordOfDarkness","hexamod:SkipABeat","bronze:Philosophize"],"picked":"SKIP","floor":104},{"not_picked":["hexamod:FastForward","hexamod:SpectersWail","hexamod:SkipABeat","hexamod:ForkedFlame","bronze:Overheat"],"picked":"SKIP","floor":107},{"not_picked":["hexamod:HauntingEcho","hexamod:FastForward","hexamod:FirstSeal","bronze:OilSpill"],"picked":"hexamod:HeatMetal","floor":109}],"player_experience":3769856,"relics_obtained":[{"floor":6,"key":"Pen Nib"},{"floor":7,"key":"Oddly Smooth Stone"},{"floor":9,"key":"hubris:OldNail"},{"floor":12,"key":"Old Coin"},{"floor":18,"key":"Blue Doll"},{"floor":24,"key":"Bird Faced Urn"},{"floor":28,"key":"MutagenicStrength"},{"floor":29,"key":"Strawberry"},{"floor":30,"key":"downfall:CloakOfManyFaces"},{"floor":31,"key":"hubris:ToyBattleship"},{"floor":35,"key":"Omamori"},{"floor":42,"key":"Anchor"},{"floor":46,"key":"Replay:Bottled Eggs"},{"floor":61,"key":"downfall:GremlinSack"},{"floor":68,"key":"Smiling Mask"},{"floor":68,"key":"Question Card"},{"floor":68,"key":"infinitespire:CursedDice"},{"floor":77,"key":"Red Mask"}],"event_choices":[{"damage_healed":25,"gold_gain":0,"player_choice":"Banana","damage_taken":0,"max_hp_gain":0,"max_hp_loss":0,"event_name":"Big Fish","floor":11,"gold_loss":0},{"damage_healed":0,"gold_gain":0,"player_choice":"Fought Bandits","damage_taken":0,"max_hp_gain":0,"max_hp_loss":0,"event_name":"Masked Bandits","floor":77,"gold_loss":0}],"is_beta":false,"boss_relics":[{"not_picked":["aspiration:PoetsPen_weak","hubris:CrackedHourglass"],"picked":"hubris:BlackHole"},{"not_picked":["Fusion Hammer","Sozu"],"picked":"hubris:HollowSoul"},{"not_picked":["bronze:MakeshiftBattery","ReplayTheSpireMod:DimensionalGlitch","hubris:VirtuousBlindfold"]},{"not_picked":["Painkiller Herb","Velvet Choker"],"picked":"Calling Bell"},{"not_picked":["hubris:CrackedHourglass","hexamod:UnbrokenSoul"],"picked":"Black Star"},{"not_picked":["Cursed Key","aspiration:RitualDagger"],"picked":"ReplayTheSpireMod:SealedPack"}],"items_purged_floors":[0,89],"is_endless":true,"potions_floor_spawned":[4,6,8,14,15,16,19,20,21,32,38,42,48,49,56,59,62,67,71,72,75,84,88,93,97,101,109],"killed_by":"Gremlin Nob","ascension_level":0}}