{"host":"kh6fvhxn285ncg0o","time":1614299026,"event":{"mods":["Act Like it!","BaseMod","Colored Map","Friendly Minions","Keyboard Shortcuts","Minty Spire (QoL Compilation)","Quick Restart","Relic Stats","StSLib","SuperFastMode","UnlockEverythingMod"],"gold_per_floor":[17,32,52,63,81,81,116,116,143,143,187,112,123,163,163,246,246,273,282,306,356,113,113,149,166,166,166,203,230,130,150,150,221,221,231,231,241,287,287,287,318,318,363,396,405,432,131,157,157,157,157,157,157,7,51,51],"floor_reached":57,"language":"KOR","playtime":1722,"items_purged":["Strike_R","Strike_R","Strike_R","Strike_R"],"score":3286,"play_id":"2e91f45a-058c-4bcd-9189-dcc46f0b9f48","local_time":"20210226092346","is_ascension_mode":true,"campfire_choices":[{"data":"Fiend Fire","floor":6,"key":"SMITH"},{"data":"Evolve","floor":8,"key":"SMITH"},{"floor":10,"key":"REST"},{"data":"Body Slam","floor":15,"key":"SMITH"},{"data":"Juggernaut","floor":23,"key":"SMITH"},{"floor":27,"key":"REST"},{"data":"Rage","floor":32,"key":"SMITH"},{"data":"Feel No Pain","floor":40,"key":"SMITH"},{"data":"Second Wind","floor":42,"key":"SMITH"},{"floor":49,"key":"RECALL"},{"data":"Seeing Red","floor":53,"key":"SMITH"}],"circlet_count":0,"master_deck":["AscendersBane","Defend_R","Defend_R","Defend_R","Defend_R","Bash","Transmutation","Second Wind+1","Carnage","Evolve+1","Fiend Fire+1","Juggernaut+1","Body Slam+1","Offering","Dark Embrace","Feel No Pain+1","Seeing Red+1","Rage+1","Intimidate","Ghostly","Ghostly","Ghostly","Violence","Dropkick","Magnetism","Warcry+1","Power Through"],"relics":["Burning Blood","Shuriken","CeramicFish","Orichalcum","Runic Pyramid","Bag of Preparation","Potion Belt","Thread and Needle","MealTicket","Busted Crown","Lizard Tail","Centennial Puzzle","Oddly Smooth Stone","Happy Flower","TungstenRod"],"acts_visited":["Exordium","TheCity","TheBeyond","TheEnding"],"potions_floor_usage":[4,7,16,24,44,50,56,56],"damage_taken":[{"damage":10,"enemies":"Cultist","floor":1,"turns":6},{"damage":5,"enemies":"Small Slimes","floor":2,"turns":3},{"damage":9,"enemies":"2 Louse","floor":3,"turns":5},{"damage":14,"enemies":"Exordium Thugs","floor":4,"turns":4},{"damage":7,"enemies":"3 Louse","floor":5,"turns":4},{"damage":25,"enemies":"3 Sentries","floor":7,"turns":9},{"damage":35,"enemies":"Gremlin Nob","floor":11,"turns":6},{"damage":11,"enemies":"Blue Slaver","floor":13,"turns":3},{"damage":10,"enemies":"3 Sentries","floor":14,"turns":13},{"damage":22,"enemies":"Slime Boss","floor":16,"turns":5},{"damage":15,"enemies":"Spheric Guardian","floor":18,"turns":4},{"damage":6,"enemies":"Chosen","floor":20,"turns":3},{"damage":29,"enemies":"Slavers","floor":24,"turns":4},{"damage":15,"enemies":"Snake Plant","floor":25,"turns":4},{"damage":17,"enemies":"Book of Stabbing","floor":28,"turns":3},{"damage":1,"enemies":"3 Cultists","floor":31,"turns":3},{"damage":1,"enemies":"Champ","floor":33,"turns":7},{"damage":1,"enemies":"Orb Walker","floor":35,"turns":2},{"damage":0,"enemies":"3 Shapes","floor":37,"turns":4},{"damage":1,"enemies":"2 Orb Walkers","floor":38,"turns":3},{"damage":0,"enemies":"Nemesis","floor":41,"turns":5},{"damage":1,"enemies":"Giant Head","floor":44,"turns":4},{"damage":0,"enemies":"Sphere and 2 Shapes","floor":46,"turns":5},{"damage":6,"enemies":"Transient","floor":48,"turns":6},{"damage":0,"enemies":"Donu and Deca","floor":50,"turns":7},{"damage":6,"enemies":"Time Eater","floor":51,"turns":5},{"damage":1,"enemies":"Shield and Spear","floor":55,"turns":5},{"damage":1,"enemies":"The Heart","floor":56,"turns":9}],"seed_played":"-5783886266481381766","potions_obtained":[{"floor":1,"key":"LiquidBronze"},{"floor":3,"key":"AttackPotion"},{"floor":4,"key":"SneckoOil"},{"floor":13,"key":"AttackPotion"},{"floor":14,"key":"Regen Potion"},{"floor":16,"key":"LiquidBronze"},{"floor":20,"key":"DuplicationPotion"},{"floor":24,"key":"FearPotion"},{"floor":25,"key":"Fire Potion"},{"floor":31,"key":"SpeedPotion"},{"floor":35,"key":"DistilledChaos"},{"floor":41,"key":"SteroidPotion"},{"floor":48,"key":"SneckoOil"},{"floor":55,"key":"Strength Potion"}],"is_trial":false,"path_per_floor":["M","M","M","M","M","R","E","R","T","R","E","?","M","E","R","B",null,"M","?","M","?","$","R","E","M","T","R","E","?","$","M","R","B",null,"M","?","M","?","?","R","E","R","T","E","?","M","$","M","R","B","B",null,"R","$","E","B",null],"character_chosen":"IRONCLAD","items_purchased":["Bag of Preparation","Magnetism"],"campfire_rested":2,"item_purchase_floors":[22,47],"current_hp_per_floor":[64,65,62,54,53,53,34,34,34,56,27,27,22,18,18,16,60,51,51,51,44,44,44,21,12,12,34,23,23,37,37,37,37,37,37,35,35,35,35,35,35,35,35,35,25,31,35,35,35,35,35,35,35,35,35,35],"gold":51,"neow_bonus":"RANDOM_COLORLESS_2","is_daily":false,"chose_seed":false,"campfire_upgraded":8,"win_rate":0.0,"timestamp":1614299026,"path_taken":["M","?","M","M","M","R","E","R","T","R","E","?","M","E","R","BOSS","M","?","M","?","$","R","E","?","T","R","E","?","$","M","R","BOSS","M","?","M","?","?","R","E","R","T","E","?","M","$","?","R","BOSS","BOSS","R","$","E","BOSS"],"items_purchased_type":["Relic","Card"],"build_version":"2020-12-22","purchased_purges":4,"victory":true,"max_hp_per_floor":[75,75,75,75,75,75,75,75,75,75,75,75,75,75,75,75,75,75,75,75,75,75,75,75,75,75,75,75,37,37,37,37,37,37,37,35,35,35,35,35,35,35,35,35,35,35,35,35,35,35,35,35,35,35,35,35],"relic_stats":{"Happy Flower":[12],"counters":[28,141],"CeramicFish":144,"Bag of Preparation":[32],"Orichalcum":[162],"Burning Blood":115,"Lizard Tail":0,"Centennial Puzzle":[13],"Busted Crown":22,"Shuriken":[34],"MealTicket":18,"obtain_stats":[{"Potion Belt":24,"Happy Flower":44,"CeramicFish":11,"Oddly Smooth Stone":43,"Thread and Needle":26,"Bag of Preparation":22,"Orichalcum":14,"Burning Blood":0,"Lizard Tail":38,"Centennial Puzzle":41,"Busted Crown":34,"Shuriken":7,"MealTicket":28,"TungstenRod":55,"Runic Pyramid":17},{"Potion Belt":13,"Happy Flower":22,"CeramicFish":7,"Oddly Smooth Stone":21,"Thread and Needle":14,"Bag of Preparation":12,"Orichalcum":9,"Burning Blood":0,"Lizard Tail":20,"Centennial Puzzle":21,"Busted Crown":17,"Shuriken":6,"MealTicket":15,"TungstenRod":27,"Runic Pyramid":10},{"Potion Belt":69,"Happy Flower":104,"CeramicFish":37,"Oddly Smooth Stone":100,"Thread and Needle":73,"Bag of Preparation":65,"Orichalcum":53,"Burning Blood":0,"Lizard Tail":95,"Centennial Puzzle":100,"Busted Crown":86,"Shuriken":31,"MealTicket":76,"TungstenRod":132,"Runic Pyramid":58}],"TungstenRod":10},"card_choices":[{"not_picked":["Mayhem","Thinking Ahead"],"picked":"Transmutation","floor":0},{"not_picked":["Sword Boomerang","Searing Blow"],"picked":"Second Wind","floor":1},{"not_picked":["Warcry","Twin Strike","Thunderclap"],"picked":"SKIP","floor":2},{"not_picked":["Hemokinesis","Flex"],"picked":"Carnage","floor":3},{"not_picked":["Rupture","Sentinel"],"picked":"Evolve","floor":4},{"not_picked":["True Grit","Shockwave"],"picked":"Fiend Fire","floor":5},{"not_picked":["Wild Strike","Armaments"],"picked":"Juggernaut","floor":11},{"not_picked":["Twin Strike","True Grit","Sentinel"],"picked":"SKIP","floor":13},{"not_picked":["Heavy Blade","Cleave"],"picked":"Body Slam","floor":14},{"not_picked":["Double Tap","Barricade"],"picked":"Offering","floor":16},{"not_picked":["Sever Soul","Clash"],"picked":"Dark Embrace","floor":18},{"not_picked":["Iron Wave","Perfected Strike+1"],"picked":"Seeing Red","floor":20},{"not_picked":["Inflame","Thunderclap"],"picked":"Rage","floor":24},{"not_picked":["Heavy Blade","Second Wind","Dark Embrace"],"picked":"SKIP","floor":25},{"not_picked":["Feel No Pain","Clothesline"],"picked":"Intimidate","floor":28},{"not_picked":["Shockwave","Combust","Flame Barrier"],"picked":"SKIP","floor":31},{"not_picked":["Flame Barrier"],"picked":"SKIP","floor":35},{"not_picked":["Feel No Pain"],"picked":"SKIP","floor":37},{"not_picked":["Flex+1"],"picked":"SKIP","floor":41},{"not_picked":["Iron Wave+1"],"picked":"SKIP","floor":44},{"not_picked":[],"picked":"Violence","floor":45},{"not_picked":[],"picked":"Dropkick","floor":46},{"not_picked":[],"picked":"Warcry+1","floor":48},{"not_picked":[],"picked":"Power Through","floor":55}],"player_experience":1541622,"relics_obtained":[{"floor":7,"key":"Shuriken"},{"floor":11,"key":"CeramicFish"},{"floor":14,"key":"Orichalcum"},{"floor":24,"key":"Potion Belt"},{"floor":26,"key":"Thread and Needle"},{"floor":28,"key":"MealTicket"},{"floor":38,"key":"Lizard Tail"},{"floor":41,"key":"Centennial Puzzle"},{"floor":43,"key":"Oddly Smooth Stone"},{"floor":44,"key":"Happy Flower"},{"floor":55,"key":"TungstenRod"}],"event_choices":[{"cards_removed":["Strike_R"],"damage_healed":0,"gold_gain":0,"player_choice":"Card Removal","damage_taken":0,"max_hp_gain":0,"max_hp_loss":0,"event_name":"The Cleric","floor":12,"gold_loss":75},{"damage_healed":0,"gold_gain":0,"player_choice":"Read","damage_taken":0,"max_hp_gain":0,"max_hp_loss":0,"event_name":"The Library","floor":19,"gold_loss":0,"cards_obtained":["Feel No Pain"]},{"damage_healed":0,"gold_gain":50,"player_choice":"Touch","damage_taken":7,"max_hp_gain":0,"max_hp_loss":0,"event_name":"FaceTrader","floor":21,"gold_loss":0},{"damage_healed":0,"gold_gain":0,"player_choice":"Became a Ghost","damage_taken":0,"max_hp_gain":0,"max_hp_loss":38,"event_name":"Ghosts","floor":29,"gold_loss":0,"cards_obtained":["Ghostly","Ghostly","Ghostly"]},{"damage_healed":0,"gold_gain":0,"player_choice":"Max HP","damage_taken":0,"max_hp_gain":0,"max_hp_loss":2,"event_name":"Winding Halls","floor":36,"gold_loss":0},{"damage_healed":0,"gold_gain":0,"player_choice":"Fight","damage_taken":0,"max_hp_gain":0,"max_hp_loss":0,"event_name":"Mysterious Sphere","floor":38,"gold_loss":0},{"damage_healed":0,"gold_gain":0,"player_choice":"Ignored","damage_taken":0,"max_hp_gain":0,"max_hp_loss":0,"event_name":"Tomb of Lord Red Mask","floor":39,"gold_loss":0},{"damage_healed":0,"gold_gain":0,"player_choice":"Memory 3","damage_taken":10,"max_hp_gain":0,"max_hp_loss":0,"event_name":"SensoryStone","floor":45,"gold_loss":0}],"is_beta":false,"boss_relics":[{"not_picked":["Runic Cube","Coffee Dripper"],"picked":"Runic Pyramid"},{"not_picked":["Snecko Eye","Fusion Hammer"],"picked":"Busted Crown"}],"items_purged_floors":[22,30,47,54],"is_endless":false,"potions_floor_spawned":[1,3,4,13,14,16,20,24,25,31,35,41,48,55],"ascension_level":20}}