{"host":"gobyjzz6xbwq9f9i","time":1614300971,"event":{"mods":["AchievementEnabler","BaseMod","Bestiary","Colored Map","Minty Spire (QoL Compilation)","Relic Stats","ojb\u0027s Info Mod"],"gold_per_floor":[111,111,122,87,103,132,147,173,196,196,196,206,241,261,261,362,362,374,464,484,503,22,47,47,65,65,65,97,116,116,41,41,41,41],"floor_reached":33,"language":"ENG","playtime":1762,"items_purged":["Corruption"],"score":511,"play_id":"e94abc94-1b66-4725-ad3d-5faa0636f074","local_time":"20210225165611","is_ascension_mode":true,"campfire_choices":[{"data":"Uppercut","floor":11,"key":"SMITH"},{"data":"Inflame","floor":15,"key":"SMITH"},{"data":"Immolate","floor":24,"key":"SMITH"},{"data":"Blood for Blood","floor":27,"key":"SMITH"},{"floor":30,"key":"REST"},{"data":"Rupture","floor":32,"key":"SMITH"}],"circlet_count":0,"master_deck":["AscendersBane","Bash","Feed+1","Twin Strike","Inflame+1","Sword Boomerang","Shrug It Off","Uppercut+1","Feel No Pain","Double Tap","Corruption","Rupture+1","Cleave","Blood for Blood+1","Flex","Metallicize","Feel No Pain","Carnage","Warcry","Second Wind","Sever Soul+1","Immolate+1","Pommel Strike+1","Combust+1","Flame Barrier+1","Shrug It Off+1"],"relics":["Burning Blood","Thread and Needle","Bag of Preparation","Anchor","Omamori","Bottled Tornado","Pandora\u0027s Box","Medical Kit","Paper Frog","Dream Catcher","Prayer Wheel","Potion Belt"],"acts_visited":["Exordium","TheCity"],"potions_floor_usage":[6,6,13,18,21,21,23,28,33],"damage_taken":[{"damage":7,"enemies":"Jaw Worm","floor":1,"turns":3},{"damage":7,"enemies":"Small Slimes","floor":3,"turns":4},{"damage":6,"enemies":"Cultist","floor":5,"turns":3},{"damage":35,"enemies":"3 Sentries","floor":6,"turns":8},{"damage":0,"enemies":"Looter","floor":7,"turns":2},{"damage":28,"enemies":"Lagavulin","floor":8,"turns":7},{"damage":0,"enemies":"Red Slaver","floor":12,"turns":4},{"damage":16,"enemies":"3 Sentries","floor":13,"turns":6},{"damage":2,"enemies":"2 Fungi Beasts","floor":14,"turns":3},{"damage":55,"enemies":"Slime Boss","floor":16,"turns":13},{"damage":6,"enemies":"3 Byrds","floor":18,"turns":5},{"damage":0,"enemies":"Chosen","floor":20,"turns":5},{"damage":0,"enemies":"Centurion and Healer","floor":21,"turns":7},{"damage":34,"enemies":"Gremlin Leader","floor":23,"turns":5},{"damage":5,"enemies":"Cultist and Chosen","floor":25,"turns":8},{"damage":27,"enemies":"Book of Stabbing","floor":28,"turns":4},{"damage":24,"enemies":"Snake Plant","floor":29,"turns":3},{"damage":76,"enemies":"Automaton","floor":33,"turns":6}],"seed_played":"2534499881396595256","potions_obtained":[{"floor":3,"key":"AttackPotion"},{"floor":5,"key":"SteroidPotion"},{"floor":7,"key":"SmokeBomb"},{"floor":8,"key":"BlessingOfTheForge"},{"floor":16,"key":"AttackPotion"},{"floor":25,"key":"DistilledChaos"},{"floor":28,"key":"Energy Potion"}],"is_trial":false,"path_per_floor":["M","?","M","?","M","E","M","E","T","?","R","M","E","M","R","B",null,"M","?","M","M","$","E","R","M","T","R","E","M","R","$","R","B"],"character_chosen":"IRONCLAD","items_purchased":["Medical Kit","Immolate","Paper Frog"],"campfire_rested":1,"item_purchase_floors":[22,22,22],"current_hp_per_floor":[53,53,56,77,77,52,62,40,40,40,40,50,44,52,52,7,85,89,56,66,76,76,48,48,53,53,53,32,14,52,52,52,0,0],"gold":41,"neow_bonus":"THREE_RARE_CARDS","is_daily":false,"chose_seed":false,"campfire_upgraded":5,"win_rate":0.0,"timestamp":1614300971,"path_taken":["M","?","M","?","M","E","M","E","T","?","R","?","E","M","R","BOSS","M","?","?","M","$","E","R","M","T","R","E","M","R","$","R","BOSS"],"items_purchased_type":["Relic","Card","Relic"],"build_version":"2020-12-22","purchased_purges":1,"victory":false,"max_hp_per_floor":[83,83,87,87,87,91,95,95,95,95,95,99,103,107,107,111,111,115,115,119,123,123,123,123,127,127,127,127,127,127,127,127,127,127],"relic_stats":{"Dream Catcher":1,"counters":[18,96],"Pandora\u0027s Box":["Corruption","Rupture","Cleave","Blood for Blood","Flex","Metallicize","Feel No Pain","Carnage","Warcry"],"Prayer Wheel":1,"Bag of Preparation":[24],"Medical Kit":[1],"obtain_stats":[{"Potion Belt":28,"Anchor":9,"Dream Catcher":23,"Thread and Needle":6,"Pandora\u0027s Box":17,"Prayer Wheel":26,"Bag of Preparation":8,"Omamori":10,"Bottled Tornado":13,"Medical Kit":22,"Burning Blood":0,"Paper Frog":22},{"Potion Belt":16,"Anchor":6,"Dream Catcher":14,"Thread and Needle":4,"Pandora\u0027s Box":10,"Prayer Wheel":15,"Bag of Preparation":6,"Omamori":6,"Bottled Tornado":8,"Medical Kit":13,"Burning Blood":0,"Paper Frog":13},{"Potion Belt":87,"Anchor":27,"Dream Catcher":75,"Thread and Needle":18,"Pandora\u0027s Box":53,"Prayer Wheel":83,"Bag of Preparation":27,"Omamori":27,"Bottled Tornado":37,"Medical Kit":70,"Burning Blood":0,"Paper Frog":70}],"Burning Blood":102},"card_choices":[{"not_picked":["Juggernaut","Offering"],"picked":"Feed","floor":0},{"not_picked":["Clash","Body Slam"],"picked":"Twin Strike","floor":1},{"not_picked":["Blood for Blood","Clothesline"],"picked":"Inflame","floor":3},{"not_picked":["Heavy Blade","Demon Form"],"picked":"Sword Boomerang","floor":5},{"not_picked":["Headbutt","Warcry"],"picked":"Shrug It Off","floor":6},{"not_picked":["Bloodletting","Clothesline","Clash"],"picked":"SKIP","floor":7},{"not_picked":["Havoc","Dual Wield"],"picked":"Uppercut","floor":8},{"not_picked":["Clothesline","Wild Strike"],"picked":"Corruption","floor":12},{"not_picked":["Brutality","Fire Breathing","Anger"],"picked":"SKIP","floor":13},{"not_picked":["Uppercut","Blood for Blood"],"picked":"Feel No Pain","floor":14},{"not_picked":["Bludgeon","Corruption"],"picked":"Double Tap","floor":16},{"not_picked":["Fire Breathing","Iron Wave","Thunderclap"],"picked":"SKIP","floor":18},{"not_picked":["Clothesline","Armaments+1"],"picked":"Second Wind","floor":20},{"not_picked":["Dropkick","Metallicize+1"],"picked":"Sever Soul+1","floor":21},{"not_picked":["Rage","Corruption"],"picked":"Pommel Strike+1","floor":23},{"not_picked":["Evolve","Twin Strike","Warcry"],"picked":"SKIP","floor":25},{"not_picked":["True Grit","Body Slam+1"],"picked":"Combust+1","floor":28},{"not_picked":["Clothesline","Clash"],"picked":"Flame Barrier+1","floor":29},{"not_picked":["Anger","Sever Soul+1","Combust"],"picked":"SKIP","floor":29},{"not_picked":["Heavy Blade+1","Iron Wave"],"picked":"Shrug It Off+1","floor":30}],"player_experience":1392927,"relics_obtained":[{"floor":6,"key":"Thread and Needle"},{"floor":8,"key":"Bag of Preparation"},{"floor":9,"key":"Anchor"},{"floor":13,"key":"Bottled Tornado"},{"floor":23,"key":"Dream Catcher"},{"floor":26,"key":"Prayer Wheel"},{"floor":28,"key":"Potion Belt"}],"event_choices":[{"damage_healed":0,"gold_gain":0,"player_choice":"Grow","damage_taken":0,"max_hp_gain":0,"max_hp_loss":0,"event_name":"Living Wall","floor":2,"gold_loss":0,"cards_upgraded":["Feed"]},{"damage_healed":21,"gold_gain":0,"player_choice":"Healed","damage_taken":0,"max_hp_gain":0,"max_hp_loss":0,"event_name":"The Cleric","floor":4,"gold_loss":35},{"damage_healed":0,"gold_gain":0,"player_choice":"Gave Potion","damage_taken":0,"relics_obtained":["Omamori"],"max_hp_gain":0,"max_hp_loss":0,"event_name":"WeMeetAgain","floor":10,"gold_loss":0},{"damage_healed":0,"gold_gain":90,"player_choice":"POTION POTION POTION GOLD ","damage_taken":33,"max_hp_gain":0,"max_hp_loss":0,"event_name":"Knowing Skull","floor":19,"potions_obtained":["SteroidPotion","Explosive Potion","Explosive Potion"],"gold_loss":0,"cards_obtained":[]}],"is_beta":false,"boss_relics":[{"not_picked":["Tiny House","Black Blood"],"picked":"Pandora\u0027s Box"}],"items_purged_floors":[31],"is_endless":false,"potions_floor_spawned":[3,5,7,8,16,20,25,28],"killed_by":"Automaton","ascension_level":10}}