{"host":"0ueeacaatm8t6jyh","time":1614341021,"event":{"mods":["AchievementEnabler","BaseMod","Colored Powertips","Minty Spire (QoL Compilation)","Quick Restart","Rare Cards Sparkle","Shop Mod","StSLib"],"gold_per_floor":[112,112,187,187,203,236,236,274,274,274,274,199,199,199,199],"floor_reached":14,"language":"ZHS","playtime":336,"items_purged":["Strike_G"],"score":232,"play_id":"0d1e6a94-d033-443d-89a6-f300d3c6abf0","local_time":"20210226200341","is_ascension_mode":true,"campfire_choices":[{"data":"Footwork","floor":7.0,"key":"SMITH"},{"floor":9.0,"key":"REST"},{"data":"Calculated Gamble","floor":11.0,"key":"SMITH"}],"circlet_count":0,"master_deck":["AscendersBane","Strike_G","Strike_G","Strike_G","Defend_G","Defend_G","Defend_G","Defend_G","Defend_G","Survivor","Neutralize+1","Night Terror+1","Footwork+1","Calculated Gamble+1"],"relics":["Ring of the Snake","NeowsBlessing","Mango","CeramicFish","Ginger","Bottled Tornado"],"acts_visited":["Exordium"],"potions_floor_usage":[],"damage_taken":[{"damage":0.0,"enemies":"2 Louse","floor":1.0,"turns":1.0},{"damage":0.0,"enemies":"Small Slimes","floor":5.0,"turns":1.0},{"damage":0.0,"enemies":"Lagavulin","floor":6.0,"turns":1.0},{"damage":27.0,"enemies":"3 Sentries","floor":8.0,"turns":12.0},{"damage":46,"enemies":"Lagavulin","floor":14,"turns":9}],"seed_played":"-2054251156380030973","potions_obtained":[{"floor":6.0,"key":"AttackPotion"}],"is_trial":false,"path_per_floor":["M","?","?","?","M","E","R","E","R","T","R","$","T","E"],"character_chosen":"THE_SILENT","items_purchased":[],"campfire_rested":1,"item_purchase_floors":[],"current_hp_per_floor":[59,59,48,28,28,42,42,15,39,39,39,39,39,0,0],"gold":199,"neow_bonus":"THREE_ENEMY_KILL","is_daily":false,"chose_seed":false,"campfire_upgraded":2,"win_rate":0.0,"timestamp":1614341021,"path_taken":["M","?","?","?","M","E","R","E","R","T","R","$","?","E"],"items_purchased_type":[],"build_version":"2020-12-22","purchased_purges":1,"victory":false,"max_hp_per_floor":[66,66,66,66,66,80,80,80,80,80,80,80,80,80,80],"card_choices":[{"not_picked":["Deadly Poison","Well Laid Plans","PiercingWail"],"picked":"SKIP","floor":1.0},{"not_picked":["Quick Slash","Dagger Throw","Sucker Punch"],"picked":"SKIP","floor":5.0},{"not_picked":["Malaise","Prepared"],"picked":"Footwork","floor":6.0},{"not_picked":["Quick Slash","Flying Knee"],"picked":"Calculated Gamble","floor":8.0}],"player_experience":591683,"relics_obtained":[{"floor":6.0,"key":"Mango"},{"floor":8.0,"key":"CeramicFish"},{"floor":10.0,"key":"Ginger"},{"floor":13.0,"key":"Bottled Tornado"}],"event_choices":[{"damage_healed":0.0,"max_hp_gain":0.0,"max_hp_loss":0.0,"gold_gain":0.0,"cards_transformed":["Strike_G"],"event_name":"Living Wall","player_choice":"Change","floor":2.0,"gold_loss":0.0,"damage_taken":0.0,"cards_obtained":["Night Terror"]},{"damage_healed":0.0,"max_hp_gain":0.0,"max_hp_loss":0.0,"gold_gain":75.0,"event_name":"World of Goop","player_choice":"Gather Gold","floor":3.0,"gold_loss":0.0,"damage_taken":11.0},{"damage_healed":0.0,"max_hp_gain":0.0,"max_hp_loss":0.0,"gold_gain":0.0,"event_name":"Shining Light","player_choice":"Entered Light","floor":4.0,"gold_loss":0.0,"damage_taken":20.0,"cards_upgraded":["Neutralize","Night Terror"]}],"is_beta":false,"boss_relics":[],"items_purged_floors":[12],"is_endless":false,"potions_floor_spawned":[6],"killed_by":"Lagavulin","ascension_level":19}}