{"host":"6z6y4ky8uzsz1dpj","time":1614352214,"event":{"mods":["AchievementEnabler","BaseMod","BetterRewards","Challenge The Spire","Colored Map","Hubris","Minty Spire (QoL Compilation)","Quick Restart","Relic Stats","Replay The Spire","StSLib"],"gold_per_floor":[111,23,40,54,71,71,71],"floor_reached":6,"language":"ENG","playtime":364,"items_purged":["Strike_G"],"score":63,"play_id":"a0b465b3-6ab0-4fe2-8619-4a88d3c9f820","local_time":"20210226101014","is_ascension_mode":true,"campfire_choices":[],"circlet_count":0,"master_deck":["AscendersBane","Strike_G","Strike_G","Strike_G","Strike_G","Defend_G","Defend_G","Defend_G","Defend_G","Defend_G","Survivor","Neutralize","Poisoned Stab","Survey Options","Well Laid Plans","ReplayTheSpireMod:Scrap Shanks","Dagger Spray","Magnetism","Quick Slash","Underhanded Strike"],"relics":["Ring of the Snake","CaptainsWheel","Membership Card","MealTicket"],"acts_visited":["Exordium"],"potions_floor_usage":[5],"damage_taken":[{"damage":0,"enemies":"Cultist","floor":1,"turns":5},{"damage":8,"enemies":"2 Louse","floor":3,"turns":3},{"damage":1,"enemies":"Small Slimes","floor":4,"turns":3},{"damage":29,"enemies":"Gremlin Gang","floor":5,"turns":7},{"damage":29,"enemies":"3 Sentries","floor":6,"turns":6}],"seed_played":"5380595163096769845","potions_obtained":[{"floor":3,"key":"Elixir"},{"floor":4,"key":"Venom Potion"}],"is_trial":false,"path_per_floor":["M","$","M","M","M","E"],"character_chosen":"THE_SILENT","items_purchased":["Membership Card","Poisoned Stab","MealTicket","Survey Options","Well Laid Plans","Magnetism"],"campfire_rested":0,"item_purchase_floors":[0,0,0,0,0,2],"current_hp_per_floor":[56,70,62,61,32,3,3],"gold":71,"neow_bonus":"","is_daily":false,"chose_seed":false,"campfire_upgraded":0,"win_rate":0.0,"timestamp":1614352214,"path_taken":["M","$","M","M","M","E"],"items_purchased_type":["Relic","Card","Relic","Card","Card","Card"],"build_version":"2020-12-22","purchased_purges":1,"victory":false,"max_hp_per_floor":[70,70,70,70,70,70,70],"relic_stats":{"counters":[206,958],"MealTicket":14,"obtain_stats":[{"TwistedFunnel":0,"Golden Egg":6,"Whetstone":42,"Bottled Tornado":45,"hubris:MysteriousPyramids":23,"Boot":8,"Blood Vial":47,"Replay:Ringing Soul":2,"hubris:AstralHammer":7,"Replay:Bronze Core":17,"MealTicket":0,"Kunai":43,"Replay:Bottled Steam":26,"Counterbalance":0,"hubris:SphereOfDissonance":48,"Pen Nib":43,"Replay:Ancient Bell":17,"Paper Crane":9,"Akabeko":24,"SlaversCollar":34,"MutagenicStrength":21,"Pandora\u0027s Box":17,"Unceasing Top":0,"Lantern":28,"Regal Pillow":4,"hubris:Metronome":26,"StoneCalendar":0,"Blue Doll":49,"Bag of Preparation":25,"Replay:Multitool":24,"Ancient Tea Set":10,"Cursed Key":17,"Smiling Mask":28,"Pet Ghost":7,"Ninja Scroll":27,"WingedGreaves":0,"hubris:CuriousFeather":17,"Ring of the Snake":0,"hubris:GlazedTorus":47,"Golden Idol":3,"Basket Of Snakes":0,"Thread and Needle":0,"hubris:Towel":21,"Frozen Egg 2":28,"MawBank":26,"hubris:Spice":0,"Ectoplasm":17,"Turnip":0,"Bottled Lightning":12,"ReplayTheSpireMod:Lightbulb":20,"Toy Ornithopter":20,"Tiny House":17,"Calipers":0,"Gremlin Horn":23,"Nilry\u0027s Codex":28,"CeramicFish":23,"hubris:VirtuousBlindfold":17,"Centennial Puzzle":27,"HornCleat":38,"Prayer Wheel":0,"Philosopher\u0027s Stone":34,"Iron Hammer":9,"Toxic Egg 2":28,"Byrd Skull":0,"Girya":43,"ReplayTheSpireMod:CursedCoin":5,"Oddly Smooth Stone":25,"Ring of Chaos":17,"Letter Opener":2,"War Paint":41,"Question Card":19,"Du-Vu Doll":0,"hubris:Zylophone":0,"ReplayTheSpireMod:Shallot":26,"Shuriken":13,"Bronze Scales":9,"hubris:PeanutButter":28,"Onion Ring":46,"Simple Rune":43,"ReplayTheSpireMod:TigerMarble":23,"hubris:ToyBattleship":17,"Grinning Jar":46,"Pocketwatch":11,"ReplayFunnel":43,"Snake Skull":9,"hubris:SlimyHat":25,"Juzu Bracelet":40,"Incense Burner":10,"Tough Bandages":41,"Nunchaku":34,"Replay:Bandana":7,"hubris:Icosahedron":11,"Chameleon Ring":25,"Mummified Hand":40,"Pantograph":9,"Tiny Chest":31,"Red Mask":39,"Gremlin Food":8,"hubris:DisguiseKit":34,"ReplayTheSpireMod:Ninjato":6,"Replay:Towering Pillar of Hats":0,"Quantum Egg":31,"Guide Book":36,"Replay:WaspNest":26,"Orichalcum":29,"White Beast Statue":12,"Mercury Hourglass":14,"Calling Bell":34,"Peace Pipe":0,"CaptainsWheel":0,"Anchor":9,"Snack Pack":9,"Membership Card":0,"hubris:Potato":14,"hubris:OldNail":10,"TungstenRod":14},{"TwistedFunnel":147,"Golden Egg":100,"Whetstone":197,"Bottled Tornado":145,"hubris:MysteriousPyramids":185,"Boot":44,"Blood Vial":146,"Replay:Ringing Soul":119,"hubris:AstralHammer":165,"Replay:Bronze Core":79,"MealTicket":201,"Kunai":39,"Replay:Bottled Steam":56,"Counterbalance":16,"hubris:SphereOfDissonance":41,"Pen Nib":115,"Replay:Ancient Bell":156,"Paper Crane":124,"Akabeko":29,"SlaversCollar":35,"MutagenicStrength":105,"Pandora\u0027s Box":93,"Unceasing Top":118,"Lantern":14,"Regal Pillow":98,"hubris:Metronome":134,"StoneCalendar":71,"Blue Doll":117,"Bag of Preparation":30,"Replay:Multitool":106,"Ancient Tea Set":90,"Cursed Key":104,"Smiling Mask":136,"Pet Ghost":4,"Ninja Scroll":107,"WingedGreaves":96,"hubris:CuriousFeather":156,"Ring of the Snake":0,"hubris:GlazedTorus":69,"Golden Idol":73,"Basket Of Snakes":42,"Thread and Needle":71,"hubris:Towel":11,"Frozen Egg 2":31,"MawBank":30,"hubris:Spice":174,"Ectoplasm":50,"Turnip":96,"Bottled Lightning":179,"ReplayTheSpireMod:Lightbulb":105,"Toy Ornithopter":130,"Tiny House":8,"Calipers":16,"Gremlin Horn":12,"Nilry\u0027s Codex":187,"CeramicFish":83,"hubris:VirtuousBlindfold":25,"Centennial Puzzle":187,"HornCleat":37,"Prayer Wheel":96,"Philosopher\u0027s Stone":190,"Iron Hammer":4,"Toxic Egg 2":58,"Byrd Skull":84,"Girya":65,"ReplayTheSpireMod:CursedCoin":149,"Oddly Smooth Stone":13,"Ring of Chaos":181,"Letter Opener":97,"War Paint":196,"Question Card":157,"Du-Vu Doll":71,"hubris:Zylophone":160,"ReplayTheSpireMod:Shallot":13,"Shuriken":77,"Bronze Scales":89,"hubris:PeanutButter":31,"Onion Ring":115,"Simple Rune":197,"ReplayTheSpireMod:TigerMarble":55,"hubris:ToyBattleship":156,"Grinning Jar":199,"Pocketwatch":101,"ReplayFunnel":143,"Snake Skull":76,"hubris:SlimyHat":56,"Juzu Bracelet":114,"Incense Burner":179,"Tough Bandages":39,"Nunchaku":60,"Replay:Bandana":76,"hubris:Icosahedron":125,"Chameleon Ring":134,"Mummified Hand":63,"Pantograph":100,"Tiny Chest":109,"Red Mask":62,"Gremlin Food":21,"hubris:DisguiseKit":60,"ReplayTheSpireMod:Ninjato":44,"Replay:Towering Pillar of Hats":96,"Quantum Egg":34,"Guide Book":36,"Replay:WaspNest":186,"Orichalcum":32,"White Beast Statue":126,"Mercury Hourglass":103,"Calling Bell":60,"Peace Pipe":160,"CaptainsWheel":0,"Anchor":44,"Snack Pack":165,"Membership Card":16,"hubris:Potato":7,"hubris:OldNail":22,"TungstenRod":49},{"TwistedFunnel":678,"Golden Egg":454,"Whetstone":911,"Bottled Tornado":665,"hubris:MysteriousPyramids":844,"Boot":251,"Blood Vial":670,"Replay:Ringing Soul":551,"hubris:AstralHammer":742,"Replay:Bronze Core":370,"MealTicket":934,"Kunai":223,"Replay:Bottled Steam":294,"Counterbalance":85,"hubris:SphereOfDissonance":235,"Pen Nib":533,"Replay:Ancient Bell":708,"Paper Crane":574,"Akabeko":162,"SlaversCollar":201,"MutagenicStrength":488,"Pandora\u0027s Box":429,"Unceasing Top":546,"Lantern":76,"Regal Pillow":447,"hubris:Metronome":619,"StoneCalendar":332,"Blue Doll":540,"Bag of Preparation":168,"Replay:Multitool":493,"Ancient Tea Set":415,"Cursed Key":485,"Smiling Mask":628,"Pet Ghost":17,"Ninja Scroll":499,"WingedGreaves":441,"hubris:CuriousFeather":708,"Ring of the Snake":0,"hubris:GlazedTorus":327,"Golden Idol":338,"Basket Of Snakes":243,"Thread and Needle":332,"hubris:Towel":56,"Frozen Egg 2":173,"MawBank":168,"hubris:Spice":788,"Ectoplasm":271,"Turnip":441,"Bottled Lightning":813,"ReplayTheSpireMod:Lightbulb":488,"Toy Ornithopter":605,"Tiny House":42,"Calipers":85,"Gremlin Horn":65,"Nilry\u0027s Codex":855,"CeramicFish":384,"hubris:VirtuousBlindfold":140,"Centennial Puzzle":855,"HornCleat":211,"Prayer Wheel":441,"Philosopher\u0027s Stone":877,"Iron Hammer":17,"Toxic Egg 2":299,"Byrd Skull":388,"Girya":319,"ReplayTheSpireMod:CursedCoin":685,"Oddly Smooth Stone":70,"Ring of Chaos":825,"Letter Opener":443,"War Paint":904,"Question Card":712,"Du-Vu Doll":332,"hubris:Zylophone":721,"ReplayTheSpireMod:Shallot":70,"Shuriken":359,"Bronze Scales":409,"hubris:PeanutButter":173,"Onion Ring":533,"Simple Rune":911,"ReplayTheSpireMod:TigerMarble":291,"hubris:ToyBattleship":708,"Grinning Jar":922,"Pocketwatch":465,"ReplayFunnel":655,"Snake Skull":355,"hubris:SlimyHat":294,"Juzu Bracelet":527,"Incense Burner":813,"Tough Bandages":223,"Nunchaku":305,"Replay:Bandana":355,"hubris:Icosahedron":585,"Chameleon Ring":619,"Mummified Hand":313,"Pantograph":454,"Tiny Chest":506,"Red Mask":310,"Gremlin Food":113,"hubris:DisguiseKit":305,"ReplayTheSpireMod:Ninjato":251,"Replay:Towering Pillar of Hats":441,"Quantum Egg":190,"Guide Book":206,"Replay:WaspNest":849,"Orichalcum":179,"White Beast Statue":590,"Mercury Hourglass":472,"Calling Bell":305,"Peace Pipe":721,"CaptainsWheel":0,"Anchor":251,"Snack Pack":742,"Membership Card":85,"hubris:Potato":31,"hubris:OldNail":121,"TungstenRod":265}],"Ring of the Snake":[411]},"card_choices":[{"not_picked":["Dodge and Roll","ReplayTheSpireMod:The Works"],"picked":"Dagger Spray","floor":1},{"not_picked":["Dodge and Roll","Deflect"],"picked":"Quick Slash","floor":3},{"not_picked":["Backflip","Slice"],"picked":"Underhanded Strike","floor":4},{"not_picked":["Deadly Poison","Hidden Blade","Flying Knee"],"picked":"SKIP","floor":5}],"player_experience":654775,"relics_obtained":[],"event_choices":[],"is_beta":false,"boss_relics":[],"items_purged_floors":[0],"is_endless":false,"potions_floor_spawned":[3,4],"killed_by":"3 Sentries","ascension_level":13}}