{"host":"d73an99q9oevilk5","time":1614356813,"event":{"mods":["2.2 Compatiblity","AchievementEnabler","Act Like it!","Aspiration","BaseMod","Beaked The Cultist","Better Third Choice","BetterRewards","Bossed Relics","Colored Map","Colored Powertips","Conspire","Downfall","GifTheSpireLib","GungeonMod","Halation","Hubris","Infinite Spire","Marisa????????","Mimic Mod","Minty Spire (QoL Compilation)","MostiFishMod","Quick Restart","Relic Sorter","Reliquary","Replay The Spire","Shop Mod","Spikes Relics","StSLib","Stuff the Spire","The Cursed","The Jungle","The Necromancer","The Saiyan","TheHero","Waifu the Spire","egg","slay the spire mod where everything is the same but ironclad has a cowboy hat"],"gold_per_floor":[113,113,38,38,38,64,139,169,169,169,182,182,202,230,230,335,335,355,355,385,403,417,417,449,123,123,123,150,169,187,213,213,316,316,333,349,359,409,420,450,460,17,17,42,72,72,34,53,53,53],"floor_reached":51,"language":"ENG","playtime":1780,"items_purged":["Regret"],"score":1306,"play_id":"bca15d3b-b09a-4384-aeb1-848287343300","local_time":"20210226092653","is_ascension_mode":false,"campfire_choices":[{"data":"Disarm","floor":12,"key":"SMITH"},{"data":"MostiFishMod:HellRitual","floor":23,"key":"SMITH"},{"data":"Inflame","floor":32,"key":"SMITH"},{"data":"hubris:DuctTapeCard","floor":46,"key":"SMITH"},{"data":"Armaments","floor":49,"key":"SMITH"}],"circlet_count":0,"master_deck":["Strike_R","Strike_R","Strike_R","Strike_R","Strike_R","Defend_R","Defend_R","Defend_R","Defend_R+1","Bash","Immolate","Evolve","Disarm+1","Power Through+1","Flex+1","Forethought+1","Bash","Rage+1","Cleave","Sword Boomerang","Thunderclap","Reaper","Heavy Blade","Inflame+1","Infernal Blade","Replay:Bootleg Shield Generator+1","Trip+1","StuffTheSpire:PlasmaPulse+1","DemoMod:WhiteBlade+1","DemoMod:BlackBlade","Armaments+1","Seeing Red","MostiFishMod:CullingBlade","Spot Weakness","BarbarianYell+1","Flame Barrier+1","Heavy Blade+1","hubris:DuctTapeCard+2","Flex+1"],"relics":["Burning Blood","DemoMod:BigBoy","DemoMod:AgedBell","DaveBox","SynthV","MostiFishMod:AdaptiveDefenses","Peace Pipe","reliquary:Crutches","SynthV:TestCard","StuffTheSpire:RedRose","RetroEgg","hubris:Towel","Replay:Bottled Steam","Ornamental Fan","Odd Mushroom","StuffTheSpire:ForceGauntlet","ReplayTheSpireMod:Spearhead","Gambling Chip","Black Star","Nunchaku","reliquary:PorcupineQuills","StuffTheSpire:CocoNut","DianDianMeat","Mercury Hourglass","reliquary:WeakTea","reliquary:RoseTintedGlasses","Bronze Scales","The Courier","JellyFishMachine","reliquary:Knoch","reliquary:TridentHead","infinitespire:Lucky Rock","Frozen Egg 2","War Paint","hubris:DuctTape","LugNut","infinitespire:FocusingShard","DemoMod:DecoyRelic","MealTicket","halation:PromiseList","StuffTheSpire:Tea"],"acts_visited":["Exordium","TheCity","TheBeyond"],"potions_floor_usage":[8,33,44,48],"damage_taken":[{"damage":0,"enemies":"Cultist","floor":1,"turns":2},{"damage":33,"enemies":"Gremlin Nob","floor":6,"turns":4},{"damage":7,"enemies":"3 Sentries","floor":8,"turns":3},{"damage":3,"enemies":"2 Louse","floor":11,"turns":2},{"damage":4,"enemies":"The Mushroom Lair","floor":13,"turns":3},{"damage":9,"enemies":"Lagavulin","floor":14,"turns":5},{"damage":0,"enemies":"Hexaghost","floor":16,"turns":7},{"damage":6,"enemies":"3 Byrds","floor":18,"turns":4},{"damage":11,"enemies":"conspire:MimicChest","floor":20,"turns":5},{"damage":17,"enemies":"conspire:FuzzyDice","floor":21,"turns":3},{"damage":8,"enemies":"Snake Plant","floor":22,"turns":2},{"damage":0,"enemies":"Gremlin Leader","floor":24,"turns":5},{"damage":10,"enemies":"Book of Stabbing","floor":28,"turns":4},{"damage":0,"enemies":"3 Cultists","floor":29,"turns":3},{"damage":5,"enemies":"Chosen and Byrds","floor":30,"turns":4},{"damage":21,"enemies":"Replay:Snechameleon","floor":31,"turns":3},{"damage":0,"enemies":"Automaton","floor":33,"turns":6},{"damage":6,"enemies":"3 Shapes","floor":35,"turns":3},{"damage":28,"enemies":"3 Darklings","floor":36,"turns":4},{"damage":0,"enemies":"Transient","floor":37,"turns":5},{"damage":8,"enemies":"Mind Bloom Boss Battle","floor":38,"turns":6},{"damage":0,"enemies":"4 Shapes","floor":39,"turns":1},{"damage":19,"enemies":"R_Hoarder","floor":40,"turns":4},{"damage":0,"enemies":"Maw","floor":41,"turns":4},{"damage":0,"enemies":"Giant Head","floor":44,"turns":5},{"damage":0,"enemies":"Transient","floor":45,"turns":3},{"damage":0,"enemies":"Transient","floor":48,"turns":5},{"damage":20,"enemies":"Donu and Deca","floor":50,"turns":5}],"seed_played":"6127916073445979635","potions_obtained":[{"floor":6,"key":"PowerPotion"},{"floor":8,"key":"sneckomod:MuddlingPotion"},{"floor":16,"key":"SpeedPotion"},{"floor":24,"key":"Block Potion"},{"floor":28,"key":"AttackPotion"},{"floor":33,"key":"Venom Potion"},{"floor":39,"key":"Explosive Potion"},{"floor":44,"key":"Energy Potion"}],"is_trial":false,"path_per_floor":["M","?","$","?","?","E","?","E","T","?","M","R","?","E","R_BF","B",null,"M","?","?","M","M","R","E","$","T","?","E","M","M","E","R","B",null,"M","M","M","?","M","E","M","$","T","E","MIM","R","$","M","R","B",null],"character_chosen":"IRONCLAD","items_purchased":["MostiFishMod:AdaptiveDefenses","reliquary:Crutches","Immolate","DianDianMeat","Infernal Blade","infinitespire:Lucky Rock","Frozen Egg 2","War Paint","AttackPotion"],"campfire_rested":0,"item_purchase_floors":[0,0,0,25,25,42,42,42,47],"current_hp_per_floor":[75,75,75,75,75,48,37,51,51,51,54,54,56,53,47,53,75,75,75,70,64,71,71,82,83,83,65,66,78,89,81,81,95,118,118,116,127,135,148,147,166,166,180,201,202,202,202,202,202,189],"gold":53,"neow_bonus":"","is_daily":false,"chose_seed":false,"campfire_upgraded":5,"win_rate":0.0,"timestamp":1614356813,"path_taken":["M","?","$","?","?","E","?","E","T","?","?","R","?","E","R_BF","BOSS","M","?","?","M","?","R","E","?","T","?","E","M","M","E","R","BOSS","M","?","M","?","M","E","M","$","T","E","?","R","$","M","R","BOSS"],"items_purchased_type":["Relic","Relic","Card","Relic","Card","Relic","Relic","Relic","Potion"],"build_version":"2020-12-22","purchased_purges":1,"victory":true,"max_hp_per_floor":[75,75,75,75,75,75,75,75,75,75,75,75,75,75,75,75,75,75,75,75,75,75,75,82,83,83,92,97,103,103,110,110,118,118,118,127,127,137,148,160,173,173,187,202,202,202,202,202,202,202],"card_choices":[{"not_picked":["True Grit","Abandon"],"picked":"Disarm","floor":1},{"not_picked":["Dark Embrace","Wild Strike","Run Through","conspire:ExplosiveBarrier"],"picked":"Power Through","floor":6},{"not_picked":["hubris:ReadiedAction","Body Slam","Clash","Shrug It Off"],"picked":"Flex","floor":8},{"not_picked":["Battle Trance","MostiFishMod:404NotFound","Cleave","hubris:ReadiedAction"],"picked":"Rage","floor":11},{"not_picked":["hubris:ReadiedAction","Reckless Charge","Dual Wield","Absolvement"],"picked":"Cleave","floor":13},{"not_picked":["True Grit","Wild Strike","Run Through","Fiend Fire"],"picked":"Sword Boomerang","floor":14},{"not_picked":["MostiFishMod:FlyOverUtopia","Offering","Brutality","MostiFishMod:WingOfPhoenix"],"picked":"MostiFishMod:HellRitual","floor":16},{"not_picked":["Sever Soul","Sentinel+1","Wild Strike","Cleave"],"picked":"Thunderclap","floor":18},{"not_picked":["Armaments","ReplayTheSpireMod:Limb From Limb","Headbutt","Bloodletting"],"picked":"Reaper","floor":21},{"not_picked":["Anger","StuffTheSpire:RockThrow","hubris:SharpeningStone","Fire Breathing"],"picked":"Heavy Blade","floor":22},{"not_picked":["Anger+1","Rupture","Pummel","StuffTheSpire:Slingshot"],"picked":"Inflame","floor":24},{"not_picked":["Replay:Undeath\u0027s Touch","infinitespire:OneForAll","MostiFishMod:Mania","Iron Wave"],"picked":"DemoMod:WhiteBlade+1","floor":28},{"not_picked":["Carnage","ReplayTheSpireMod:Strike From Hell","Wild Strike","Havoc+1"],"picked":"Armaments","floor":29},{"not_picked":["Ghostly Armor","infinitespire:OneForAll+1","Life Link","Flex","hubris:ReadiedAction"],"picked":"SKIP","floor":30},{"not_picked":["StuffTheSpire:Slingshot","Reckless Charge+1","Headbutt+1","Anger"],"picked":"Seeing Red","floor":31},{"not_picked":["MostiFishMod:Chiaki","MostiFishMod:PerfectStrikeMKII","Juggernaut","Exhume"],"picked":"MostiFishMod:HellRitual","floor":33},{"not_picked":["Shockwave","True Grit+1","Power Through","ReplayTheSpireMod:Strike From Hell+1","Uppercut"],"picked":"SKIP","floor":35},{"not_picked":["Run Through+1","Power Through","Headbutt+1","hubris:SharpeningStone"],"picked":"MostiFishMod:CullingBlade","floor":36},{"not_picked":["Wild Strike","Thunderclap+1","StuffTheSpire:RockThrow","Clash","StuffTheSpire:Incineration"],"picked":"SKIP","floor":37},{"not_picked":["MostiFishMod:CullingBlade","ReplayTheSpireMod:Muscle Training","Burning Pact","Dropkick+1"],"picked":"Spot Weakness","floor":38},{"not_picked":["Fire Breathing","Run Through+1","StuffTheSpire:Incineration","StuffTheSpire:RagingBull"],"picked":"BarbarianYell+1","floor":39},{"not_picked":["Pommel Strike+1","Run Through","Havoc+1","Fire Breathing"],"picked":"Flame Barrier+1","floor":40},{"not_picked":["ReplayReversal","Body Slam","Seeing Red","StuffTheSpire:RockThrow+1"],"picked":"Heavy Blade+1","floor":41},{"not_picked":["StuffTheSpire:RockThrow","Dark Embrace+1","Disarm","ReplayTheSpireMod:Strike From Hell"],"picked":"Flex+1","floor":44},{"not_picked":["Body Slam","DemoMod:BlackBlade","Dropkick","Clothesline","True Grit"],"picked":"SKIP","floor":48}],"player_experience":2007969,"relics_obtained":[{"floor":1,"key":"SynthV:TestCard"},{"floor":4,"key":"RetroEgg"},{"floor":6,"key":"Replay:Bottled Steam"},{"floor":8,"key":"DemoMod:BigBoy"},{"floor":9,"key":"Ornamental Fan"},{"floor":13,"key":"Odd Mushroom"},{"floor":14,"key":"StuffTheSpire:ForceGauntlet"},{"floor":20,"key":"Nunchaku"},{"floor":24,"key":"reliquary:PorcupineQuills"},{"floor":24,"key":"StuffTheSpire:CocoNut"},{"floor":26,"key":"Mercury Hourglass"},{"floor":28,"key":"reliquary:WeakTea"},{"floor":28,"key":"reliquary:RoseTintedGlasses"},{"floor":31,"key":"Bronze Scales"},{"floor":31,"key":"The Courier"},{"floor":38,"key":"DemoMod:AgedBell"},{"floor":40,"key":"reliquary:Knoch"},{"floor":40,"key":"reliquary:TridentHead"},{"floor":43,"key":"hubris:DuctTape"},{"floor":44,"key":"LugNut"},{"floor":44,"key":"infinitespire:FocusingShard"},{"floor":45,"key":"DemoMod:DecoyRelic"},{"floor":45,"key":"MealTicket"},{"floor":45,"key":"halation:PromiseList"},{"floor":45,"key":"StuffTheSpire:Tea"}],"event_choices":[{"damage_healed":0,"gold_gain":75,"player_choice":"Gold","damage_taken":11,"max_hp_gain":0,"max_hp_loss":0,"event_name":"betterThird:BetterGoop","floor":7,"gold_loss":0},{"damage_healed":0,"gold_gain":0,"player_choice":"2 cards matched","damage_taken":0,"max_hp_gain":0,"max_hp_loss":0,"event_name":"Match and Keep!","floor":10,"gold_loss":0,"cards_obtained":["Forethought","Bash"]},{"damage_healed":0,"gold_gain":0,"player_choice":"Fought Mushrooms","damage_taken":0,"max_hp_gain":0,"max_hp_loss":0,"event_name":"Mushrooms","floor":13,"gold_loss":0},{"damage_healed":0,"gold_gain":1,"player_choice":"Relic Relic ","damage_taken":6,"max_hp_gain":0,"max_hp_loss":0,"event_name":"betterThird:BetterScrap","floor":15,"gold_loss":0,"cards_obtained":["Expertise"]},{"damage_healed":0,"gold_gain":0,"player_choice":"Ignored","damage_taken":0,"max_hp_gain":0,"max_hp_loss":0,"event_name":"Beggar","floor":19,"gold_loss":0},{"damage_healed":0,"gold_gain":0,"player_choice":"CARD CARD CARD ","damage_taken":27,"max_hp_gain":0,"max_hp_loss":0,"event_name":"Knowing Skull","floor":27,"potions_obtained":[],"gold_loss":0,"cards_obtained":["Replay:Bootleg Shield Generator","Trip","StuffTheSpire:PlasmaPulse"]},{"damage_healed":0,"gold_gain":0,"player_choice":"Fight","damage_taken":0,"max_hp_gain":0,"max_hp_loss":0,"event_name":"MindBloom","floor":38,"gold_loss":0}],"is_beta":false,"boss_relics":[{"not_picked":["MoonlightInvasionPlan","Ring of Chaos"],"picked":"Black Star"},{"not_picked":["halation:LoveArrow","Cursed Key"],"picked":"JellyFishMachine"}],"items_purged_floors":[3],"is_endless":false,"potions_floor_spawned":[6,8,16,24,28,29,30,31,33,39,44,48],"ascension_level":0}}