{"host":"99tfb11iqiu41jyj","time":1614342224,"event":{"mods":["2.2 Compatiblity","AchievementEnabler","BaseMod","Colored Powertips","Downfall","Infinite Spire","Minty Spire (QoL Compilation)","Quick Restart","Replay The Spire","StSLib"],"gold_per_floor":[117,117,117,136,151,183,183,183,183,153,0,13,13,27,27,123,123,137,137,175,190,190,190,190,190],"floor_reached":23,"language":"ENG","playtime":1545,"items_purged":[],"score":191,"play_id":"06dda3a8-989d-4c09-8ca5-d8b8c1479674","local_time":"20210226122344","is_ascension_mode":false,"campfire_choices":[{"floor":7,"key":"REST"},{"data":"sneckomod:UnknownColorless","floor":13,"key":"SMITH"},{"data":"sneckomod:QuickMove","floor":15,"key":"SMITH"}],"circlet_count":0,"master_deck":["sneckomod:Defend","sneckomod:Defend","sneckomod:Defend","sneckomod:TailWhip","sneckomod:SnekBite","sneckomod:Unknown","sneckomod:Unknown","sneckomod:PureSnecko","downfall:Bewildered","Pain","sneckomod:UnknownClassTHE_BRONZE_AUTOMATON+1","sneckomod:SnakeSap","sneckomod:QuickMove+1","sneckomod:UnknownRarePower","sneckomod:UnknownColorless+1","sneckomod:UnknownClassGUARDIAN","sneckomod:Mudshield","sneckomod:SerpentMind+1","sneckomod:Mudshield+1","sneckomod:UnlimitedRolls+1","sneckomod:DiceBlock","infinitespire:Oblivion","sneckomod:UnknownClassTHE_BRONZE_AUTOMATON+1","sneckomod:DiceBoulder+1","downfall:Bewildered"],"relics":["sneckomod:SneckoSoul","NeowsBlessing","Replay:Bottled Snecko","WarpedTongs","Happy Flower","Kunai","Lee\u0027s Waffle","Astrolabe","Replay:PocketPolymizer","sneckomod:BabySnecko"],"acts_visited":["Exordium","TheCity"],"potions_floor_usage":[16,16,23],"damage_taken":[{"damage":0,"enemies":"Small Slimes","floor":1,"turns":1},{"damage":2,"enemies":"2 Louse","floor":4,"turns":2},{"damage":0,"enemies":"Cultist","floor":5,"turns":1},{"damage":51,"enemies":"Lagavulin","floor":6,"turns":8},{"damage":12,"enemies":"Looter","floor":10,"turns":4},{"damage":18,"enemies":"Exordium Thugs","floor":12,"turns":5},{"damage":3,"enemies":"Gremlin Gang","floor":14,"turns":2},{"damage":37,"enemies":"Slime Boss","floor":16,"turns":12},{"damage":21,"enemies":"3 Byrds","floor":18,"turns":3},{"damage":26,"enemies":"2 Thieves","floor":20,"turns":5},{"damage":30,"enemies":"Cultist and Chosen","floor":21,"turns":9},{"damage":23,"enemies":"Book of Stabbing","floor":23,"turns":4}],"seed_played":"4705024861618632594","potions_obtained":[{"floor":1,"key":"Toxic Potion"},{"floor":5,"key":"Energy Potion"},{"floor":6,"key":"Flashbang"},{"floor":16,"key":"Strength Potion"},{"floor":18,"key":"Elixir"}],"is_trial":false,"path_per_floor":["M","?","?","M","M","E","R","?","T","M","$","M","R","M","R","B",null,"M","AVR","M","M","?","E"],"character_chosen":"THE_SNECKO","items_purchased":["Lee\u0027s Waffle"],"campfire_rested":1,"item_purchase_floors":[11],"current_hp_per_floor":[90,90,90,88,88,37,64,64,64,52,97,89,89,86,86,49,97,76,76,50,20,20,0,0,0],"gold":190,"neow_bonus":"THREE_ENEMY_KILL","is_daily":false,"chose_seed":false,"campfire_upgraded":2,"win_rate":0.0,"timestamp":1614342224,"path_taken":["M","?","?","M","?","E","R","?","T","M","?","M","R","M","R","BOSS","M","AVR","M","?","?","E"],"items_purchased_type":["Relic"],"build_version":"2020-12-22","purchased_purges":0,"victory":false,"max_hp_per_floor":[90,90,90,90,90,90,90,90,90,90,97,97,97,97,97,97,97,97,97,97,97,97,97,97,97],"card_choices":[{"not_picked":["sneckomod:SlitherStrike","sneckomod:SoulRoll"],"picked":"sneckomod:PureSnecko","floor":1},{"not_picked":["sneckomod:UnknownClassINFINITE_BLACK","sneckomod:UnknownCommonSkill"],"picked":"sneckomod:UnknownClassTHE_BRONZE_AUTOMATON","floor":4},{"not_picked":["sneckomod:UnknownClassSLIMEBOUND","sneckomod:UnknownClassGUARDIAN"],"picked":"sneckomod:SnakeSap","floor":5},{"not_picked":["sneckomod:UnknownStrike","sneckomod:UnknownClassPURPLE"],"picked":"sneckomod:QuickMove","floor":6},{"not_picked":["sneckomod:Unknown2Cost","sneckomod:TrashToTreasure"],"picked":"sneckomod:UnknownRarePower","floor":10},{"not_picked":["sneckomod:DefensiveFlair","sneckomod:UnknownClassGUARDIAN"],"picked":"sneckomod:UnknownColorless","floor":12},{"not_picked":["sneckomod:UnknownExhaust","sneckomod:WideSting"],"picked":"sneckomod:UnknownClassGUARDIAN","floor":14},{"not_picked":["sneckomod:UnknownRarePower","sneckomod:UnknownBoss"],"picked":"sneckomod:Mudshield","floor":16},{"not_picked":["sneckomod:QuickBite+1","sneckomod:SnakeSap"],"picked":"sneckomod:DiceBlock","floor":18},{"not_picked":["sneckomod:UnknownClassRED","sneckomod:UnknownClassPURPLE"],"picked":"sneckomod:UnknownClassTHE_BRONZE_AUTOMATON+1","floor":20},{"not_picked":["sneckomod:UnknownUncommonSkill","sneckomod:UnknownDraw"],"picked":"sneckomod:DiceBoulder+1","floor":21}],"player_experience":53610,"relics_obtained":[{"floor":6,"key":"Happy Flower"},{"floor":9,"key":"Kunai"}],"event_choices":[{"damage_healed":0,"gold_gain":0,"player_choice":"Rummage","damage_taken":0,"relics_obtained":["WarpedTongs"],"max_hp_gain":0,"max_hp_loss":0,"event_name":"Accursed Blacksmith","floor":3,"gold_loss":0,"cards_obtained":["Pain"]},{"damage_healed":0,"gold_gain":0,"player_choice":"Upgraded","damage_taken":0,"max_hp_gain":0,"max_hp_loss":0,"event_name":"Upgrade Shrine","floor":8,"gold_loss":0,"cards_upgraded":["sneckomod:UnknownClassTHE_BRONZE_AUTOMATON"]}],"is_beta":false,"boss_relics":[{"not_picked":["Philosopher\u0027s Stone","Painkiller Herb"],"picked":"Astrolabe"}],"items_purged_floors":[],"is_endless":false,"potions_floor_spawned":[1,5,6,14,16,18],"killed_by":"Book of Stabbing","ascension_level":0}}