{"host":"uyfpom4rlahfoee4","time":1614299790,"event":{"mods":["BaseMod","Downfall","Minty Spire (QoL Compilation)","StSLib"],"gold_per_floor":[111,141,164,276,299,322,407,448,477,489,521,73,73,92,102,198,198,198,217,227,242,242,242,242,265,265,291,308,322,322,354,371,473,473,473,485,535,551,567,581,581,601,601,616,633,633,633,633],"floor_reached":46,"language":"ENG","playtime":4035,"items_purged":[],"score":522,"play_id":"a26be9ed-b52c-4392-bd41-9c9edcdf2662","local_time":"20210225163630","is_ascension_mode":false,"campfire_choices":[{"data":"bronze:Replicate","floor":1,"key":"SMITH"},{"floor":10,"key":"REST"},{"data":"bronze:Shell","floor":13,"key":"SMITH"},{"data":"bronze:Iterate","floor":18,"key":"SMITH"},{"floor":30,"key":"REST"},{"data":"bronze:SpaghettiCode","floor":35,"key":"SMITH"},{"floor":43,"key":"REST"}],"circlet_count":0,"master_deck":["bronze:Strike","bronze:Strike","bronze:Strike","bronze:Strike","bronze:Defend","bronze:Defend","bronze:Defend","bronze:Defend","bronze:Replicate+1","bronze:Goto","bronze:Invalidate","bronze:Iterate+1","bronze:DelayedSlice","bronze:DelayedSlice","bronze:OilSpill","bronze:WildBeam","bronze:Safeguard","bronze:Constructor","bronze:WhirlingStrike","Flash of Steel","bronze:Shell+1","bronze:Terminator","bronze:WhirlingStrike","bronze:CleanCode","bronze:Repulsor+1","bronze:DelayedSlice+1","bronze:Optimize+1","bronze:ForceShield","bronze:Flail","bronze:DelayedGuard+1","bronze:Boost+1","bronze:Iterate","bronze:SpaghettiCode+1","bronze:CutThrough+1","bronze:Iterate+1","bronze:Deprecate","bronze:ItsAFeature+1","bronze:OilSpill+1","bronze:Flail+1","bronze:CloningBeam+1","bronze:BuggyMess"],"relics":["bronze:BronzeCore","MawBank","Bottled Flame","Vajra","Pear","Philosopher\u0027s Stone","Letter Opener","MutagenicStrength","Bird Faced Urn","bronze:SilverBullet","Strawberry","PreservedInsect","Sozu","Ginger","Bottled Lightning"],"acts_visited":["Exordium","TheCity","TheBeyond"],"potions_floor_usage":[40],"damage_taken":[{"damage":0,"enemies":"2 Louse","floor":2,"turns":2},{"damage":0,"enemies":"Small Slimes","floor":3,"turns":2},{"damage":1,"enemies":"Jaw Worm","floor":5,"turns":2},{"damage":2,"enemies":"3 Louse","floor":6,"turns":2},{"damage":21,"enemies":"Lagavulin","floor":8,"turns":5},{"damage":0,"enemies":"Blue Slaver","floor":9,"turns":1},{"damage":4,"enemies":"Gremlin Gang","floor":11,"turns":2},{"damage":0,"enemies":"downfall:FleeingMerchant","floor":12,"turns":4},{"damage":10,"enemies":"Exordium Thugs","floor":14,"turns":2},{"damage":0,"enemies":"2 Fungi Beasts","floor":15,"turns":2},{"damage":14,"enemies":"SI_SHIV_ARCHETYPE","floor":16,"turns":7},{"damage":0,"enemies":"Spheric Guardian","floor":19,"turns":1},{"damage":7,"enemies":"Chosen","floor":20,"turns":2},{"damage":0,"enemies":"3 Cultists","floor":21,"turns":3},{"damage":18,"enemies":"Book of Stabbing","floor":27,"turns":4},{"damage":0,"enemies":"Cultist and Chosen","floor":28,"turns":1},{"damage":17,"enemies":"Snake Plant","floor":29,"turns":3},{"damage":17,"enemies":"Slavers","floor":31,"turns":3},{"damage":0,"enemies":"Sentry and Sphere","floor":32,"turns":3},{"damage":46,"enemies":"DF_ARCHETYPE_CLAW","floor":33,"turns":7},{"damage":0,"enemies":"Orb Walker","floor":36,"turns":1},{"damage":25,"enemies":"2 Orb Walkers","floor":37,"turns":3},{"damage":0,"enemies":"3 Shapes","floor":38,"turns":1},{"damage":7,"enemies":"Transient","floor":39,"turns":5},{"damage":49,"enemies":"Writhing Mass","floor":40,"turns":4},{"damage":11,"enemies":"3 Darklings","floor":42,"turns":2},{"damage":12,"enemies":"Sphere and 2 Shapes","floor":44,"turns":3},{"damage":0,"enemies":"Transient","floor":45,"turns":5},{"damage":0,"enemies":"Writhing Mass","floor":46,"turns":1}],"seed_played":"3916940545638095353","potions_obtained":[{"floor":2,"key":"Fire Potion"},{"floor":3,"key":"SpeedPotion"},{"floor":5,"key":"bronze:BuildAFunctionPotion"},{"floor":11,"key":"bronze:FreeFunctionsPotion"},{"floor":14,"key":"bronze:CleanCodePotion"}],"is_trial":false,"path_per_floor":["R","M","M","?","M","M","T","E","M","R","M","$","R","M","M","B",null,"R","M","M","M","?","?","T","T","?","E","M","M","R","E","M","B",null,"R","M","?","M","M","M","T","M","R","M","M","M"],"character_chosen":"THE_AUTOMATON","items_purchased":["bronze:WhirlingStrike","Pear","Flash of Steel","bronze:Shell"],"campfire_rested":3,"item_purchase_floors":[12,12,12,12],"current_hp_per_floor":[70,70,70,70,69,67,67,46,46,67,63,73,73,63,63,49,80,80,80,73,73,73,73,73,73,73,66,66,53,79,64,66,22,87,87,87,64,64,61,12,12,5,31,21,25,25,25,25],"gold":633,"neow_bonus":"RANDOM_COMMON_RELIC","is_daily":false,"chose_seed":false,"campfire_upgraded":4,"win_rate":0.0,"timestamp":1614299790,"path_taken":["R","M","M","?","M","M","T","E","M","R","M","$","R","M","M","BOSS","R","M","M","M","?","?","T","?","?","E","M","M","R","E","M","BOSS","R","M","?","M","M","M","T","M","R","M","M","M"],"items_purchased_type":["Card","Relic","Card","Card"],"build_version":"2020-12-22","purchased_purges":0,"victory":false,"max_hp_per_floor":[70,70,70,70,70,70,70,70,70,70,70,80,80,80,80,80,80,80,80,80,80,80,80,80,80,80,87,87,87,87,87,87,87,87,87,87,87,87,87,87,87,87,87,87,87,87,87,87],"card_choices":[{"not_picked":["bronze:NullPointer","bronze:Branch"],"picked":"bronze:Invalidate","floor":2},{"not_picked":["bronze:Backtrace","bronze:Constructor"],"picked":"bronze:Iterate","floor":3},{"not_picked":["bronze:OilSpill","bronze:DarkDash"],"picked":"bronze:DelayedSlice","floor":5},{"not_picked":["bronze:WildBeam","bronze:FineTuning"],"picked":"bronze:DelayedSlice","floor":6},{"not_picked":["bronze:Frontload","bronze:Separator"],"picked":"bronze:OilSpill","floor":8},{"not_picked":["bronze:FindAndReplace","bronze:Frontload"],"picked":"bronze:WildBeam","floor":9},{"not_picked":["bronze:ForceShield","bronze:Separator"],"picked":"bronze:Safeguard","floor":11},{"not_picked":["bronze:Shell","bronze:Philosophize"],"picked":"bronze:Constructor","floor":12},{"not_picked":["bronze:ChildClass","bronze:Invalidate"],"picked":"bronze:Terminator","floor":14},{"not_picked":["bronze:Shell","bronze:Branch"],"picked":"bronze:WhirlingStrike","floor":15},{"not_picked":["bronze:Assembly","bronze:FindAndReplace"],"picked":"bronze:CleanCode","floor":16},{"not_picked":["bronze:FineTuning+1","bronze:DelayedGuard"],"picked":"bronze:Repulsor+1","floor":19},{"not_picked":["bronze:WildBeam","bronze:Philosophize"],"picked":"bronze:DelayedSlice+1","floor":20},{"not_picked":["bronze:OilSpill","bronze:BugBarrage"],"picked":"bronze:Optimize+1","floor":21},{"not_picked":["bronze:DelayedSlice","bronze:FineTuning"],"picked":"bronze:ForceShield","floor":27},{"not_picked":["bronze:FineTuning","bronze:Shell"],"picked":"bronze:Flail","floor":28},{"not_picked":["bronze:Constructor","bronze:CutThrough"],"picked":"bronze:DelayedGuard+1","floor":29},{"not_picked":["bronze:DelayedSlice","bronze:OilSpill"],"picked":"bronze:Boost+1","floor":31},{"not_picked":["bronze:WhirlingStrike","bronze:Shield+1"],"picked":"bronze:Iterate","floor":32},{"not_picked":["bronze:RecursiveStrike","bronze:HardenedForm"],"picked":"bronze:SpaghettiCode","floor":33},{"not_picked":["bronze:Shield+1","bronze:DelayedGuard"],"picked":"bronze:CutThrough+1","floor":36},{"not_picked":["bronze:DarkDash+1","bronze:ClassDefault"],"picked":"bronze:Iterate+1","floor":37},{"not_picked":["bronze:Boost+1","bronze:FollowUp"],"picked":"bronze:Deprecate","floor":38},{"not_picked":["bronze:DarkDash","bronze:BitShift+1"],"picked":"bronze:ItsAFeature+1","floor":39},{"not_picked":["bronze:CloningBeam+1","bronze:Overheat+1"],"picked":"bronze:OilSpill+1","floor":40},{"not_picked":["bronze:Constructor+1","bronze:WildBeam"],"picked":"bronze:Flail+1","floor":42},{"not_picked":["bronze:Flail","bronze:Frontload"],"picked":"bronze:CloningBeam+1","floor":44},{"not_picked":["bronze:Frontload","bronze:Verify"],"picked":"bronze:BuggyMess","floor":45}],"player_experience":217209,"relics_obtained":[{"floor":7,"key":"Bottled Flame"},{"floor":8,"key":"Vajra"},{"floor":24,"key":"Bird Faced Urn"},{"floor":25,"key":"bronze:SilverBullet"},{"floor":27,"key":"Strawberry"},{"floor":31,"key":"PreservedInsect"},{"floor":37,"key":"Ginger"},{"floor":41,"key":"Bottled Lightning"}],"event_choices":[{"damage_healed":0,"gold_gain":0,"player_choice":"Inject Mutagens","damage_taken":0,"relics_obtained":["MutagenicStrength"],"max_hp_gain":0,"max_hp_loss":0,"event_name":"Drug Dealer","floor":23,"gold_loss":0},{"damage_healed":0,"gold_gain":0,"player_choice":"Fight","damage_taken":0,"max_hp_gain":0,"max_hp_loss":0,"event_name":"Mysterious Sphere","floor":37,"gold_loss":0}],"is_beta":false,"boss_relics":[{"not_picked":["Coffee Dripper","Snecko Eye"],"picked":"Philosopher\u0027s Stone"},{"not_picked":["Tiny House","Fusion Hammer"],"picked":"Sozu"}],"items_purged_floors":[],"is_endless":false,"potions_floor_spawned":[2,3,5,11,14,15,21,28,31,36,38,42,45],"killed_by":"Writhing Mass","ascension_level":0}}