{"host":"dhbelfuuk89i1oub","time":1614318358,"event":{"mods":["AchievementEnabler","Act Like it!","Aspiration","BaseMod","Better Match","Better Third Choice","BetterRewards","Colored Map","Colored Powertips","Conspire","Energized Spire","Friendly Minions","GifTheSpireLib","Infinite Spire","Jedi Mod","Minty Spire (QoL Compilation)","Relic Filter","Relic Sorter","Reliquary","Replay The Spire","Ruina","Spikes Relics","Spire Arcade","StSLib","Stuff the Spire","The Cursed","The Dragon Tamer","The Judge","The Marked","The Senshi","The Witch"],"gold_per_floor":[109,142,160,174,99,132,147,52,52,52,67,67,80,96,96,193,193,209,209,221,146,159,177,177,177,177,209,226,226,245,261,261,366,366,385,385,385,405,405,439,459,476,476,494,494,494,15,15,15,15,15],"floor_reached":50,"language":"ENG","playtime":3457,"items_purged":["betterMatch:CurseCard","WordoMod:Accursed"],"score":548,"play_id":"4ec15b3d-ca88-4f59-b49e-22f900e41163","local_time":"20210226134558","is_ascension_mode":false,"campfire_choices":[{"data":"theMarked:ComboAttacks","floor":12.0,"key":"SMITH"},{"data":"theMarked:Maelstrom","floor":15.0,"key":"SMITH"},{"floor":25,"key":"REST"},{"floor":32,"key":"REST"},{"data":"Blind","floor":45,"key":"SMITH"},{"floor":49,"key":"RECALL"}],"circlet_count":0,"master_deck":["theMarked:Strike","theMarked:Strike","theMarked:Strike","theMarked:Strike","theMarked:Strike","theMarked:Defend","theMarked:Defend","theMarked:Defend","theMarked:Defend","theMarked:SoldierOfQuellstein","theMarked:Electrocute","theMarked:Friction","theMarked:Maelstrom+1","ReplayTheSpireMod:Trickstab+1","theMarked:ComboAttacks+1","Blind+1","Iron Wave","theMarked:MysticalArsenal","theMarked:EmpowerWeapon","theMarked:BiggerThanFate","theMarked:GodGivenPower+1","theMarked:HeightenedSenses","theMarked:Generate"],"relics":["theMarked:ArtifactOfAir","reliquary:Vitrine","NeowsBlessing","jedi:kaleidoscope","StuffTheSpire:EmeraldSignet","WizardHat","Replay:Ancient Bell","SnailShell","Molten Egg 2","conspire:GlowingRock","ReplayTheSpireMod:Ninjato","aspiration:FutureDiary","HornCleat","Rawhide","StuffTheSpire:RunicHypercube","Pen Nib","StuffTheSpire:HeavyRock","Toolbox"],"acts_visited":["Exordium","ruina:Briah","TheBeyond"],"potions_floor_usage":[27,33,33,33,50],"damage_taken":[{"damage":0.0,"enemies":"2 Louse","floor":1.0,"turns":1.0},{"damage":0.0,"enemies":"conspire:MimicChest","floor":2.0,"turns":1.0},{"damage":0.0,"enemies":"Small Slimes","floor":3.0,"turns":2.0},{"damage":3.0,"enemies":"infinitespire:Voidling","floor":4.0,"turns":3.0},{"damage":9.0,"enemies":"3 Sentries","floor":6.0,"turns":4.0},{"damage":5.0,"enemies":"2 Fungi Beasts","floor":7.0,"turns":2.0},{"damage":13.0,"enemies":"Exordium Thugs","floor":11.0,"turns":3.0},{"damage":0.0,"enemies":"Red Slaver","floor":13.0,"turns":1.0},{"damage":0.0,"enemies":"2 Fungi Beasts","floor":14.0,"turns":2.0},{"damage":26.0,"enemies":"Hexaghost","floor":16.0,"turns":6.0},{"damage":26,"enemies":"ruina:Nosferatu","floor":18,"turns":4},{"damage":28,"enemies":"ruina:3_Bats","floor":20,"turns":4},{"damage":4,"enemies":"ruina:KingOfGreed","floor":22,"turns":4},{"damage":0,"enemies":"ruina:KnightOfDespair","floor":23,"turns":3},{"damage":6,"enemies":"ruina:RoadHome","floor":27,"turns":3},{"damage":0,"enemies":"ruina:Woodsman","floor":28,"turns":3},{"damage":2,"enemies":"ruina:3_Scarecrows","floor":30,"turns":4},{"damage":2,"enemies":"ruina:KingOfGreed","floor":31,"turns":4},{"damage":36,"enemies":"ruina:Red_and_Wolf","floor":33,"turns":7},{"damage":0,"enemies":"3 Shapes","floor":35,"turns":2},{"damage":13,"enemies":"3 Darklings","floor":38,"turns":3},{"damage":9,"enemies":"Giant Head","floor":40,"turns":6},{"damage":6,"enemies":"4 Shapes","floor":41,"turns":3},{"damage":1,"enemies":"Transient","floor":42,"turns":5},{"damage":7,"enemies":"Maw","floor":44,"turns":4},{"damage":57,"enemies":"conspire:OrnateMirror","floor":50,"turns":9}],"seed_played":"6279707044453072220","potions_obtained":[{"floor":1.0,"key":"Energy Potion"},{"floor":6.0,"key":"BlessingOfTheForge"},{"floor":11.0,"key":"Strength Potion"},{"floor":13.0,"key":"Doom Potion"},{"floor":18,"key":"Elixir"},{"floor":22,"key":"ColorlessPotion"},{"floor":23,"key":"Flashbang"},{"floor":27,"key":"AttackPotion"},{"floor":33,"key":"Fire Potion"},{"floor":42,"key":"SmokeBomb"},{"floor":44,"key":"Languid Potion"}],"is_trial":false,"path_per_floor":["M","?","M","M","?","E","M","$","T","?","M","R","M","M","R","B",null,"M","AVR","M","?","M","M","?","R","T","E","M","?","M","M","R","B",null,"M","?","?","M","?","E","M","M","T","M","R","?","$","?","R","B"],"character_chosen":"THE_DEFAULT","items_purchased":["Blind","Toolbox","reliquary:Vitrine"],"campfire_rested":2,"item_purchase_floors":[8,47,47],"current_hp_per_floor":[72,72,72,69,69,60,55,55,55,55,42,42,42,42,42,16,72,46,46,18,18,14,14,21,42,42,36,36,36,34,32,53,17,72,72,72,72,59,59,52,46,45,45,40,40,40,40,40,40,0,0],"gold":15,"neow_bonus":"THREE_ENEMY_KILL","is_daily":false,"chose_seed":false,"campfire_upgraded":3,"win_rate":0.0,"timestamp":1614318358,"path_taken":["M","?","?","M","?","E","M","$","T","?","M","R","?","M","R","BOSS","M","AVR","M","?","?","M","?","R","T","E","?","?","M","M","R","BOSS","M","?","?","?","?","E","M","M","T","M","R","?","$","?","R","BOSS"],"items_purchased_type":["Card","Relic","Relic"],"build_version":"2020-12-22","purchased_purges":2,"victory":false,"max_hp_per_floor":[72,72,72,72,72,72,72,72,72,72,72,72,72,72,72,72,72,72,72,72,72,72,72,72,72,72,72,72,72,72,72,72,72,72,72,72,72,72,72,72,72,72,72,72,72,72,72,72,72,72,72],"card_choices":[{"not_picked":["theMarked:Parry","theMarked:RepellingDischarge"],"picked":"theMarked:Electrocute","floor":1.0},{"not_picked":["theMarked:Standoff","theMarked:ParalyzingBlade"],"picked":"theMarked:Friction","floor":2.0},{"not_picked":["theMarked:PowerFlow","theMarked:RepellingDischarge","theMarked:Frustration"],"picked":"SKIP","floor":3.0},{"not_picked":["theMarked:TheMission","theMarked:Improvise"],"picked":"theMarked:Maelstrom","floor":4.0},{"not_picked":["Deep Breath+1","Flash of Steel+1"],"picked":"ReplayTheSpireMod:Trickstab+1","floor":5.0},{"not_picked":["theMarked:GodGivenPower","theMarked:CreepingChasm"],"picked":"theMarked:Challenge","floor":6.0},{"not_picked":["theMarked:ChannelForce","theMarked:Aftermath"],"picked":"theMarked:ComboAttacks","floor":7.0},{"not_picked":["theMarked:SwordAndMagic","theMarked:LightningStrikesTwice"],"picked":"theMarked:MysticalArsenal","floor":11.0},{"not_picked":["theMarked:RogueSparks","theMarked:Reabsorb"],"picked":"theMarked:EmpowerWeapon","floor":13.0},{"not_picked":["theMarked:TwofoldDefense","theMarked:WardOff","theMarked:Memento"],"picked":"SKIP","floor":14.0},{"not_picked":["theMarked:TurnInvisible","theMarked:Snap"],"picked":"theMarked:BiggerThanFate","floor":16.0},{"not_picked":["conspire:NecroticWound","StuffTheSpire:GnomedCurse"],"picked":"WordoMod:Accursed","floor":17},{"not_picked":["Notoriety","Hatred"],"picked":"UnluckySeven","floor":17},{"not_picked":["Pain","Languid"],"picked":"betterMatch:CurseCard","floor":17},{"not_picked":["theMarked:Frustration+1","theMarked:Improvise"],"picked":"theMarked:GodGivenPower+1","floor":18},{"not_picked":["theMarked:Generate","theMarked:EmpowerWeapon"],"picked":"theMarked:HeightenedSenses","floor":20},{"not_picked":["theMarked:TheMission","theMarked:Aftermath","theMarked:Snap+1"],"picked":"SKIP","floor":22},{"not_picked":["theMarked:Standoff","theMarked:Indomitable","theMarked:TakeCover"],"picked":"SKIP","floor":23},{"not_picked":["theMarked:HeightenedSenses","theMarked:Improvise"],"picked":"theMarked:UnarmedFury+1","floor":27},{"not_picked":["theMarked:TwofoldDefense","theMarked:Parkour+1","theMarked:WastefulAttack+1"],"picked":"SKIP","floor":28},{"not_picked":["theMarked:HeightenedSenses","theMarked:Frustration+1","theMarked:TheMission+1"],"picked":"SKIP","floor":30},{"not_picked":["theMarked:BanishingStrike+1","theMarked:Parkour+1","theMarked:GodGivenPower"],"picked":"SKIP","floor":31},{"not_picked":["theMarked:TurnInvisible","theMarked:Snap+1"],"picked":"theMarked:BiggerThanFate","floor":33},{"not_picked":["theMarked:BanishingStrike+1","theMarked:TakeCover+1","theMarked:ContemptForTheProud+1"],"picked":"SKIP","floor":35},{"not_picked":["theMarked:Reabsorb","theMarked:TwofoldDefense+1","theMarked:Memento"],"picked":"SKIP","floor":38},{"not_picked":["theMarked:SwordAndMagic+1","theMarked:Indomitable+1","theMarked:Aftermath"],"picked":"SKIP","floor":40},{"not_picked":["theMarked:ParalyzingBlade+1","theMarked:TwofoldDefense","theMarked:BanishingStrike+1"],"picked":"SKIP","floor":41},{"not_picked":["theMarked:ComboAttacks+1","theMarked:CreepingChasm","theMarked:BanishingStrike+1"],"picked":"SKIP","floor":42},{"not_picked":["theMarked:SelfDefenseTraining+1","theMarked:TwofoldDefense","theMarked:BanishingWave+1"],"picked":"SKIP","floor":44}],"player_experience":993101,"relics_obtained":[{"floor":2.0,"key":"jedi:kaleidoscope"},{"floor":6.0,"key":"StuffTheSpire:EmeraldSignet"},{"floor":9.0,"key":"WizardHat"},{"floor":26,"key":"HornCleat"},{"floor":27,"key":"Rawhide"},{"floor":40,"key":"Pen Nib"}],"event_choices":[{"damage_healed":0.0,"max_hp_gain":0.0,"max_hp_loss":0.0,"gold_gain":0.0,"event_name":"betterMatch:BetterMatch","player_choice":"2","floor":5.0,"gold_loss":0.0,"damage_taken":0.0,"cards_obtained":["betterMatch:ColorlessUncommonCard"]},{"cards_removed":["theMarked:Challenge"],"damage_healed":0.0,"max_hp_gain":0.0,"max_hp_loss":0.0,"gold_gain":0.0,"event_name":"NoteForYourself","player_choice":"Took Card","floor":10.0,"gold_loss":0.0,"damage_taken":0.0,"cards_obtained":["Iron Wave"]},{"damage_healed":0,"gold_gain":0,"player_choice":"1","damage_taken":0,"max_hp_gain":0,"max_hp_loss":0,"event_name":"betterMatch:BetterMatch","floor":21,"gold_loss":0,"cards_obtained":[]},{"damage_healed":0,"gold_gain":0,"player_choice":"Leave","damage_taken":0,"max_hp_gain":0,"max_hp_loss":0,"event_name":"conspire:Investor","floor":29,"gold_loss":0},{"cards_removed":["theMarked:BiggerThanFate"],"damage_healed":0,"gold_gain":0,"player_choice":"Removed Skill","damage_taken":0,"max_hp_gain":0,"max_hp_loss":0,"event_name":"Falling","floor":36,"gold_loss":0},{"damage_healed":0,"gold_gain":0,"cards_transformed":["theMarked:UnarmedFury"],"player_choice":"Transformed","damage_taken":0,"max_hp_gain":0,"max_hp_loss":0,"event_name":"Transmorgrifier","floor":37,"gold_loss":0,"cards_obtained":["theMarked:Generate"]},{"damage_healed":0,"gold_gain":0,"player_choice":"Ignored","damage_taken":0,"max_hp_gain":0,"max_hp_loss":0,"event_name":"Tomb of Lord Red Mask","floor":39,"gold_loss":0},{"cards_removed":["StuffTheSpire:CuriosityCurse"],"damage_healed":0,"gold_gain":0,"player_choice":"Purged","damage_taken":0,"max_hp_gain":0,"max_hp_loss":0,"event_name":"Purifier","floor":48,"gold_loss":0}],"is_beta":false,"boss_relics":[{"not_picked":["energizedSpire:OgreHead","Replay:Drink Me"],"picked":"Replay:Ancient Bell"},{"not_picked":["Oddly Smooth Stone","jedi:arcanewood"],"picked":"SnailShell"},{"not_picked":["theMarked:NailFile","Meat on the Bone"],"picked":"Molten Egg 2"},{"not_picked":["Replay:Towering Pillar of Hats","Peace Pipe"],"picked":"conspire:GlowingRock"},{"not_picked":["Runic Dome","Kintsugi"],"picked":"StuffTheSpire:RunicHypercube"}],"items_purged_floors":[19,47],"is_endless":false,"potions_floor_spawned":[1,6,11,13,18,22,23,27,33,42,44],"killed_by":"conspire:OrnateMirror","ascension_level":0}}