{"host":"liu","time":1614316596,"event":{"mods":["100% Spire Juice","ATMod(°¢èªMod)","Act Like it!","Arknights","BaseMod","KinomotoSakuraMod(Ä¾Ö®±¾Ó£)","Lobotomy","Marisa£¨ìFÓê¡¡Ä§ÀíÉ³£©","Minty Spire (QoL Compilation)","Reimu£¨²©ÀöÁéÃÎ£©","Remilia£¨ÀÙÃ×ÀòÑÇ£©","StSLib","TestMod","The Construct","The Senshi","Youmu£¨»êÆÇÑýÃÎ£©","¡¾ÒÅÎï¿¨ÅÆ¡¿REMEMod"],"gold_per_floor":[118,118,118,17,417,452,464,424,450,131,131,160,172,218,230,320,332,362,394,21,21,36,36,36,71,71,90,125,135,166,166,166,240,240,260,260,273,121,175,193,193,193,247,275,290,290,290,315,315,315,315,315,67,92,92],"floor_reached":56,"language":"ZHS","playtime":2562,"items_purged":["Strike_G","Strike_G"],"score":2206,"play_id":"25fe72f8-7270-43d5-8ffa-34f5507b558f","local_time":"20210226131636","is_ascension_mode":true,"campfire_choices":[{"data":"HellFireSword","floor":13.0,"key":"SMITH"},{"data":"Blade Dance","floor":15.0,"key":"SMITH"},{"data":"Prepared","floor":23.0,"key":"SMITH"},{"data":"AT_ThistleTea","floor":32.0,"key":"SMITH"},{"data":"AT_KingSlayer","floor":42.0,"key":"SMITH"},{"data":"testmod-PerfectCombo","floor":46,"key":"SMITH"},{"floor":49,"key":"RECALL"},{"data":"Bouncing Flask","floor":52,"key":"SMITH"}],"circlet_count":0,"master_deck":["AscendersBane","Strike_G+1","Strike_G+1","Strike_G","Defend_G","Defend_G","Defend_G","Defend_G","Defend_G+1","Survivor","Neutralize","AT_DarkMatter","REME_GreenPollution","Cloak And Dagger","Quick Slash","Blade Dance+1","HellFireSword+1","testmod-PerfectCombo+1","theSenshi:InTheNickOfTime","Die Die Die","REME_GreenPollution","Dagger Throw","AT_WindFlip","Prepared+1","Shame","AT_ThistleTea+1","ats:Curse Doll","Backflip","Bouncing Flask+1","ats:Roar Of Ursus+1","AT_KingSlayer+1","Envenom+1","Backflip+1","Well Laid Plans+1","AT_LightSaberMaster+1","Quick Slash+1","AT_Desolate+1","Madness","Madness","Catalyst"],"relics":["Ring of the Snake","AT_ATBox","testmod-TestBox","testmod-PortableAltar","AT_RedTearstoneRing","testmod-HeartOfDaVinci","AT_ArcaneBoots","Roukanken","MawBank","theSenshi:TiaraRelic","testmod-HarvestTotem","AT_ForceNature","Frozen Egg 2","Toy Ornithopter","ats:Berate","ats:Originium","CrazyTorch:ReiMu","WristBlade","CatCart","Omamori","AT_DeathDance","construct:RocketBooster","KSMOD_YukitosBentoBox","testmod-Antiphasic"],"acts_visited":["Exordium","TheCity","TheBeyond","TheEnding"],"potions_floor_usage":[55,55,55],"damage_taken":[{"damage":3.0,"enemies":"2 Louse","floor":1.0,"turns":3.0},{"damage":43.0,"enemies":"Lagavulin","floor":6.0,"turns":7.0},{"damage":1.0,"enemies":"ats:Genji","floor":7.0,"turns":2.0},{"damage":0.0,"enemies":"3 Sentries","floor":12.0,"turns":2.0},{"damage":0.0,"enemies":"Gremlin Nob","floor":14.0,"turns":2.0},{"damage":1.0,"enemies":"Hexaghost","floor":16.0,"turns":4.0},{"damage":2.0,"enemies":"3 Byrds","floor":18.0,"turns":5.0},{"damage":0.0,"enemies":"Spheric Guardian","floor":19.0,"turns":2.0},{"damage":21.0,"enemies":"Snecko","floor":22.0,"turns":4.0},{"damage":8.0,"enemies":"Gremlin Leader","floor":25.0,"turns":4.0},{"damage":0.0,"enemies":"3 Cultists","floor":27.0,"turns":4.0},{"damage":24.0,"enemies":"Slavers","floor":28.0,"turns":3.0},{"damage":0.0,"enemies":"Sentry and Sphere","floor":29.0,"turns":1.0},{"damage":6.0,"enemies":"REME_1_Revenger","floor":30.0,"turns":4.0},{"damage":27.0,"enemies":"Automaton","floor":33.0,"turns":7.0},{"damage":3.0,"enemies":"3 Shapes","floor":35.0,"turns":2.0},{"damage":4.0,"enemies":"3 Darklings","floor":37.0,"turns":3.0},{"damage":0.0,"enemies":"Orin","floor":39.0,"turns":6.0},{"damage":16.0,"enemies":"Sphere and 2 Shapes","floor":40.0,"turns":4.0},{"damage":3,"enemies":"Nemesis","floor":44,"turns":7},{"damage":0,"enemies":"Maw","floor":45,"turns":4},{"damage":4,"enemies":"Giant Head","floor":48,"turns":5},{"damage":40,"enemies":"Awakened One","floor":50,"turns":7},{"damage":11,"enemies":"Shield and Spear","floor":54,"turns":4},{"damage":30,"enemies":"The Heart","floor":55,"turns":7}],"seed_played":"7918208572631597210","potions_obtained":[{"floor":6.0,"key":"Weak Potion"},{"floor":12.0,"key":"Weak Potion"},{"floor":14.0,"key":"SpeedPotion"},{"floor":22.0,"key":"AttackPotion"},{"floor":28.0,"key":"testmod-SpacePotion"},{"floor":29.0,"key":"GamblersBrew"},{"floor":33.0,"key":"construct:ShiftPotion"},{"floor":37.0,"key":"Poison Potion"},{"floor":40.0,"key":"Regen Potion"}],"is_trial":false,"path_per_floor":["M","?","?","$","?","E","M","?","T","$","?","E","R","E","R","B",null,"M","M","$","?","M","R","?","E","T","M","E","M","E","?","R","B",null,"M","?","M","$","?","M","?","R","T","E","M","R","?","E","R","B",null,"R","$","E","B",null],"character_chosen":"THE_SILENT","items_purchased":["Cloak And Dagger","Quick Slash","Roukanken","testmod-PerfectCombo","AT_ForceNature","AT_WindFlip","Envenom+1","KSMOD_YukitosBentoBox"],"campfire_rested":0,"item_purchase_floors":[4,4,10,10,20,20,38,53],"current_hp_per_floor":[56,61,47,47,47,4,3,3,3,3,3,3,3,3,3,2,108,105,105,105,104,82,82,82,74,74,74,70,70,64,64,64,47,91,87,109,104,104,104,88,88,88,88,85,85,85,78,74,74,34,94,93,92,80,86],"gold":92,"neow_bonus":"RANDOM_COMMON_RELIC","is_daily":false,"chose_seed":false,"campfire_upgraded":7,"win_rate":0.0,"timestamp":1614316596,"path_taken":["M","?","?","?","?","E","M","?","T","$","?","E","R","E","R","BOSS","M","M","$","?","M","R","?","E","T","M","E","M","E","?","R","BOSS","M","?","?","$","?","M","?","R","T","E","M","R","?","E","R","BOSS","R","$","E","BOSS"],"items_purchased_type":["Card","Card","Relic","Card","Relic","Card","Card","Relic"],"build_version":"2020-12-18","purchased_purges":2,"victory":true,"max_hp_per_floor":[65,69,68,67,66,65,64,63,62,61,60,59,58,57,56,55,108,107,106,105,104,103,102,101,100,99,98,97,96,95,94,93,92,91,90,109,108,107,106,105,104,103,102,101,100,99,98,97,96,95,94,93,92,91,100],"card_choices":[{"not_picked":["Dash","Blade Dance"],"picked":"REME_GreenPollution","floor":1.0},{"not_picked":["Cloak And Dagger","Choke","Escape Plan"],"picked":"SKIP","floor":6.0},{"not_picked":["Predator","Poisoned Stab"],"picked":"Blade Dance","floor":7.0},{"not_picked":["Flechettes","Underhanded Strike","Bane"],"picked":"SKIP","floor":12.0},{"not_picked":["Bane","Quick Slash","Leg Sweep"],"picked":"SKIP","floor":14.0},{"not_picked":["REME_ShadowForm","Corpse Explosion"],"picked":"Die Die Die","floor":16.0},{"not_picked":["PiercingWail","Blur"],"picked":"REME_GreenPollution","floor":18.0},{"not_picked":["PiercingWail","Outmaneuver"],"picked":"Dagger Throw","floor":19.0},{"not_picked":["Sucker Punch","Slice"],"picked":"Prepared","floor":22.0},{"not_picked":["AT_ArcaneSupremacy+1","Concentrate"],"picked":"AT_ThistleTea","floor":25.0},{"not_picked":["Dodge and Roll","AT_WindFlip","PiercingWail"],"picked":"SKIP","floor":27.0},{"not_picked":["Malaise","Poisoned Stab"],"picked":"Backflip","floor":28.0},{"not_picked":["Predator","Bane"],"picked":"Bouncing Flask","floor":29.0},{"not_picked":["Dagger Spray","Deflect","Bouncing Flask+1"],"picked":"SKIP","floor":30.0},{"not_picked":["AT_EssenceShift+1","REME_LeechingPoison"],"picked":"AT_KingSlayer","floor":33.0},{"not_picked":["AT_TwilightShroud+1","AT_WindFlip","Skewer"],"picked":"SKIP","floor":35.0},{"not_picked":["Quick Slash","PiercingWail+1","Blade Dance"],"picked":"SKIP","floor":37.0},{"not_picked":["Blade Dance","Cloak And Dagger"],"picked":"Backflip+1","floor":39.0},{"not_picked":["Quick Slash","Bouncing Flask+1"],"picked":"Well Laid Plans+1","floor":40.0},{"not_picked":["Forethought","REME_TheoryOfElimination"],"picked":"AT_LightSaberMaster+1","floor":41.0},{"not_picked":["Grand Finale","REME_LeechingPoison"],"picked":"Quick Slash+1","floor":44},{"not_picked":["Deadly Poison","Footwork+1"],"picked":"AT_Desolate+1","floor":45},{"not_picked":["Underhanded Strike","Leg Sweep","Skewer+1"],"picked":"SKIP","floor":48},{"not_picked":["PiercingWail+1","Dagger Spray"],"picked":"Catalyst","floor":54}],"player_experience":409787,"relics_obtained":[{"floor":6.0,"key":"testmod-HeartOfDaVinci"},{"floor":9.0,"key":"AT_SpeedBoots"},{"floor":12.0,"key":"MawBank"},{"floor":14.0,"key":"theSenshi:TiaraRelic"},{"floor":25.0,"key":"Toy Ornithopter"},{"floor":28.0,"key":"ats:Berate"},{"floor":30.0,"key":"ats:Originium"},{"floor":30.0,"key":"CrazyTorch:ReiMu"},{"floor":39.0,"key":"CatCart"},{"floor":43.0,"key":"Omamori"},{"floor":44,"key":"ats:Originium"},{"floor":44,"key":"AT_DeathDance"},{"floor":48,"key":"ats:Originium"},{"floor":48,"key":"construct:RocketBooster"},{"floor":54,"key":"ats:Originium"},{"floor":54,"key":"testmod-Antiphasic"}],"event_choices":[{"damage_healed":0.0,"max_hp_gain":5.0,"max_hp_loss":0.0,"gold_gain":0.0,"event_name":"Big Fish","player_choice":"Donut","floor":2.0,"gold_loss":0.0,"damage_taken":0.0},{"damage_healed":0.0,"max_hp_gain":0.0,"max_hp_loss":0.0,"gold_gain":0.0,"event_name":"Shining Light","player_choice":"Entered Light","floor":3.0,"gold_loss":0.0,"damage_taken":14.0,"cards_upgraded":["Strike_G","Strike_G"]},{"damage_healed":0.0,"max_hp_gain":0.0,"max_hp_loss":0.0,"gold_gain":400.0,"event_name":"¶÷ÂåË¹µÄÅÌ×Ó","player_choice":"Sell","floor":5.0,"relics_lost":["REME_ComplimentaryCards"],"gold_loss":0.0,"damage_taken":0.0},{"damage_healed":0.0,"max_hp_gain":0.0,"max_hp_loss":0.0,"gold_gain":0.0,"event_name":"World of Goop","player_choice":"Left Gold","floor":8.0,"gold_loss":40.0,"damage_taken":0.0},{"damage_healed":0.0,"max_hp_gain":0.0,"max_hp_loss":0.0,"gold_gain":0.0,"event_name":"¸ø×Ô¼ºµÄºÐ×Ó","player_choice":"Ignored","floor":11.0,"gold_loss":0.0,"damage_taken":0.0},{"damage_healed":0.0,"max_hp_gain":0.0,"max_hp_loss":0.0,"gold_gain":0.0,"event_name":"Ghosts","player_choice":"Ignored","floor":21.0,"gold_loss":0.0,"damage_taken":0.0},{"damage_healed":0.0,"max_hp_gain":0.0,"max_hp_loss":0.0,"gold_gain":0.0,"event_name":"Addict","player_choice":"Stole Relic","floor":24.0,"gold_loss":0.0,"damage_taken":0.0,"relics_obtained":["Frozen Egg 2"],"cards_obtained":["Shame"]},{"damage_healed":0.0,"max_hp_gain":0.0,"max_hp_loss":0.0,"gold_gain":0.0,"event_name":"Vampires","player_choice":"Ignored","floor":31.0,"gold_loss":0.0,"damage_taken":0.0},{"cards_removed":["BinaryStars"],"damage_healed":2.0,"max_hp_gain":10.0,"max_hp_loss":0.0,"gold_gain":0.0,"event_name":"Bonfire Elementals","player_choice":"Offered Rare","floor":36.0,"gold_loss":0.0,"damage_taken":0.0},{"damage_healed":0.0,"max_hp_gain":0.0,"max_hp_loss":0.0,"gold_gain":0.0,"event_name":"OrinTheCat","player_choice":"Fight","floor":39.0,"gold_loss":0.0,"damage_taken":0.0},{"damage_healed":0.0,"max_hp_gain":0.0,"max_hp_loss":0.0,"gold_gain":0.0,"event_name":"SensoryStone","player_choice":"Memory 1","floor":41.0,"gold_loss":0.0,"damage_taken":0.0},{"damage_healed":0,"gold_gain":0,"player_choice":"Embrace Madness","damage_taken":12,"max_hp_gain":0,"max_hp_loss":0,"event_name":"Winding Halls","floor":47,"gold_loss":0,"cards_obtained":["Madness","Madness"]}],"is_beta":true,"boss_relics":[{"not_picked":["testmod-Temperance","Ring of the Serpent"],"picked":"testmod-HarvestTotem"},{"not_picked":["testmod-SaigiyounoYou","testmod-GoldenSoul"],"picked":"WristBlade"}],"items_purged_floors":[10,20],"is_endless":false,"potions_floor_spawned":[6,12,14,16,22,28,29,33,37,40,45,48],"ascension_level":14}}