{"host":"h5acbxt0wmjo1kpm","time":1614376819,"event":{"mods":["2.2 Compatiblity","Act Like it!","AlwaysNeverKeys","Aspiration","Aya Shameimaru","Bard","Bartender","BaseMod","Better Third Choice","Colored Map","Elementarium","Gensokyo","GifTheSpireLib","Hallownest","Marisa????????","Menagerie","Minty Spire (QoL Compilation)","Permanent Neow","Potionbrewer","Quick Restart","Relic Filter","Reliquary","Replay The Spire","Robot Space Explorer","Ruina","RumiaBox-????????","Shade Mod","Spicy Shops","StSLib","Strawberry Spire","The Blackbeard","The Dragon Tamer","The Gatherer","The Hayseed","The Problem Sleuth","The Servant 0.9.4","Wandering Minibosses","Wide Potions"],"gold_per_floor":[116,81,94,32,108,108,138,156,156,156,156,156,6,17,17,119,119,133,146,71,446,401,401,401,426,477,502,522,572,572,572,572,586,586,681,681,692,692,703,233,250,302,319,351,351,351,383,430,447,465,465,465,465,465,6,39,39],"floor_reached":58,"language":"ENG","playtime":6406,"items_purged":["Shame","Hallownest:curseDreamersLament"],"score":1735,"play_id":"d87690d4-e4a9-4e14-969a-66cb0ceb8cce","local_time":"20210226140019","is_ascension_mode":false,"campfire_choices":[{"data":"shameimaru:Preparation","floor":6,"key":"SMITH"},{"data":"shameimaru:Plagiarism","floor":10,"key":"SMITH"},{"data":"shameimaru:CandidShot","floor":15,"key":"SMITH"},{"data":"shameimaru:PhotographicDisposal","floor":23,"key":"SMITH"},{"data":"ReplayTheSpireMod:Fabricate Wheel","floor":32,"key":"SMITH"},{"data":"shameimaru:OpeningWindAdvent","floor":34,"key":"SMITH"},{"floor":51,"key":"RECALL"},{"data":"shameimaru:IllusoryDominance","floor":54,"key":"SMITH"}],"circlet_count":0,"master_deck":["shameimaru:GustFan","shameimaru:GaleBullet+1","shameimaru:Opportunity","shameimaru:ClangingWindchime","shameimaru:Preparation+1","shameimaru:PhotographicDisposal+1","shameimaru:BunbunmaruNewspaper+1","shameimaru:MountainProcession","shameimaru:MountainProcession","shameimaru:OpeningWindAdvent+1","shameimaru:BunbunmaruNewspaper","shameimaru:RapidEnhancement","shameimaru:Plagiarism+1","shameimaru:Duality+1","shameimaru:DashingGrace","shameimaru:CandidShot+1","potionbrewer:ChoosePotion","potionbrewer:ChoosePotion","shameimaru:ShootTheBullet","potionbrewer:ChoosePotion","potionbrewer:ChoosePotion","potionbrewer:ChoosePotion","potionbrewer:ChoosePotion","shameimaru:DashingDomination+1","strawberrySpire:AscendersBanana","shameimaru:Photoshoot","shameimaru:Imitation","Echo Form","shameimaru:PhotographicDisposal","Buffer","shameimaru:IllusoryDominance+1","shameimaru:SkywardSonnet+1","shameimaru:BreezeOfReminiscence+1","Panacea","shameimaru:Tailwind+1"],"relics":["shameimaru:blackbirdfeather","aspiration:DSix","Kunai","strawberrySpire:KineticCharger","reliquary:RoseTintedGlasses","ChaoDraw","Medical Kit","Cursed Key","Hallownest:WatcherSealRelic","Turnip","Blue Doll","reliquary:Stiletto","Toy Ornithopter","Prayer Wheel","Prayer Wheel","Prayer Wheel","strawberrySpire:Flakhammer","SoulBox","MoreBug","potionbrewer:Torch","reliquary:CitrusReamer","Lee\u0027s Waffle","Prayer Wheel","Protect_Vest","Replay:Rubber Ducky","ReplayTheSpireMod:Shallot","Happy Flower","Lantern","Replay:Bottled Snecko","Molten Egg 2","Bottled Lightning","Sundial","strawberrySpire:TinySteamboat"],"acts_visited":["Hallownest:Greenpath","Hallownest:CityofTears","TheBeyond","TheEnding"],"potions_floor_usage":[7,35,43,44,47,48,52,56,56,56,57,57,57],"damage_taken":[{"damage":0,"enemies":"Hallownest:2_MossCreeps","floor":1,"turns":9},{"damage":2,"enemies":"Hallownest:monsterHuskGuard","floor":3,"turns":4},{"damage":7,"enemies":"Hallownest:eliteCrystalGuardian","floor":7,"turns":5},{"damage":0,"enemies":"Hallownest:2_Baldur","floor":8,"turns":2},{"damage":0,"enemies":"Hallownest:Guard_and_Warrior","floor":14,"turns":6},{"damage":0,"enemies":"Hallownest:BossFalseKnight","floor":16,"turns":5},{"damage":21,"enemies":"Hallownest:2_Mistakes","floor":18,"turns":7},{"damage":0,"enemies":"Hallownest:3_Youths","floor":19,"turns":5},{"damage":0,"enemies":"Hallownest:Nosk","floor":25,"turns":7},{"damage":0,"enemies":"Hallownest:eliteWatcherKnight","floor":27,"turns":6},{"damage":0,"enemies":"Hallownest:Warrior_and_Youth","floor":28,"turns":2},{"damage":0,"enemies":"Hallownest:Glutton_and_Coward","floor":29,"turns":4},{"damage":0,"enemies":"Hallownest:monsterMisterMushroom","floor":33,"turns":5},{"damage":0,"enemies":"Hallownest:BossSoulMaster","floor":35,"turns":4},{"damage":3,"enemies":"3 Shapes","floor":37,"turns":3},{"damage":0,"enemies":"3 Darklings","floor":39,"turns":4},{"damage":0,"enemies":"Sphere and 2 Shapes","floor":41,"turns":2},{"damage":0,"enemies":"R_Hoarder","floor":42,"turns":4},{"damage":0,"enemies":"Writhing Mass","floor":43,"turns":3},{"damage":0,"enemies":"Reptomancer","floor":44,"turns":4},{"damage":0,"enemies":"strawberrySpire:EssenceStones","floor":47,"turns":2},{"damage":0,"enemies":"2 Orb Walkers","floor":48,"turns":2},{"damage":0,"enemies":"4 Shapes","floor":49,"turns":2},{"damage":1,"enemies":"Spire Growth","floor":50,"turns":2},{"damage":4,"enemies":"Awakened One","floor":52,"turns":6},{"damage":0,"enemies":"Shield and Spear","floor":56,"turns":3},{"damage":0,"enemies":"The Heart","floor":57,"turns":5}],"seed_played":"-5927410608782864185","potions_obtained":[{"floor":3,"key":"Reflective Coating"},{"floor":16,"key":"potionbrewer:CleansingPotion"},{"floor":25,"key":"Elixir"},{"floor":27,"key":"GamblersBrew"},{"floor":28,"key":"Block Potion"},{"floor":39,"key":"Flashbang"},{"floor":43,"key":"potionbrewer:ToxicPotion"},{"floor":44,"key":"Adrenaline Potion"},{"floor":47,"key":"FearPotion"},{"floor":50,"key":"AttackPotion"},{"floor":56,"key":"ColorlessPotion"}],"is_trial":false,"path_per_floor":["M","?","M","$","?","R","E","M","T","R","?","$","$","M","R","B",null,"M","M","$","?","?","R","?","E","T","E","M","M","PTL","PTL","R","M","R","B",null,"M","?","M","$","M","E","M","E","T","?","E","?","M","M","R_BF","B",null,"R","$","E","B",null],"character_chosen":"AYA","items_purchased":["shameimaru:Opportunity","shameimaru:CandidShot","Medical Kit","potionbrewer:Torch","reliquary:CitrusReamer","Lee\u0027s Waffle","Bottled Lightning","shameimaru:Tailwind+1","potionbrewer:SplittingPotion","Adrenaline Potion"],"campfire_rested":0,"item_purchase_floors":[4,13,13,40,40,40,55,55,55,55],"current_hp_per_floor":[80,85,83,83,62,62,55,55,55,55,55,55,55,55,55,55,85,64,64,64,64,64,64,64,64,64,64,64,64,64,64,64,64,64,69,85,82,82,82,92,92,92,92,92,92,82,87,92,92,92,92,92,92,92,92,92,92],"gold":39,"neow_bonus":"ONE_RARE_RELIC","is_daily":false,"chose_seed":false,"campfire_upgraded":7,"win_rate":0.0,"timestamp":1614376819,"path_taken":["M","?","M","$","?","R","E","M","T","R","?","?","$","M","R","BOSS","M","M","$","?","?","R","?","E","T","E","M","M","PTL","PTL","R","M","R","BOSS","M","?","M","$","M","E","M","E","T","?","E","?","M","M","R_BF","BOSS","R","$","E","BOSS"],"items_purchased_type":["Card","Card","Relic","Relic","Relic","Relic","Relic","Card","Potion","Potion"],"build_version":"2020-12-22","purchased_purges":2,"victory":true,"max_hp_per_floor":[80,85,85,85,85,85,85,85,85,85,85,85,85,85,85,85,85,85,85,85,85,85,85,85,85,85,85,85,85,85,85,85,85,85,85,85,85,85,85,92,92,92,92,92,92,92,92,92,92,92,92,92,92,92,92,92,92],"card_choices":[{"not_picked":["shameimaru:LoadedStatement","shameimaru:Foresight"],"picked":"shameimaru:GustFan","floor":1},{"not_picked":["shameimaru:Tailwind","shameimaru:Photocopier"],"picked":"shameimaru:GaleBullet","floor":3},{"not_picked":["shameimaru:BlindingSpeed","shameimaru:Imitation"],"picked":"shameimaru:ClangingWindchime","floor":5},{"not_picked":["shameimaru:Opportunity","shameimaru:WhispersOfTheWind"],"picked":"shameimaru:Preparation","floor":5},{"not_picked":["shameimaru:BlindingSpeed","shameimaru:Imitation"],"picked":"shameimaru:PhotoAlbum","floor":7},{"not_picked":["shameimaru:HurricaneOfFreedom","shameimaru:Foresight"],"picked":"shameimaru:DashingGrace","floor":8},{"not_picked":["shameimaru:AirSlash","shameimaru:BlindingSpeed"],"picked":"shameimaru:ShootTheBullet","floor":14},{"not_picked":["shameimaru:AirCutter","shameimaru:LoadedStatement","shameimaru:BlindingSpeed"],"picked":"SKIP","floor":18},{"not_picked":["shameimaru:InvertedColours","shameimaru:CandidShot","shameimaru:Photocopier"],"picked":"SKIP","floor":19},{"not_picked":["shameimaru:WidespreadPropaganda+1","shameimaru:AirCutter"],"picked":"shameimaru:DashingDomination+1","floor":25},{"not_picked":["shameimaru:Persuade","shameimaru:GaleBlade"],"picked":"shameimaru:Photoshoot","floor":27},{"not_picked":["shameimaru:WhispersOfTheWind","shameimaru:CoerciveReport+1","shameimaru:Persuade"],"picked":"SKIP","floor":28},{"not_picked":["shameimaru:FranticSearch","shameimaru:CandidShot"],"picked":"shameimaru:Imitation","floor":29},{"not_picked":["shameimaru:AirCutter+1","shameimaru:SplittingGale","shameimaru:GuidingBreeze+1"],"picked":"SKIP","floor":29},{"not_picked":["shameimaru:Opportunity","shameimaru:CandidShot","shameimaru:DoctoredImage+1"],"picked":"SKIP","floor":29},{"not_picked":["shameimaru:CoerciveReport+1","shameimaru:CandidShot","shameimaru:SuddenOutburst"],"picked":"SKIP","floor":33},{"not_picked":["shameimaru:BlindingSpeed","shameimaru:FranticSearch","shameimaru:Opportunity+1"],"picked":"SKIP","floor":33},{"not_picked":["shameimaru:GustFan","shameimaru:AirSlash","shameimaru:AirCutter"],"picked":"SKIP","floor":33},{"not_picked":["shameimaru:SuddenOutburst","shameimaru:DashingDomination","shameimaru:DoctoredImage"],"picked":"SKIP","floor":33},{"not_picked":["shameimaru:BunbunmaruNewspaper","shameimaru:RapidEnhancement"],"picked":"shameimaru:PhotographicDisposal","floor":35},{"not_picked":["shameimaru:Imitation","shameimaru:DoctoredImage+1","shameimaru:Persuade+1"],"picked":"SKIP","floor":37},{"not_picked":["shameimaru:Foresight+1","shameimaru:Photocopier","shameimaru:SuddenOutburst+1"],"picked":"SKIP","floor":37},{"not_picked":["shameimaru:WindsOfChange","shameimaru:Persuade","shameimaru:ReporterInstinct+1"],"picked":"SKIP","floor":37},{"not_picked":["shameimaru:Tailwind+1","shameimaru:LoadedStatement+1","shameimaru:SuddenOutburst"],"picked":"SKIP","floor":37},{"not_picked":["shameimaru:SplittingGale","shameimaru:ExclusiveScoop+1","shameimaru:AirCutter+1"],"picked":"SKIP","floor":39},{"not_picked":["shameimaru:GustFan+1","shameimaru:BreezeOfReminiscence+1","shameimaru:Imitation"],"picked":"SKIP","floor":39},{"not_picked":["shameimaru:ReporterInstinct","shameimaru:AirCutter+1","shameimaru:DashingGrace+1"],"picked":"SKIP","floor":39},{"not_picked":["shameimaru:LibraryResearch+1","shameimaru:Photocopier+1","shameimaru:Photoshoot+1"],"picked":"SKIP","floor":39},{"not_picked":["shameimaru:SplittingGale","shameimaru:ExclusiveScoop+1","shameimaru:AirCutter+1"],"picked":"SKIP","floor":39},{"not_picked":["shameimaru:GustFan+1","shameimaru:BreezeOfReminiscence+1","shameimaru:Imitation"],"picked":"SKIP","floor":39},{"not_picked":["shameimaru:ReporterInstinct","shameimaru:AirCutter+1","shameimaru:DashingGrace+1"],"picked":"SKIP","floor":39},{"not_picked":["shameimaru:LibraryResearch+1","shameimaru:Photocopier+1","shameimaru:Photoshoot+1"],"picked":"SKIP","floor":39},{"not_picked":["shameimaru:GaleBullet","shameimaru:HighlightReel"],"picked":"shameimaru:IllusoryDominance","floor":41},{"not_picked":["shameimaru:HighlightReel","shameimaru:AirCutter","shameimaru:AdverseWind"],"picked":"SKIP","floor":41},{"not_picked":["shameimaru:LoadedStatement+1","shameimaru:Persuade+1","shameimaru:WhispersOfTheWind+1"],"picked":"SKIP","floor":41},{"not_picked":["shameimaru:ReporterInstinct","shameimaru:Preparation","shameimaru:SplittingGale"],"picked":"SKIP","floor":41},{"not_picked":["shameimaru:AirCutter+1","shameimaru:FreezeFrame+1","shameimaru:Galeforce+1"],"picked":"SKIP","floor":41},{"not_picked":["shameimaru:CoerciveReport","shameimaru:Persuade+1"],"picked":"shameimaru:SkywardSonnet+1","floor":42},{"not_picked":["shameimaru:Opportunity","shameimaru:Galeforce","shameimaru:DashingDomination"],"picked":"SKIP","floor":43},{"not_picked":["shameimaru:FreezeFrame+1","shameimaru:ReporterInstinct","shameimaru:AdverseWind+1"],"picked":"SKIP","floor":43},{"not_picked":["shameimaru:WhispersOfTheWind+1","shameimaru:ExclusiveScoop","shameimaru:CherishingBreeze"],"picked":"SKIP","floor":43},{"not_picked":["shameimaru:ExclusiveScoop","shameimaru:Opportunity","shameimaru:AirSlash"],"picked":"SKIP","floor":43},{"not_picked":["shameimaru:Duality","shameimaru:ReporterInstinct+1","shameimaru:WindsOfChange"],"picked":"SKIP","floor":43},{"not_picked":["shameimaru:Preparation","shameimaru:InstantShotJournalist"],"picked":"shameimaru:BreezeOfReminiscence+1","floor":44},{"not_picked":["strawberrySpire:ExtraUtilities","Crow Ritual"],"picked":"Panacea","floor":46},{"not_picked":["shameimaru:WidespreadPropaganda","shameimaru:DashingGrace+1","shameimaru:PressRelease"],"picked":"SKIP","floor":47},{"not_picked":["shameimaru:InvertedColours","shameimaru:CandidShot+1","shameimaru:AirSlash+1"],"picked":"SKIP","floor":49},{"not_picked":["shameimaru:Photocopier","shameimaru:Imitation+1","shameimaru:CherishingBreeze"],"picked":"SKIP","floor":49},{"not_picked":["shameimaru:DoctoredImage","shameimaru:AdverseWind","shameimaru:Imitation"],"picked":"SKIP","floor":49},{"not_picked":["shameimaru:RapidFirePhotography+1","shameimaru:MountainProcession+1","shameimaru:CandidShot+1"],"picked":"SKIP","floor":49},{"not_picked":["shameimaru:ShootTheBullet","shameimaru:Imitation","shameimaru:HitAndRun+1"],"picked":"SKIP","floor":49},{"not_picked":["shameimaru:AirSlash+1","shameimaru:PressRelease+1","shameimaru:Photocopier+1"],"picked":"SKIP","floor":50},{"not_picked":["shameimaru:Foresight","shameimaru:GustFan+1","shameimaru:Opportunity"],"picked":"SKIP","floor":50},{"not_picked":["shameimaru:InvertedColours+1","shameimaru:Opportunity+1","shameimaru:MassDeletion+1"],"picked":"SKIP","floor":50},{"not_picked":["shameimaru:AirSlash+1","shameimaru:GaleBlade+1","shameimaru:Foresight+1"],"picked":"SKIP","floor":50},{"not_picked":["shameimaru:Foresight+1","shameimaru:HurricaneOfFreedom+1","shameimaru:CoerciveReport+1"],"picked":"SKIP","floor":50},{"not_picked":["shameimaru:HurricaneOfFreedom+1","shameimaru:AirSlash+1","shameimaru:BlindingSpeed+1"],"picked":"SKIP","floor":56}],"player_experience":2317734,"relics_obtained":[{"floor":1,"key":"Kunai"},{"floor":1,"key":"strawberrySpire:KineticCharger"},{"floor":5,"key":"reliquary:RoseTintedGlasses"},{"floor":7,"key":"SumBook"},{"floor":9,"key":"ChaoDraw"},{"floor":25,"key":"Turnip"},{"floor":25,"key":"Blue Doll"},{"floor":27,"key":"reliquary:Stiletto"},{"floor":28,"key":"Toy Ornithopter"},{"floor":33,"key":"strawberrySpire:Flakhammer"},{"floor":39,"key":"MoreBug"},{"floor":42,"key":"Protect_Vest"},{"floor":43,"key":"Replay:Rubber Ducky"},{"floor":44,"key":"ReplayTheSpireMod:Shallot"},{"floor":44,"key":"Happy Flower"},{"floor":47,"key":"Lantern"},{"floor":48,"key":"Replay:Bottled Snecko"},{"floor":48,"key":"Molten Egg 2"},{"floor":56,"key":"Sundial"},{"floor":56,"key":"strawberrySpire:TinySteamboat"}],"event_choices":[{"cards_removed":["shameimaru:PhotoAlbum"],"damage_healed":0,"gold_gain":0,"player_choice":"Removed Attack","damage_taken":0,"max_hp_gain":0,"max_hp_loss":0,"event_name":"Falling","floor":38,"gold_loss":0},{"damage_healed":0,"gold_gain":0,"player_choice":"Memory 3","damage_taken":10,"max_hp_gain":0,"max_hp_loss":0,"event_name":"SensoryStone","floor":46,"gold_loss":0},{"damage_healed":0,"gold_gain":0,"player_choice":"Fight","damage_taken":0,"max_hp_gain":0,"max_hp_loss":0,"event_name":"Mysterious Sphere","floor":48,"gold_loss":0}],"is_beta":false,"boss_relics":[{"not_picked":["Empty Cage","ReplayTheSpireMod:DimensionalGlitch"],"picked":"Cursed Key"},{"not_picked":["Painkiller Herb","aspiration:PoetsPen_weak"],"picked":"SoulBox"}],"items_purged_floors":[20,40],"is_endless":false,"potions_floor_spawned":[3,16,25,27,28,29,39,43,44,47,50,56],"ascension_level":0}}