{"host":"czen9m7c7ttmirt2","time":1614331454,"event":{"mods":["AchievementEnabler","Aspiration","BaseMod","Better Third Choice","Colored Map","Colored Powertips","Conspire","Hubris","Minty Spire (QoL Compilation)","Replay The Spire","StSLib"],"gold_per_floor":[119,119,119,137,137,171,171,171,171,24,37,65,65,111,111,206,206,216,216,235,247,247,247,274,292,318,318,333,351,378,395,395,395,395],"floor_reached":33,"language":"ENG","playtime":1680,"items_purged":[],"score":379,"play_id":"63f56b48-e1b1-40f4-b5b1-59d7ab331af0","local_time":"20210226032414","is_ascension_mode":true,"campfire_choices":[{"data":"Zap","floor":8,"key":"SMITH"},{"floor":13,"key":"RECALL"},{"floor":15,"key":"REST"},{"floor":23,"key":"REST"},{"data":"Chaos","floor":27,"key":"SMITH"},{"data":"BasicCrystalCard","floor":32,"key":"SMITH"}],"circlet_count":0,"master_deck":["Defend_B","Defend_B","Defend_B+1","Defend_B","Zap+1","Dualcast","Rebound","Reinforced Body+1","Ball Lightning","Barrage","Turbo","Machine Learning","ReplayTheSpireMod:Splinters","BootSequence","Time Bomb","Electrodynamics","Ball Lightning+1","Bite","Bite","Bite","Bite","Bite","Sweeping Beam+1","Stack","Chaos+1","Go for the Eyes","Coolheaded","BasicCrystalCard+1","hubris:Ukulele","Redo"],"relics":["Cracked Core","conspire:GlowingRock","DataDisk","White Beast Statue","Toy Ornithopter","Centennial Puzzle","conspire:TopHat","Nuclear Battery","Ornamental Fan","Replay:Ringing Soul","Blood Vial","Replay:Mystery Machine"],"acts_visited":["Exordium","TheCity"],"potions_floor_usage":[12,16,16,18,24,29,30,33,33],"damage_taken":[{"damage":2,"enemies":"Jaw Worm","floor":1,"turns":3},{"damage":0,"enemies":"2 Louse","floor":4,"turns":3},{"damage":19,"enemies":"3 Sentries","floor":6,"turns":6},{"damage":2,"enemies":"Small Slimes","floor":11,"turns":2},{"damage":17,"enemies":"Replay:BlueRogue","floor":12,"turns":5},{"damage":6,"enemies":"Hexaghost","floor":16,"turns":9},{"damage":11,"enemies":"2 Thieves","floor":18,"turns":3},{"damage":20,"enemies":"3 Byrds","floor":20,"turns":4},{"damage":16,"enemies":"Snecko","floor":21,"turns":6},{"damage":19,"enemies":"conspire:SneckoGhost","floor":24,"turns":6},{"damage":2,"enemies":"Centurion and Healer","floor":25,"turns":3},{"damage":18,"enemies":"Shelled Parasite and Fungi","floor":28,"turns":5},{"damage":4,"enemies":"conspire:HollyBat","floor":29,"turns":6},{"damage":23,"enemies":"Book of Stabbing","floor":30,"turns":6},{"damage":1,"enemies":"Chosen and Byrds","floor":31,"turns":4},{"damage":59,"enemies":"conspire:MysteriousRune","floor":33,"turns":6}],"seed_played":"2488719908224278082","potions_obtained":[{"floor":4,"key":"Milkshake"},{"floor":11,"key":"SteroidPotion"},{"floor":12,"key":"Fire Potion"},{"floor":14,"key":"Adrenaline Potion"},{"floor":16,"key":"SpeedPotion"},{"floor":18,"key":"SteroidPotion"},{"floor":20,"key":"SneckoOil"},{"floor":24,"key":"FocusPotion"},{"floor":29,"key":"Ancient Potion"},{"floor":30,"key":"Block Potion"},{"floor":31,"key":"FocusPotion"}],"is_trial":false,"path_per_floor":["M","?","?","M","?","E","T","R","T","$","M","E","R","?","R","B",null,"M","?","M","M","T","R","E","M","T","R","M","M","E","M","R","B"],"character_chosen":"DEFECT","items_purchased":["Toy Ornithopter"],"campfire_rested":2,"item_purchase_floors":[10],"current_hp_per_floor":[66,66,66,66,66,47,47,47,47,47,45,33,33,33,53,57,68,57,47,31,21,21,35,32,37,37,37,28,36,31,41,41,0,0],"gold":395,"neow_bonus":"ONE_RARE_RELIC","is_daily":false,"chose_seed":false,"campfire_upgraded":3,"win_rate":0.0,"timestamp":1614331454,"path_taken":["M","?","?","M","?","E","?","R","T","?","M","E","R","?","R","BOSS","M","?","M","M","?","R","E","M","T","R","M","M","E","?","R","BOSS"],"items_purchased_type":["Relic"],"build_version":"2020-12-22","purchased_purges":0,"victory":false,"max_hp_per_floor":[68,68,68,68,68,68,68,68,68,68,68,68,68,68,68,68,68,68,47,47,47,47,47,50,53,53,53,56,59,62,65,65,65,65],"card_choices":[{"not_picked":["Cold Snap","Turbo"],"picked":"Rebound","floor":1},{"not_picked":["conspire:SharedLibrary","BasicCrystalCard"],"picked":"Ball Lightning","floor":4},{"not_picked":["Steam","Gash"],"picked":"Barrage","floor":6},{"not_picked":["ReplayTheSpireMod:Reroute Power","Stack"],"picked":"Turbo","floor":11},{"not_picked":["Hologram","Panic Button"],"picked":"Machine Learning","floor":12},{"not_picked":["Coolheaded","Rebound"],"picked":"BootSequence","floor":14},{"not_picked":["FTL","ReplaySolidLightProjector"],"picked":"Time Bomb","floor":14},{"not_picked":["All For One","Machine Learning"],"picked":"Electrodynamics","floor":16},{"not_picked":["Stack","Panic Button"],"picked":"Ball Lightning+1","floor":18},{"not_picked":["Chill","Aggregate"],"picked":"Sweeping Beam+1","floor":20},{"not_picked":["Rebound","Turbo"],"picked":"Stack","floor":21},{"not_picked":["Meteor Strike","Barrage"],"picked":"Chaos","floor":24},{"not_picked":["Steam","Self Repair+1"],"picked":"Go for the Eyes","floor":25},{"not_picked":["Streamline","Gash"],"picked":"Coolheaded","floor":28},{"not_picked":["Sweeping Beam","ReplayGash+1"],"picked":"BasicCrystalCard","floor":29},{"not_picked":["hubris:SpecializedCircuitry","Sweeping Beam"],"picked":"hubris:Ukulele","floor":30},{"not_picked":["Gash","Recycle"],"picked":"Redo","floor":31}],"player_experience":226055,"relics_obtained":[{"floor":6,"key":"DataDisk"},{"floor":9,"key":"White Beast Statue"},{"floor":12,"key":"Centennial Puzzle"},{"floor":14,"key":"conspire:TopHat"},{"floor":22,"key":"Ornamental Fan"},{"floor":24,"key":"Replay:Ringing Soul"},{"floor":26,"key":"Blood Vial"},{"floor":30,"key":"Replay:Mystery Machine"}],"event_choices":[{"damage_healed":0,"gold_gain":0,"player_choice":"Ignored","damage_taken":0,"max_hp_gain":0,"max_hp_loss":0,"event_name":"Golden Wing","floor":5,"gold_loss":0},{"damage_healed":0,"gold_gain":0,"player_choice":"Became a vampire","damage_taken":0,"max_hp_gain":0,"max_hp_loss":21,"event_name":"Vampires","floor":19,"gold_loss":0,"cards_obtained":["Bite","Bite","Bite","Bite","Bite"]}],"is_beta":false,"boss_relics":[{"not_picked":["aspiration:PoetsPen_weak","aspiration:FutureDiary"],"picked":"Nuclear Battery"}],"items_purged_floors":[],"is_endless":false,"potions_floor_spawned":[4,11,12,16,18,20,21,24,25,28,29,30,31],"killed_by":"conspire:MysteriousRune","ascension_level":4}}