{"host":"xsyxumpp1kksrtww","time":1614359453,"event":{"mods":["Act Like it!","Ascension Unlocker","BaseMod","Colored Map","Colored Powertips","Library of Ruina","Library of Ruina Extra","Lobotomy","LobotomyExtend","Minty Spire (QoL Compilation)","Permanent Neow","Quick Restart","Rare Cards Sparkle","Replay The Spire","Shop Mod","StSLib"],"gold_per_floor":[113,113,113,138,150,150,150,150,150,150,2,32,32,32,32,137,137,117,128,228,240,240,240],"floor_reached":22,"language":"ZHS","playtime":941,"items_purged":["LightAttack"],"score":295,"play_id":"3b56a1d9-eca2-4dd1-b001-f855cb662adf","local_time":"20210227011053","is_ascension_mode":true,"campfire_choices":[{"data":"Overcharge","floor":6.0,"key":"SMITH"},{"data":"FocusedStrikes","floor":8.0,"key":"SMITH"},{"data":"ChargeAndCover","floor":10.0,"key":"SMITH"},{"data":"Duel_lor","floor":13.0,"key":"SMITH"},{"data":"ScatteringSlash","floor":15.0,"key":"SMITH"}],"circlet_count":0,"master_deck":["AscendersBane","Dodge+1","LightDefense","LightAttack+1","LightDefense","LightDefense","LightDefense","ChargeAndCover+1","FocusedStrikes+1","Overcharge+1","PunishingBird","WallGazer","ScatteringSlash+1","Variant","Duel_lor+1","Eradication","DespairKnight","SerpentSwordTechnique+1","FieryBird","SpiderBud","SweepTheBackstreets+1","GuidanceOfTheGears+1"],"relics":["PageOfLibrarian","CogitoBucket","LetterFromLob","Replay:Rubber Ducky","Bottled Lightning","Gremlin Horn","SlaversCollar","ChangeAnything"],"acts_visited":["Exordium","TheCity"],"potions_floor_usage":[22],"damage_taken":[{"damage":6.0,"enemies":"Jaw Worm","floor":1.0,"turns":4.0},{"damage":7.0,"enemies":"Small Slimes","floor":5.0,"turns":8.0},{"damage":24.0,"enemies":"Gremlin Nob","floor":12.0,"turns":6.0},{"damage":29.0,"enemies":"The Guardian","floor":16.0,"turns":11.0},{"damage":21.0,"enemies":"2 Thieves","floor":18.0,"turns":4.0},{"damage":13.0,"enemies":"Chosen","floor":19.0,"turns":4.0},{"damage":17.0,"enemies":"Snake Plant","floor":21.0,"turns":3.0},{"damage":14,"enemies":"Centurion and Healer","floor":22,"turns":2}],"seed_played":"8054698061937176907","potions_obtained":[{"floor":1.0,"key":"Swift Potion"},{"floor":16.0,"key":"CultistPotion"},{"floor":18.0,"key":"Fire Potion"}],"is_trial":false,"path_per_floor":["M","?","?","T","M","R","?","R","T","R","$","E","R","$","R","B",null,"M","M","?","M","M"],"character_chosen":"Librarian","items_purchased":["ScatteringSlash"],"campfire_rested":0,"item_purchase_floors":[11],"current_hp_per_floor":[48,35,35,35,36,36,44,44,44,44,44,26,26,26,26,1,53,32,19,19,3,0,0],"gold":240,"neow_bonus":"","is_daily":false,"chose_seed":false,"campfire_upgraded":5,"win_rate":0.0,"timestamp":1614359453,"path_taken":["M","?","?","?","M","R","?","R","T","R","?","E","R","$","R","BOSS","M","M","?","M","M"],"items_purchased_type":["Card"],"build_version":"2020-12-22","purchased_purges":1,"victory":false,"max_hp_per_floor":[63,63,63,63,201,201,201,201,201,201,201,201,201,201,201,70,70,70,63,63,77,77,77],"card_choices":[{"not_picked":["Outburst","WillOfThePrescript","Unlock1","Multislash","ClassAndRespect","TendonChords","Rampage_lor","MultiHit"],"picked":"Overcharge","floor":1.0},{"not_picked":["LaLuna","MeatLantern"],"picked":"PunishingBird","floor":1.0},{"not_picked":["CherryBlossoms","FairyFestival"],"picked":"WallGazer","floor":5.0},{"not_picked":["MindWhip","ShockingBlow","HandleRequest","AlloutWar","Marionette","IngredientHunt","Thirst","Reload","Fence"],"picked":"SKIP","floor":5.0},{"not_picked":["FairyFestival","CrumblingArmor"],"picked":"Variant","floor":12.0},{"not_picked":["NonstopAssault","PuppetBlockade","HardRehearsal","SnakeSlit","SinglePointStab","SmokingPipe","GreatSerpentsImpact","StrongStrike"],"picked":"Duel_lor","floor":12.0},{"not_picked":["CrackOfDawn","RepressedFlesh"],"picked":"Eradication","floor":16.0},{"not_picked":["Murderer","BlackSwan"],"picked":"DespairKnight","floor":16.0},{"not_picked":["TasteMyFlamingBat","SmokingPipe","UnforgettableMelody","Creak+1","WillOfThePrescript","ForTheFamily+1","ShockRound","PreemptiveStrike"],"picked":"SerpentSwordTechnique+1","floor":18.0},{"not_picked":["RedShoes","Murderer"],"picked":"FieryBird","floor":18.0},{"not_picked":["LittleHelper","ShyLook"],"picked":"SpiderBud","floor":19.0},{"not_picked":["Reload","SinglePointStab","SpearedSweep","SearingSword","StrongStrike+1","BiteOff+1","AlloutWar","BlazingStrike"],"picked":"SweepTheBackstreets+1","floor":19.0},{"not_picked":["FierceCharge","GuidanceOfTheGears+1","Parry","Bvapour","BindingArms+1","DaringDecision","MultiHit","HighKick","WildCard"],"picked":"SKIP","floor":21.0},{"not_picked":["FierceCharge","Parry","Bvapour","BindingArms+1","DaringDecision","MultiHit","HighKick","WildCard"],"picked":"GuidanceOfTheGears+1","floor":21.0}],"player_experience":964460,"relics_obtained":[{"floor":1.0,"key":"LetterFromLob"},{"floor":4.0,"key":"Replay:Rubber Ducky"},{"floor":9.0,"key":"Bottled Lightning"},{"floor":12.0,"key":"Gremlin Horn"}],"event_choices":[{"damage_healed":0.0,"max_hp_gain":0.0,"max_hp_loss":0.0,"gold_gain":0.0,"event_name":"Shining Light","player_choice":"Entered Light","floor":2.0,"gold_loss":0.0,"damage_taken":13.0,"cards_upgraded":["LightAttack","Dodge"]},{"cards_removed":["LightAttack"],"damage_healed":0.0,"max_hp_gain":0.0,"max_hp_loss":0.0,"gold_gain":0.0,"event_name":"Living Wall","player_choice":"Forget","floor":3.0,"gold_loss":0.0,"damage_taken":0.0},{"damage_healed":0.0,"max_hp_gain":0.0,"max_hp_loss":0.0,"gold_gain":100.0,"event_name":"Golden Shrine","player_choice":"Pray","floor":20.0,"gold_loss":0.0,"damage_taken":0.0}],"is_beta":false,"boss_relics":[{"not_picked":["Replay:Drink Me","Snecko Eye"],"picked":"SlaversCollar"}],"items_purged_floors":[11],"is_endless":false,"potions_floor_spawned":[1,16,18],"killed_by":"Centurion and Healer","ascension_level":10}}