{"host":"clf2hd4adhiiw0zf","time":1614298599,"event":{"mods":["AchievementEnabler","Aspiration","BaseMod","Beaked The Cultist","Bestiary","Dark Map","Downfall","Gremlin Mod","Hermit","Hubris","Infinite Spire","Jorbs\u0027s Wanderer Trilogy","Marisa????????","Minty Spire (QoL Compilation)","Monster B Gone","Quick Restart","Reliquary","Replay The Spire","Shop Mod","Spire Arcade","StSLib","The Construct","The Cursed","The Disciple","The Marked","Wide Potions"],"gold_per_floor":[117,136,136,136,69,69,84,84,110,110,121,121,121,148,148,247,247,265,275,275,275,275,275,275],"floor_reached":23,"language":"ENG","playtime":1634,"items_purged":[],"score":187,"play_id":"5e61adf4-a7ab-4514-9abb-918aa44c2712","local_time":"20210225171639","is_ascension_mode":false,"campfire_choices":[{"data":"OracleForm","floor":6.0,"key":"SMITH"},{"floor":10.0,"key":"RECALL"},{"data":"Goo","floor":12.0,"key":"SMITH"},{"floor":15.0,"key":"REST"}],"circlet_count":0,"master_deck":["Allargando","Strike_Br+1","Strike_Br+1","Strike_Br+1","Defend_Br+1","Defend_Br+1","Defend_Br+1","Defend_Br+1","SecondHand+1","PatternShift","LockedScales+1","HandsUpC","OracleForm+1","WindUp+1","Goo+10","HandsUpB","LockedMercury","RageCommand","Allargando","Fragmentalize","Allargando+1"],"relics":["Chronometer","NeowsBlessing","hubris:Icosahedron","hubris:Towel","Potion Belt","hubris:EvacipatedBox","Replay:PocketPolymizer","reliquary:Buckler","hubris:GrandSneckoEye","aspiration:RitualStick","MutagenicStrength"],"acts_visited":["Exordium","TheCity"],"potions_floor_usage":[16,23],"damage_taken":[{"damage":0.0,"enemies":"2 Louse","floor":1.0,"turns":2.0},{"damage":0.0,"enemies":"Small Slimes","floor":2.0,"turns":1.0},{"damage":0.0,"enemies":"Jaw Worm","floor":7.0,"turns":1.0},{"damage":11.0,"enemies":"Lots of Slimes","floor":11.0,"turns":3.0},{"damage":8.0,"enemies":"3 Sentries","floor":14.0,"turns":7.0},{"damage":8,"enemies":"Slime Boss","floor":16,"turns":8},{"damage":13,"enemies":"3 Byrds","floor":18,"turns":4},{"damage":2,"enemies":"Spheric Guardian","floor":19,"turns":4},{"damage":44,"enemies":"Nightmare","floor":23,"turns":4}],"seed_played":"-710158425618943704","potions_obtained":[{"floor":2.0,"key":"LiquidMemories"},{"floor":11.0,"key":"Milkshake"},{"floor":16,"key":"Toxic Potion"},{"floor":19,"key":"FearPotion"}],"is_trial":false,"path_per_floor":["M","M","?","?","$","R","M","?","T","R","M","R","$","E","R","B",null,"M","M","?","?","?","NM"],"character_chosen":"CHRONO_CLASS","items_purchased":["OracleForm","hubris:EvacipatedBox","Replay:PocketPolymizer"],"campfire_rested":1,"item_purchase_floors":[5,13,13],"current_hp_per_floor":[65,65,65,65,65,65,65,65,65,65,54,54,15,7,26,18,65,52,50,37,37,37,0,0],"gold":275,"neow_bonus":"THREE_ENEMY_KILL","is_daily":false,"chose_seed":false,"campfire_upgraded":2,"win_rate":0.0,"timestamp":1614298599,"path_taken":["M","M","?","?","$","R","M","?","T","R","M","R","?","E","R","BOSS","M","M","?","?","?","NM"],"items_purchased_type":["Card","Relic","Relic"],"build_version":"2020-12-22","purchased_purges":0,"victory":false,"max_hp_per_floor":[65,65,65,65,65,65,65,65,65,65,65,65,65,65,65,65,65,65,65,65,65,65,65,65],"card_choices":[{"not_picked":["AlternateTimeline","Tempo"],"picked":"LockedScales","floor":1.0},{"not_picked":["LockedMedicine","Echoward"],"picked":"HandsUpC","floor":2.0},{"not_picked":["LockedTornado","LockedMedicine"],"picked":"WindUp","floor":7.0},{"not_picked":["CrunchTime","WakeUpCall"],"picked":"Goo","floor":11.0},{"not_picked":["LockedMedicine","BiteCommand"],"picked":"HandsUpB","floor":14.0},{"not_picked":["BackFourSeconds","LockedBell"],"picked":"RageCommand","floor":16},{"not_picked":["LockedMercury","LockedAnchor+1"],"picked":"Tempo+1","floor":18},{"not_picked":["HandsUpB+1","LockedThread"],"picked":"Fragmentalize","floor":19}],"player_experience":415715,"relics_obtained":[{"floor":9.0,"key":"Potion Belt"},{"floor":14.0,"key":"reliquary:Buckler"}],"event_choices":[{"damage_healed":0.0,"max_hp_gain":0.0,"max_hp_loss":0.0,"gold_gain":0.0,"event_name":"Living Wall","player_choice":"Grow","floor":3.0,"gold_loss":0.0,"damage_taken":0.0,"cards_upgraded":["LockedScales"]},{"damage_healed":0,"gold_gain":0,"player_choice":"Simplicity","damage_taken":0,"max_hp_gain":0,"max_hp_loss":0,"event_name":"Back to Basics","floor":21,"gold_loss":0,"cards_upgraded":["Strike_Br","Strike_Br","Strike_Br","Defend_Br","Defend_Br","Defend_Br","Defend_Br"]},{"damage_healed":0,"gold_gain":0,"player_choice":"Inject Mutagens","damage_taken":0,"relics_obtained":["MutagenicStrength"],"max_hp_gain":0,"max_hp_loss":0,"event_name":"Drug Dealer","floor":22,"gold_loss":0}],"is_beta":false,"boss_relics":[{"not_picked":["aspiration:RitualDagger","Snecko Eye","Busted Crown"],"picked":"hubris:GrandSneckoEye"}],"items_purged_floors":[],"is_endless":false,"potions_floor_spawned":[2,11,16,19],"killed_by":"Nightmare","ascension_level":0}}