{"host":"bxn2em57qlx5u4i0","time":1614302723,"event":{"mods":["BaseMod","Colored Map","Colored Powertips","Highlight Path","Minty Spire (QoL Compilation)","Random Character Button","Relic Sorter","Relic Stats","StSLib","SuperFastMode"],"gold_per_floor":[111,5,5,15,26,51,51,80,80,95,95,95],"floor_reached":11,"language":"ENG","playtime":261,"items_purged":[],"score":216,"play_id":"41280974-dac9-47a8-925b-6672acfb988b","local_time":"20210225202523","is_ascension_mode":true,"campfire_choices":[{"data":"Bullet Time","floor":7,"key":"SMITH"}],"circlet_count":0,"master_deck":["AscendersBane","Strike_G","Strike_G","Strike_G","Strike_G","Defend_G","Defend_G","Defend_G","Defend_G","Survivor","Neutralize","Bullet Time+1","Flechettes","Crippling Poison","Flash of Steel","PiercingWail","Corpse Explosion","Backflip","Bullet Time"],"relics":["Ring of the Snake","Ninja Scroll","Happy Flower","Eternal Feather"],"acts_visited":["Exordium"],"potions_floor_usage":[10,11],"damage_taken":[{"damage":0.0,"enemies":"Cultist","floor":1.0,"turns":4.0},{"damage":0.0,"enemies":"2 Louse","floor":4.0,"turns":1.0},{"damage":4.0,"enemies":"Jaw Worm","floor":5.0,"turns":4.0},{"damage":38,"enemies":"Gremlin Nob","floor":6,"turns":4},{"damage":0,"enemies":"3 Sentries","floor":8,"turns":2},{"damage":1,"enemies":"Exordium Wildlife","floor":10,"turns":3},{"damage":4,"enemies":"Lagavulin","floor":11,"turns":2}],"seed_played":"7401710593518110179","potions_obtained":[{"floor":6,"key":"Strength Potion"},{"floor":8,"key":"ColorlessPotion"},{"floor":10,"key":"Energy Potion"}],"is_trial":false,"path_per_floor":["M","$","?","M","M","E","R","E","T","M","E"],"character_chosen":"THE_SILENT","items_purchased":["Flash of Steel"],"campfire_rested":0,"item_purchase_floors":[2],"current_hp_per_floor":[44,44,44,44,40,2,2,2,2,1,0,0],"gold":95,"neow_bonus":"TRANSFORM_TWO_CARDS","is_daily":false,"chose_seed":false,"campfire_upgraded":1,"win_rate":0.0,"timestamp":1614302723,"path_taken":["M","?","?","M","?","E","R","E","T","M","E"],"items_purchased_type":["Card"],"build_version":"2020-12-22","purchased_purges":0,"victory":false,"max_hp_per_floor":[66,66,66,66,66,66,66,66,66,66,66,66],"relic_stats":{"Happy Flower":[1],"counters":[7,20],"Eternal Feather":0,"obtain_stats":[{"Happy Flower":8,"Ninja Scroll":6,"Eternal Feather":9,"Ring of the Snake":0},{"Happy Flower":5,"Ninja Scroll":4,"Eternal Feather":5,"Ring of the Snake":0},{"Happy Flower":15,"Ninja Scroll":13,"Eternal Feather":15,"Ring of the Snake":0}],"Ring of the Snake":[14]},"card_choices":[{"not_picked":["Acrobatics","All Out Attack"],"picked":"Crippling Poison","floor":1.0},{"not_picked":["Flying Knee","Bane"],"picked":"Backflip","floor":4.0},{"not_picked":["Bane","Quick Slash","Reflex"],"picked":"SKIP","floor":5.0},{"not_picked":["Flying Knee","Dagger Spray"],"picked":"Bullet Time","floor":6},{"not_picked":["Infinite Blades","Backstab","Dagger Throw"],"picked":"SKIP","floor":8},{"not_picked":["Tactician","Dodge and Roll","Prepared"],"picked":"SKIP","floor":10}],"player_experience":3051019,"relics_obtained":[{"floor":6,"key":"Ninja Scroll"},{"floor":8,"key":"Happy Flower"},{"floor":9,"key":"Eternal Feather"}],"event_choices":[{"damage_healed":0.0,"max_hp_gain":0.0,"max_hp_loss":0.0,"gold_gain":0.0,"event_name":"Match and Keep!","player_choice":"2 cards matched","floor":3.0,"gold_loss":0.0,"damage_taken":0.0,"cards_obtained":["PiercingWail","Corpse Explosion"]}],"is_beta":false,"boss_relics":[],"items_purged_floors":[],"is_endless":false,"potions_floor_spawned":[6,8,10],"killed_by":"Lagavulin","ascension_level":20}}