{"host":"5bsc0nab6whpyrbj","time":1614378763,"event":{"mods":["AchievementEnabler","BaseMod","BetterRewards","Colored Map","Dark Map","Downfall","Highlight Path","Infinite Spire","Minty Spire (QoL Compilation)","StSLib"],"gold_per_floor":[116,131,231,306,234,234,248,248,298,308,308,328,328,328,328,433,433,445,445,455,455,471,488,71,71,124,124,124,124,142,157,157,252,252,269,280,295,295,314,314,86,86,134,134,147,422,422,85,85,85],"floor_reached":51,"language":"ENG","playtime":1493,"items_purged":["downfall:Haunted","downfall:Malfunctioning","downfall:Bewildered","Regret"],"score":737,"play_id":"3ae57aad-ab8f-428f-b6b6-4b4d099dfeaa","local_time":"20210226173243","is_ascension_mode":false,"campfire_choices":[{"floor":6.0,"key":"REST"},{"floor":8.0,"key":"RECALL"},{"data":"Bouncing Flask","floor":11.0,"key":"SMITH"},{"floor":13.0,"key":"REST"},{"data":"Accuracy","floor":15.0,"key":"SMITH"},{"floor":25.0,"key":"REST"},{"floor":28.0,"key":"REST"},{"floor":32.0,"key":"REST"},{"floor":40,"key":"REST"},{"data":"After Image","floor":49,"key":"SMITH"}],"circlet_count":0,"master_deck":["Strike_G","Strike_G","Strike_G","Strike_G","Defend_G","Defend_G","Defend_G","Defend_G","Survivor","Neutralize","Poisoned Stab","downfall:Haunted","Writhe","Phantasmal Killer","downfall:Aged","Accuracy","Accuracy+1","Bouncing Flask+1","Blade Dance+1","After Image+1","Endless Agony","Blade Dance","Choke","Adrenaline","Blade Dance","Endless Agony","Flash of Steel","Blade Dance","Terror","After Image","Storm of Steel+1","Quick Slash+1","Backstab+1","Blade Dance","Dagger Throw","Infinite Blades+1","Slice+1","Choke","Deadly Poison","Doubt","Madness","Slice+1"],"relics":["Ring of the Snake","infinitespire:Beetle Shell","Du-Vu Doll","Smiling Mask","Sozu","sneckomod:BabySnecko","Membership Card","Shuriken","The Courier","NlothsMask","Astrolabe","Juzu Bracelet","Orichalcum","Turnip","Pear","Nunchaku"],"acts_visited":["Exordium","TheCity","TheBeyond"],"potions_floor_usage":[],"damage_taken":[{"damage":11.0,"enemies":"Jaw Worm","floor":1.0,"turns":4.0},{"damage":3.0,"enemies":"Small Slimes","floor":2.0,"turns":3.0},{"damage":0.0,"enemies":"2 Louse","floor":7.0,"turns":3.0},{"damage":5.0,"enemies":"Large Slime","floor":10.0,"turns":6.0},{"damage":13.0,"enemies":"Gremlin Gang","floor":12.0,"turns":3.0},{"damage":50.0,"enemies":"Hexaghost","floor":16.0,"turns":6.0},{"damage":17.0,"enemies":"Spheric Guardian","floor":18.0,"turns":4.0},{"damage":5.0,"enemies":"Chosen","floor":20.0,"turns":3.0},{"damage":7.0,"enemies":"Snake Plant","floor":22.0,"turns":2.0},{"damage":16.0,"enemies":"Cultist and Chosen","floor":23.0,"turns":5.0},{"damage":3.0,"enemies":"Snecko","floor":30.0,"turns":3.0},{"damage":15.0,"enemies":"Snake Plant","floor":31.0,"turns":3.0},{"damage":27.0,"enemies":"Champ","floor":33.0,"turns":5.0},{"damage":0.0,"enemies":"3 Darklings","floor":35.0,"turns":3.0},{"damage":16.0,"enemies":"3 Shapes","floor":36.0,"turns":3.0},{"damage":25.0,"enemies":"Maw","floor":37.0,"turns":5.0},{"damage":1,"enemies":"infinitespire:Three Voidlings","floor":38,"turns":2},{"damage":0,"enemies":"Transient","floor":39,"turns":5},{"damage":9,"enemies":"Writhing Mass","floor":45,"turns":3},{"damage":52,"enemies":"Time Eater","floor":50,"turns":5}],"seed_played":"4440024684112187713","potions_obtained":[{"floor":1.0,"key":"Ancient Potion"},{"floor":2.0,"key":"champ:CounterPotion"},{"floor":7.0,"key":"CunningPotion"}],"is_trial":false,"path_per_floor":["M","M","?","?","$","R","M","R","T","M","R","M","R","?","R","B",null,"M","?","M","?","M","M","$","R","T","AVR","R","?","M","M","R","B",null,"M","M","M","?","M","R","$","?","T","?","M","?","?","$","R","B",null],"character_chosen":"THE_SILENT","items_purchased":["Accuracy","Membership Card","Shuriken","Blade Dance","Endless Agony","Flash of Steel","Juzu Bracelet","Choke","Orichalcum","Deadly Poison","Turnip","Pear","Nunchaku"],"campfire_rested":6,"item_purchase_floors":[5,24,24,24,24,24,41,41,41,41,48,48,48],"current_hp_per_floor":[59,56,61,50,50,72,72,72,72,67,67,54,75,75,75,25,75,58,58,53,47,40,24,24,46,46,46,68,68,65,50,72,45,75,75,59,34,33,33,55,55,75,75,75,66,66,66,76,76,24],"gold":85,"neow_bonus":"RANDOM_COMMON_RELIC","is_daily":false,"chose_seed":false,"campfire_upgraded":3,"win_rate":0.0,"timestamp":1614378763,"path_taken":["M","M","?","?","?","R","?","R","T","M","R","M","R","?","R","BOSS","M","?","M","?","?","?","?","R","T","AVR","R","?","M","?","R","BOSS","M","M","M","?","M","R","$","?","T","?","M","?","?","?","R","BOSS"],"items_purchased_type":["Card","Relic","Relic","Card","Card","Card","Relic","Card","Relic","Card","Relic","Relic","Relic"],"build_version":"2020-12-22","purchased_purges":4,"victory":true,"max_hp_per_floor":[70,70,75,75,75,75,75,75,75,75,75,75,75,75,75,75,75,75,75,75,75,75,75,75,75,75,75,75,75,75,75,75,75,75,75,75,75,75,75,75,75,75,75,75,75,75,72,82,82,82],"card_choices":[{"not_picked":["Dagger Throw","Prepared"],"picked":"Deflect","floor":1.0},{"not_picked":["Well Laid Plans","Distraction"],"picked":"Poisoned Stab","floor":2.0},{"not_picked":["Backflip","Distraction"],"picked":"Accuracy","floor":7.0},{"not_picked":["Quick Slash","Eviscerate"],"picked":"Bouncing Flask","floor":10.0},{"not_picked":["Reflex","Setup"],"picked":"Blade Dance","floor":12.0},{"not_picked":["Unload","Die Die Die"],"picked":"After Image","floor":16.0},{"not_picked":["Bane","Concentrate"],"picked":"Endless Agony","floor":18.0},{"not_picked":["Deflect+1","Poisoned Stab"],"picked":"Blade Dance","floor":20.0},{"not_picked":["Dodge and Roll","Setup"],"picked":"Choke","floor":22.0},{"not_picked":["Skewer","Expertise"],"picked":"Adrenaline","floor":23.0},{"not_picked":["Backstab+1","Outmaneuver"],"picked":"Blade Dance","floor":30.0},{"not_picked":["Dagger Throw","Expertise"],"picked":"Terror","floor":31.0},{"not_picked":["Wraith Form v2","Tools of the Trade"],"picked":"After Image","floor":33.0},{"not_picked":["Quick Slash+1","Dagger Throw+1"],"picked":"Blade Dance","floor":35.0},{"not_picked":["Underhanded Strike","PiercingWail+1"],"picked":"Dagger Throw","floor":36.0},{"not_picked":["Burst","Sucker Punch+1"],"picked":"Infinite Blades+1","floor":37.0},{"not_picked":["Bane","Blur+1"],"picked":"Slice+1","floor":39},{"not_picked":["Trip","Forethought"],"picked":"Madness","floor":44},{"not_picked":["Caltrops","Outmaneuver+1"],"picked":"Slice+1","floor":45}],"player_experience":132564,"relics_obtained":[{"floor":9.0,"key":"Smiling Mask"}],"event_choices":[{"damage_healed":0.0,"max_hp_gain":0.0,"max_hp_loss":0.0,"gold_gain":75.0,"event_name":"World of Goop","player_choice":"Gather Gold","floor":4.0,"gold_loss":0.0,"damage_taken":11.0},{"damage_healed":0.0,"max_hp_gain":0.0,"max_hp_loss":0.0,"gold_gain":0.0,"event_name":"Living Wall","player_choice":"Grow","floor":14.0,"gold_loss":0.0,"damage_taken":0.0,"cards_upgraded":["Blade Dance"]},{"damage_healed":0.0,"max_hp_gain":0.0,"max_hp_loss":0.0,"gold_gain":0.0,"event_name":"Knowing Skull","player_choice":"","floor":21.0,"potions_obtained":[],"gold_loss":0.0,"damage_taken":6.0,"cards_obtained":[]},{"damage_healed":0.0,"max_hp_gain":0.0,"max_hp_loss":0.0,"gold_gain":0.0,"event_name":"FaceTrader","player_choice":"Trade","floor":29.0,"gold_loss":0.0,"damage_taken":0.0,"relics_obtained":["NlothsMask"]},{"damage_healed":20,"gold_gain":0,"player_choice":"Heal","damage_taken":0,"max_hp_gain":0,"max_hp_loss":0,"event_name":"MindBloom","floor":42,"gold_loss":0,"cards_obtained":["Doubt"]},{"damage_healed":0,"gold_gain":0,"player_choice":"Memory 1","damage_taken":0,"max_hp_gain":0,"max_hp_loss":0,"event_name":"SensoryStone","floor":44,"gold_loss":0},{"damage_healed":0,"gold_gain":275,"player_choice":"Desecrate","damage_taken":0,"max_hp_gain":0,"max_hp_loss":0,"event_name":"Golden Shrine","floor":46,"gold_loss":0,"cards_obtained":["Regret"]},{"cards_removed":["Parasite"],"damage_healed":0,"gold_gain":0,"player_choice":"Purged","damage_taken":0,"max_hp_gain":0,"max_hp_loss":0,"event_name":"Purifier","floor":47,"gold_loss":0}],"is_beta":false,"boss_relics":[{"not_picked":["HoveringKite","Philosopher\u0027s Stone"],"picked":"Sozu"},{"not_picked":["Pandora\u0027s Box","bronze:MakeshiftBattery"],"picked":"Astrolabe"}],"items_purged_floors":[24,27,41,48],"is_endless":false,"potions_floor_spawned":[1,2,7,18,22,33,36,37,39,45],"ascension_level":0}}