{"host":"za9ilm1uiwmpmin1","time":1614320517,"event":{"mods":["AchievementEnabler","Act Like it!","BaseMod","Friendly Minions","Gensokyo","KomeijiMod","Library of Ruina","Library of Ruina Extra","Minty Spire (QoL Compilation)","MostiFishMod","StSLib","TestMod","Waifu the Spire"],"gold_per_floor":[-1282,-1268,-1255,-1236,-1236,-1195,-1195,-1178,-1126,-1126,-1099,-1074,-1074,-1038,-1038,-957,-957,-936,-925,-925,-925,-907,-878,-878,-848,-848,-830,-726,-697,-686,-649,-649,-570,-570,-554,-537,-137,-137,-124,-95,-83,-83,-83,-66,-47,-47,-20,-20,-20,-10,-5,-5,-5,-5,27,30],"floor_reached":57,"language":"ZHS","playtime":1907,"items_purged":[],"score":2866,"play_id":"d50550a0-c0b5-415d-9ea9-9947b035cd92","local_time":"20210226142157","is_ascension_mode":true,"campfire_choices":[{"data":"UnforgettableMelody","floor":7.0,"key":"SMITH"},{"data":"ExtractFuel","floor":10.0,"key":"SMITH"},{"data":"BindingChains","floor":15.0,"key":"SMITH"},{"data":"SilentMist","floor":24.0,"key":"SMITH"},{"data":"SenseQuarry","floor":32.0,"key":"SMITH"},{"floor":42.0,"key":"RECALL"},{"data":"FocusedStrikes","floor":49.0,"key":"SMITH"},{"data":"ChargeAndCover","floor":53.0,"key":"SMITH"}],"circlet_count":0,"master_deck":["AscendersBane","LightAttack","LightDefense","LightDefense","ChargeAndCover+1","FocusedStrikes+1","CookingPrep","BindingChains+1","UnforgettableMelody+1","ExtractFuel+1","SilentMist+1","Parry2","CoordinatedAssault","SenseQuarry+1","TheWillOfTheCity+1","Quickness+1","Faith+1","FrontalAssault+1","Fence+1"],"relics":["PageOfLibrarian","testmod-TestBox","testmod-TheFather","SynthV:MejaisSoulstealer","SynthV:TestCard","PageOfBloodbath","Meat on the Bone","testmod-Antiphasic","ExusiaiGun","Gensokyo:MosesMiracle","Boot","MealTicket","testmod-HeartOfStrike","testmod-IntensifyImprint","Calipers","testmod-EqualTreatment","Orichalcum","The Courier","PageOfGreed","PageOfTheQueenOfHatred","PageOfTheKnightOfDespair"],"acts_visited":["Exordium","Gensokyo:Gensokyo","Gensokyo:Gensokyoer","TheEnding"],"potions_floor_usage":[56,56],"damage_taken":[{"damage":1.0,"enemies":"Gensokyo:3_Fairies","floor":1.0,"turns":5.0},{"damage":0.0,"enemies":"Gensokyo:Python","floor":2.0,"turns":2.0},{"damage":0.0,"enemies":"Gensokyo:2_Kodama","floor":3.0,"turns":3.0},{"damage":0.0,"enemies":"Gensokyo:Gryphon_and_Rabbit","floor":4.0,"turns":3.0},{"damage":0.0,"enemies":"Gensokyo:Cirno","floor":6.0,"turns":6.0},{"damage":0.0,"enemies":"Gensokyo:Kitsune","floor":8.0,"turns":2.0},{"damage":0.0,"enemies":"Gensokyo:5_Fairies","floor":11.0,"turns":4.0},{"damage":0.0,"enemies":"Gensokyo:Mamizou","floor":12.0,"turns":4.0},{"damage":0.0,"enemies":"Gensokyo:Aya","floor":14.0,"turns":3.0},{"damage":0.0,"enemies":"Gensokyo:Yukari","floor":16.0,"turns":7.0},{"damage":0.0,"enemies":"Gensokyo:2_Gloops","floor":18.0,"turns":2.0},{"damage":0.0,"enemies":"Gensokyo:Chomper","floor":19.0,"turns":2.0},{"damage":0.0,"enemies":"Gensokyo:Wraith","floor":22.0,"turns":2.0},{"damage":0.0,"enemies":"Gensokyo:Reisen","floor":23.0,"turns":1.0},{"damage":0.0,"enemies":"Gensokyo:Tenshi","floor":25.0,"turns":1.0},{"damage":0.0,"enemies":"Gensokyo:Slime_Group","floor":27.0,"turns":2.0},{"damage":0.0,"enemies":"Gensokyo:Slime_Group","floor":28.0,"turns":3.0},{"damage":0.0,"enemies":"Gensokyo:Koishi","floor":29.0,"turns":1.0},{"damage":0.0,"enemies":"Gensokyo:Swordslinger","floor":30.0,"turns":1.0},{"damage":0.0,"enemies":"Gensokyo:Reisen","floor":31.0,"turns":1.0},{"damage":0.0,"enemies":"Gensokyo:Kaguya","floor":33.0,"turns":2.0},{"damage":0.0,"enemies":"Gensokyo:3_Bats","floor":35.0,"turns":1.0},{"damage":0.0,"enemies":"Gensokyo:3_Boulders","floor":36.0,"turns":2.0},{"damage":0.0,"enemies":"Gensokyo:Dusk_and_Dawn","floor":39.0,"turns":1.0},{"damage":0.0,"enemies":"Gensokyo:Marisa","floor":40.0,"turns":1.0},{"damage":0.0,"enemies":"Gensokyo:Rafflesia","floor":41.0,"turns":1.0},{"damage":0.0,"enemies":"Gensokyo:AtlasGolem","floor":44.0,"turns":1.0},{"damage":0.0,"enemies":"Gensokyo:Dusk_and_Dawn","floor":45.0,"turns":1.0},{"damage":0.0,"enemies":"Gensokyo:Doremy","floor":47.0,"turns":2.0},{"damage":0.0,"enemies":"Gensokyo:Shinki","floor":50.0,"turns":4.0},{"damage":0.0,"enemies":"Gensokyo:Shinki","floor":51.0,"turns":1.0},{"damage":0,"enemies":"Shield and Spear","floor":55,"turns":1},{"damage":0,"enemies":"The Heart","floor":56,"turns":3}],"seed_played":"-7215795291140986226","potions_obtained":[{"floor":2.0,"key":"GamblersBrew"},{"floor":4.0,"key":"testmod-SpacePotion"},{"floor":8.0,"key":"Explosive Potion"},{"floor":14.0,"key":"SteroidPotion"},{"floor":31.0,"key":"DuplicationPotion"}],"is_trial":false,"path_per_floor":["M","M","M","M","$","E","R","M","T","R","M","E","$","E","R","B",null,"M","M","?","?","M","E","R","E","T","M","?","E","M","E","R","B",null,"M","M","?","?","M","E","M","R","T","M","M","?","E","COS","R","B",null,null,"R","$","E","B",null],"character_chosen":"Librarian","items_purchased":[],"campfire_rested":0,"item_purchase_floors":[],"current_hp_per_floor":[53,53,55,64,64,76,76,76,76,76,76,76,76,76,76,76,76,76,76,76,76,76,66,66,66,66,68,66,66,66,66,66,66,181,66,66,66,66,66,66,66,66,66,66,66,66,68,68,68,75,72,182,182,197,68,73],"gold":30,"neow_bonus":"TRANSFORM_TWO_CARDS","is_daily":false,"chose_seed":false,"campfire_upgraded":7,"win_rate":0.0,"timestamp":1614320517,"path_taken":["M","M","M","?","$","E","R","M","T","R","M","E","?","E","R","BOSS","M","M","?","?","M","E","R","E","T","M","?","E","M","E","R","BOSS","M","M","?","?","M","E","M","R","T","M","M","?","E","COS","R","BOSS","R","$","E","BOSS"],"items_purchased_type":[],"build_version":"2020-12-22","purchased_purges":0,"victory":true,"max_hp_per_floor":[68,68,76,76,76,76,76,76,76,76,76,76,76,78,78,76,76,76,76,76,76,219,219,219,219,219,219,219,219,219,219,219,219,219,219,219,219,219,219,219,219,219,219,219,219,219,219,219,219,219,219,219,219,219,219,219],"card_choices":[{"not_picked":["FleetEdge","TheArtOfRapidSteps","EnergyStrike","Thrust","ViolentFlame","RushDown","WillOfThePrescript","YouOnlyLiveOnce"],"picked":"UnforgettableMelody","floor":1.0},{"not_picked":["Feast","FleetFootsteps","InhaleSmoke","ChopItOff","MirageStorm","TheRedNotes","SkyClearingCut","Standoff","InkOver","QuickAttack"],"picked":"ExtractFuel","floor":2.0},{"not_picked":["Pound","ClassAndRespect","Diversion","GreatSerpentsImpact","StrikeDown","SharpSwipe","ScatteringSlash","Commandeering","GuardingStance","SmokingPipe"],"picked":"SilentMist","floor":3.0},{"not_picked":["ShockingBlow","MindWhip","ExtremeEdge","BlindFaith","Reload","Thrust","SharpenedBlade","Parry","MultiHit","ICanCookAnything","EnergyStrike"],"picked":"SKIP","floor":4.0},{"not_picked":["EnergyCycle","CircusKnives","FrontalAssault","Eliminate","IdentifyWeakpoint","GuardingStance","BurningFlash","GoinFirst","BiteOff","InhaleSmoke"],"picked":"Parry2","floor":6.0},{"not_picked":["BlindFaith","YoureTooSlow","Outburst","NightInTheBackstreets","SetFire","HardRehearsal","SnakesPrey","BurningFlash","TheRedNotes","Unlock1"],"picked":"FrontalAssault","floor":8.0},{"not_picked":["Unlock1","FeatherShield","Gigigig","BackAttack","LoosenUp","Lock","QuickSuppression","EndlessBattle","Marionette","WillOfThePrescript","RhinoRam"],"picked":"SKIP","floor":11.0},{"not_picked":["Thrust","ToOvercomeCrisis","SmokingPipe","Suppress","TendonChords","DefenseOrder","StructuralAnalysis","ScratchThat","SharpSwipe","EnergyStrike","FlashingStrike"],"picked":"SKIP","floor":12.0},{"not_picked":["ForcefulGesture","BoundaryOfDeath","SharpSwipe","Mutilate","GuardingStance","TrimTheIngredients","Gamble","FleshFillet","HighKick","UnavoidableGaze"],"picked":"CoordinatedAssault","floor":14.0},{"not_picked":["BladeWhirl","EnergyShield","FlashingStrike","PinpointShot","HiddenBlade+1","SweepTheBackstreets","TendonChords","CookingPrep","DriedUp","SharpNails","Endure"],"picked":"SKIP","floor":18.0},{"not_picked":["CoordinatedAssault","SweepTheBackstreets","QuickAttack","Standoff","RatsGuideToSurvival","SerpentineBarrier","SavageMode","Unlock1","SuppressingShot","TendonChords","ExtractFuel"],"picked":"SKIP","floor":19.0},{"not_picked":["Slice_lor","GuidanceOfTheGears","StrongStrike","SuppressingShot","Parry","WillOfThePrescript","Standoff","Pound","HiddenBlade","Diversion","DimensionalRift+1"],"picked":"SKIP","floor":22.0},{"not_picked":["DimensionalRift","ShockingBlow+1","Gigigig","SkyClearingCut","Wallop_lor","BayonetCombat","ChiWen","StartinOutLightly","Tailoring","StructuralAnalysis"],"picked":"SenseQuarry","floor":23.0},{"not_picked":["HiddenBlade","RushDown","Parry+1","DriedUp","SinglePointStab+1","SerpentSwordTechnique","UnavoidableGaze","GrazeTheGrass","CoordinatedAssault","FlamingDragonFist","SmokingPipe"],"picked":"SKIP","floor":25.0},{"not_picked":["MirageStorm","Leap_lor","Riposte","CumulusWall","ClassAndRespect+1","UpbeatPerformance","Parry","HighKick","WildCard","MultiBlock"],"picked":"TheWillOfTheCity+1","floor":27.0},{"not_picked":["AsThePrescriptOrders","FleetFootsteps","DimensionalRift","SomberProcuration","IronWall","ShockRound","CoordinatedAssault+1","StructuralAnalysis","SteelKnuckles","MultiBlock"],"picked":"Quickness+1","floor":28.0},{"not_picked":["BindingChains","FierceOnslaught","SuppressingShot","BlowItUp","SteelKnuckles","IronWall+1","GuidanceOfTheGears","Reload","WillOfThePrescript","FormingStorm"],"picked":"Faith","floor":29.0},{"not_picked":["TrashDisposal","BlindFaith","SmokingPipe","NightInTheBackstreets","AsThePrescriptOrders","FendThisOffIfYouCan+1","Parry2","InhaleSmoke+1","YouOnlyLiveOnce","MultiBlock","QuickSuppression"],"picked":"SKIP","floor":30.0},{"not_picked":["Rewind","TendonChords","SunsetBlade","Multislash","ClassAndRespect","DeepDrag+1","DaringDecision","ButterflySlash","SerpentSwordTechnique+1","EnergyStrike"],"picked":"FrontalAssault","floor":31.0},{"not_picked":["BlowItUp+1","SenseQuarry","BlindFaith","BiAn+1","Parry","Pound","Leap_lor","RipSpace","Tailoring+1","HandleRequest","VenomousFangs+1"],"picked":"SKIP","floor":35.0},{"not_picked":["DarkCloud+1","SuppressingShot","SpearedSweep","NonstopAssault","Brawl","BlowItUp","FleetFootsteps","Leap_lor","GreatSerpentsImpact","Cruelty","Marionette"],"picked":"SKIP","floor":36.0},{"not_picked":["RulesOfTheBackstreets+1","DevastatingThrash","GuidanceOfTheGears","AssaultOrder","HiddenBlade","NightInTheBackstreets","CookingPrep+1","TendonChords+1","MultiHit","QuickAttack"],"picked":"Fence+1","floor":39.0},{"not_picked":["GroundSmash","TraceOfFumes","RatsGuideToSurvival","Overpower+1","Pound","SharpSwipe","GrazeTheGrass","EnergyCycle","BlindFaith","FleetEdge","BackAttack+1"],"picked":"SKIP","floor":40.0},{"not_picked":["EnergyStrike","Ripple+1","StrikeDown","GuardingStance","BlindFaith","MultiBlock+1","StrongStrike","UnavoidableGaze","BackAttack","InhaleSmoke+1","Rampage_lor"],"picked":"SKIP","floor":41.0},{"not_picked":["ICanCookAnything","Quickness","EnergyStrike+1","SweepTheBackstreets","SharpSwipe","ShrineToMusic","WillOfThePrescript","DarkCloud","MultiBlock","Concentration+1","CumulusWall"],"picked":"SKIP","floor":44.0},{"not_picked":["SkyClearingCut","Pound","ClassAndRespect","EnergyStrike","MultiHit","DefenseOrder+1","DaringDecision","SuppressingShot+1","ReadyUp","FleetEdge","SinglePointStab+1"],"picked":"SKIP","floor":45.0},{"not_picked":["FrontalAssault","TendonChords","SnakeSlit","ClassAndRespect","SavageMode","SerpentSwordTechnique","DeepDrag+1","Tailoring+1","StayCalm","HardRehearsal+1","BalefulBrand"],"picked":"SKIP","floor":47.0},{"not_picked":["QuickAttack","BlindFaith","Unlock1","WillOfThePrescript","Tailoring","SpearedSweep","ToWhereThePrescriptPoints+1","SkyClearingCut","FleetFootsteps","AsThePrescriptOrders+1","ScatteringSlash"],"picked":"SKIP","floor":55}],"player_experience":786101,"relics_obtained":[{"floor":1.0,"key":"SynthV:TestCard"},{"floor":6.0,"key":"PageOfBloodbath"},{"floor":12.0,"key":"Meat on the Bone"},{"floor":14.0,"key":"testmod-Antiphasic"},{"floor":23.0,"key":"Boot"},{"floor":25.0,"key":"Gensokyo:MosesMiracle"},{"floor":25.0,"key":"MealTicket"},{"floor":26.0,"key":"testmod-HeartOfStrike"},{"floor":28.0,"key":"testmod-IntensifyImprint"},{"floor":28.0,"key":"Calipers"},{"floor":29.0,"key":"testmod-EqualTreatment"},{"floor":31.0,"key":"Orichalcum"},{"floor":40.0,"key":"The Courier"},{"floor":43.0,"key":"PageOfGreed"},{"floor":47.0,"key":"PageOfTheQueenOfHatred"},{"floor":55,"key":"PageOfTheKnightOfDespair"}],"event_choices":[{"damage_healed":0.0,"max_hp_gain":0.0,"max_hp_loss":0.0,"gold_gain":400.0,"event_name":"恩洛斯的盘子","player_choice":"Sell","floor":37.0,"relics_lost":["DaveBox"],"gold_loss":0.0,"damage_taken":0.0},{"damage_healed":0.0,"max_hp_gain":0.0,"max_hp_loss":0.0,"gold_gain":0.0,"event_name":"给自己的盒子","player_choice":"Swap Relic","floor":46.0,"relics_lost":["Technique"],"gold_loss":0.0,"damage_taken":0.0,"relics_obtained":["Technique"]}],"is_beta":false,"boss_relics":[{"not_picked":["testmod-EnergyCheck","testmod-DeterminationOfClimber"],"picked":"ExusiaiGun"},{"not_picked":[]}],"items_purged_floors":[],"is_endless":false,"potions_floor_spawned":[2,4,8,14,18,23,28,31,35,39,44,55],"ascension_level":15}}