{"host":"8u7tvcybuv0u72fd","time":1614315117,"event":{"mods":["BaseMod","BetterRewards","Colored Map","Colored Powertips","Minty Spire (QoL Compilation)","Quick Restart","Shop Mod"],"gold_per_floor":[110,110,121,131,6,6,6,6,85,160,194,211,228,241,241,346,346,364,364,375,375,391,391,419,419,419,444,444,454,634,653,653,758,758,769,16,16,31,51,86,103,103,154,154,179,179,194,22,22,22,22,22,37,62,62],"floor_reached":56,"language":"ENG","playtime":2477,"items_purged":["Strike_R"],"score":1847,"play_id":"373f696e-3a65-408f-960e-61fa777f3e5f","local_time":"20210225235157","is_ascension_mode":false,"campfire_choices":[{"data":"Bash","floor":6.0,"key":"SMITH"},{"data":"Shrug It Off","floor":8.0,"key":"SMITH"},{"data":"Dropkick","floor":15.0,"key":"SMITH"},{"data":"Pommel Strike","floor":23.0,"key":"SMITH"},{"data":"Defend_R","floor":25.0,"key":"SMITH"},{"data":"Defend_R","floor":28.0,"key":"SMITH"},{"data":"Rage","floor":32.0,"key":"SMITH"},{"data":"Double Tap","floor":42.0,"key":"SMITH"},{"data":"Disarm","floor":44.0,"key":"SMITH"},{"floor":46.0,"key":"RECALL"},{"data":"Defend_R","floor":49.0,"key":"SMITH"},{"data":"Strike_R","floor":52.0,"key":"SMITH"}],"circlet_count":0,"master_deck":["Strike_R","Strike_R","Strike_R+1","Defend_R+1","Defend_R+1","Defend_R+1","Bash+1","Shrug It Off+1","Dropkick+1","Pommel Strike+1","Cleave+1","Clash+1","Body Slam+1","Feed+1","Headbutt+1","Iron Wave+1","Rage+1","Disarm+1","Double Tap+1","Entrench+1","Sword Boomerang+1","Juggernaut"],"relics":["Burning Blood","Bronze Scales","Paper Frog","FossilizedHelix","Torii","Lizard Tail","Pantograph","Mercury Hourglass","Molten Egg 2","Question Card","SlaversCollar","Letter Opener","Lantern","SacredBark","Vajra","Pen Nib","Gremlin Horn","Potion Belt","HornCleat","MerchantsRug","Strawberry","Incense Burner","Anchor","Oddly Smooth Stone","TungstenRod","Charon\u0027s Ashes","Self Forming Clay","Toy Ornithopter"],"acts_visited":["TheCity","TheBeyond","TheEnding"],"potions_floor_usage":[55,55,55],"damage_taken":[{"damage":0.0,"enemies":"Small Slimes","floor":1.0,"turns":3.0},{"damage":0.0,"enemies":"Cultist","floor":3.0,"turns":3.0},{"damage":0.0,"enemies":"Jaw Worm","floor":4.0,"turns":3.0},{"damage":12.0,"enemies":"3 Sentries","floor":11.0,"turns":9.0},{"damage":0.0,"enemies":"Blue Slaver","floor":12.0,"turns":3.0},{"damage":0.0,"enemies":"Exordium Thugs","floor":13.0,"turns":2.0},{"damage":0.0,"enemies":"2 Fungi Beasts","floor":14.0,"turns":2.0},{"damage":28.0,"enemies":"Hexaghost","floor":16.0,"turns":5.0},{"damage":0.0,"enemies":"3 Byrds","floor":18.0,"turns":3.0},{"damage":1.0,"enemies":"Chosen","floor":20.0,"turns":3.0},{"damage":0.0,"enemies":"Snecko","floor":22.0,"turns":4.0},{"damage":8.0,"enemies":"Slavers","floor":24.0,"turns":4.0},{"damage":0.0,"enemies":"Book of Stabbing","floor":27.0,"turns":2.0},{"damage":0.0,"enemies":"3 Cultists","floor":29.0,"turns":4.0},{"damage":0.0,"enemies":"Snake Plant","floor":31.0,"turns":3.0},{"damage":17.0,"enemies":"Champ","floor":33.0,"turns":9.0},{"damage":0.0,"enemies":"3 Shapes","floor":35.0,"turns":7.0},{"damage":0.0,"enemies":"Orb Walker","floor":38.0,"turns":2.0},{"damage":0.0,"enemies":"Maw","floor":39.0,"turns":6.0},{"damage":7.0,"enemies":"Reptomancer","floor":40.0,"turns":6.0},{"damage":0.0,"enemies":"3 Darklings","floor":41.0,"turns":3.0},{"damage":0.0,"enemies":"Nemesis","floor":45.0,"turns":4.0},{"damage":0.0,"enemies":"Sphere and 2 Shapes","floor":47.0,"turns":4.0},{"damage":67.0,"enemies":"Donu and Deca","floor":50.0,"turns":9.0},{"damage":0.0,"enemies":"Shield and Spear","floor":54.0,"turns":5.0},{"damage":0,"enemies":"The Heart","floor":55,"turns":6}],"seed_played":"8979214004868427549","potions_obtained":[{"floor":12.0,"key":"AttackPotion"},{"floor":27.0,"key":"SpeedPotion"},{"floor":31.0,"key":"FearPotion"},{"floor":33.0,"key":"EssenceOfSteel"},{"floor":38.0,"key":"BlessingOfTheForge"},{"floor":47.0,"key":"Strength Potion"},{"floor":54.0,"key":"Block Potion"}],"is_trial":false,"path_per_floor":["M","?","M","M","$","R","?","R","T","?","E","M","M","M","R","B",null,"M","?","M","?","M","R","E","R","T","E","R","M","?","M","R","B",null,"M","$","?","M","M","E","M","R","T","R","E","R","M","$","R","B",null,"R","$","E","B",null],"character_chosen":"IRONCLAD","items_purchased":["Membership Card","Bronze Scales","Paper Frog","Shrug It Off","Dexterity Potion","CultistPotion","FearPotion","Lizard Tail","Pantograph","Mercury Hourglass","Vajra","Pear","Mango","Juzu Bracelet","Pen Nib","Gremlin Horn","Potion Belt","HornCleat","MerchantsRug","Strawberry","TungstenRod","DistilledChaos","Charon\u0027s Ashes","Self Forming Clay","Juggernaut"],"campfire_rested":0,"item_purchase_floors":[0,0,0,0,0,0,0,0,0,5,36,36,36,36,36,36,36,36,36,36,48,48,48,53,53],"current_hp_per_floor":[38,38,44,50,50,50,50,50,50,39,33,39,45,51,51,54,80,80,80,80,80,84,84,86,86,86,92,92,96,71,77,77,89,100,104,135,122,128,134,133,139,139,139,139,139,139,143,143,143,86,147,147,147,147,147],"gold":62,"neow_bonus":"","is_daily":false,"chose_seed":false,"campfire_upgraded":11,"win_rate":0.0,"timestamp":1614315117,"path_taken":["M","?","?","?","?","R","?","R","T","?","E","M","M","M","R","BOSS","M","?","M","?","M","R","E","R","T","E","R","?","?","M","R","BOSS","M","$","?","M","M","E","M","R","T","R","E","R","M","$","R","BOSS","R","$","E","BOSS"],"items_purchased_type":["Relic","Relic","Relic","Card","Potion","Potion","Potion","Relic","Relic","Relic","Relic","Relic","Relic","Relic","Relic","Relic","Relic","Relic","Relic","Relic","Relic","Potion","Relic","Relic","Card"],"build_version":"2020-12-22","purchased_purges":1,"victory":true,"max_hp_per_floor":[80,80,80,80,80,80,80,80,80,80,80,80,80,80,80,80,80,80,80,80,80,84,84,88,88,88,92,92,96,96,96,96,100,100,104,135,135,135,135,135,139,139,139,139,139,139,143,143,143,147,147,147,147,147,147],"card_choices":[{"not_picked":["Havoc","Anger","Flex"],"picked":"SKIP","floor":1.0},{"not_picked":["Clothesline","True Grit","Disarm"],"picked":"SKIP","floor":1.0},{"not_picked":["Reaper","Rupture"],"picked":"Pommel Strike","floor":3.0},{"not_picked":["True Grit","Twin Strike","Fire Breathing"],"picked":"SKIP","floor":3.0},{"not_picked":["Entrench","Clash","Shrug It Off"],"picked":"SKIP","floor":4.0},{"not_picked":["Cleave","Evolve","Anger"],"picked":"SKIP","floor":4.0},{"not_picked":["Sentinel","Reckless Charge+1"],"picked":"Cleave+1","floor":11.0},{"not_picked":["Pommel Strike+1","Perfected Strike+1","Havoc"],"picked":"Clash+1","floor":12.0},{"not_picked":["Thunderclap+1","Perfected Strike+1","Heavy Blade+1","Bludgeon+1"],"picked":"SKIP","floor":12.0},{"not_picked":["Thunderclap+1","Perfected Strike+1","Heavy Blade+1","Bludgeon+1"],"picked":"SKIP","floor":12.0},{"not_picked":["Flex","Armaments","Combust"],"picked":"Body Slam+1","floor":13.0},{"not_picked":["True Grit","Sword Boomerang+1","Clash+1","Shrug It Off"],"picked":"SKIP","floor":13.0},{"not_picked":["Perfected Strike+1","Warcry","Sword Boomerang+1","Pummel+1"],"picked":"SKIP","floor":14.0},{"not_picked":["Pummel+1","Heavy Blade+1","Reckless Charge+1","Clothesline+1"],"picked":"SKIP","floor":14.0},{"not_picked":["Impervious","Bludgeon+1","Limit Break"],"picked":"Feed+1","floor":16.0},{"not_picked":["Flex","Clothesline+1","Cleave+1","Havoc"],"picked":"SKIP","floor":18.0},{"not_picked":["Warcry","Cleave+1","Whirlwind+1","Perfected Strike+1"],"picked":"SKIP","floor":18.0},{"not_picked":["Sword Boomerang+1","Clash+1","Dropkick+1","Metallicize"],"picked":"SKIP","floor":20.0},{"not_picked":["Clash+1","Heavy Blade+1","Whirlwind+1","Pummel+1"],"picked":"SKIP","floor":20.0},{"not_picked":["Armaments","Sentinel","Pommel Strike+1"],"picked":"Headbutt+1","floor":22.0},{"not_picked":["Havoc+1","Burning Pact","Wild Strike+1","Brutality"],"picked":"SKIP","floor":22.0},{"not_picked":["Corruption","Perfected Strike+1","Armaments+1","Shrug It Off"],"picked":"SKIP","floor":24.0},{"not_picked":["Blood for Blood+1","Combust","Wild Strike+1"],"picked":"Iron Wave+1","floor":27.0},{"not_picked":["Carnage+1","Power Through","Sword Boomerang+1"],"picked":"Rage","floor":29.0},{"not_picked":["Intimidate","Havoc+1","Anger+1"],"picked":"Disarm","floor":29.0},{"not_picked":["Cleave+1","Flex+1","Clash+1","Blood for Blood+1"],"picked":"SKIP","floor":31.0},{"not_picked":["Carnage+1","Wild Strike+1","Metallicize","Thunderclap+1"],"picked":"SKIP","floor":31.0},{"not_picked":["Offering","Feed+1","Corruption"],"picked":"Double Tap","floor":33.0},{"not_picked":["Inflame","Pommel Strike+1","Headbutt+1","Entrench"],"picked":"SKIP","floor":35.0},{"not_picked":["Anger+1","Perfected Strike+1","Shrug It Off","Brutality"],"picked":"SKIP","floor":35.0},{"not_picked":["Pommel Strike+1","Whirlwind+1","Iron Wave+1","Fire Breathing+1"],"picked":"SKIP","floor":38.0},{"not_picked":["Power Through","Headbutt+1","Bloodletting+1","Perfected Strike+1"],"picked":"SKIP","floor":38.0},{"not_picked":["Pommel Strike+1","Pummel+1","Body Slam+1"],"picked":"Entrench+1","floor":39.0},{"not_picked":["Havoc+1","Bludgeon+1","Sword Boomerang+1","Cleave+1"],"picked":"SKIP","floor":39.0},{"not_picked":["Cleave+1","Whirlwind+1","Anger+1","Hemokinesis+1"],"picked":"SKIP","floor":40.0},{"not_picked":["Thunderclap+1","Headbutt+1","Bloodletting+1","True Grit"],"picked":"SKIP","floor":41.0},{"not_picked":["Iron Wave+1","Armaments+1","Havoc","Spot Weakness+1"],"picked":"SKIP","floor":41.0},{"not_picked":["Thunderclap+1","Headbutt+1","Bloodletting+1","True Grit"],"picked":"SKIP","floor":41.0},{"not_picked":["Iron Wave+1","Armaments+1","Havoc","Spot Weakness+1"],"picked":"SKIP","floor":41.0},{"not_picked":["Double Tap","Perfected Strike+1","Flame Barrier+1","Flex+1"],"picked":"SKIP","floor":45.0},{"not_picked":["Infernal Blade+1","Rupture+1","Armaments"],"picked":"Sword Boomerang+1","floor":47.0},{"not_picked":["Headbutt+1","Perfected Strike+1","Pommel Strike+1","Shrug It Off"],"picked":"SKIP","floor":47.0},{"not_picked":["Pummel+1","Power Through","Dark Embrace","Cleave+1"],"picked":"SKIP","floor":54.0}],"player_experience":1559324,"relics_obtained":[{"floor":9.0,"key":"Molten Egg 2"},{"floor":11.0,"key":"Question Card"},{"floor":24.0,"key":"Lantern"},{"floor":26.0,"key":"Matryoshka"},{"floor":27.0,"key":"The Courier"},{"floor":40.0,"key":"Incense Burner"},{"floor":43.0,"key":"Anchor"},{"floor":45.0,"key":"Oddly Smooth Stone"},{"floor":54.0,"key":"Toy Ornithopter"}],"event_choices":[{"damage_healed":0.0,"max_hp_gain":0.0,"max_hp_loss":0.0,"gold_gain":0.0,"cards_transformed":["Strike_R"],"event_name":"Transmorgrifier","player_choice":"Transformed","floor":2.0,"gold_loss":0.0,"damage_taken":0.0,"cards_obtained":["Dropkick"]},{"damage_healed":0.0,"max_hp_gain":0.0,"max_hp_loss":0.0,"gold_gain":0.0,"event_name":"Liars Game","player_choice":"Ignored","floor":7.0,"gold_loss":0.0,"damage_taken":0.0},{"damage_healed":0.0,"max_hp_gain":0.0,"max_hp_loss":0.0,"gold_gain":75.0,"event_name":"World of Goop","player_choice":"Gather Gold","floor":10.0,"gold_loss":0.0,"damage_taken":11.0},{"damage_healed":0.0,"max_hp_gain":0.0,"max_hp_loss":0.0,"gold_gain":0.0,"event_name":"The Mausoleum","player_choice":"Opened","floor":19.0,"gold_loss":0.0,"damage_taken":0.0,"relics_obtained":["Letter Opener"]},{"cards_removed":["Defend_R"],"damage_healed":0.0,"max_hp_gain":0.0,"max_hp_loss":0.0,"gold_gain":0.0,"event_name":"Purifier","player_choice":"Purged","floor":21.0,"gold_loss":0.0,"damage_taken":0.0},{"damage_healed":0.0,"max_hp_gain":0.0,"max_hp_loss":0.0,"gold_gain":180.0,"event_name":"Knowing Skull","player_choice":"POTION GOLD GOLD ","floor":30.0,"potions_obtained":["ElixirPotion"],"gold_loss":0.0,"damage_taken":25.0,"cards_obtained":[]},{"damage_healed":0.0,"max_hp_gain":0.0,"max_hp_loss":0.0,"gold_gain":0.0,"event_name":"Wheel of Change","player_choice":"Damaged","floor":37.0,"gold_loss":0.0,"damage_taken":13.0}],"is_beta":false,"boss_relics":[{"not_picked":["Astrolabe","Philosopher\u0027s Stone"],"picked":"SlaversCollar"},{"not_picked":["Pandora\u0027s Box","Black Blood"],"picked":"SacredBark"}],"items_purged_floors":[0],"is_endless":false,"potions_floor_spawned":[1,12,13,18,20,27,31,33,38,47,54],"ascension_level":0}}