{"host":"7am2it9afgpzdoy6","time":1614322612,"event":{"mods":["2.2 Compatiblity","ATMod(°¢èªMod)","Act Like it!","Aspiration","BaseMod","Become a monster °Ù±ä¹Ö","Colored Powertips","Conspire","Downfall","Friendly Minions","Gensokyo","Hubris","Infinite Spire","Koishi","Library of Ruina","Library of Ruina Extra","Lobotomy","LobotomyExtend","Minty Spire (QoL Compilation)","Quick Restart","Reimu£¨²©ÀöÁéÃÎ£©","Remilia£¨ÀÙÃ×ÀòÑÇ£©","Replay The Spire","RumiaBox-Â¶Ã×æ«µÄÉñÃØºÐ×Ó","Shop Mod","StSLib","The Jungle","Waifu the Spire","Wandering Minibosses","Yuyuko","[IsaacMod]ÒÔÈö¼âËþ","¡¾ÒÅÎï¿¨ÅÆ¡¿REMEMod"],"gold_per_floor":[111,111,111,123,48,48,48,48,48,48,59,74,74,74],"floor_reached":13,"language":"ZHS","playtime":2331,"items_purged":["Regret"],"score":98,"play_id":"9719f662-bf02-4b22-bb9e-cfdc33e83eb8","local_time":"20210226145652","is_ascension_mode":false,"campfire_choices":[],"circlet_count":0,"master_deck":["Dodge","LightDefense","LightAttack","LightAttack","LightAttack","LightDefense","LightDefense","LightDefense","ChargeAndCover","FocusedStrikes","FieryWaltz","OSAHOGD","Hallucinations","BlueStar","ElectricShock","CENSORED","GaleKick"],"relics":["PageOfLibrarian","HushsDoor","AT_ATBox","REME_ComplimentaryCards","AnarchistCookbook","CogitoBucket","LetterFromLob","CaptainsWheel","AT_ChloranthyRing","RuthlessExorcism:ReiMu","ReplayTheSpireMod:Ring of Exchange","Ring of Panic","Amita_r"],"acts_visited":["Exordium"],"potions_floor_usage":[],"damage_taken":[{"damage":0,"enemies":"Small Slimes","floor":1,"turns":3},{"damage":3,"enemies":"Jaw Worm","floor":4,"turns":3},{"damage":0,"enemies":"2 Louse","floor":11,"turns":2},{"damage":0,"enemies":"Large Slime","floor":12,"turns":2},{"damage":65,"enemies":"Lagavulin","floor":13,"turns":4}],"seed_played":"604165164680687379","potions_obtained":[{"floor":1,"key":"Guardian:BlockOnCardUsePotion"},{"floor":4,"key":"FearPotion"}],"is_trial":false,"path_per_floor":["M","?","?","M","$","E","?","?","T","?","M","M","E"],"character_chosen":"Librarian","items_purchased":[],"campfire_rested":0,"item_purchase_floors":[],"current_hp_per_floor":[60,60,60,59,59,19,19,19,19,19,20,21,0,0],"gold":74,"neow_bonus":"","is_daily":false,"chose_seed":false,"campfire_upgraded":0,"win_rate":0.0,"timestamp":1614322612,"path_taken":["M","?","?","M","$","E","?","?","T","?","M","M","E"],"items_purchased_type":[],"build_version":"2020-12-22","purchased_purges":1,"victory":false,"max_hp_per_floor":[76,76,76,76,76,76,76,76,76,76,76,76,76,76],"card_choices":[{"not_picked":[],"picked":"EpicFetus","floor":0},{"not_picked":["UniverseFragment","CherryBlossoms","OldLady"],"picked":"Singing Bowl","floor":1},{"not_picked":["LittlePrince","Freischutz"],"picked":"Funeral","floor":1},{"not_picked":["Reload","BulkyImpact","SuppressingShot","FierceCharge","ShrineToMusic","Gigigig","IronWall","Deflect_lor"],"picked":"FieryWaltz","floor":1},{"not_picked":["MHz","BeautyBeast"],"picked":"OSAHOGD","floor":4},{"not_picked":["GuidanceOfTheGears","QuickSuppression","FleetFootsteps","MindWhip","SinglePointStab","StructuralAnalysis","DarkCloud","PinpointShot"],"picked":"FrontalAssault","floor":4},{"not_picked":["CherryBlossoms","BeautyBeast","OldLady"],"picked":"Singing Bowl","floor":11},{"not_picked":["PunishingBird","ShyLook"],"picked":"BlueStar","floor":11},{"not_picked":["UnavoidableGaze","BizarreAttack","SharpSwipe","Disposal","BackAttack","MultiHit","StructuralAnalysis","DefenseOrder"],"picked":"ElectricShock","floor":11},{"not_picked":["QueenBee","RedShoes","CherryBlossoms"],"picked":"Singing Bowl","floor":12},{"not_picked":["QueenOfHatred","Murderer"],"picked":"CENSORED","floor":12},{"not_picked":["WillOfThePrescript","AsThePrescriptOrders","HiddenBlade","SteelKnuckles","CookingPrep","SerpentSwordTechnique","FleetEdge","ViolentFlame"],"picked":"GaleKick","floor":12}],"player_experience":252806,"relics_obtained":[{"floor":1,"key":"LetterFromLob"},{"floor":9,"key":"RuthlessExorcism:ReiMu"},{"floor":10,"key":"ReplayTheSpireMod:Ring of Exchange"},{"floor":10,"key":"Ring of Panic"}],"event_choices":[{"damage_healed":0,"gold_gain":0,"player_choice":"Box","damage_taken":0,"relics_obtained":["CaptainsWheel"],"max_hp_gain":0,"max_hp_loss":0,"event_name":"Big Fish","floor":2,"gold_loss":0,"cards_obtained":["Regret"]},{"damage_healed":0,"gold_gain":0,"player_choice":"Leave","damage_taken":0,"max_hp_gain":0,"max_hp_loss":0,"event_name":"conspire:Investor","floor":7,"gold_loss":0},{"damage_healed":0,"gold_gain":0,"player_choice":"Gave Potion","damage_taken":0,"relics_obtained":["AT_ChloranthyRing"],"max_hp_gain":0,"max_hp_loss":0,"event_name":"WeMeetAgain","floor":8,"gold_loss":0}],"is_beta":false,"boss_relics":[],"items_purged_floors":[5],"is_endless":false,"potions_floor_spawned":[1,4],"killed_by":"Lagavulin","ascension_level":0}}