{"host":"2lo6hma6kymb0g9i","time":1614363478,"event":{"mods":["BaseMod","Colored Map","DeckTracker","Minty Spire (QoL Compilation)","SuperFastMode"],"gold_per_floor":[117,133,133,146,163,193,75,75,75,75,105,68,84,84,84],"floor_reached":14,"language":"JPN","playtime":790,"items_purged":["Strike_G"],"score":200,"play_id":"a300cabd-8a9a-4a1b-8a9f-156670fb016a","local_time":"20210227031758","is_ascension_mode":true,"campfire_choices":[{"data":"Wraith Form v2","floor":8,"key":"SMITH"}],"circlet_count":0,"master_deck":["AscendersBane","Strike_G","Strike_G","Strike_G","Strike_G","Defend_G","Defend_G","Defend_G","Defend_G","Defend_G","Survivor","Neutralize","Wraith Form v2+1","Blade Dance","Blur","Terror","Blur","Tactician","Well Laid Plans","Flying Knee","Cloak And Dagger"],"relics":["Ring of the Snake","Juzu Bracelet","White Beast Statue","Paper Crane"],"acts_visited":["Exordium"],"potions_floor_usage":[11,14,14],"damage_taken":[{"damage":6.0,"enemies":"Cultist","floor":1.0,"turns":5.0},{"damage":0.0,"enemies":"Jaw Worm","floor":2.0,"turns":4.0},{"damage":0.0,"enemies":"2 Louse","floor":4.0,"turns":2.0},{"damage":8.0,"enemies":"Blue Slaver","floor":5.0,"turns":3.0},{"damage":31,"enemies":"Gremlin Nob","floor":6,"turns":6},{"damage":37,"enemies":"3 Sentries","floor":11,"turns":15},{"damage":0,"enemies":"Large Slime","floor":13,"turns":7},{"damage":0,"enemies":"Gremlin Nob","floor":14,"turns":2}],"seed_played":"8660417640229231648","potions_obtained":[{"floor":1.0,"key":"DistilledChaos"},{"floor":2.0,"key":"Energy Potion"},{"floor":3.0,"key":"FairyPotion"},{"floor":11,"key":"SkillPotion"},{"floor":13,"key":"FearPotion"}],"is_trial":false,"path_per_floor":["M","M","?","M","M","E","$","R","T","$","E","?","M","E"],"character_chosen":"THE_SILENT","items_purchased":["Well Laid Plans"],"campfire_rested":0,"item_purchase_floors":[7],"current_hp_per_floor":[53,53,53,53,45,14,14,14,14,14,1,1,1,1,1],"gold":84,"neow_bonus":"THREE_RARE_CARDS","is_daily":false,"chose_seed":false,"campfire_upgraded":1,"win_rate":0.0,"timestamp":1614363478,"path_taken":["M","?","?","M","?","E","?","R","T","$","E","?","M","E"],"items_purchased_type":["Card"],"build_version":"2020-12-22","purchased_purges":1,"victory":false,"max_hp_per_floor":[60,60,60,60,60,60,60,60,60,60,60,60,60,60,60],"card_choices":[{"not_picked":["Tools of the Trade","Die Die Die"],"picked":"Wraith Form v2","floor":0.0},{"not_picked":["Accuracy","Footwork"],"picked":"Blade Dance","floor":1.0},{"not_picked":["Prepared","Underhanded Strike"],"picked":"Blur","floor":2.0},{"not_picked":["Underhanded Strike","Bane"],"picked":"Terror","floor":4.0},{"not_picked":["Prepared","Dagger Spray"],"picked":"Blur","floor":5.0},{"not_picked":["Skewer","Eviscerate"],"picked":"Tactician","floor":6},{"not_picked":["Dodge and Roll","Deadly Poison"],"picked":"Flying Knee","floor":11},{"not_picked":["Footwork","Leg Sweep"],"picked":"Cloak And Dagger","floor":13}],"player_experience":1260239,"relics_obtained":[{"floor":6,"key":"Juzu Bracelet"},{"floor":9,"key":"White Beast Statue"},{"floor":11,"key":"Paper Crane"}],"event_choices":[{"damage_healed":0.0,"max_hp_gain":0.0,"max_hp_loss":0.0,"gold_gain":0.0,"event_name":"Lab","player_choice":"Got Potions","floor":3.0,"gold_loss":0.0,"damage_taken":0.0},{"damage_healed":0,"gold_gain":0,"player_choice":"Left Gold","damage_taken":0,"max_hp_gain":0,"max_hp_loss":0,"event_name":"World of Goop","floor":12,"gold_loss":37}],"is_beta":false,"boss_relics":[],"items_purged_floors":[7],"is_endless":false,"potions_floor_spawned":[1,2,5,11,13],"killed_by":"Gremlin Nob","ascension_level":20}}