{"host":"2viv5vt57b7fdvwg","time":1614315814,"event":{"mods":["BaseMod","Better Third Choice","Colored Map","Colored Powertips","Downfall","Hermit","Highlight Path","Minty Spire (QoL Compilation)","Replay The Spire","Shade Mod","Shop Mod","StSLib","The Bug Knight","The Hayseed","The Jungle","The Necromancer","The Servant 0.9.4"],"gold_per_floor":[110,124,138,149,160,190,190,216,216,216,232,232,246,81,81,184,184,196,206,116,132,152,152,3,17,41,41,61,81,114,114,114,219,219,244,119,139,139,156,183,212,268,331,34,34,69,69,128,128,128,128,128,1,35,35,35],"floor_reached":55,"language":"ENG","playtime":5966,"items_purged":["Shade:Strike_Shade","Shade:Defend_Shade","Shade:Strike_Shade","Shade:Strike_Shade"],"score":691,"play_id":"601ad2aa-a72f-4550-9955-5cba581afbaa","local_time":"20210226000334","is_ascension_mode":false,"campfire_choices":[{"floor":10,"key":"REST"},{"data":"Shade:FreshBones","floor":12,"key":"SMITH"},{"floor":23,"key":"REST"},{"floor":27,"key":"RECALL"},{"floor":32,"key":"REST"},{"floor":45,"key":"REST"},{"data":"Specialist","floor":47,"key":"SMITH"},{"floor":49,"key":"REST"},{"data":"Shade:Putrefaction","floor":52,"key":"SMITH"}],"circlet_count":0,"master_deck":["Shade:AnimateDead","Shade:CarefulCut","Shade:LyeBath+1","Shade:GoDigging","Shade:FreshBones+1","Shade:CoffinDance+1","Shade:Trample","Shade:SensePrey+1","Shade:AblativeArmor+1","Shade:CommandSoldier+1","Shade:CommandSoldier+1","Shade:FreshBones+1","Shade:Coordination","Shade:GraveStillness+1","Shade:Brains+1","Shade:SensePrey+1","Shade:GraveStillness+1","Shade:CommandSoldier+1","Shade:Putrefaction+1","Shade:CommandSoldier+1","Pot Of Greed+1","Pot Of Greed+1","Shade:OpenGraves","Shade:SensePrey+1","Specialist+1","Pot Of Greed+1","Looming Evil"],"relics":["Shade:YorickSkull","Toxic Egg 2","Replay:Rubber Ducky","Bottled Flame","Empty Cage","CeramicFish","Thread and Needle","Black Star","Blood Vial","MawBank","Grinning Jar","Letter Opener","Pen Nib","Pet Ghost","Replay:Bottled Flurry","ReplayTheSpireMod:Ring of Exchange","Ring of Greed","Golden Egg","MealTicket","Replay:Wax Seal","Blue Doll"],"acts_visited":["Exordium","TheCity","TheBeyond","TheEnding"],"potions_floor_usage":[8,16,22,30,39,46,50,54,54],"damage_taken":[{"damage":0,"enemies":"Cultist","floor":1,"turns":4},{"damage":0,"enemies":"Small Slimes","floor":2,"turns":3},{"damage":0,"enemies":"Jaw Worm","floor":3,"turns":4},{"damage":0,"enemies":"2 Fungi Beasts","floor":4,"turns":5},{"damage":0,"enemies":"Large Slime","floor":5,"turns":5},{"damage":5,"enemies":"Replay:BlueRogue","floor":6,"turns":5},{"damage":25,"enemies":"Lagavulin","floor":8,"turns":5},{"damage":0,"enemies":"Blue Slaver","floor":11,"turns":3},{"damage":0,"enemies":"Looter","floor":13,"turns":2},{"damage":32,"enemies":"Fading Forest","floor":16,"turns":11},{"damage":0,"enemies":"Chosen","floor":18,"turns":4},{"damage":26,"enemies":"Snecko","floor":19,"turns":8},{"damage":8,"enemies":"Snake Plant","floor":21,"turns":3},{"damage":7,"enemies":"Chosen and Byrds","floor":22,"turns":3},{"damage":0,"enemies":"Cultist and Chosen","floor":25,"turns":3},{"damage":0,"enemies":"Snecko","floor":28,"turns":4},{"damage":3,"enemies":"Centurion and Healer","floor":29,"turns":5},{"damage":11,"enemies":"Book of Stabbing","floor":30,"turns":5},{"damage":0,"enemies":"Collector","floor":33,"turns":6},{"damage":0,"enemies":"3 Darklings","floor":35,"turns":3},{"damage":0,"enemies":"Orb Walker","floor":37,"turns":3},{"damage":0,"enemies":"Writhing Mass","floor":39,"turns":4},{"damage":30,"enemies":"Giant Head","floor":40,"turns":10},{"damage":0,"enemies":"4 Shapes","floor":41,"turns":3},{"damage":0,"enemies":"HollowMod:StalkingDevout","floor":42,"turns":4},{"damage":11,"enemies":"Nemesis","floor":46,"turns":3},{"damage":65,"enemies":"Replay:Hell Engine","floor":50,"turns":11},{"damage":48,"enemies":"Shield and Spear","floor":54,"turns":5},{"damage":50,"enemies":"The Heart","floor":55,"turns":3}],"seed_played":"2786701606163799057","potions_obtained":[{"floor":3,"key":"champ:CounterPotion"},{"floor":4,"key":"Fire Potion"},{"floor":6,"key":"FearPotion"},{"floor":8,"key":"Block Potion"},{"floor":11,"key":"SpeedPotion"},{"floor":18,"key":"FearPotion"},{"floor":22,"key":"Fruit Juice"},{"floor":25,"key":"Dexterity Potion"},{"floor":30,"key":"Energy Potion"},{"floor":33,"key":"Weak Potion"},{"floor":40,"key":"DuplicationPotion"},{"floor":46,"key":"SteroidPotion"},{"floor":54,"key":"Languid Potion"}],"is_trial":false,"path_per_floor":["M","M","M","M","M","E","?","E","T","R","M","R","M","$","R_BF","B",null,"M","M","?","M","M","R","$","M","T","R","M","M","E","?","R","B",null,"M","$","M","?","M","E","M","E","T","$","R","E","R","?","R","B",null,"R","$","E","B"],"character_chosen":"SHADE","items_purchased":["Shade:CommandSoldier+1","Shade:FreshBones+1","Shade:GraveStillness+1","Shade:OpenGraves","Shade:SensePrey+1","Specialist","Regen Potion","AttackPotion"],"campfire_rested":5,"item_purchase_floors":[14,14,24,44,44,44,53,53],"current_hp_per_floor":[71,71,71,71,71,66,54,29,29,50,50,50,50,50,71,45,71,71,45,45,37,35,57,57,57,57,57,57,54,43,43,65,65,76,76,76,76,72,72,42,44,46,46,46,67,58,58,58,72,7,72,72,72,33,0,0],"gold":35,"neow_bonus":"TEN_PERCENT_HP_BONUS","is_daily":false,"chose_seed":false,"campfire_upgraded":3,"win_rate":0.0,"timestamp":1614315814,"path_taken":["M","M","M","M","M","E","?","E","T","R","M","R","M","$","R_BF","BOSS","M","M","?","M","M","R","$","M","T","R","?","?","E","?","R","BOSS","M","$","M","?","M","E","M","E","T","$","R","E","R","?","R","BOSS","R","$","E","BOSS"],"items_purchased_type":["Card","Card","Card","Card","Card","Card","Potion","Potion"],"build_version":"2020-12-22","purchased_purges":4,"victory":false,"max_hp_per_floor":[71,71,71,71,71,71,71,71,71,71,71,71,71,71,71,71,71,71,71,71,71,76,76,76,76,76,76,76,76,76,76,76,76,76,76,76,76,72,72,72,72,72,72,72,72,72,72,72,72,72,72,72,72,72,72,72],"card_choices":[{"not_picked":["Shade:FeralStrike","Shade:FleshToFlesh"],"picked":"Shade:LyeBath","floor":1},{"not_picked":["Shade:SpontaneousRitual","Shade:SanguineRitual"],"picked":"Shade:GoDigging","floor":2},{"not_picked":["Shade:DangerousRitual","Shade:SpontaneousRitual"],"picked":"Shade:FreshBones","floor":3},{"not_picked":["Shade:FeralStrike","Shade:SoulToxin","Shade:ScuttlingHand"],"picked":"SKIP","floor":4},{"not_picked":["Shade:FeralStrike","Shade:FuneraryArmor"],"picked":"Shade:CoffinDance","floor":5},{"not_picked":["Shade:ExtraLimbs","Shade:GreyBargain+1"],"picked":"Shade:Trample","floor":6},{"not_picked":["Shade:FreshBones+1","Shade:ClawBack"],"picked":"Shade:SensePrey+1","floor":8},{"not_picked":["Shade:Haruspicy+1","Shade:Carnophage"],"picked":"Shade:AblativeArmor+1","floor":11},{"not_picked":["Shade:SoulPierce","Shade:Trample"],"picked":"Shade:CommandSoldier+1","floor":13},{"not_picked":["Shade:DarkOfNight+1","Shade:MadHubris+1"],"picked":"Shade:Coordination","floor":16},{"not_picked":["Shade:FingerOfDeath","Shade:FleshOffering+1"],"picked":"Shade:GraveStillness+1","floor":18},{"not_picked":["Shade:FeralStrike+1","Shade:SkeletonHug","Shade:Trample"],"picked":"SKIP","floor":19},{"not_picked":["Shade:FuneraryArmor+1","Shade:GreaterAnimation"],"picked":"Shade:Brains+1","floor":21},{"not_picked":["Shade:BoneShards","Shade:GraveStillness+1"],"picked":"Shade:SensePrey+1","floor":22},{"not_picked":["Shade:FeralStrike","Shade:Bite_Shade","Shade:CoffinDance"],"picked":"SKIP","floor":25},{"not_picked":["Shade:StitchTogether","Shade:WallOfFlesh+1"],"picked":"Shade:CommandSoldier+1","floor":28},{"not_picked":["Shade:GraveStillness+1","Shade:Frenzy+1","Shade:Trample"],"picked":"SKIP","floor":29},{"not_picked":["Shade:GoDigging+1","Shade:RavenousHorde+1","Shade:PoundOfFlesh"],"picked":"SKIP","floor":30},{"not_picked":["Shade:OminousRitual","Shade:LoseControl+1"],"picked":"Shade:Putrefaction","floor":33},{"not_picked":["Shade:SanguineRitual+1","Shade:SoulToxin+1"],"picked":"Shade:CommandSoldier+1","floor":35},{"not_picked":["Shade:Doomsay+1","Shade:WallOfFlesh+1","Shade:CloudOfShrapnel"],"picked":"SKIP","floor":37},{"not_picked":["Shade:LyeBath+1","Shade:CoffinDance","Shade:SkeletonHug+1"],"picked":"SKIP","floor":39},{"not_picked":["Shade:Premonition+1","Shade:OfferingToTheBeyond","Shade:PressTheAttack"],"picked":"SKIP","floor":40},{"not_picked":["Shade:FleshLikeOak+1","Shade:CallWraith+1","Shade:SkeletonHug+1"],"picked":"SKIP","floor":41},{"not_picked":["Shade:SkeletonArmy+1","Shade:FleshToFlesh+1","Shade:SoulToxin+1"],"picked":"SKIP","floor":42},{"not_picked":["Shade:Coordination","Shade:Carnophage","Shade:FreshBones+1"],"picked":"SKIP","floor":46},{"not_picked":["Shade:TouchOfTheGrave","Shade:SkeletonArmy+1","Shade:WallOfFlesh+1"],"picked":"SKIP","floor":54}],"player_experience":456201,"relics_obtained":[{"floor":6,"key":"Toxic Egg 2"},{"floor":8,"key":"Bottled Flame"},{"floor":26,"key":"CeramicFish"},{"floor":30,"key":"Thread and Needle"},{"floor":40,"key":"Blood Vial"},{"floor":40,"key":"MawBank"},{"floor":42,"key":"Grinning Jar"},{"floor":42,"key":"Letter Opener"},{"floor":43,"key":"Pen Nib"},{"floor":46,"key":"Pet Ghost"},{"floor":46,"key":"Replay:Bottled Flurry"},{"floor":48,"key":"ReplayTheSpireMod:Ring of Exchange"},{"floor":48,"key":"Ring of Greed"},{"floor":48,"key":"Golden Egg"},{"floor":48,"key":"MealTicket"},{"floor":54,"key":"Replay:Wax Seal"},{"floor":54,"key":"Blue Doll"}],"event_choices":[{"damage_healed":0,"gold_gain":0,"player_choice":"Relic ","damage_taken":12,"max_hp_gain":0,"max_hp_loss":0,"event_name":"betterThird:BetterScrap","floor":7,"gold_loss":0,"cards_obtained":["ReplayTheSpireMod:Exploit Weakness"]},{"cards_removed":["Shade:Defend_Shade"],"damage_healed":0,"gold_gain":0,"player_choice":"Upgrade and Remove","damage_taken":0,"max_hp_gain":0,"max_hp_loss":0,"event_name":"Designer","floor":20,"gold_loss":90,"cards_upgraded":["Shade:CoffinDance"]},{"cards_removed":["Shade:Defend_Shade"],"damage_healed":0,"gold_gain":0,"player_choice":"Elegance","damage_taken":0,"max_hp_gain":0,"max_hp_loss":0,"event_name":"betterThird:BetterWriting","floor":31,"gold_loss":0},{"damage_healed":0,"gold_gain":0,"player_choice":"Max HP","damage_taken":0,"max_hp_gain":0,"max_hp_loss":4,"event_name":"Winding Halls","floor":38,"gold_loss":0}],"is_beta":false,"boss_relics":[{"not_picked":["Ectoplasm","Replay:Wanted Poster"],"picked":"Empty Cage"},{"not_picked":["Astrolabe","bronze:MakeshiftBattery"],"picked":"Black Star"}],"items_purged_floors":[14,24,36,44],"is_endless":false,"potions_floor_spawned":[3,4,6,8,11,18,21,22,25,30,33,40,41,46,54],"killed_by":"The Heart","ascension_level":0}}