{"host":"p2ps6s9o3p66sm0r","time":1614381578,"event":{"mods":["BaseMod","Downfall","Hermit","Minty Spire (QoL Compilation)","Replay The Spire","StSLib","The Cursed","The Servant 0.9.4"],"gold_per_floor":[114,114,2,2,22,47,47,62,88,99,99,64,64,76,76,175,175,189,49,49,49],"floor_reached":20,"language":"ENG","playtime":1391,"items_purged":[],"score":172,"play_id":"ca3f3966-ecd6-4d7c-b48a-51b1ca51a371","local_time":"20210226181938","is_ascension_mode":false,"campfire_choices":[{"floor":7,"key":"REST"},{"data":"TheCursedMod:ManaBullet","floor":11,"key":"SMITH"},{"data":"TheCursedMod:CleanUpWorkshop","floor":13,"key":"SMITH"},{"data":"TheCursedMod:TroublousMinions","floor":15,"key":"SMITH"}],"circlet_count":0,"master_deck":["TheCursedMod:Strike_TheCursed","TheCursedMod:Strike_TheCursed","TheCursedMod:Strike_TheCursed","TheCursedMod:Strike_TheCursed","TheCursedMod:Defend_TheCursed","TheCursedMod:Defend_TheCursed","TheCursedMod:Defend_TheCursed","TheCursedMod:Defend_TheCursed","TheCursedMod:CursedWand+1","TheCursedMod:CleanUpWorkshop+1","TheCursedMod:Dregs","TheCursedMod:CircleOfAbyss","TheCursedMod:TroublousMinions+1","TheCursedMod:CursedShiv+1","TheCursedMod:Hemoplague","TheCursedMod:LuckyCharm","TheCursedMod:FleshFromBone","TheCursedMod:ManaBullet+1","TheCursedMod:CursedBlade","TheCursedMod:SoulReap","TheCursedMod:CollectTribute","TheCursedMod:Wield","TheCursedMod:DemonicPact+1","TheCursedMod:TacticalStrike","TheCursedMod:CursedAmulet","TheCursedMod:CursedAmulet"],"relics":["TheCursedMod:BlackMagic101","Replay:Baseball","Blue Doll","Busted Crown"],"acts_visited":["Exordium","TheCity"],"potions_floor_usage":[14,16,18],"damage_taken":[{"damage":0,"enemies":"2 Louse","floor":1,"turns":3},{"damage":0,"enemies":"Small Slimes","floor":5,"turns":3},{"damage":31,"enemies":"3 Sentries","floor":6,"turns":10},{"damage":0,"enemies":"Cultist","floor":8,"turns":4},{"damage":9,"enemies":"Blue Slaver","floor":10,"turns":5},{"damage":0,"enemies":"2 Fungi Beasts","floor":14,"turns":2},{"damage":8,"enemies":"Hexaghost","floor":16,"turns":11},{"damage":2,"enemies":"Shell Parasite","floor":18,"turns":5},{"damage":150,"enemies":"Spheric Guardian","floor":20,"turns":4}],"seed_played":"5525372994697997343","potions_obtained":[{"floor":5,"key":"FearPotion"},{"floor":8,"key":"BlessingOfTheForge"},{"floor":10,"key":"Languid Potion"},{"floor":14,"key":"BlessingOfTheForge"},{"floor":16,"key":"Toxic Potion"},{"floor":18,"key":"Regen Potion"}],"is_trial":false,"path_per_floor":["M","?","$","?","M","E","R","M","T","M","R","?","R","M","R","B",null,"M","$","M"],"character_chosen":"THE_CURSED","items_purchased":["TheCursedMod:CursedShiv+1","TheCursedMod:Hemoplague","TheCursedMod:DemonicPact+1","TheCursedMod:TacticalStrike","TheCursedMod:CursedAmulet"],"campfire_rested":1,"item_purchase_floors":[3,3,19,19,19],"current_hp_per_floor":[75,75,75,75,75,44,66,66,66,57,57,75,75,75,75,67,75,75,75,0,0],"gold":49,"neow_bonus":"ONE_RANDOM_RARE_CARD","is_daily":false,"chose_seed":false,"campfire_upgraded":3,"win_rate":0.0,"timestamp":1614381578,"path_taken":["M","?","$","?","M","E","R","?","T","M","R","?","R","M","R","BOSS","M","$","M"],"items_purchased_type":["Card","Card","Card","Card","Card"],"build_version":"2020-12-22","purchased_purges":0,"victory":false,"max_hp_per_floor":[75,75,75,75,75,75,75,75,75,75,75,75,75,75,75,75,75,75,75,75,75],"card_choices":[{"not_picked":["TheCursedMod:RavingStaff","TheCursedMod:CursedMace"],"picked":"TheCursedMod:TroublousMinions","floor":1},{"not_picked":["TheCursedMod:FuryStrike","TheCursedMod:CircleOfFocus"],"picked":"TheCursedMod:LuckyCharm","floor":5},{"not_picked":["TheCursedMod:CursedBoomerang","TheCursedMod:CircleOfFocus"],"picked":"TheCursedMod:FleshFromBone","floor":6},{"not_picked":["TheCursedMod:SmokeScreen","TheCursedMod:HellsGateOpen"],"picked":"TheCursedMod:ManaBullet","floor":8},{"not_picked":["TheCursedMod:Wield","TheCursedMod:CircleOfFocus"],"picked":"TheCursedMod:CursedBlade","floor":10},{"not_picked":["TheCursedMod:Torture","TheCursedMod:CursedBlade"],"picked":"TheCursedMod:SoulReap","floor":14},{"not_picked":["TheCursedMod:ParallelWorld","TheCursedMod:ForbiddenAlchemy"],"picked":"TheCursedMod:CollectTribute","floor":16},{"not_picked":[],"picked":"TheCursedMod:Wield","floor":18}],"player_experience":200896,"relics_obtained":[{"floor":6,"key":"Replay:Baseball"},{"floor":9,"key":"Blue Doll"}],"event_choices":[{"damage_healed":0,"gold_gain":0,"player_choice":"Ignored","damage_taken":0,"max_hp_gain":0,"max_hp_loss":0,"event_name":"Purifier","floor":4,"gold_loss":0},{"damage_healed":18,"gold_gain":0,"player_choice":"Healed","damage_taken":0,"max_hp_gain":0,"max_hp_loss":0,"event_name":"The Cleric","floor":12,"gold_loss":35}],"is_beta":false,"boss_relics":[{"not_picked":["TheCursedMod:OminousMark","Fusion Hammer"],"picked":"Busted Crown"}],"items_purged_floors":[],"is_endless":false,"potions_floor_spawned":[5,8,10,14,16,18],"killed_by":"Spheric Guardian","ascension_level":0}}