{"host":"s8caws4n06h39s1x","time":1614378630,"event":{"mods":["BaseMod","Colored Powertips","Highlight Path","Minty Spire (QoL Compilation)","Quick Restart"],"gold_per_floor":[114,129,27,27,27,65,65,103,153,191,191,191,191,229,229,354,354,373,392,411,430,82,120,120,158,183,282,282,320,320,320,320,420,420,435,450,37,37,37,37,67,82,107,107,146,179,209,224,224,224],"floor_reached":51,"language":"ENG","playtime":5130,"items_purged":["Eruption"],"score":867,"play_id":"6153753b-30a9-4193-a418-95fff5e4d1f6","local_time":"20210226233030","daily_mods":["Chimera","Time Dilation","Elite Swarm"],"is_ascension_mode":false,"campfire_choices":[{"floor":7.0,"key":"REST"},{"floor":12.0,"key":"REST"},{"floor":15.0,"key":"REST"},{"floor":24.0,"key":"REST"},{"floor":28.0,"key":"REST"},{"floor":32.0,"key":"REST"},{"data":"Turbo","floor":40.0,"key":"SMITH"},{"data":"Echo Form","floor":44,"key":"SMITH"},{"floor":49,"key":"REST"}],"circlet_count":0,"master_deck":["Survivor","Zap","Strike_R","Strike_G","Strike_B+1","Defend_R","Defend_G","Defend_P","Hologram","Ball Lightning","Turbo+1","Reboot","Machine Learning","Electrodynamics+1","Buffer","CurseOfTheBell","Heatsinks","Conserve Battery","Hologram+1","Turbo","Creative AI","Buffer","Creative AI","Amplify","Hello World+1","Heatsinks+1","Self Repair","Force Field","Madness","Madness","Echo Form+1","Parasite","Hologram+1","Echo Form","Self Repair","Force Field"],"relics":["Cracked Core","Bloody Idol","Bag of Preparation","Happy Flower","Potion Belt","Bag of Marbles","Gambling Chip","Calling Bell","Akabeko","Question Card","CaptainsWheel","Lizard Tail","Prayer Wheel","Lantern","Blood Vial","Eternal Feather","Nuclear Battery","MealTicket","Strawberry","Dream Catcher","CeramicFish","Nunchaku","Molten Egg 2"],"acts_visited":["Exordium","TheCity","TheBeyond"],"potions_floor_usage":[45,45,47,47,50],"damage_taken":[{"damage":1.0,"enemies":"2 Louse","floor":1.0,"turns":3.0},{"damage":2.0,"enemies":"Small Slimes","floor":2.0,"turns":4.0},{"damage":16.0,"enemies":"Gremlin Nob","floor":6.0,"turns":3.0},{"damage":20.0,"enemies":"3 Sentries","floor":8.0,"turns":8.0},{"damage":8.0,"enemies":"Gremlin Nob","floor":10.0,"turns":3.0},{"damage":4.0,"enemies":"3 Sentries","floor":14.0,"turns":2.0},{"damage":26.0,"enemies":"The Guardian","floor":16.0,"turns":8.0},{"damage":0.0,"enemies":"Spheric Guardian","floor":18.0,"turns":4.0},{"damage":7.0,"enemies":"Shell Parasite","floor":19.0,"turns":3.0},{"damage":10.0,"enemies":"Cultist and Chosen","floor":20.0,"turns":5.0},{"damage":0.0,"enemies":"Snecko","floor":21.0,"turns":4.0},{"damage":57.0,"enemies":"Book of Stabbing","floor":23.0,"turns":8.0},{"damage":0.0,"enemies":"Slavers","floor":25.0,"turns":3.0},{"damage":32.0,"enemies":"Book of Stabbing","floor":29.0,"turns":6.0},{"damage":59.0,"enemies":"Automaton","floor":33.0,"turns":11.0},{"damage":0.0,"enemies":"3 Darklings","floor":35.0,"turns":1.0},{"damage":4.0,"enemies":"3 Shapes","floor":36.0,"turns":3.0},{"damage":18.0,"enemies":"Reptomancer","floor":41.0,"turns":8.0},{"damage":0,"enemies":"Writhing Mass","floor":42,"turns":8},{"damage":42,"enemies":"Giant Head","floor":45,"turns":11},{"damage":0,"enemies":"Transient","floor":46,"turns":5},{"damage":24,"enemies":"Reptomancer","floor":47,"turns":7},{"damage":1,"enemies":"Maw","floor":48,"turns":7},{"damage":20,"enemies":"Donu and Deca","floor":50,"turns":10}],"seed_played":"4728103701414758894","potions_obtained":[{"floor":2.0,"key":"SteroidPotion"},{"floor":6.0,"key":"Fruit Juice"},{"floor":10.0,"key":"CultistPotion"},{"floor":18.0,"key":"ColorlessPotion"},{"floor":20.0,"key":"BlessingOfTheForge"},{"floor":21.0,"key":"DuplicationPotion"},{"floor":35.0,"key":"SkillPotion"},{"floor":41.0,"key":"Energy Potion"},{"floor":46,"key":"Strength Potion"},{"floor":48,"key":"Swift Potion"}],"is_trial":false,"path_per_floor":["M","M","$","?","?","E","R","E","T","E","?","R","?","E","R","B",null,"M","M","M","M","$","E","R","E","T","?","R","E","?","?","R","B",null,"M","M","$","?","$","R","E","M","T","R","E","M","E","M","R","B",null],"character_chosen":"DEFECT","items_purchased":["Turbo","Turbo","Lizard Tail","Self Repair","MealTicket","Strawberry","Force Field"],"campfire_rested":7,"item_purchase_floors":[3,22,22,37,37,37,37],"current_hp_per_floor":[74,72,72,72,54,38,65,45,45,37,42,67,50,46,71,45,85,85,78,68,68,68,11,36,36,36,36,61,31,31,59,85,31,85,85,85,92,80,92,92,86,92,92,92,67,92,92,92,92,79],"gold":224,"neow_bonus":"","is_daily":true,"chose_seed":false,"campfire_upgraded":2,"win_rate":0.0,"timestamp":1614378630,"path_taken":["M","M","$","?","?","E","R","E","T","E","?","R","?","E","R","BOSS","M","M","M","M","$","E","R","E","T","?","R","E","?","?","R","BOSS","M","M","$","?","$","R","E","M","T","R","E","M","E","M","R","BOSS"],"items_purchased_type":["Card","Card","Relic","Card","Relic","Relic","Card"],"build_version":"2020-12-22","purchased_purges":1,"victory":true,"max_hp_per_floor":[75,75,75,75,75,75,80,80,80,80,85,85,85,85,85,85,85,85,85,85,85,85,85,85,85,85,85,85,85,85,85,85,85,85,85,85,92,92,92,92,92,92,92,92,92,92,92,92,92,92],"card_choices":[{"not_picked":["Go for the Eyes","Skim"],"picked":"Hologram","floor":1.0},{"not_picked":["Redo","Sweeping Beam"],"picked":"Ball Lightning","floor":2.0},{"not_picked":["All For One","Meteor Strike"],"picked":"Reboot","floor":6.0},{"not_picked":["Hyperbeam","Biased Cognition"],"picked":"Machine Learning","floor":8.0},{"not_picked":["Multi-Cast","Meteor Strike"],"picked":"Electrodynamics","floor":10.0},{"not_picked":["Fission","Core Surge"],"picked":"Buffer","floor":14.0},{"not_picked":["Melter","Cold Snap","Fusion"],"picked":"Heatsinks","floor":18.0},{"not_picked":["Redo","Barrage","Reinforced Body"],"picked":"Conserve Battery","floor":19.0},{"not_picked":["Stack+1","Beam Cell","Steam","Scrape"],"picked":"SKIP","floor":20.0},{"not_picked":["Barrage","Turbo","Seek"],"picked":"Hologram+1","floor":21.0},{"not_picked":["Seek","Machine Learning","Thunder Strike"],"picked":"Creative AI","floor":23.0},{"not_picked":["Creative AI","Reboot","Machine Learning"],"picked":"Buffer","floor":25.0},{"not_picked":["Amplify","Seek","All For One"],"picked":"Creative AI","floor":29.0},{"not_picked":["Machine Learning","Electrodynamics","Rainbow"],"picked":"Amplify","floor":33.0},{"not_picked":["Beam Cell+1","Go for the Eyes","Steam+1"],"picked":"Hello World+1","floor":35.0},{"not_picked":["Streamline","Chaos","Coolheaded","Cold Snap"],"picked":"SKIP","floor":35.0},{"not_picked":["Reinforced Body","Turbo","Rip and Tear"],"picked":"Heatsinks+1","floor":36.0},{"not_picked":["BootSequence+1","Sweeping Beam+1","Doom and Gloom","Tempest+1"],"picked":"SKIP","floor":36.0},{"not_picked":["Rainbow","Amplify","All For One"],"picked":"Echo Form","floor":41.0},{"not_picked":["Stack+1","Coolheaded","Sunder+1"],"picked":"Hologram+1","floor":42},{"not_picked":["Compile Driver+1","Beam Cell+1","Chill+1","Rip and Tear+1"],"picked":"SKIP","floor":42},{"not_picked":["Fission","All For One","Amplify"],"picked":"Echo Form","floor":45},{"not_picked":["Gash","Ball Lightning+1","Rebound+1"],"picked":"Self Repair","floor":46},{"not_picked":["Compile Driver","Blizzard+1","Reinforced Body"],"picked":"Force Field","floor":46},{"not_picked":["Multi-Cast","Core Surge+1","Reboot","Fission"],"picked":"SKIP","floor":47},{"not_picked":["Beam Cell+1","Hologram","Glacier","Go for the Eyes+1"],"picked":"SKIP","floor":48},{"not_picked":["Heatsinks+1","Undo+1","Skim+1","Redo"],"picked":"SKIP","floor":48}],"player_experience":515004,"relics_obtained":[{"floor":6.0,"key":"Bag of Preparation"},{"floor":8.0,"key":"Happy Flower"},{"floor":9.0,"key":"Potion Belt"},{"floor":10.0,"key":"Bag of Marbles"},{"floor":14.0,"key":"Gambling Chip"},{"floor":17.0,"key":"Akabeko"},{"floor":17.0,"key":"Question Card"},{"floor":17.0,"key":"CaptainsWheel"},{"floor":23.0,"key":"Prayer Wheel"},{"floor":25.0,"key":"Lantern"},{"floor":26.0,"key":"Blood Vial"},{"floor":29.0,"key":"Eternal Feather"},{"floor":41.0,"key":"Dream Catcher"},{"floor":43,"key":"CeramicFish"},{"floor":45,"key":"Nunchaku"},{"floor":47,"key":"Molten Egg 2"}],"event_choices":[{"cards_removed":["Bash"],"damage_healed":0.0,"max_hp_gain":0.0,"max_hp_loss":0.0,"gold_gain":0.0,"event_name":"Living Wall","player_choice":"Forget","floor":4.0,"gold_loss":0.0,"damage_taken":0.0},{"damage_healed":0.0,"max_hp_gain":0.0,"max_hp_loss":0.0,"gold_gain":0.0,"event_name":"Golden Idol","player_choice":"Take Damage","floor":5.0,"gold_loss":0.0,"damage_taken":18.0,"relics_obtained":["Golden Idol"]},{"damage_healed":0.0,"max_hp_gain":5.0,"max_hp_loss":0.0,"gold_gain":0.0,"event_name":"Big Fish","player_choice":"Donut","floor":11.0,"gold_loss":0.0,"damage_taken":0.0},{"damage_healed":0.0,"max_hp_gain":0.0,"max_hp_loss":0.0,"gold_gain":0.0,"event_name":"Shining Light","player_choice":"Entered Light","floor":13.0,"gold_loss":0.0,"damage_taken":17.0,"cards_upgraded":["Strike_B","Electrodynamics"]},{"damage_healed":0.0,"max_hp_gain":0.0,"max_hp_loss":0.0,"gold_gain":99.0,"event_name":"Nest","player_choice":"Stole From Cult","floor":27.0,"gold_loss":0.0,"damage_taken":0.0},{"damage_healed":0.0,"max_hp_gain":0.0,"max_hp_loss":0.0,"gold_gain":0.0,"event_name":"Forgotten Altar","player_choice":"Gave Idol","floor":30.0,"relics_lost":["Golden Idol"],"gold_loss":0.0,"damage_taken":0.0,"relics_obtained":["Bloody Idol"]},{"damage_healed":28.0,"max_hp_gain":0.0,"max_hp_loss":0.0,"gold_gain":0.0,"event_name":"The Library","player_choice":"Heal","floor":31.0,"gold_loss":0.0,"damage_taken":0.0},{"damage_healed":0.0,"max_hp_gain":0.0,"max_hp_loss":0.0,"gold_gain":0.0,"event_name":"Winding Halls","player_choice":"Embrace Madness","floor":38.0,"gold_loss":0.0,"damage_taken":12.0,"cards_obtained":["Madness","Madness"]}],"is_beta":false,"boss_relics":[{"not_picked":["Runic Dome","Coffee Dripper"],"picked":"Calling Bell"},{"not_picked":["SlaversCollar","Runic Pyramid"],"picked":"Nuclear Battery"}],"items_purged_floors":[3],"is_endless":false,"potions_floor_spawned":[2,6,10,18,20,21,35,41,46,48],"ascension_level":0}}