{"host":"b7j598ve05halrwk","time":1614298125,"event":{"mods":["2.2 Compatiblity","BaseMod","Block Reminder","DeckTracker","Minty Spire (QoL Compilation)","Relic Stats","Slay the Relics Exporter","StSLib","ojb\u0027s Better Paths Mod","ojb\u0027s Info Mod"],"gold_per_floor":[115,134,134,207,226,256,256,289,344,344,18,33,65,76,76,155,155,165,165,181,192,38,38,52,52,52],"floor_reached":25,"language":"ENG","playtime":1349,"items_purged":["Strike_B"],"score":446,"play_id":"38359ece-0a05-497e-9262-50e3ba215761","local_time":"20210225190845","is_ascension_mode":true,"campfire_choices":[{"data":"Hologram","floor":7.0,"key":"SMITH"},{"data":"Go for the Eyes","floor":10.0,"key":"SMITH"},{"data":"Reinforced Body","floor":15.0,"key":"SMITH"},{"data":"Electrodynamics","floor":23,"key":"SMITH"}],"circlet_count":0,"master_deck":["AscendersBane","Strike_B","Strike_B","Strike_B","Defend_B","Defend_B","Defend_B","Defend_B","Zap","Dualcast","Sunder+1","Go for the Eyes+1","Hologram+1","Ball Lightning","BootSequence","Reinforced Body+1","Self Repair","Glacier","Electrodynamics+1","CurseOfTheBell","Doom and Gloom","Self Repair","Defragment"],"relics":["Velvet Choker","Question Card","Tiny Chest","Orichalcum","Chemical X","Calling Bell","DataDisk","Kunai","CaptainsWheel","Nloth\u0027s Gift"],"acts_visited":["Exordium","TheCity"],"potions_floor_usage":[25],"damage_taken":[{"damage":10.0,"enemies":"2 Louse","floor":1.0,"turns":2.0},{"damage":0.0,"enemies":"Cultist","floor":2.0,"turns":2.0},{"damage":7.0,"enemies":"Small Slimes","floor":5.0,"turns":2.0},{"damage":5.0,"enemies":"Gremlin Nob","floor":6.0,"turns":3.0},{"damage":20.0,"enemies":"3 Sentries","floor":8.0,"turns":6.0},{"damage":2.0,"enemies":"3 Louse","floor":12.0,"turns":3.0},{"damage":19.0,"enemies":"Lagavulin","floor":13.0,"turns":6.0},{"damage":0.0,"enemies":"2 Fungi Beasts","floor":14.0,"turns":3.0},{"damage":16.0,"enemies":"Slime Boss","floor":16.0,"turns":12.0},{"damage":0,"enemies":"3 Byrds","floor":18,"turns":2},{"damage":1,"enemies":"Spheric Guardian","floor":20,"turns":4},{"damage":12,"enemies":"Cultist and Chosen","floor":21,"turns":5},{"damage":26,"enemies":"Snake Plant","floor":24,"turns":3},{"damage":55,"enemies":"Gremlin Leader","floor":25,"turns":5}],"seed_played":"-6749693671819627493","potions_obtained":[{"floor":1.0,"key":"Swift Potion"},{"floor":8.0,"key":"Energy Potion"},{"floor":12.0,"key":"GamblersBrew"},{"floor":14.0,"key":"FocusPotion"},{"floor":18,"key":"Fire Potion"},{"floor":24,"key":"Weak Potion"}],"is_trial":false,"path_per_floor":["M","M","?","?","M","E","R","E","T","R","$","M","E","M","R","B",null,"M","?","M","M","$","R","M","E"],"character_chosen":"DEFECT","items_purchased":["Reinforced Body","Chemical X","Self Repair","Self Repair"],"campfire_rested":0,"item_purchase_floors":[11,11,11,22],"current_hp_per_floor":[54,54,54,54,47,42,42,22,22,22,22,27,15,22,22,13,57,64,64,70,65,65,65,46,0,0],"gold":52,"neow_bonus":"BOSS_RELIC","is_daily":false,"chose_seed":false,"campfire_upgraded":4,"win_rate":0.0,"timestamp":1614298125,"path_taken":["M","M","?","?","M","E","R","E","T","R","$","M","E","M","R","BOSS","M","?","M","M","$","R","M","E"],"items_purchased_type":["Card","Relic","Card","Card"],"build_version":"2020-12-22","purchased_purges":1,"victory":false,"max_hp_per_floor":[71,71,71,71,71,71,71,71,71,71,71,71,71,71,71,71,71,71,71,71,71,71,71,71,71,71],"relic_stats":{"counters":[14,58],"Tiny Chest":0,"Nloth\u0027s Gift":0,"Chemical X":[5],"Kunai":[2],"Orichalcum":[90],"Question Card":10,"obtain_stats":[{"Calling Bell":17,"DataDisk":17,"CaptainsWheel":17,"Velvet Choker":0,"Tiny Chest":8,"Juzu Bracelet":13,"Nloth\u0027s Gift":19,"Chemical X":11,"Kunai":17,"Orichalcum":9,"Cracked Core":0,"Question Card":6},{"Calling Bell":9,"DataDisk":9,"CaptainsWheel":9,"Velvet Choker":0,"Tiny Chest":5,"Juzu Bracelet":7,"Nloth\u0027s Gift":10,"Chemical X":5,"Kunai":9,"Orichalcum":5,"Cracked Core":0,"Question Card":4},{"Calling Bell":39,"DataDisk":39,"CaptainsWheel":39,"Velvet Choker":0,"Tiny Chest":15,"Juzu Bracelet":24,"Nloth\u0027s Gift":41,"Chemical X":15,"Kunai":39,"Orichalcum":15,"Cracked Core":0,"Question Card":9}]},"card_choices":[{"not_picked":["Darkness","Stack"],"picked":"Sunder","floor":1.0},{"not_picked":["Redo","Leap"],"picked":"Go for the Eyes","floor":2.0},{"not_picked":["Turbo","Heatsinks"],"picked":"Hologram","floor":5.0},{"not_picked":["Heatsinks","Auto Shields"],"picked":"Ball Lightning","floor":6.0},{"not_picked":["Coolheaded","Undo","Loop"],"picked":"BootSequence","floor":8.0},{"not_picked":["Hologram","Stack","Reprogram","Amplify"],"picked":"SKIP","floor":12.0},{"not_picked":["Stack","BootSequence","Auto Shields"],"picked":"Glacier","floor":13.0},{"not_picked":["Beam Cell","Redo","Turbo","Barrage"],"picked":"SKIP","floor":14.0},{"not_picked":["Beam Cell","Redo","Turbo","Barrage"],"picked":"SKIP","floor":14.0},{"not_picked":["Meteor Strike","Rainbow","All For One"],"picked":"Electrodynamics","floor":16.0},{"not_picked":["Leap","Stack","Beam Cell"],"picked":"Doom and Gloom","floor":18},{"not_picked":["Cold Snap","Compile Driver","Melter+1","BootSequence"],"picked":"SKIP","floor":20},{"not_picked":["Coolheaded","Beam Cell","Recycle","BootSequence"],"picked":"SKIP","floor":21},{"not_picked":["Buffer","Rebound","Glacier"],"picked":"Defragment","floor":24}],"player_experience":1174535,"relics_obtained":[{"floor":6.0,"key":"Question Card"},{"floor":8.0,"key":"Tiny Chest"},{"floor":9.0,"key":"Orichalcum"},{"floor":13.0,"key":"Juzu Bracelet"},{"floor":17,"key":"DataDisk"},{"floor":17,"key":"Kunai"},{"floor":17,"key":"CaptainsWheel"}],"event_choices":[{"damage_healed":0.0,"max_hp_gain":0.0,"max_hp_loss":0.0,"gold_gain":0.0,"event_name":"Living Wall","player_choice":"Grow","floor":3.0,"gold_loss":0.0,"damage_taken":0.0,"cards_upgraded":["Sunder"]},{"damage_healed":0.0,"max_hp_gain":0.0,"max_hp_loss":0.0,"gold_gain":73.0,"event_name":"Golden Wing","player_choice":"Gained Gold","floor":4.0,"gold_loss":0.0,"damage_taken":0.0},{"damage_healed":0,"gold_gain":0,"player_choice":"Traded Relic","damage_taken":0,"relics_obtained":["Nloth\u0027s Gift"],"max_hp_gain":0,"max_hp_loss":0,"event_name":"N\u0027loth","floor":19,"relics_lost":["Juzu Bracelet"],"gold_loss":0}],"is_beta":false,"boss_relics":[{"not_picked":["SlaversCollar","Black Star"],"picked":"Calling Bell"}],"items_purged_floors":[22],"is_endless":false,"potions_floor_spawned":[1,8,12,14,18,24],"killed_by":"Gremlin Leader","ascension_level":20}}