{"host":"3z9xbwjeimmg738z","time":1614314267,"event":{"mods":["100% Spire Juice","2.2 Compatiblity","Act Like it!","AlwaysNeverKeys","Aspiration","Aya Shameimaru","Bard","BaseMod","Beaked The Cultist","Better Altar","Better Match","Better Note","Better Sensory Stone","Better Skull","Better Synergies","Better Third Choice","Bossed Relics","CapriCore","Colored Powertips","Defuse TimeMaze Blight","Dio Mod","Displayed Cursed Tome","Faster Ascension Climbing","GifTheSpireLib","Hubris","Luminous","Marisa????????","Minty Spire (QoL Compilation)","Pale of the Ancients","Permanent Neow","Replay The Spire","Ruina","Shapeshifter Mod","Smile Girya","StSLib","The Animator","The Fake Hero","The Juggle","The Saiyan","The Showman","TheBandit","Uncapped","Yakumo Yukari mod","noobMod"],"gold_per_floor":[20,31,43,43,53,81,81],"floor_reached":6,"language":"ENG","playtime":292,"items_purged":[],"score":48,"play_id":"bcd3c8d2-bc54-4b30-b758-7642d0b43827","local_time":"20210225203747","is_ascension_mode":false,"campfire_choices":[],"circlet_count":0,"master_deck":["StSShapeShifter:ShapeShifter_Strike","StSShapeShifter:ShapeShifter_Strike","StSShapeShifter:ShapeShifter_Strike","StSShapeShifter:ShapeShifter_Strike","StSShapeShifter:ShapeShifter_Strike","StSShapeShifter:ShapeShifter_Defend","StSShapeShifter:ShapeShifter_Defend","StSShapeShifter:ShapeShifter_Defend","StSShapeShifter:ShapeShifter_Defend","StSShapeShifter:ShapeShifter_Defend","StSShapeShifter:Tortoise_Form","StSShapeShifter:Lynx_Form","StSShapeShifter:DeepWound","StSShapeShifter:BurstingSpore"],"relics":["StSShapeShifter:AnimalHeart","StSShapeShifter:TheShapeShiftersMagnolia","ice","hubris:Towel","Bronze Scales"],"acts_visited":["Exordium"],"potions_floor_usage":[6],"damage_taken":[{"damage":0,"enemies":"2 Louse","floor":1,"turns":4},{"damage":0,"enemies":"Cultist","floor":2,"turns":4},{"damage":5,"enemies":"Jaw Worm","floor":3,"turns":4},{"damage":5,"enemies":"Looter","floor":5,"turns":3},{"damage":22,"enemies":"Lagavulin","floor":6,"turns":10}],"seed_played":"1878640807626049233","potions_obtained":[{"floor":2,"key":"SpeedPotion"},{"floor":3,"key":"CultistPotion"},{"floor":6,"key":"Strength Potion"}],"is_trial":false,"path_per_floor":["M","M","M","?","M","E"],"character_chosen":"SHAPESHIFTER","items_purchased":[],"campfire_rested":0,"item_purchase_floors":[],"current_hp_per_floor":[92,92,87,87,82,60,60],"gold":81,"neow_bonus":"TWENTY_PERCENT_HP_BONUS","is_daily":false,"chose_seed":false,"campfire_upgraded":0,"win_rate":0.0,"timestamp":1614314267,"path_taken":["M","M","M","?","M","E"],"items_purchased_type":[],"build_version":"2020-12-22","purchased_purges":0,"victory":false,"max_hp_per_floor":[92,92,92,92,92,92,92],"card_choices":[{"not_picked":["StSShapeShifter:FallingLeaves","StSShapeShifter:EagleForm"],"picked":"StSShapeShifter:DeepWound","floor":1},{"not_picked":["StSShapeShifter:LeapingSlash","StSShapeShifter:EmbraceTheCycle","StSShapeShifter:Roar"],"picked":"SKIP","floor":2},{"not_picked":["StSShapeShifter:MonkeyForm","StSShapeShifter:RockSlide","StSShapeShifter:AdaptiveStrikes"],"picked":"SKIP","floor":3},{"not_picked":["StSShapeShifter:SunflowerShuriken","StSShapeShifter:FesteringBite"],"picked":"StSShapeShifter:BurstingSpore","floor":5}],"player_experience":331239,"relics_obtained":[{"floor":6,"key":"Bronze Scales"}],"event_choices":[],"is_beta":false,"boss_relics":[],"items_purged_floors":[],"is_endless":false,"potions_floor_spawned":[2,3,6],"killed_by":"Lagavulin","ascension_level":0}}