{"host":"z3m7ofiwbo1p8b5b","time":1614370063,"event":{"mods":["BaseMod","BetterRewards","Downfall","Minty Spire (QoL Compilation)","Replay The Spire","StSLib"],"gold_per_floor":[115,134,134,147,147,147,167,177,177,177,190,218,218,235,235,339,339,356,371,388,240,240,240,240,240,250,261,261,43,43,61,89,105,105,204,204,215,228,228,246,262,262,274,284,309,325,344,355,355,368,368,368],"floor_reached":53,"language":"ENG","playtime":3904,"items_purged":["Wraith Form v2"],"score":643,"play_id":"8bfcf786-bca8-4925-81c1-75005ad17c89","local_time":"20210226150743","is_ascension_mode":false,"campfire_choices":[{"data":"Accuracy","floor":6,"key":"SMITH"},{"floor":10,"key":"REST"},{"floor":13,"key":"REST"},{"data":"Infinite Blades","floor":15,"key":"SMITH"},{"floor":23,"key":"REST"},{"floor":30,"key":"REST"},{"floor":34,"key":"REST"},{"floor":42,"key":"REST"},{"floor":51,"key":"REST"}],"circlet_count":0,"master_deck":["Strike_G","Strike_G","Strike_G","Strike_G","Defend_G","Defend_G","Defend_G","Defend_G","Defend_G","Survivor","Neutralize","Cloak And Dagger","Accuracy+1","All Out Attack","Hidden Blade","Cloak And Dagger","Slice","Infinite Blades+1","Venomology","Replay:Bag of Tricks","ReplayTheSpireMod:Shiv Toss","Cloak And Dagger+1","Deflect","Hidden Blade","Blade Dance","After Image","Parasite","Hidden Blade+1","ReplayTheSpireMod:Shiv Toss","Looming Evil","Blade Dance"],"relics":["Ring of the Snake","The Specimen","Chameleon Ring","Philosopher\u0027s Stone","Bag of Marbles","Bottled Flame","Toolbox","Vampiric Spirits","Painkiller Herb","Quantum Egg","Pet Ghost","Ring of Peace","Ring of Fury"],"acts_visited":["Exordium","TheCity","TheBeyond"],"potions_floor_usage":[16,16,16,18,20,20,27,27,31,33,35,35,35,37,37,40,41,41,41,44,44,46,46,48,52,52,52],"damage_taken":[{"damage":1,"enemies":"2 Louse","floor":1,"turns":3},{"damage":0,"enemies":"Cultist","floor":2,"turns":4},{"damage":11,"enemies":"Jaw Worm","floor":4,"turns":5},{"damage":10,"enemies":"Looter","floor":7,"turns":3},{"damage":7,"enemies":"Large Slime","floor":8,"turns":4},{"damage":0,"enemies":"2 Fungi Beasts","floor":11,"turns":3},{"damage":12,"enemies":"Lagavulin","floor":12,"turns":6},{"damage":0,"enemies":"Looter","floor":14,"turns":3},{"damage":5,"enemies":"Fading Forest","floor":16,"turns":11},{"damage":16,"enemies":"2 Thieves","floor":18,"turns":2},{"damage":8,"enemies":"Shell Parasite","floor":19,"turns":4},{"damage":0,"enemies":"Centurion and Healer","floor":20,"turns":3},{"damage":1,"enemies":"Cultist and Chosen","floor":26,"turns":5},{"damage":9,"enemies":"Snake Plant","floor":27,"turns":5},{"damage":0,"enemies":"Snecko","floor":31,"turns":3},{"damage":13,"enemies":"Gremlin Leader","floor":32,"turns":5},{"damage":10,"enemies":"Centurion and Healer","floor":33,"turns":3},{"damage":47,"enemies":"Automaton","floor":35,"turns":7},{"damage":14,"enemies":"3 Darklings","floor":37,"turns":4},{"damage":0,"enemies":"3 Shapes","floor":38,"turns":6},{"damage":21,"enemies":"Writhing Mass","floor":40,"turns":7},{"damage":9,"enemies":"4 Shapes","floor":41,"turns":3},{"damage":32,"enemies":"Maw","floor":43,"turns":6},{"damage":0,"enemies":"Sphere and 2 Shapes","floor":44,"turns":4},{"damage":0,"enemies":"3 Darklings","floor":46,"turns":4},{"damage":7,"enemies":"Spire Growth","floor":47,"turns":4},{"damage":3,"enemies":"4 Shapes","floor":48,"turns":3},{"damage":0,"enemies":"Jaw Worm Horde","floor":50,"turns":4},{"damage":60,"enemies":"Donu and Deca","floor":52,"turns":7}],"seed_played":"9135932171770563169","potions_obtained":[{"floor":2,"key":"sneckomod:MuddlingPotion"},{"floor":12,"key":"SteroidPotion"},{"floor":14,"key":"PowerPotion"},{"floor":16,"key":"Cursed Concoction"},{"floor":19,"key":"Fire Potion"},{"floor":20,"key":"Venom Potion"},{"floor":26,"key":"FearPotion"},{"floor":32,"key":"Death Potion"},{"floor":35,"key":"BlessingOfTheForge"},{"floor":38,"key":"sneckomod:MuddlingPotion"},{"floor":40,"key":"SkillPotion"},{"floor":43,"key":"Guardian:BlockOnCardUsePotion"},{"floor":44,"key":"CunningPotion"},{"floor":47,"key":"SkillPotion"},{"floor":50,"key":"Reflective Coating"}],"is_trial":false,"path_per_floor":["M","M","$","M","$","R","M","M","T","R","M","E","R","M","R","B",null,"M","M","M","$","?","R","PTL","PTL","M","M","T","$","R","M","E","M","R","B",null,"?","?","T","?","?","T","?","?","T","?","?","?","?","?","T","B",null],"character_chosen":"THE_SILENT","items_purchased":["Bag of Marbles","Toolbox"],"campfire_rested":7,"item_purchase_floors":[21,29],"current_hp_per_floor":[69,69,69,58,58,58,48,41,41,62,62,50,70,70,70,65,70,54,46,46,46,46,67,67,67,66,57,57,57,70,70,57,51,70,23,70,56,63,63,49,53,70,38,43,43,46,43,56,56,62,70,10],"gold":368,"neow_bonus":"THREE_CARDS","is_daily":false,"chose_seed":false,"campfire_upgraded":2,"win_rate":0.0,"timestamp":1614370063,"path_taken":["M","M","$","M","$","R","M","M","T","R","M","E","R","M","R","BOSS","M","M","M","$","?","R","PTL","PTL","M","M","T","?","R","M","E","M","R","BOSS","?","?","?","?","?","T","?","?","T","?","?","?","?","?","T","BOSS"],"items_purchased_type":["Relic","Relic"],"build_version":"2020-12-22","purchased_purges":1,"victory":true,"max_hp_per_floor":[70,70,70,70,70,70,70,70,70,70,70,70,70,70,70,70,70,70,70,70,70,70,70,70,70,70,70,70,70,70,70,70,70,70,70,70,70,70,70,70,70,70,70,70,70,70,70,70,70,70,70,70],"card_choices":[{"not_picked":["Prepared","Acrobatics"],"picked":"Cloak And Dagger","floor":0},{"not_picked":["Quick Slash","Cloak And Dagger"],"picked":"Accuracy","floor":1},{"not_picked":["ReplayTheSpireMod:The Works","Calculated Gamble"],"picked":"All Out Attack","floor":2},{"not_picked":["Backflip","Prepared"],"picked":"Hidden Blade","floor":4},{"not_picked":["Tactician","Poisoned Stab"],"picked":"Cloak And Dagger","floor":7},{"not_picked":["Noxious Fumes","All Out Attack"],"picked":"Slice","floor":8},{"not_picked":["Deadly Poison","Distraction"],"picked":"Infinite Blades","floor":11},{"not_picked":["Endless Agony","Sucker Punch"],"picked":"Venomology","floor":12},{"not_picked":["Outmaneuver","Bane","Sneak Up"],"picked":"SKIP","floor":14},{"not_picked":["Adrenaline","Die Die Die"],"picked":"Replay:Bag of Tricks","floor":16},{"not_picked":["Catalyst","Choke+1"],"picked":"ReplayTheSpireMod:Shiv Toss","floor":18},{"not_picked":["Acrobatics","Poisoned Stab","Dodge and Roll"],"picked":"SKIP","floor":19},{"not_picked":["Bane","Finisher"],"picked":"Cloak And Dagger+1","floor":20},{"not_picked":["Outmaneuver","Flying Knee+1"],"picked":"Deflect","floor":26},{"not_picked":["Flying Knee","Concentrate","ReplayTheSpireMod:Tripwire"],"picked":"SKIP","floor":27},{"not_picked":["Bane","Poisoned Stab+1"],"picked":"Hidden Blade","floor":31},{"not_picked":["Sucker Punch","Dodge and Roll","Deadly Poison"],"picked":"SKIP","floor":32},{"not_picked":["ReplayTheSpireMod:The Works","Deflect+1"],"picked":"Blade Dance","floor":33},{"not_picked":["ReplayTheSpireMod:From All Sides","Corpse Explosion"],"picked":"After Image","floor":35},{"not_picked":["Well Laid Plans+1","Crippling Poison","Endless Agony+1"],"picked":"SKIP","floor":37},{"not_picked":["Heel Hook","Dagger Throw+1","Well Laid Plans+1"],"picked":"SKIP","floor":38},{"not_picked":["Catalyst","Heel Hook","All Out Attack+1"],"picked":"SKIP","floor":40},{"not_picked":["Blur+1","Backstab+1"],"picked":"Hidden Blade+1","floor":41},{"not_picked":["Prepared+1","Quick Slash","Dagger Spray"],"picked":"SKIP","floor":43},{"not_picked":["Prepared+1","Quick Slash","Dagger Spray"],"picked":"SKIP","floor":43},{"not_picked":["Dodge and Roll+1","Reflex"],"picked":"ReplayTheSpireMod:Shiv Toss","floor":44},{"not_picked":["Backflip+1","PiercingWail","Choke+1"],"picked":"SKIP","floor":46},{"not_picked":["Tools of the Trade","Distraction","Dodge and Roll+1"],"picked":"SKIP","floor":47},{"not_picked":["Flechettes","Outmaneuver+1","Replay:Poison Smokescreen"],"picked":"SKIP","floor":48},{"not_picked":["Quick Slash","Sucker Punch+1"],"picked":"Blade Dance","floor":50}],"player_experience":230616,"relics_obtained":[{"floor":9,"key":"The Specimen"},{"floor":12,"key":"Chameleon Ring"},{"floor":28,"key":"Bottled Flame"},{"floor":32,"key":"Vampiric Spirits"},{"floor":39,"key":"Quantum Egg"},{"floor":45,"key":"Pet Ghost"},{"floor":49,"key":"Ring of Peace"},{"floor":49,"key":"Ring of Fury"}],"event_choices":[{"damage_healed":0,"gold_gain":0,"cards_transformed":["Strike_G"],"player_choice":"Transformed","damage_taken":0,"max_hp_gain":0,"max_hp_loss":0,"event_name":"Transmorgrifier","floor":22,"gold_loss":0,"cards_obtained":["Wraith Form v2"]}],"is_beta":false,"boss_relics":[{"not_picked":["Ring of the Serpent","Tiny House"],"picked":"Philosopher\u0027s Stone"},{"not_picked":["Cursed Key","Honey Jar"],"picked":"Painkiller Herb"}],"items_purged_floors":[29],"is_endless":false,"potions_floor_spawned":[2,12,14,16,19,20,26,32,35,38,40,43,44,47,50],"ascension_level":0}}