{"host":"onfdonezo2qmaex3","time":1614370437,"event":{"mods":["2.2 Compatiblity","AchievementEnabler","Act Like it!","Aspiration","Bard","BaseMod","Colored Powertips","Downfall","Elementarium","Friendly Minions","Gensokyo","Hallownest","Hermit","Highlight Path","Jorbs\u0027s Wanderer Trilogy","Marisa????????","Marked Mod","Menagerie","Minty Spire (QoL Compilation)","Pale of the Ancients","Permanent Neow","Quick Restart","Reliquary","Ruina","Shop Mod","StSLib","The Bug Knight","The Disciple","The Hayseed","The Hierophant","The Marked","The Runesmith"],"gold_per_floor":[114,57,65,65,65,79,79,88,112,112,118,118,135,140,140,189,189,197,202,212,41,41,41,58,58,69,69,69,69],"floor_reached":28,"language":"ENG","playtime":1407,"items_purged":[],"score":256,"play_id":"ece36918-f147-4214-b2cc-24319856e9e5","local_time":"20210226211357","is_ascension_mode":true,"campfire_choices":[{"data":"Menagerie:BeastSpirit","floor":7,"key":"SMITH"},{"data":"Menagerie:WallOfBlossoms","floor":10,"key":"SMITH"},{"data":"Berserk","floor":12,"key":"SMITH"},{"floor":15,"key":"RECALL"},{"data":"Entrench","floor":23,"key":"SMITH"}],"circlet_count":0,"master_deck":["Strike_R","Strike_R","Strike_R","Strike_R","Defend_R","Defend_R","Defend_R","Defend_R","Bash","Fire Breathing","Menagerie:WallOfBlossoms+1","Menagerie:BeastSpirit+1","Berserk+1","Ghostly Armor","Juggernaut","Metallicize","Entrench+1","ruina:Lumber"],"relics":["reliquary:ThirdArm","Menagerie:Aurumvore","Bag of Preparation","Bronze Scales","Anchor","Turnip"],"acts_visited":["Menagerie:Menagerie","ruina:Briah"],"potions_floor_usage":[16,16,18,28],"damage_taken":[{"damage":0.0,"enemies":"Menagerie:2_RABBITS","floor":1.0,"turns":4.0},{"damage":1.0,"enemies":"Menagerie:WhisperingWraith","floor":3.0,"turns":4.0},{"damage":10.0,"enemies":"Menagerie:MaskedSummoner","floor":6.0,"turns":7.0},{"damage":0,"enemies":"Menagerie:StygianBoar","floor":8,"turns":4},{"damage":9,"enemies":"Menagerie:3_RABBITS","floor":11,"turns":5},{"damage":6,"enemies":"Menagerie:VoidReaper","floor":13,"turns":7},{"damage":0,"enemies":"Menagerie:RedMage","floor":14,"turns":3},{"damage":30,"enemies":"Menagerie:Suneater","floor":16,"turns":7},{"damage":15,"enemies":"ruina:BadWolf","floor":18,"turns":5},{"damage":4,"enemies":"ruina:2_Scarecrows","floor":19,"turns":4},{"damage":24,"enemies":"ruina:KnightOfDespair","floor":20,"turns":6},{"damage":36,"enemies":"ruina:Mountain","floor":24,"turns":9},{"damage":6,"enemies":"ruina:ServantOfWrath","floor":28,"turns":2}],"seed_played":"-8570508659443789966","potions_obtained":[{"floor":3.0,"key":"LiquidMemories"},{"floor":8,"key":"champ:CounterPotion"},{"floor":13,"key":"Explosive Potion"},{"floor":19,"key":"CultistPotion"},{"floor":24,"key":"ColorlessPotion"}],"is_trial":false,"path_per_floor":["M","?","M","?","?","E","R","M","T","R","M","R","E","M","R","B",null,"M","M","M","$","?","R","E","$","T","$","E"],"character_chosen":"IRONCLAD","items_purchased":["ruina:Lumber"],"campfire_rested":0,"item_purchase_floors":[21],"current_hp_per_floor":[80,80,79,79,77,67,67,67,67,67,58,58,52,52,52,22,77,62,58,34,34,42,42,6,6,6,6,0,0],"gold":69,"neow_bonus":"BOSS_RELIC","is_daily":false,"chose_seed":false,"campfire_upgraded":4,"win_rate":0.0,"timestamp":1614370437,"path_taken":["M","?","?","?","?","E","R","?","T","R","M","R","E","M","R","BOSS","M","M","M","$","?","R","E","?","T","$","E"],"items_purchased_type":["Card"],"build_version":"2020-12-22","purchased_purges":0,"victory":false,"max_hp_per_floor":[80,80,80,80,77,77,77,77,77,77,77,77,77,77,77,77,77,77,77,77,77,77,77,77,77,77,77,77,77],"card_choices":[{"not_picked":["Clothesline","Flex","Anger"],"picked":"SKIP","floor":1.0},{"not_picked":["Second Wind","Clash"],"picked":"Fire Breathing","floor":3.0},{"not_picked":["Headbutt","Wild Strike","Uppercut"],"picked":"SKIP","floor":6},{"not_picked":["Clothesline","Pommel Strike"],"picked":"Berserk","floor":8},{"not_picked":["Headbutt","Infernal Blade","Burning Pact"],"picked":"SKIP","floor":11},{"not_picked":["Anger","Flex","Wild Strike"],"picked":"SKIP","floor":13},{"not_picked":["Bloodletting","Rage"],"picked":"Ghostly Armor","floor":14},{"not_picked":["Feed","Berserk"],"picked":"Juggernaut","floor":16},{"not_picked":["Heavy Blade","Pommel Strike","Flame Barrier"],"picked":"SKIP","floor":18},{"not_picked":["Cleave","Dark Embrace"],"picked":"Metallicize","floor":19},{"not_picked":["Rage","Entrench","Anger"],"picked":"SKIP","floor":20},{"not_picked":["Rage","Anger"],"picked":"Entrench","floor":20},{"not_picked":["Anger","Twin Strike","Perfected Strike"],"picked":"SKIP","floor":24}],"player_experience":254952,"relics_obtained":[{"floor":6,"key":"Bag of Preparation"},{"floor":9,"key":"Bronze Scales"},{"floor":13,"key":"Anchor"},{"floor":24,"key":"Turnip"}],"event_choices":[{"damage_healed":0.0,"max_hp_gain":0.0,"max_hp_loss":0.0,"gold_gain":0.0,"event_name":"Menagerie:ScentOfGold","player_choice":"Pacify","floor":2.0,"gold_loss":0.0,"damage_taken":0.0,"relics_obtained":["Menagerie:Aurumvore"]},{"damage_healed":0.0,"max_hp_gain":0.0,"max_hp_loss":0.0,"gold_gain":0.0,"cards_transformed":["Strike_R"],"event_name":"Menagerie:MagesHand","player_choice":"Grasp","floor":4.0,"gold_loss":0.0,"damage_taken":0.0,"cards_obtained":["Menagerie:WallOfBlossoms"]},{"damage_healed":0.0,"max_hp_gain":0.0,"max_hp_loss":3.0,"gold_gain":0.0,"event_name":"Menagerie:BeastSpiritShrine","player_choice":"Knelt","floor":5.0,"gold_loss":0.0,"damage_taken":0.0,"cards_obtained":["Menagerie:BeastSpirit"]}],"is_beta":false,"boss_relics":[{"not_picked":["reliquary:WritOfMandamus","Sozu","Velvet Choker"]}],"items_purged_floors":[],"is_endless":false,"potions_floor_spawned":[3,8,13,19,24],"killed_by":"ruina:ServantOfWrath","ascension_level":1}}