{"host":"o9lehcdjc4u6j9un","time":1614360824,"event":{"mods":["Aspiration","BaseMod","Better-Laid Plans","Bossed Relics","Colored Map","Hermit","Marisa£®ÏF”Í°°ƒß¿Ì…≥£©","Minty Spire (QoL Compilation)","StSLib","The Marked","The Runesmith"],"gold_per_floor":[119,119,119,136,136,163,183,194,248,248,262,262,273,293,293,391,391,408,428,428,60,60,86,86,12,36,36,61,80,100,117,117,117,117],"floor_reached":33,"language":"ZHS","playtime":1335,"items_purged":["Strike_B"],"score":294,"play_id":"07ee8a8a-bbb5-4c0c-bcdc-85cd41aad3ac","local_time":"20210227013344","is_ascension_mode":false,"campfire_choices":[{"data":"Zap","floor":10.0,"key":"SMITH"},{"data":"Dualcast","floor":12.0,"key":"SMITH"},{"data":"Static Discharge","floor":15.0,"key":"SMITH"},{"data":"Redo","floor":24.0,"key":"SMITH"},{"floor":32.0,"key":"REST"}],"circlet_count":0,"master_deck":["Strike_B+1","Strike_B+1","Defend_B+1","Defend_B+1","Defend_B+1","Defend_B+1","Zap+1","Dualcast+1","Conserve Battery","Rip and Tear","Ball Lightning","Static Discharge+1","Ball Lightning","Redo+1","Fission","Barrage+1","Static Discharge","aspiration:Polymerization","Self Repair","Recycle","BootSequence+1"],"relics":["Cracked Core","Tiny Chest","Mango","aspiration:EnhancedActuators","Black Star","Gremlin Horn","MealTicket","Dream Catcher","Akabeko","Happy Flower","Bag of Preparation"],"acts_visited":["Exordium","TheCity"],"potions_floor_usage":[],"damage_taken":[{"damage":0.0,"enemies":"Small Slimes","floor":1.0,"turns":3.0},{"damage":1.0,"enemies":"Jaw Worm","floor":4.0,"turns":2.0},{"damage":18.0,"enemies":"Lagavulin","floor":6.0,"turns":5.0},{"damage":0.0,"enemies":"Cultist","floor":7.0,"turns":2.0},{"damage":2.0,"enemies":"Blue Slaver","floor":8.0,"turns":3.0},{"damage":16.0,"enemies":"Exordium Thugs","floor":11.0,"turns":4.0},{"damage":6.0,"enemies":"3 Louse","floor":13.0,"turns":2.0},{"damage":3.0,"enemies":"Looter","floor":14.0,"turns":3.0},{"damage":17.0,"enemies":"Hexaghost","floor":16.0,"turns":5.0},{"damage":6.0,"enemies":"3 Byrds","floor":18.0,"turns":2.0},{"damage":18.0,"enemies":"2 Thieves","floor":19.0,"turns":3.0},{"damage":34.0,"enemies":"Book of Stabbing","floor":23.0,"turns":4.0},{"damage":13.0,"enemies":"Centurion and Healer","floor":29.0,"turns":3.0},{"damage":5.0,"enemies":"Chosen and Byrds","floor":30.0,"turns":3.0},{"damage":14.0,"enemies":"Snake Plant","floor":31.0,"turns":2.0},{"damage":65,"enemies":"Collector","floor":33,"turns":7}],"seed_played":"-8109239136491135514","potions_obtained":[{"floor":7.0,"key":"PotionOfCapacity"},{"floor":8.0,"key":"LiquidBronze"},{"floor":11.0,"key":"EssenceOfDarkness"},{"floor":14.0,"key":"Energy Potion"},{"floor":18.0,"key":"SkillPotion"},{"floor":19.0,"key":"AttackPotion"},{"floor":30.0,"key":"SteroidPotion"}],"is_trial":false,"path_per_floor":["M","?","?","M","?","E","M","M","T","R","M","R","M","M","R","B",null,"M","M","T","$","?","E","R","$","T","?","T","M","M","M","R","B"],"character_chosen":"DEFECT","items_purchased":["Static Discharge","aspiration:Polymerization","MealTicket","Self Repair"],"campfire_rested":1,"item_purchase_floors":[21,21,21,25],"current_hp_per_floor":[82,75,75,74,66,62,62,60,60,60,44,44,38,35,35,18,96,90,72,72,72,53,19,19,34,34,34,34,28,30,23,53,0,0],"gold":117,"neow_bonus":"TEN_PERCENT_HP_BONUS","is_daily":false,"chose_seed":false,"campfire_upgraded":4,"win_rate":0.0,"timestamp":1614360824,"path_taken":["M","?","?","M","?","E","M","M","T","R","M","R","?","M","R","BOSS","M","M","?","?","?","E","R","$","T","?","?","?","M","M","R","BOSS"],"items_purchased_type":["Card","Card","Relic","Card"],"build_version":"2020-12-22","purchased_purges":1,"victory":false,"max_hp_per_floor":[82,82,82,82,82,96,96,96,96,96,96,96,96,96,96,96,96,96,96,96,96,101,101,101,101,101,101,101,101,101,101,101,101,101],"card_choices":[{"not_picked":["Barrage","Hologram"],"picked":"Conserve Battery","floor":1.0},{"not_picked":["Cold Snap","Leap"],"picked":"Ball Lightning","floor":4.0},{"not_picked":["Lockon","Barrage"],"picked":"Static Discharge","floor":6.0},{"not_picked":["Scrape","Steam","Blizzard"],"picked":"SKIP","floor":7.0},{"not_picked":["Steam","Barrage"],"picked":"Ball Lightning","floor":8.0},{"not_picked":["Skim","Barrage","Turbo"],"picked":"SKIP","floor":11.0},{"not_picked":["Conserve Battery","Leap","Fusion"],"picked":"SKIP","floor":13.0},{"not_picked":["Rebound","Barrage"],"picked":"Redo","floor":14.0},{"not_picked":["Seek","Creative AI"],"picked":"Fission","floor":16.0},{"not_picked":["Go for the Eyes+1","Reprogram","Leap"],"picked":"SKIP","floor":18.0},{"not_picked":["Conserve Battery","Coolheaded"],"picked":"Barrage+1","floor":19.0},{"not_picked":["Fission","aspiration:Polymerization","Blizzard+1"],"picked":"SKIP","floor":23.0},{"not_picked":["Steam","Leap","Tempest"],"picked":"SKIP","floor":29.0},{"not_picked":["Force Field","Hello World"],"picked":"Recycle","floor":30.0},{"not_picked":["Coolheaded","Heatsinks","Streamline+1"],"picked":"SKIP","floor":31.0},{"not_picked":["Redo","Reinforced Body"],"picked":"BootSequence+1","floor":32.0}],"player_experience":181794,"relics_obtained":[{"floor":6.0,"key":"Mango"},{"floor":9.0,"key":"aspiration:EnhancedActuators"},{"floor":20.0,"key":"Gremlin Horn"},{"floor":23.0,"key":"Dream Catcher"},{"floor":23.0,"key":"Akabeko"},{"floor":26.0,"key":"Happy Flower"},{"floor":28.0,"key":"Bag of Preparation"}],"event_choices":[{"damage_healed":0.0,"max_hp_gain":0.0,"max_hp_loss":0.0,"gold_gain":0.0,"event_name":"Scrap Ooze","player_choice":"Success","floor":2.0,"gold_loss":0.0,"damage_taken":7.0,"relics_obtained":["Tiny Chest"]},{"damage_healed":0.0,"max_hp_gain":0.0,"max_hp_loss":0.0,"gold_gain":0.0,"cards_transformed":["Strike_B"],"event_name":"Living Wall","player_choice":"Change","floor":3.0,"gold_loss":0.0,"damage_taken":0.0,"cards_obtained":["Rip and Tear"]},{"damage_healed":0.0,"max_hp_gain":0.0,"max_hp_loss":0.0,"gold_gain":0.0,"event_name":"Wheel of Change","player_choice":"Damaged","floor":5.0,"gold_loss":0.0,"damage_taken":8.0},{"damage_healed":0.0,"max_hp_gain":5.0,"max_hp_loss":0.0,"gold_gain":0.0,"event_name":"Forgotten Altar","player_choice":"Shed Blood","floor":22.0,"gold_loss":0.0,"damage_taken":24.0},{"damage_healed":0.0,"max_hp_gain":0.0,"max_hp_loss":0.0,"gold_gain":0.0,"event_name":"Back to Basics","player_choice":"Simplicity","floor":27.0,"gold_loss":0.0,"damage_taken":0.0,"cards_upgraded":["Strike_B","Strike_B","Defend_B","Defend_B","Defend_B","Defend_B"]}],"is_beta":false,"boss_relics":[{"not_picked":["aspiration:MobileForge","FrozenCore"],"picked":"Black Star"}],"items_purged_floors":[21],"is_endless":false,"potions_floor_spawned":[7,8,11,13,14,18,19,30],"killed_by":"Collector","ascension_level":0}}