{"host":"hx5bui4di82vxq8x","time":1614367494,"event":{"mods":["Act Like it!","BaseMod","Colored Powertips","Dota2Spire","Friendly Minions","Minty Spire (QoL Compilation)","Quick Restart","Replay The Spire","Spicy Shops","StSLib","The Alterego","The Animator"],"gold_per_floor":[117,137,137,152,1,1,1],"floor_reached":6,"language":"ZHS","playtime":359,"items_purged":[],"score":36,"play_id":"ba9f3732-5edb-4738-9e15-479d0ecb6693","local_time":"20210227032454","is_ascension_mode":false,"campfire_choices":[],"circlet_count":0,"master_deck":["animator:Strike_MadokaMagica","animator:Defend_MadokaMagica","animator:Strike","animator:Strike","animator:Strike","animator:Defend","animator:Defend","animator:Defend","animator:IrohaTamaki","animator:YuiTsuruno","animator:Demiurge","animator:Kazuma"],"relics":["animator:LivingPicture","animator:TheMissingPiece","NeowsBlessing","Dota2Spire:Vanguard"],"acts_visited":["Exordium"],"potions_floor_usage":[],"damage_taken":[{"damage":0,"enemies":"Jaw Worm","floor":1,"turns":1},{"damage":0,"enemies":"Cultist","floor":2,"turns":1},{"damage":0,"enemies":"Small Slimes","floor":4,"turns":1},{"damage":68,"enemies":"Lagavulin","floor":6,"turns":14}],"seed_played":"7942522606870214238","potions_obtained":[{"floor":1,"key":"Dota2Spire:Clarity"}],"is_trial":false,"path_per_floor":["M","M","?","M","$","E"],"character_chosen":"THE_ANIMATOR","items_purchased":["Dota2Spire:Vanguard"],"campfire_rested":0,"item_purchase_floors":[5],"current_hp_per_floor":[66,66,66,66,66,0,0],"gold":1,"neow_bonus":"THREE_ENEMY_KILL","is_daily":false,"chose_seed":false,"campfire_upgraded":0,"win_rate":0.0,"timestamp":1614367494,"path_taken":["M","M","?","?","?","E"],"items_purchased_type":["Relic"],"build_version":"2020-12-22","purchased_purges":0,"victory":false,"max_hp_per_floor":[66,66,66,66,66,66,66],"card_choices":[{"not_picked":["animator:Evileye","animator:AcuraTooru"],"picked":"animator:Demiurge","floor":1},{"not_picked":["animator:Ara","animator:ChaikaBohdan","animator:Evileye"],"picked":"SKIP","floor":2},{"not_picked":["animator:Gillette","animator:Genos"],"picked":"animator:Kazuma","floor":4}],"player_experience":666124,"relics_obtained":[],"event_choices":[{"damage_healed":0,"gold_gain":0,"player_choice":"Bought 0 Potions","damage_taken":0,"max_hp_gain":0,"max_hp_loss":0,"event_name":"The Woman in Blue","floor":3,"gold_loss":0}],"is_beta":false,"boss_relics":[],"items_purged_floors":[],"is_endless":false,"potions_floor_spawned":[1],"killed_by":"Lagavulin","ascension_level":0}}