{"host":"y080dcqw8fj32q7d","time":1614364827,"event":{"mods":["AchievementEnabler","BaseMod","Colored Map","Colored Powertips","DeckTracker","Minty Spire (QoL Compilation)","Relic Sorter"],"gold_per_floor":[20,36,47,47,63,93,123,135,147,159,183,195,233,260,272,383,395,422,434,262,277,292,292,292,309,332,363,363,379,127,127,127,232,232,247,247,266,16,16,16,26,26,79,90,123,123,139,188,188,188,188],"floor_reached":50,"language":"ENG","playtime":3744,"items_purged":["Strike_B","Defend_B","Defend_B"],"score":605,"play_id":"42db3099-b1d4-4c1a-b94b-63c30d0bd262","local_time":"20210226214027","is_ascension_mode":true,"campfire_choices":[{"floor":10,"key":"REST"},{"floor":15,"key":"REST"},{"floor":23,"key":"REST"},{"floor":28,"key":"REST"},{"floor":32,"key":"REST"},{"floor":40,"key":"RECALL"},{"floor":46,"key":"REST"},{"floor":49,"key":"REST"}],"circlet_count":0,"master_deck":["Strike_B","Defend_B","Defend_B","Zap+1","Dualcast","Echo Form","BootSequence","Go for the Eyes","Static Discharge","Ball Lightning","Go for the Eyes","Barrage","Meteor Strike","Turbo","Thunder Strike","Heatsinks+1","Sunder","Melter","Self Repair+1","Steam+1","White Noise+1","Double Energy+1","Defragment","Static Discharge","BootSequence","Steam","Necronomicurse","Creative AI","Zap","Ball Lightning","Rip and Tear+1","Self Repair","The Bomb","Discovery","Bandage Up","Metamorphosis","Ball Lightning","Redo","BootSequence","Consume+1"],"relics":["Cracked Core","MawBank","Bottled Lightning","Gambling Chip","Fusion Hammer","MealTicket","White Beast Statue","Membership Card","Necronomicon","Inserter","Strange Spoon","Orichalcum","Ancient Tea Set","Pen Nib"],"acts_visited":["Exordium","TheCity","TheBeyond"],"potions_floor_usage":[5,11,13,14,14,22,25,27,33,37,41,45,45,47,50],"damage_taken":[{"damage":2,"enemies":"2 Louse","floor":1,"turns":3},{"damage":1,"enemies":"Cultist","floor":2,"turns":3},{"damage":1,"enemies":"Jaw Worm","floor":3,"turns":3},{"damage":8,"enemies":"Exordium Thugs","floor":5,"turns":5},{"damage":25,"enemies":"Lagavulin","floor":6,"turns":5},{"damage":30,"enemies":"Gremlin Gang","floor":7,"turns":5},{"damage":8,"enemies":"Exordium Wildlife","floor":11,"turns":3},{"damage":13,"enemies":"3 Sentries","floor":13,"turns":4},{"damage":3,"enemies":"Lots of Slimes","floor":14,"turns":2},{"damage":21,"enemies":"The Guardian","floor":16,"turns":11},{"damage":13,"enemies":"Shell Parasite","floor":18,"turns":5},{"damage":15,"enemies":"2 Thieves","floor":21,"turns":3},{"damage":27,"enemies":"Centurion and Healer","floor":22,"turns":6},{"damage":31,"enemies":"3 Cultists","floor":25,"turns":4},{"damage":26,"enemies":"Book of Stabbing","floor":27,"turns":5},{"damage":25,"enemies":"Shelled Parasite and Fungi","floor":29,"turns":5},{"damage":41,"enemies":"Champ","floor":33,"turns":8},{"damage":13,"enemies":"3 Shapes","floor":35,"turns":6},{"damage":12,"enemies":"Orb Walker","floor":37,"turns":4},{"damage":22,"enemies":"Maw","floor":41,"turns":6},{"damage":47,"enemies":"4 Shapes","floor":44,"turns":4},{"damage":0,"enemies":"Giant Head","floor":45,"turns":8},{"damage":42,"enemies":"Spire Growth","floor":47,"turns":6},{"damage":128,"enemies":"Awakened One","floor":50,"turns":7}],"seed_played":"-8365308297448727026","potions_obtained":[{"floor":3,"key":"ColorlessPotion"},{"floor":4,"key":"PotionOfCapacity"},{"floor":4,"key":"SteroidPotion"},{"floor":5,"key":"SteroidPotion"},{"floor":6,"key":"Energy Potion"},{"floor":11,"key":"Explosive Potion"},{"floor":21,"key":"AttackPotion"},{"floor":22,"key":"Swift Potion"},{"floor":25,"key":"Fruit Juice"},{"floor":29,"key":"PotionOfCapacity"},{"floor":33,"key":"FearPotion"},{"floor":35,"key":"FocusPotion"},{"floor":37,"key":"FairyPotion"},{"floor":41,"key":"Ancient Potion"},{"floor":44,"key":"EssenceOfSteel"},{"floor":45,"key":"Regen Potion"},{"floor":47,"key":"SteroidPotion"}],"is_trial":false,"path_per_floor":["M","M","M","?","M","E","M","T","T","R","M","?","E","M","R","B",null,"M","?","$","M","M","R","?","M","T","E","R","M","$","?","R","B",null,"M","?","M","$","?","R","M","?","T","M","E","R","M","T","R","B"],"character_chosen":"DEFECT","items_purchased":["Melter","Self Repair","Membership Card","BootSequence","Steam","Self Repair","The Bomb","Strange Spoon"],"campfire_rested":7,"item_purchase_floors":[20,20,30,30,30,38,38,38],"current_hp_per_floor":[73,72,71,71,63,38,8,8,8,30,22,22,9,6,28,7,75,62,62,62,54,34,56,56,25,25,14,38,23,38,22,46,25,80,77,77,65,80,70,70,72,72,72,25,46,70,54,54,78,0,0],"gold":188,"neow_bonus":"THREE_RARE_CARDS","is_daily":false,"chose_seed":false,"campfire_upgraded":0,"win_rate":0.0,"timestamp":1614364827,"path_taken":["M","M","M","?","?","E","M","?","T","R","M","?","E","M","R","BOSS","M","?","$","?","M","R","?","?","T","E","R","M","?","?","R","BOSS","M","?","?","$","?","R","M","?","T","M","E","R","M","?","R","BOSS"],"items_purchased_type":["Card","Card","Relic","Card","Card","Card","Card","Relic"],"build_version":"2020-12-22","purchased_purges":3,"victory":false,"max_hp_per_floor":[75,75,75,75,75,75,75,75,75,75,75,75,75,75,75,75,75,75,75,75,75,75,75,75,75,75,80,80,80,80,80,80,80,80,80,80,80,80,80,80,80,80,80,80,80,80,80,80,80,80,80],"card_choices":[{"not_picked":["Amplify","Multi-Cast"],"picked":"Echo Form","floor":0},{"not_picked":["Sweeping Beam","Cold Snap"],"picked":"BootSequence","floor":1},{"not_picked":["Cold Snap","Reprogram"],"picked":"Go for the Eyes","floor":2},{"not_picked":["Double Energy","Stack"],"picked":"Static Discharge","floor":3},{"not_picked":["Compile Driver","Redo"],"picked":"Ball Lightning","floor":5},{"not_picked":["FTL","Fission"],"picked":"Go for the Eyes","floor":6},{"not_picked":["Undo","Coolheaded","Steam"],"picked":"SKIP","floor":7},{"not_picked":["Turbo","Compile Driver"],"picked":"Barrage","floor":11},{"not_picked":["Glacier","Steam"],"picked":"Meteor Strike","floor":13},{"not_picked":["Hello World","Barrage"],"picked":"Turbo","floor":14},{"not_picked":["Machine Learning","All For One"],"picked":"Thunder Strike","floor":16},{"not_picked":["Genetic Algorithm+1","Beam Cell"],"picked":"Heatsinks+1","floor":18},{"not_picked":["Leap","Cold Snap"],"picked":"Steam+1","floor":21},{"not_picked":["Cold Snap","Hologram"],"picked":"White Noise+1","floor":22},{"not_picked":["Reprogram+1","Sweeping Beam"],"picked":"Double Energy+1","floor":25},{"not_picked":["Skim","Streamline"],"picked":"Defragment","floor":27},{"not_picked":["Go for the Eyes","Cold Snap"],"picked":"Static Discharge","floor":29},{"not_picked":["Buffer","Meteor Strike"],"picked":"Creative AI","floor":33},{"not_picked":["Steam Power+1","FTL","Cold Snap+1"],"picked":"SKIP","floor":35},{"not_picked":["Glacier+1","Steam"],"picked":"Rip and Tear+1","floor":37},{"not_picked":["Panache","Sadistic Nature"],"picked":"Discovery","floor":39},{"not_picked":["Madness","Swift Strike"],"picked":"Bandage Up","floor":39},{"not_picked":["Jack Of All Trades","Discovery"],"picked":"Metamorphosis","floor":39},{"not_picked":["Fusion","Heatsinks"],"picked":"Ball Lightning","floor":41},{"not_picked":["Go for the Eyes+1","Gash+1"],"picked":"Redo","floor":44},{"not_picked":["Cold Snap+1","Glacier+1"],"picked":"BootSequence","floor":45},{"not_picked":["Force Field","Steam"],"picked":"Consume+1","floor":47}],"player_experience":406134,"relics_obtained":[{"floor":6,"key":"MawBank"},{"floor":8,"key":"Bottled Lightning"},{"floor":13,"key":"Gambling Chip"},{"floor":26,"key":"MealTicket"},{"floor":27,"key":"White Beast Statue"},{"floor":31,"key":"Necronomicon"},{"floor":43,"key":"Orichalcum"},{"floor":45,"key":"Ancient Tea Set"},{"floor":48,"key":"Pen Nib"}],"event_choices":[{"damage_healed":0,"gold_gain":0,"player_choice":"Got Potions","damage_taken":0,"max_hp_gain":0,"max_hp_loss":0,"event_name":"Lab","floor":4,"gold_loss":0},{"damage_healed":0,"gold_gain":0,"player_choice":"Upgraded","damage_taken":0,"max_hp_gain":0,"max_hp_loss":0,"event_name":"Upgrade Shrine","floor":12,"gold_loss":0,"cards_upgraded":["Zap"]},{"damage_healed":0,"gold_gain":0,"cards_transformed":["Strike_B"],"player_choice":"Transformed","damage_taken":0,"max_hp_gain":0,"max_hp_loss":0,"event_name":"Transmorgrifier","floor":19,"gold_loss":0,"cards_obtained":["Sunder"]},{"damage_healed":0,"gold_gain":0,"player_choice":"Upgraded","damage_taken":0,"max_hp_gain":0,"max_hp_loss":0,"event_name":"Upgrade Shrine","floor":24,"gold_loss":0,"cards_upgraded":["Self Repair"]},{"damage_healed":0,"gold_gain":0,"player_choice":"Obtained Book","damage_taken":16,"max_hp_gain":0,"max_hp_loss":0,"event_name":"Cursed Tome","floor":31,"gold_loss":0},{"damage_healed":0,"gold_gain":0,"player_choice":"2 cards matched","damage_taken":0,"max_hp_gain":0,"max_hp_loss":0,"event_name":"Match and Keep!","floor":36,"gold_loss":0,"cards_obtained":["Zap","Ball Lightning"]},{"damage_healed":0,"gold_gain":0,"player_choice":"Memory 3","damage_taken":10,"max_hp_gain":0,"max_hp_loss":0,"event_name":"SensoryStone","floor":39,"gold_loss":0},{"cards_removed":["Strike_B"],"damage_healed":0,"gold_gain":0,"player_choice":"Removed Attack","damage_taken":0,"max_hp_gain":0,"max_hp_loss":0,"event_name":"Falling","floor":42,"gold_loss":0}],"is_beta":false,"boss_relics":[{"not_picked":["SlaversCollar","Black Star"],"picked":"Fusion Hammer"},{"not_picked":["Tiny House","Sozu"],"picked":"Inserter"}],"items_purged_floors":[20,30,38],"is_endless":false,"potions_floor_spawned":[3,5,6,11,21,22,25,29,33,35,37,41,44,45,47],"killed_by":"Awakened One","ascension_level":1}}