{"host":"n1v11un6j7y72mz7","time":1614362414,"event":{"mods":["Act Like it!","BaseMod","Downfall","Minty Spire (QoL Compilation)","Reliquary","StSLib","The Animator","Waifu the Spire"],"gold_per_floor":[112,130,141,91,110,130,150,75,128,204,214,214,245,263,263,263,263],"floor_reached":16,"language":"ZHS","playtime":537,"items_purged":["Strike_G"],"score":133,"play_id":"c288de33-789f-46dc-998b-dec3146c0f71","local_time":"20210227020014","is_ascension_mode":true,"campfire_choices":[{"data":"Flechettes","floor":12,"key":"SMITH"},{"data":"Neutralize","floor":15,"key":"SMITH"}],"circlet_count":0,"master_deck":["Strike_G","Strike_G","Strike_G","Defend_G","Defend_G","Defend_G","Defend_G","Defend_G","Survivor","Neutralize+1","Flechettes+1","Calculated Gamble","Prepared","Escape Plan","Prepared","Reflex"],"relics":["SlaversCollar","Juzu Bracelet","Meat on the Bone","Bronze Scales"],"acts_visited":["Exordium"],"potions_floor_usage":[13,13,16,16],"damage_taken":[{"damage":1,"enemies":"Cultist","floor":1,"turns":5},{"damage":4,"enemies":"Jaw Worm","floor":2,"turns":6},{"damage":7,"enemies":"Small Slimes","floor":3,"turns":4},{"damage":6,"enemies":"Looter","floor":5,"turns":4},{"damage":5,"enemies":"Red Slaver","floor":6,"turns":4},{"damage":8,"enemies":"3 Louse","floor":7,"turns":5},{"damage":6,"enemies":"Looter","floor":11,"turns":4},{"damage":4,"enemies":"Gremlin Nob","floor":13,"turns":3},{"damage":4,"enemies":"Blue Slaver","floor":14,"turns":3},{"damage":47,"enemies":"Slime Boss","floor":16,"turns":8}],"seed_played":"-3281879360751451686","potions_obtained":[{"floor":1,"key":"LiquidMemories"},{"floor":5,"key":"bronze:BurnAndBuffPotion"},{"floor":7,"key":"LiquidMemories"},{"floor":14,"key":"BlessingOfTheForge"}],"is_trial":false,"path_per_floor":["M","M","M","?","M","M","M","$","T","T","M","R","E","M","R","B"],"character_chosen":"THE_SILENT","items_purchased":[],"campfire_rested":0,"item_purchase_floors":[],"current_hp_per_floor":[69,65,58,58,52,47,39,39,39,39,45,45,41,37,37,0,0],"gold":263,"neow_bonus":"BOSS_RELIC","is_daily":false,"chose_seed":false,"campfire_upgraded":2,"win_rate":0.0,"timestamp":1614362414,"path_taken":["M","?","?","?","M","M","M","$","T","?","M","R","E","M","R","BOSS"],"items_purchased_type":[],"build_version":"2020-12-22","purchased_purges":1,"victory":false,"max_hp_per_floor":[70,70,70,70,70,70,70,70,70,70,70,70,70,70,70,70,70],"card_choices":[{"not_picked":["Deflect","Cloak And Dagger"],"picked":"Flechettes","floor":1},{"not_picked":["Deadly Poison","Underhanded Strike","Masterful Stab"],"picked":"SKIP","floor":2},{"not_picked":["Bane","Dagger Spray","Endless Agony"],"picked":"SKIP","floor":3},{"not_picked":["Flying Knee","Bane"],"picked":"Calculated Gamble","floor":5},{"not_picked":["Eviscerate","Deflect"],"picked":"Prepared","floor":6},{"not_picked":["Masterful Stab","Setup"],"picked":"Escape Plan","floor":7},{"not_picked":["Slice","Sucker Punch"],"picked":"Prepared","floor":11},{"not_picked":["Noxious Fumes","Quick Slash"],"picked":"Reflex","floor":13},{"not_picked":["Dodge and Roll","Reflex","Escape Plan"],"picked":"SKIP","floor":14}],"player_experience":228123,"relics_obtained":[{"floor":9,"key":"Juzu Bracelet"},{"floor":10,"key":"Meat on the Bone"},{"floor":13,"key":"Bronze Scales"}],"event_choices":[{"cards_removed":["Strike_G"],"damage_healed":0,"gold_gain":0,"player_choice":"Card Removal","damage_taken":0,"max_hp_gain":0,"max_hp_loss":0,"event_name":"The Cleric","floor":4,"gold_loss":50}],"is_beta":false,"boss_relics":[],"items_purged_floors":[8],"is_endless":false,"potions_floor_spawned":[1,5,7,11,14],"killed_by":"Slime Boss","ascension_level":5}}