{"host":"c2bue2hyafvtxka5","time":1614305888,"event":{"mods":["BaseMod","Hermit","Minty Spire (QoL Compilation)","Replay The Spire","StSLib","SuperFastMode","The Cursed","The Disciple","The Necromancer","The Servant 0.9.4"],"gold_per_floor":[119,294,294,25,36,62,85,109,121,158,170,193,205,246,258,365,377,372,384,416,7,7,38,38,38,38,65,76,76,76,92,92,92,92],"floor_reached":33,"language":"ENG","playtime":1512,"items_purged":[],"score":328,"play_id":"0270acd6-a4c7-41ed-93a0-de6de11c238b","local_time":"20210225211808","is_ascension_mode":false,"campfire_choices":[{"floor":11,"key":"REST"},{"floor":13,"key":"REST"},{"floor":15,"key":"REST"},{"floor":24,"key":"REST"},{"floor":25,"key":"REST"},{"floor":29,"key":"REST"},{"floor":32,"key":"REST"}],"circlet_count":0,"master_deck":["TheCursedMod:Strike_TheCursed","TheCursedMod:Strike_TheCursed","TheCursedMod:Strike_TheCursed","TheCursedMod:Defend_TheCursed","TheCursedMod:Defend_TheCursed","TheCursedMod:Defend_TheCursed","TheCursedMod:Defend_TheCursed","TheCursedMod:CursedWand","TheCursedMod:CleanUpWorkshop","TheCursedMod:Dregs","TheCursedMod:PrepareRite","Doubt","TheCursedMod:HellsGateOpen","TheCursedMod:FleshFromBone","TheCursedMod:HellfireBreathing","TheCursedMod:CursedArmor","TheCursedMod:WearCloak","TheCursedMod:CollectTribute+1","TheCursedMod:CursedBlade","TheCursedMod:CursedRelics+1","TheCursedMod:AbyssShockwave+1","TheCursedMod:DoubleShield","Crow Ritual+1","TheCursedMod:Hemoplague","TheCursedMod:CursedSpellbook","TheCursedMod:WearCloak+1"],"relics":["TheCursedMod:BlackMagic101","NeowsBlessing","Replay:Baseball","MawBank","Pet Ghost","Golden Egg","WingedGreaves","TheCursedMod:OminousMark","Membership Card","Blue Doll","MutagenicStrength","Blood Vial","Mango","ReplayTheSpireMod:Lightbulb"],"acts_visited":["Exordium","TheCity"],"potions_floor_usage":[33,33],"damage_taken":[{"damage":0,"enemies":"Small Slimes","floor":1,"turns":1},{"damage":0,"enemies":"Jaw Worm","floor":5,"turns":1},{"damage":0,"enemies":"Lagavulin","floor":6,"turns":3},{"damage":3,"enemies":"Cultist","floor":7,"turns":6},{"damage":18,"enemies":"2 Fungi Beasts","floor":8,"turns":5},{"damage":50,"enemies":"Gremlin Nob","floor":10,"turns":6},{"damage":12,"enemies":"Looter","floor":12,"turns":5},{"damage":13,"enemies":"3 Sentries","floor":14,"turns":6},{"damage":6,"enemies":"Fading Forest","floor":16,"turns":11},{"damage":7,"enemies":"2 Thieves","floor":18,"turns":4},{"damage":5,"enemies":"Spheric Guardian","floor":20,"turns":4},{"damage":46,"enemies":"Book of Stabbing","floor":23,"turns":6},{"damage":25,"enemies":"Slavers","floor":27,"turns":5},{"damage":34,"enemies":"Snake Plant","floor":28,"turns":3},{"damage":9,"enemies":"Centurion and Healer","floor":31,"turns":5},{"damage":70,"enemies":"Pondfish","floor":33,"turns":11}],"seed_played":"-751136855296708234","potions_obtained":[{"floor":6,"key":"Elixir"},{"floor":7,"key":"Dexterity Potion"},{"floor":12,"key":"Fire Potion"},{"floor":28,"key":"Flashbang"}],"is_trial":false,"path_per_floor":["M","?","?","$","M","E","M","M","T","E","R","M","R","E","R","B",null,"M","?","M","$","?","E","R","R","T","E","M","R","?","M","R","B"],"character_chosen":"THE_CURSED","items_purchased":["Replay:Baseball","TheCursedMod:HellsGateOpen","TheCursedMod:FleshFromBone","Crow Ritual","Membership Card","Blue Doll"],"campfire_rested":7,"item_purchase_floors":[4,4,4,21,21,21],"current_hp_per_floor":[75,75,75,75,75,75,72,54,54,4,26,14,36,23,45,49,75,68,68,63,63,63,17,39,61,75,52,20,46,46,39,65,0,0],"gold":92,"neow_bonus":"THREE_ENEMY_KILL","is_daily":false,"chose_seed":false,"campfire_upgraded":0,"win_rate":0.0,"timestamp":1614305888,"path_taken":["M","?","?","$","?","E","M","M","T","E","R","M","R","E","R","BOSS","M","?","M","$","?","E","R","R","T","E","M","R","?","?","R","BOSS"],"items_purchased_type":["Relic","Card","Card","Card","Relic","Relic"],"build_version":"2020-12-22","purchased_purges":0,"victory":false,"max_hp_per_floor":[75,75,75,75,75,75,75,75,75,75,75,75,75,75,75,75,75,75,75,75,75,75,75,75,75,89,89,89,89,89,89,89,89,89],"card_choices":[{"not_picked":["TheCursedMod:TacticalStrike","TheCursedMod:WearCloak"],"picked":"TheCursedMod:PrepareRite","floor":1},{"not_picked":["TheCursedMod:SmokeScreen","TheCursedMod:CircleOfAmplification"],"picked":"TheCursedMod:HellfireBreathing","floor":5},{"not_picked":["TheCursedMod:CircleOfCorruption","TheCursedMod:EmpowerCircles"],"picked":"TheCursedMod:CursedArmor","floor":6},{"not_picked":["TheCursedMod:Torture","TheCursedMod:SoulCrush","TheCursedMod:EmpowerCircles"],"picked":"SKIP","floor":7},{"not_picked":["TheCursedMod:SurpriseAttack","TheCursedMod:SoulCrush"],"picked":"TheCursedMod:WearCloak","floor":8},{"not_picked":["TheCursedMod:SurpriseAttack","TheCursedMod:CursedBoomerang","TheCursedMod:SpreadPlague"],"picked":"SKIP","floor":10},{"not_picked":["TheCursedMod:CircleOfWindfury","TheCursedMod:CircleOfFlame"],"picked":"TheCursedMod:CollectTribute","floor":12},{"not_picked":["TheCursedMod:RapidMovement","TheCursedMod:CircleOfBlood"],"picked":"TheCursedMod:CursedBlade","floor":14},{"not_picked":["TheCursedMod:CircleOfAbyss","TheCursedMod:Neurasthenia"],"picked":"TheCursedMod:CursedRelics","floor":16},{"not_picked":["TheCursedMod:SmokeScreen","TheCursedMod:Torture"],"picked":"TheCursedMod:AbyssShockwave+1","floor":18},{"not_picked":["TheCursedMod:CursedAmulet+1","TheCursedMod:CircleOfFlame"],"picked":"TheCursedMod:DoubleShield","floor":20},{"not_picked":["TheCursedMod:SpitefulStrike","TheCursedMod:CursedStaff"],"picked":"TheCursedMod:Hemoplague","floor":23},{"not_picked":["TheCursedMod:SoulReap","TheCursedMod:FleshFromBone"],"picked":"TheCursedMod:CursedSpellbook","floor":27},{"not_picked":["TheCursedMod:PrepareRite","TheCursedMod:TacticalStrike+1","TheCursedMod:BloodBarrier"],"picked":"SKIP","floor":28},{"not_picked":["TheCursedMod:SpitefulPlan+1","TheCursedMod:SpitefulStrike"],"picked":"TheCursedMod:WearCloak+1","floor":31}],"player_experience":122132,"relics_obtained":[{"floor":6,"key":"MawBank"},{"floor":9,"key":"Pet Ghost"},{"floor":10,"key":"Golden Egg"},{"floor":14,"key":"WingedGreaves"},{"floor":23,"key":"Blood Vial"},{"floor":26,"key":"Mango"},{"floor":27,"key":"ReplayTheSpireMod:Lightbulb"}],"event_choices":[{"damage_healed":0,"gold_gain":175,"player_choice":"AGREE","damage_taken":0,"max_hp_gain":0,"max_hp_loss":0,"event_name":"Liars Game","floor":2,"gold_loss":0,"cards_obtained":["Doubt"]},{"damage_healed":0,"gold_gain":0,"player_choice":"Ignored","damage_taken":0,"max_hp_gain":0,"max_hp_loss":0,"event_name":"NoteForYourself","floor":3,"gold_loss":0},{"damage_healed":0,"gold_gain":0,"player_choice":"Ignored","damage_taken":0,"max_hp_gain":0,"max_hp_loss":0,"event_name":"Beggar","floor":19,"gold_loss":0},{"damage_healed":0,"gold_gain":0,"player_choice":"Inject Mutagens","damage_taken":0,"relics_obtained":["MutagenicStrength"],"max_hp_gain":0,"max_hp_loss":0,"event_name":"Drug Dealer","floor":22,"gold_loss":0},{"cards_removed":["TheCursedMod:Strike_TheCursed"],"damage_healed":0,"gold_gain":0,"player_choice":"Purged","damage_taken":0,"max_hp_gain":0,"max_hp_loss":0,"event_name":"Purifier","floor":30,"gold_loss":0}],"is_beta":false,"boss_relics":[{"not_picked":["ReplayTheSpireMod:DimensionalGlitch","Busted Crown"],"picked":"TheCursedMod:OminousMark"}],"items_purged_floors":[],"is_endless":false,"potions_floor_spawned":[6,7,12,14,16,27,28,31],"killed_by":"Pondfish","ascension_level":0}}