{"host":"mr1ctipv0dcr6y8g","time":1614314011,"event":{"mods":["BaseMod","Beaked The Cultist","DeckTracker","Downfall","Energized Spire","Minty Spire (QoL Compilation)","READ ME - Guardian Mod","Shop Mod","StSLib","The Construct"],"gold_per_floor":[99,115,130,130,142,142,142,155,155,187,187,203,303,332,342,442,442,342,355,355,373,373,373,397,11,21,21,39,50,35,47,67,169,169,69,87,102,87,101,101,150,150,162,62,80,110,110,125,145,145,145,170,20,20,20,20],"floor_reached":57,"language":"ENG","playtime":25572,"items_purged":["Slimebound:Tackle"],"score":1150,"play_id":"9e7eae6e-cb51-4468-80c4-614fb6995e2e","local_time":"20210225213331","is_ascension_mode":false,"campfire_choices":[{"data":"Slimebound:SlimeSlap","floor":1.0,"key":"SMITH"},{"data":"Slimebound:Split","floor":6.0,"key":"SMITH"},{"data":"Slimebound:RainOfGoop","floor":9.0,"key":"SMITH"},{"floor":18,"key":"RECALL"},{"data":"Slimebound:DouseInSlime","floor":27,"key":"SMITH"},{"data":"Slimebound:LeadByExample","floor":35,"key":"SMITH"},{"data":"Slimebound:Prepare","floor":40,"key":"SMITH"},{"data":"Slimebound:AcidTongue","floor":44,"key":"SMITH"},{"data":"Slimebound:FirmFortitude","floor":54,"key":"SMITH"}],"circlet_count":0,"master_deck":["Slimebound:Defend_Slimebound","Slimebound:Defend_Slimebound","Slimebound:Defend_Slimebound","Slimebound:Defend_Slimebound","Slimebound:Split+1","Slimebound:CorrosiveSpit","Slimebound:SlimeSlap+1","Slimebound:SplitLeeching","Slimebound:RainOfGoop+1","Slimebound:LivingWall","Slimebound:SplitLeeching","Slimebound:Overexert","Slimebound:SplitMire","Slimebound:SlimeSlap+1","Slimebound:LivingWall","Slimebound:AcidTongue+1","Slimebound:SamplingLick","Slimebound:DisruptingSlam+1","Slimebound:PressTheAttack+1","Slimebound:SplitSpecialist","Slimebound:AcidTongue","Slimebound:DouseInSlime+1","Slimebound:Prepare+1","Slimebound:MassRepurpose","Slimebound:SamplingLick+1","Slimebound:LeadByExample+1","Slimebound:LeechLife+1","Slimebound:GoopSpray+1","Slimebound:Prepare+1","Slimebound:Equalize+1","Slimebound:Replication","Slimebound:SplitBruiser+1","Slimebound:Prepare+1","Slimebound:FirmFortitude+1"],"relics":["Slimebound:AbsorbEndCombat","InkBottle","Bird Faced Urn","Molten Egg 2","energizedSpire:DeadBattery","downfall:HeartBlessingGreen","Guardian:PocketSentry","energizedSpire:SpiderWeb","downfall:HeartBlessingBlue","Bag of Marbles","TungstenRod","downfall:HeartBlessingRed","Regal Pillow","Centennial Puzzle","Art of War"],"acts_visited":["Exordium","TheCity","TheBeyond","TheEnding"],"potions_floor_usage":[26,30,33,50,50,50,50,56,56,56],"damage_taken":[{"damage":3.0,"enemies":"Small Slimes","floor":2.0,"turns":4.0},{"damage":1.0,"enemies":"Cultist","floor":3.0,"turns":4.0},{"damage":9.0,"enemies":"Jaw Worm","floor":5.0,"turns":4.0},{"damage":4.0,"enemies":"Large Slime","floor":8.0,"turns":7.0},{"damage":18.0,"enemies":"3 Sentries","floor":10.0,"turns":9.0},{"damage":2.0,"enemies":"Blue Slaver","floor":12.0,"turns":4.0},{"damage":14.0,"enemies":"Lagavulin","floor":14.0,"turns":6.0},{"damage":12.0,"enemies":"Exordium Wildlife","floor":15.0,"turns":5.0},{"damage":1,"enemies":"SI_SHIV_ARCHETYPE","floor":16,"turns":7},{"damage":0,"enemies":"Shell Parasite","floor":19,"turns":5},{"damage":0,"enemies":"Chosen","floor":20,"turns":1},{"damage":10,"enemies":"Shelled Parasite and Fungi","floor":21,"turns":6},{"damage":4,"enemies":"downfall:FleeingMerchant","floor":25,"turns":4},{"damage":0,"enemies":"3 Cultists","floor":26,"turns":6},{"damage":4,"enemies":"Snake Plant","floor":28,"turns":3},{"damage":0,"enemies":"Snecko","floor":29,"turns":5},{"damage":4,"enemies":"downfall:FleeingMerchant","floor":30,"turns":4},{"damage":1,"enemies":"Centurion and Healer","floor":31,"turns":6},{"damage":0,"enemies":"Shelled Parasite and Fungi","floor":32,"turns":5},{"damage":43,"enemies":"DF_ARCHETYPE_CLAW","floor":33,"turns":8},{"damage":14,"enemies":"Orb Walker","floor":36,"turns":4},{"damage":0,"enemies":"3 Shapes","floor":37,"turns":5},{"damage":8,"enemies":"downfall:FleeingMerchant","floor":38,"turns":4},{"damage":31,"enemies":"3 Darklings","floor":39,"turns":6},{"damage":9,"enemies":"Spire Growth","floor":43,"turns":4},{"damage":1,"enemies":"Jaw Worm Horde","floor":45,"turns":4},{"damage":57,"enemies":"Reptomancer","floor":46,"turns":6},{"damage":19,"enemies":"Maw","floor":48,"turns":5},{"damage":11,"enemies":"Sphere and 2 Shapes","floor":49,"turns":9},{"damage":47,"enemies":"IC_BLOCK_ARCHETYPE","floor":50,"turns":8},{"damage":52,"enemies":"downfall:CharBossMerchant","floor":52,"turns":7},{"damage":21,"enemies":"downfall:NeowBoss","floor":55,"turns":15},{"damage":27,"enemies":"downfall:NeowBossFinal","floor":56,"turns":8}],"seed_played":"6297683435734308324","potions_obtained":[{"floor":2.0,"key":"bronze:BurnAndBuffPotion"},{"floor":12.0,"key":"EntropicBrew"},{"floor":14.0,"key":"AttackPotion"},{"floor":16,"key":"LiquidMemories"},{"floor":26,"key":"hexamod:SoulburnPotion"},{"floor":31,"key":"Slimebound:SlimyTonguePotion"},{"floor":32,"key":"DuplicationPotion"},{"floor":36,"key":"Slimebound:SlimyTonguePotion"},{"floor":43,"key":"Dexterity Potion"},{"floor":49,"key":"Dexterity Potion"},{"floor":52,"key":"CultistPotion"}],"is_trial":false,"path_per_floor":["R","M","M","?","M","R","T","M","R","E","?","M","?","E","M","B",null,"R","M","M","M","?","?","T","$","M","R","M","M","$","M","M","B",null,"R","M","M","$","M","R","T","?","M","R","M","E","?","M","M","B",null,"E","$","R","B","B",null],"character_chosen":"SLIMEBOUND","items_purchased":["Guardian:PocketSentry","Slimebound:SplitSpecialist","Slimebound:AcidTongue","Art of War"],"campfire_rested":0,"item_purchase_floors":[25,25,25,53],"current_hp_per_floor":[65,65,65,65,58,58,58,60,60,50,50,50,50,44,38,43,65,65,65,65,62,62,62,62,63,65,65,65,65,63,65,65,28,65,75,61,75,71,75,75,75,75,70,70,75,75,75,60,61,75,75,75,75,75,75,66],"gold":20,"neow_bonus":"ONE_RANDOM_RARE_CARD","is_daily":false,"chose_seed":false,"campfire_upgraded":8,"win_rate":0.0,"timestamp":1614314011,"path_taken":["R","M","M","?","M","R","T","M","R","E","?","?","?","E","M","BOSS","R","M","M","M","?","?","T","$","M","R","M","M","$","M","M","BOSS","R","M","M","$","M","R","T","?","?","R","?","E","?","?","M","BOSS","E","$","R","BOSS","BOSS"],"items_purchased_type":["Relic","Card","Card","Relic"],"build_version":"2020-12-22","purchased_purges":1,"victory":true,"max_hp_per_floor":[65,65,65,65,65,65,65,65,65,65,65,65,65,65,65,65,65,65,65,65,65,65,65,65,65,65,65,65,65,65,65,65,65,65,75,75,75,75,75,75,75,75,75,75,75,75,75,75,75,75,75,75,75,75,75,75],"card_choices":[{"not_picked":["Slimebound:GrowthPunch","Slimebound:DivideAndConquer"],"picked":"Slimebound:SplitLeeching","floor":2.0},{"not_picked":["Slimebound:ComboTackle","Slimebound:HauntingLick"],"picked":"Slimebound:RainOfGoop","floor":3.0},{"not_picked":["Slimebound:Recollect","Slimebound:SplitAcid"],"picked":"Slimebound:LivingWall","floor":5.0},{"not_picked":["Slimebound:SpikyOuterGoop","Slimebound:FinishingTackle","Slimebound:HauntingLick"],"picked":"SKIP","floor":8.0},{"not_picked":["Slimebound:DivideAndConquer","Slimebound:TongueLash"],"picked":"Slimebound:SplitLeeching","floor":10.0},{"not_picked":["Slimebound:RejuvenatingLick","Slimebound:PressTheAttack"],"picked":"Slimebound:Overexert","floor":12.0},{"not_picked":["Slimebound:LeechEnergy+1","Slimebound:DisruptingSlam+1","Slimebound:ServeAndProtect"],"picked":"SKIP","floor":14.0},{"not_picked":["Slimebound:GoopTackle+1","Slimebound:ItLooksTasty+1"],"picked":"Slimebound:SplitMire","floor":15.0},{"not_picked":["Slimebound:Teamwork","Slimebound:RallyTheTroops+1"],"picked":"Slimebound:SlimeSlap+1","floor":16},{"not_picked":["Slimebound:SlimeSpikes","Slimebound:RollThrough+1"],"picked":"Slimebound:LivingWall","floor":19},{"not_picked":["Slimebound:SplitLeeching","Slimebound:BestDefense"],"picked":"Slimebound:AcidTongue","floor":20},{"not_picked":["Slimebound:ComboTackle+1","Slimebound:SlimeBrawl+1"],"picked":"Slimebound:SamplingLick","floor":21},{"not_picked":["Slimebound:Nibble+1","Slimebound:GoopTackle+1","Slimebound:GrowthPunch+1"],"picked":"SKIP","floor":25},{"not_picked":["Slimebound:PressTheAttack+1","Slimebound:SplitSpecialist"],"picked":"Slimebound:DouseInSlime","floor":26},{"not_picked":["Slimebound:SplitMire","Slimebound:LeechingTouch+1"],"picked":"Slimebound:Prepare","floor":28},{"not_picked":["Slimebound:HauntingLick","Slimebound:RollThrough+1","Slimebound:ProtectTheBoss"],"picked":"SKIP","floor":29},{"not_picked":["Slimebound:AcidTongue","Slimebound:RollThrough+1"],"picked":"Slimebound:MassRepurpose","floor":30},{"not_picked":["Slimebound:LeechEnergy+1","Slimebound:SplitBruiser"],"picked":"Slimebound:SamplingLick+1","floor":31},{"not_picked":["Slimebound:ComboTackle+1","Slimebound:HauntingLick"],"picked":"Slimebound:LeadByExample","floor":32},{"not_picked":["Slimebound:RallyTheTroops+1","Slimebound:OneTwoCombo+1"],"picked":"Slimebound:LeechLife+1","floor":33},{"not_picked":["Slimebound:GoopTackle+1","Slimebound:SplitLeeching+1"],"picked":"Slimebound:GoopSpray+1","floor":36},{"not_picked":["Slimebound:SplitSpecialist","Slimebound:LeechEnergy+1"],"picked":"Slimebound:Prepare+1","floor":37},{"not_picked":["Slimebound:MegaLick","Slimebound:SlimeSpikes","Slimebound:LeechEnergy+1"],"picked":"SKIP","floor":38},{"not_picked":["Slimebound:Grow+1","Slimebound:WasteNot","Slimebound:FinishingTackle+1"],"picked":"SKIP","floor":39},{"not_picked":["Slimebound:GoopTackle+1","Slimebound:Gluttony"],"picked":"Slimebound:Equalize+1","floor":43},{"not_picked":["Slimebound:ItLooksTasty+1","Slimebound:PressTheAttack+1"],"picked":"Slimebound:Replication","floor":45},{"not_picked":["Slimebound:SlimeSpikes+1","Slimebound:SplitMire"],"picked":"Slimebound:SplitBruiser+1","floor":46},{"not_picked":["Slimebound:DisruptingSlam+1","Slimebound:RejuvenatingLick","Slimebound:LeechEnergy+1"],"picked":"SKIP","floor":48},{"not_picked":["Slimebound:ItLooksTasty+1","Slimebound:ForwardTackle+1"],"picked":"Slimebound:Prepare+1","floor":49},{"not_picked":["Slimebound:RollThrough+1","Slimebound:FinishingTackle+1"],"picked":"Slimebound:FirmFortitude","floor":52}],"player_experience":1833618,"relics_obtained":[{"floor":7.0,"key":"InkBottle"},{"floor":10.0,"key":"Bird Faced Urn"},{"floor":14.0,"key":"Molten Egg 2"},{"floor":41,"key":"Bag of Marbles"},{"floor":42,"key":"TungstenRod"},{"floor":46,"key":"Regal Pillow"},{"floor":52,"key":"Centennial Puzzle"}],"event_choices":[{"cards_removed":["Slimebound:Strike_Slimebound"],"damage_healed":0.0,"max_hp_gain":0.0,"max_hp_loss":0.0,"gold_gain":0.0,"event_name":"Bonfire Elementals","player_choice":"Offered Basic","floor":11.0,"gold_loss":0.0,"damage_taken":0.0},{"damage_healed":0,"gold_gain":0,"cards_transformed":["Slimebound:Strike_Slimebound","Slimebound:Strike_Slimebound"],"player_choice":"Became Test Subject","damage_taken":0,"max_hp_gain":0,"max_hp_loss":0,"event_name":"Drug Dealer","floor":23,"gold_loss":0,"cards_obtained":["Slimebound:DisruptingSlam","Slimebound:PressTheAttack"]},{"damage_healed":0,"gold_gain":0,"player_choice":"Relic","damage_taken":0,"max_hp_gain":0,"max_hp_loss":0,"event_name":"Wheel of Change","floor":42,"gold_loss":0}],"is_beta":false,"boss_relics":[{"not_picked":["energizedSpire:CursedPentagram","Runic Dome"],"picked":"energizedSpire:DeadBattery"},{"not_picked":["energizedSpire:RedRose","Pandora\u0027s Box"],"picked":"energizedSpire:SpiderWeb"}],"items_purged_floors":[25],"is_endless":false,"potions_floor_spawned":[2,12,14,16,19,26,28,29,31,32,36,43,45,48,49,52],"ascension_level":0}}