{"host":"k9djwzw02bmhn5cl","time":1614351108,"event":{"mods":["AchievementEnabler","BaseMod","Colored Map","Colored Powertips","Highlight Path","Minty Spire (QoL Compilation)","Quick Restart","Rare Cards Sparkle","StSLib"],"gold_per_floor":[117,292,310,322,335,335,361,361,361,361,361,376,390,390,390,390,390],"floor_reached":16,"language":"JPN","playtime":758,"items_purged":[],"score":102,"play_id":"603cc9a9-5297-4e96-9229-ccd11f4c1ebb","local_time":"20210226235148","is_ascension_mode":false,"campfire_choices":[{"data":"Perfected Strike","floor":6,"key":"SMITH"},{"data":"Thunderclap","floor":8,"key":"SMITH"},{"data":"Bash","floor":10,"key":"SMITH"},{"data":"Shrug It Off","floor":15,"key":"SMITH"}],"circlet_count":0,"master_deck":["Strike_R","Strike_R","Strike_R","Strike_R","Strike_R","Defend_R","Defend_R","Defend_R","Defend_R","Bash+1","Perfected Strike+1","Sentinel","Thunderclap+1","Impervious","Shrug It Off+1","Intimidate"],"relics":["Burning Blood","NeowsBlessing","Du-Vu Doll","Turnip"],"acts_visited":["Exordium"],"potions_floor_usage":[16,16],"damage_taken":[{"damage":0,"enemies":"2 Louse","floor":1,"turns":1},{"damage":0,"enemies":"Cultist","floor":3,"turns":1},{"damage":0,"enemies":"Small Slimes","floor":4,"turns":2},{"damage":13,"enemies":"3 Louse","floor":5,"turns":5},{"damage":29,"enemies":"3 Sentries","floor":7,"turns":9},{"damage":3,"enemies":"Large Slime","floor":12,"turns":5},{"damage":4,"enemies":"Exordium Wildlife","floor":13,"turns":3},{"damage":57,"enemies":"The Guardian","floor":16,"turns":12}],"seed_played":"-534179364896547728","potions_obtained":[{"floor":3,"key":"Block Potion"},{"floor":12,"key":"PowerPotion"}],"is_trial":false,"path_per_floor":["M","?","M","M","M","R","E","R","T","R","?","M","M","?","R","B"],"character_chosen":"IRONCLAD","items_purchased":[],"campfire_rested":0,"item_purchase_floors":[],"current_hp_per_floor":[80,80,80,80,73,73,50,50,50,50,43,46,48,53,53,0,0],"gold":390,"neow_bonus":"THREE_ENEMY_KILL","is_daily":false,"chose_seed":false,"campfire_upgraded":4,"win_rate":0.0,"timestamp":1614351108,"path_taken":["M","?","M","M","M","R","E","R","T","R","?","M","M","?","R","BOSS"],"items_purchased_type":[],"build_version":"2020-12-22","purchased_purges":0,"victory":false,"max_hp_per_floor":[80,80,80,80,80,80,80,80,80,80,80,80,80,80,80,80,80],"card_choices":[{"not_picked":["Headbutt","Dark Embrace"],"picked":"Armaments","floor":1},{"not_picked":["Twin Strike","Thunderclap"],"picked":"Perfected Strike","floor":3},{"not_picked":["Sword Boomerang","Dark Embrace"],"picked":"Sentinel","floor":4},{"not_picked":["Armaments","Shockwave"],"picked":"Thunderclap","floor":5},{"not_picked":["Pummel","Sword Boomerang"],"picked":"Impervious","floor":7},{"not_picked":["Thunderclap","True Grit"],"picked":"Shrug It Off","floor":12},{"not_picked":["Sentinel","Thunderclap"],"picked":"Intimidate","floor":13}],"player_experience":194468,"relics_obtained":[{"floor":7,"key":"Du-Vu Doll"},{"floor":9,"key":"Turnip"}],"event_choices":[{"damage_healed":0,"gold_gain":175,"player_choice":"AGREE","damage_taken":0,"max_hp_gain":0,"max_hp_loss":0,"event_name":"Liars Game","floor":2,"gold_loss":0,"cards_obtained":["Doubt"]},{"cards_removed":["Doubt"],"damage_healed":0,"gold_gain":0,"player_choice":"Card Removal","damage_taken":7,"max_hp_gain":0,"max_hp_loss":0,"event_name":"Golden Wing","floor":11,"gold_loss":0},{"cards_removed":["Armaments"],"damage_healed":5,"gold_gain":0,"player_choice":"Offered Common","damage_taken":0,"max_hp_gain":0,"max_hp_loss":0,"event_name":"Bonfire Elementals","floor":14,"gold_loss":0},{"cards_removed":["Armaments"],"damage_healed":5,"gold_gain":0,"player_choice":"Offered Special","damage_taken":0,"max_hp_gain":0,"max_hp_loss":0,"event_name":"Bonfire Elementals","floor":14,"gold_loss":0}],"is_beta":false,"boss_relics":[],"items_purged_floors":[],"is_endless":false,"potions_floor_spawned":[3,12],"killed_by":"The Guardian","ascension_level":0}}