{"host":"zu1swnxjkaahohqc","time":1614309024,"event":{"mods":["BaseMod","Minty Spire (QoL Compilation)","Replay The Spire","StSLib"],"gold_per_floor":[113,129,204,204,204,238,249,249,249,249,249,264,294,307,307,406,406,422,165,184,184,38,68,152,152,152,167,197,197,197,112,112,215,215,227,239,293,49,49,76,76,105,129,129,159,179,207,218,218,218],"floor_reached":51,"language":"ENG","playtime":2506,"items_purged":["Defend_R","Brutality+1"],"score":1336,"play_id":"310a3121-9e55-4576-a839-254195cba41c","local_time":"20210225221024","is_ascension_mode":true,"campfire_choices":[{"data":"Eruption","floor":8,"key":"SMITH"},{"data":"Perfected Strike","floor":11,"key":"SMITH"},{"floor":15,"key":"DIG"},{"floor":25,"key":"DIG"},{"data":"ReplayTheSpireMod:LeadingStrike","floor":29,"key":"SMITH"},{"data":"Double Tap","floor":32,"key":"SMITH"},{"floor":41,"key":"DIG"},{"data":"1","floor":44,"key":"LIFT"},{"floor":49,"key":"DIG"}],"circlet_count":0,"master_deck":["Strike_R+1","Strike_R","Strike_R+1","Strike_R","Defend_R","Defend_R+1","Perfected Strike+1","Eruption+1","Tantrum","Perfected Strike","Perfected Strike","Double Tap+1","Secret Weapon+1","Thunderclap","Spot Weakness","ReplayTheSpireMod:LeadingStrike+1","Perfected Strike","Perfected Strike+1"],"relics":["NeowsBlessing","Replay:M_SmolderingBlood","Replay:Accelerometer","Question Card","Shovel","Akabeko","Mark of Pain","ReplayTheSpireMod:TigerMarble","Oddly Smooth Stone","King of Hearts","Replay:Kaleidoscope","Whetstone","Self Forming Clay","Replay:Mystery Machine","Replay:Grab Bag","ChewingGum","Busted Crown","Replay:Drink Me","Another Sword","Guide Book","Blue Candle","Vajra","Girya","Regal Pillow","CeramicFish","Golden Egg","Pantograph"],"acts_visited":["Exordium","TheCity","TheBeyond"],"potions_floor_usage":[16,16,16,23,37,37],"damage_taken":[{"damage":0,"enemies":"Jaw Worm","floor":1,"turns":1},{"damage":0,"enemies":"2 Louse","floor":2,"turns":1},{"damage":0,"enemies":"3 Sentries","floor":6,"turns":2},{"damage":5,"enemies":"Small Slimes","floor":7,"turns":3},{"damage":8,"enemies":"Blue Slaver","floor":12,"turns":2},{"damage":11,"enemies":"Replay:BlueRogue","floor":13,"turns":2},{"damage":0,"enemies":"2 Fungi Beasts","floor":14,"turns":2},{"damage":26,"enemies":"The Guardian","floor":16,"turns":6},{"damage":0,"enemies":"2 Thieves","floor":18,"turns":1},{"damage":0,"enemies":"Spheric Guardian","floor":20,"turns":1},{"damage":0,"enemies":"Gremlin Leader","floor":23,"turns":1},{"damage":14,"enemies":"Centurion and Healer","floor":27,"turns":2},{"damage":0,"enemies":"Slavers","floor":28,"turns":2},{"damage":17,"enemies":"Automaton","floor":33,"turns":3},{"damage":0,"enemies":"3 Darklings","floor":35,"turns":2},{"damage":0,"enemies":"Orb Walker","floor":36,"turns":1},{"damage":16,"enemies":"2 Orb Walkers","floor":37,"turns":2},{"damage":0,"enemies":"R_Hoarder","floor":40,"turns":2},{"damage":0,"enemies":"Giant Head","floor":42,"turns":3},{"damage":0,"enemies":"Nemesis","floor":45,"turns":1},{"damage":0,"enemies":"Maw","floor":46,"turns":2},{"damage":0,"enemies":"R_Hoarder","floor":47,"turns":2},{"damage":4,"enemies":"4 Shapes","floor":48,"turns":1},{"damage":0,"enemies":"Time Eater","floor":50,"turns":1}],"seed_played":"-4300425890904585420","potions_obtained":[{"floor":1,"key":"Fire Potion"},{"floor":6,"key":"ColorlessPotion"},{"floor":13,"key":"BlessingOfTheForge"},{"floor":18,"key":"BlessingOfTheForge"},{"floor":20,"key":"Explosive Potion"},{"floor":23,"key":"Dexterity Potion"},{"floor":33,"key":"SkillPotion"},{"floor":45,"key":"Cursed Concoction"},{"floor":46,"key":"SpeedPotion"}],"is_trial":false,"path_per_floor":["M","M","?","?","?","E","M","R","T","?","R","M","E","M","R","B",null,"M","$","M","?","$","E","?","R","T","M","E","R","?","?","R","B",null,"M","M","?","$","?","E","R","E","T","R","E","M","E","M","R","B",null],"character_chosen":"IRONCLAD","items_purchased":["Secret Weapon","ReplayTheSpireMod:TigerMarble","Guide Book"],"campfire_rested":0,"item_purchase_floors":[19,22,38],"current_hp_per_floor":[80,80,69,69,62,62,57,57,57,57,57,49,38,38,38,12,80,80,80,80,80,80,80,80,80,80,66,66,66,66,66,66,49,60,60,60,44,44,44,54,54,54,54,54,54,54,54,50,50,60],"gold":218,"neow_bonus":"THREE_ENEMY_KILL","is_daily":false,"chose_seed":false,"campfire_upgraded":4,"win_rate":0.0,"timestamp":1614309024,"path_taken":["M","M","?","?","?","E","M","R","T","?","R","M","E","M","R","BOSS","M","$","M","?","$","E","?","R","T","M","E","R","?","?","R","BOSS","M","M","?","$","?","E","R","E","T","R","E","M","E","?","R","BOSS"],"items_purchased_type":["Card","Relic","Relic"],"build_version":"2020-12-13","purchased_purges":2,"victory":true,"max_hp_per_floor":[80,80,80,80,80,80,80,80,80,80,80,80,80,80,80,80,80,80,80,80,80,80,80,80,80,80,80,80,80,80,80,80,80,60,60,60,60,60,60,60,60,60,60,60,60,60,60,60,60,60],"card_choices":[{"not_picked":["Flame Barrier","Headbutt"],"picked":"Sword Boomerang","floor":1},{"not_picked":["Battle Trance","True Grit"],"picked":"Perfected Strike","floor":2},{"not_picked":["Infernal Blade","Ghostly Armor"],"picked":"Tantrum","floor":6},{"not_picked":["Shrug It Off","Sentinel","Flame Barrier"],"picked":"SKIP","floor":7},{"not_picked":["Clothesline","Blood for Blood","Double Tap"],"picked":"Perfected Strike","floor":12},{"not_picked":["ReplayTheSpireMod:Muscle Training","Hemogenesis","Iron Wave"],"picked":"FollowUp","floor":13},{"not_picked":["True Grit","Battle Trance","Cleave"],"picked":"Perfected Strike","floor":14},{"not_picked":["Ragnarok","Hemogenesis","Corruption"],"picked":"Double Tap","floor":16},{"not_picked":["True Grit","Armaments","Run Through","Defy Death"],"picked":"SKIP","floor":18},{"not_picked":["Rage","Headbutt","Flex","ReplayReversal+1"],"picked":"SKIP","floor":20},{"not_picked":["Iron Wave+1","Power Through","Cleave"],"picked":"Thunderclap","floor":23},{"not_picked":["Uppercut","ReplayTheSpireMod:Strike From Hell+1","Evolve"],"picked":"Spot Weakness","floor":24},{"not_picked":["Perfected Strike","Warcry","Flame Barrier","Second Wind"],"picked":"SKIP","floor":27},{"not_picked":["Whirlwind+1","Juggernaut","Sword Boomerang"],"picked":"ReplayTheSpireMod:LeadingStrike","floor":28},{"not_picked":["Demon Form","Exhume","Limit Break"],"picked":"Brutality","floor":33},{"not_picked":["Sword Boomerang"],"picked":"Perfected Strike+1","floor":35},{"not_picked":["Run Through+1","Cleave+1"],"picked":"SKIP","floor":36},{"not_picked":["Flex","Replay:Undeath\u0027s Touch+1"],"picked":"SKIP","floor":40},{"not_picked":["Thunderclap+1","Havoc+1"],"picked":"SKIP","floor":42},{"not_picked":["Intimidate","Feel No Pain+1"],"picked":"SKIP","floor":45},{"not_picked":["Exhume","Reckless Charge"],"picked":"SKIP","floor":46},{"not_picked":["True Grit","Armaments"],"picked":"SKIP","floor":47},{"not_picked":["Anger+1","Heavy Blade"],"picked":"SKIP","floor":48}],"player_experience":34276,"relics_obtained":[{"floor":6,"key":"Replay:Accelerometer"},{"floor":9,"key":"Question Card"},{"floor":13,"key":"Shovel"},{"floor":15,"key":"Akabeko"},{"floor":23,"key":"Oddly Smooth Stone"},{"floor":24,"key":"King of Hearts"},{"floor":25,"key":"Replay:Kaleidoscope"},{"floor":26,"key":"Whetstone"},{"floor":28,"key":"Self Forming Clay"},{"floor":37,"key":"Another Sword"},{"floor":40,"key":"Blue Candle"},{"floor":41,"key":"Vajra"},{"floor":42,"key":"Girya"},{"floor":43,"key":"Regal Pillow"},{"floor":45,"key":"CeramicFish"},{"floor":47,"key":"Golden Egg"},{"floor":49,"key":"Pantograph"}],"event_choices":[{"damage_healed":0,"gold_gain":75,"player_choice":"Gather Gold","damage_taken":11,"max_hp_gain":0,"max_hp_loss":0,"event_name":"World of Goop","floor":3,"gold_loss":0},{"cards_removed":["Strike_R"],"damage_healed":0,"gold_gain":0,"player_choice":"Card Removal","damage_taken":7,"max_hp_gain":0,"max_hp_loss":0,"event_name":"Golden Wing","floor":5,"gold_loss":0},{"damage_healed":0,"gold_gain":0,"player_choice":"Ignored","damage_taken":0,"max_hp_gain":0,"max_hp_loss":0,"event_name":"Vampires","floor":21,"gold_loss":0},{"damage_healed":0,"gold_gain":0,"player_choice":"Read","damage_taken":0,"max_hp_gain":0,"max_hp_loss":0,"event_name":"The Library","floor":30,"gold_loss":0,"cards_obtained":["Perfected Strike"]},{"damage_healed":0,"gold_gain":0,"player_choice":"Obtained Relic","damage_taken":0,"relics_obtained":["Replay:Mystery Machine"],"max_hp_gain":0,"max_hp_loss":0,"event_name":"Addict","floor":31,"gold_loss":85},{"damage_healed":0,"gold_gain":0,"player_choice":"Fight","damage_taken":0,"max_hp_gain":0,"max_hp_loss":0,"event_name":"Mysterious Sphere","floor":37,"gold_loss":0},{"damage_healed":0,"gold_gain":0,"player_choice":"Ignored","damage_taken":0,"max_hp_gain":0,"max_hp_loss":0,"event_name":"SecretPortal","floor":39,"gold_loss":0}],"is_beta":false,"boss_relics":[{"not_picked":["Black Star","Runic Cube"],"picked":"Mark of Pain"},{"not_picked":["Ring of Chaos","Runic Pyramid"],"picked":"Replay:Grab Bag"},{"not_picked":["Cursed Key","ReplayTheSpireMod:Onyx Gauntlets"],"picked":"ChewingGum"},{"not_picked":["Velvet Choker","Replay:Bronze Core"],"picked":"Busted Crown"},{"not_picked":["Snecko Eye","Pandora\u0027s Box"],"picked":"Replay:Drink Me"}],"items_purged_floors":[19,38],"is_endless":false,"potions_floor_spawned":[1,6,13,18,20,23,33,36,45,46,48],"ascension_level":4}}