{"host":"qhbbxt9nia1s4hz5","time":1614369113,"event":{"mods":["2.2 Compatiblity","Act Like it!","AlwaysNeverKeys","Aya Shameimaru","BaseMod","Better Altar","Better Match","Better Note","Better Sensory Stone","Better Skull","Better Third Choice","Better Vampires","BetterRewards","Block Reminder","Booster Modes","Colored Map","Colored Powertips","Displayed Cursed Tome","Emptier Cage","Energized Spire","Faster Ascension Climbing","Friendly Minions","Gensokyo","GifTheSpireLib","Gold Saver","Infinite Spire","Minty Spire (QoL Compilation)","Permanent Neow","Rare Cards Sparkle","Relic Filter","Reliquary","Replay The Spire","Ruina","Shop Mod","StSLib"],"gold_per_floor":[990,990,915,928,226,245,245,245,245,258,258,273,72,91,91,194,194,211,27,27,46,261,261,261,261,309,134,146,226,226,26,26,131,131,151,228,228,334,346,346,357,357,380,394,394,169,169,169,169,169,169,169,26,59,59],"floor_reached":56,"language":"ENG","playtime":5031,"items_purged":["shameimaru:Defend","shameimaru:Defend","shameimaru:Defend","shameimaru:PlayfulTaunt","shameimaru:Defend","shameimaru:Strike","shameimaru:Strike"],"score":1206,"play_id":"5962ee48-f136-4f7a-b054-9751ce611141","local_time":"20210226215153","is_ascension_mode":false,"campfire_choices":[{"data":"Apotheosis","floor":8.0,"key":"SMITH"},{"data":"shameimaru:AdverseWind","floor":11.0,"key":"SMITH"},{"data":"shameimaru:Preparation","floor":15.0,"key":"SMITH"},{"floor":23.0,"key":"REST"},{"data":"ruina:Smile","floor":25.0,"key":"SMITH"},{"data":"ruina:HomingInstinct","floor":32.0,"key":"SMITH"},{"floor":40.0,"key":"REST"},{"data":"shameimaru:FranticSearch","floor":42.0,"key":"SMITH"},{"data":"shameimaru:Preparation","floor":49.0,"key":"SMITH"}],"circlet_count":0,"master_deck":["shameimaru:Strike","shameimaru:Strike","shameimaru:SnapshotStrike","shameimaru:GaleBullet","shameimaru:AdverseWind+1","shameimaru:Preparation+1","shameimaru:GuidingBreeze","shameimaru:InstantShotJournalist","Dramatic Entrance","shameimaru:GustFan","shameimaru:Opportunity","Apotheosis+1","shameimaru:FlutteringFeyFan","shameimaru:Preparation+1","shameimaru:AirSlash","shameimaru:Persuade","shameimaru:MountainProcession+1","shameimaru:AirSlash","ruina:Smile+1","shameimaru:FranticSearch+1","shameimaru:Photoshoot","ruina:HomingInstinct+1","shameimaru:EvasiveForm+1","shameimaru:ForseenReaction","shameimaru:HurricaneOfFreedom+1","shameimaru:HurricaneOfFreedom+1"],"relics":["shameimaru:blackbirdfeather","TungstenRod","Blood Vial","Tiny Chest","Mercury Hourglass","Strawberry","Chameleon Ring","energizedSpire:RedRose","reliquary:Boomerang","reliquary:GummyVitamins","Bronze Scales","energizedSpire:DeadBattery","infinitespire:CheckeredPen","reliquary:FerryPass","Happy Flower","Ancient Tea Set","reliquary:JackalopeAntler","reliquary:TatteredRug","Guide Book","Pet Ghost"],"acts_visited":["Gensokyo:Gensokyo","ruina:Briah","Gensokyo:Gensokyoest","TheEnding"],"potions_floor_usage":[55,55,55],"damage_taken":[{"damage":0.0,"enemies":"Gensokyo:Python","floor":1.0,"turns":3.0},{"damage":0.0,"enemies":"Gensokyo:Gryphon","floor":4.0,"turns":3.0},{"damage":0.0,"enemies":"Gensokyo:2_Kodama","floor":6.0,"turns":2.0},{"damage":0.0,"enemies":"Gensokyo:5_Fairies","floor":10.0,"turns":2.0},{"damage":0.0,"enemies":"Gensokyo:Python_and_Kodama","floor":12.0,"turns":2.0},{"damage":0.0,"enemies":"Gensokyo:3_Kodama","floor":14.0,"turns":2.0},{"damage":19.0,"enemies":"Gensokyo:Reimu","floor":16.0,"turns":4.0},{"damage":11.0,"enemies":"ruina:BadWolf","floor":18.0,"turns":3.0},{"damage":0.0,"enemies":"ruina:3_Bats","floor":21.0,"turns":1.0},{"damage":0.0,"enemies":"ruina:QueenOfHate","floor":28.0,"turns":2.0},{"damage":10.0,"enemies":"ruina:Red_and_Wolf","floor":33.0,"turns":4.0},{"damage":0.0,"enemies":"Gensokyo:3_Boulders","floor":35.0,"turns":2.0},{"damage":0.0,"enemies":"Gensokyo:AncientGuardian","floor":39.0,"turns":2.0},{"damage":0.0,"enemies":"Gensokyo:AtlasGolem","floor":41.0,"turns":1.0},{"damage":0.0,"enemies":"Gensokyo:4_Bats","floor":44.0,"turns":1.0},{"damage":0.0,"enemies":"Gensokyo:Shinki","floor":50.0,"turns":5.0},{"damage":0,"enemies":"Shield and Spear","floor":54,"turns":3},{"damage":0,"enemies":"The Heart","floor":55,"turns":6}],"seed_played":"-6568286859473475548","potions_obtained":[{"floor":1.0,"key":"BlessingOfTheForge"},{"floor":14.0,"key":"FearPotion"},{"floor":33.0,"key":"SteroidPotion"},{"floor":35.0,"key":"Adrenaline Potion"},{"floor":41.0,"key":"Languid Potion"},{"floor":52,"key":"Ancient Potion"},{"floor":52,"key":"Dexterity Potion"},{"floor":54,"key":"Block Potion"}],"is_trial":false,"path_per_floor":["M","?","?","M","$","M","?","R","T","M","R","M","$","M","R","B",null,"M","$","?","M","?","R","T","R","T","$","M","?","?","$","R","B",null,"M","T","COS","?","M","R","M","R","T","M","T","$","T","?","R_BF","B",null,"R","$","E","B",null],"character_chosen":"AYA","items_purchased":["shameimaru:GaleBullet","shameimaru:AdverseWind","shameimaru:Preparation","TungstenRod","Fruit Juice","Blood Vial","shameimaru:GuidingBreeze","Tiny Chest","Mercury Hourglass","Apotheosis","shameimaru:Persuade","ruina:Smile","Guide Book"],"campfire_rested":2,"item_purchase_floors":[0,0,0,0,0,0,0,5,5,5,13,19,53],"current_hp_per_floor":[85,85,85,85,85,85,83,83,83,85,85,87,87,89,89,72,92,81,81,81,83,50,77,77,77,77,77,79,79,79,79,79,71,85,85,85,85,46,48,73,75,75,75,77,77,77,77,77,77,79,85,85,85,85,85],"gold":59,"neow_bonus":"","is_daily":false,"chose_seed":false,"campfire_upgraded":7,"win_rate":0.0,"timestamp":1614369113,"path_taken":["M","?","?","M","$","M","?","R","T","M","R","M","$","M","R","BOSS","M","$","?","M","?","R","?","R","T","$","M","?","?","?","R","BOSS","M","?","COS","?","?","R","M","R","T","M","?","$","?","?","R_BF","BOSS","R","$","E","BOSS"],"items_purchased_type":["Card","Card","Card","Relic","Potion","Relic","Card","Relic","Relic","Card","Card","Card","Relic"],"build_version":"2020-12-22","purchased_purges":7,"victory":true,"max_hp_per_floor":[85,85,85,85,85,85,92,92,92,92,92,92,92,92,92,92,92,92,92,92,92,92,92,92,92,92,92,92,92,85,85,85,85,85,85,85,85,85,85,85,85,85,85,85,85,85,85,85,85,85,85,85,85,85,85],"card_choices":[{"not_picked":["shameimaru:PeerlessWind","shameimaru:BlindingSpeed"],"picked":"shameimaru:InstantShotJournalist","floor":1.0},{"not_picked":["Survey Options","Replay:Sssssssssstrike"],"picked":"Dramatic Entrance","floor":3.0},{"not_picked":["shameimaru:WhispersOfTheWind","shameimaru:LoadedStatement"],"picked":"shameimaru:GustFan","floor":3.0},{"not_picked":["shameimaru:QuickReporting","shameimaru:Galeforce"],"picked":"shameimaru:Opportunity","floor":4.0},{"not_picked":["shameimaru:AirCutter","shameimaru:HitAndRun"],"picked":"shameimaru:FlutteringFeyFan","floor":6.0},{"not_picked":["shameimaru:Foresight","shameimaru:BlindingSpeed"],"picked":"shameimaru:Preparation","floor":10.0},{"not_picked":["shameimaru:PressRelease","shameimaru:GustFan"],"picked":"shameimaru:AirSlash","floor":12.0},{"not_picked":["shameimaru:CoerciveReport","shameimaru:BreezeOfReminiscence","shameimaru:WhispersOfTheWind"],"picked":"SKIP","floor":14.0},{"not_picked":["shameimaru:PhotoAlbum","shameimaru:ClangingWindchime"],"picked":"shameimaru:MountainProcession","floor":16.0},{"not_picked":["shameimaru:Preparation","shameimaru:DashingGrace+1"],"picked":"shameimaru:AirSlash","floor":18.0},{"not_picked":["shameimaru:Galeforce","shameimaru:GatherEvidence"],"picked":"shameimaru:FranticSearch","floor":21.0},{"not_picked":["shameimaru:Preparation+1","shameimaru:Foresight+1"],"picked":"shameimaru:Photoshoot","floor":28.0},{"not_picked":["ruina:Lumber","ruina:Harvest"],"picked":"ruina:HomingInstinct","floor":30.0},{"not_picked":["shameimaru:MountainProcession","shameimaru:OpeningWindAdvent"],"picked":"shameimaru:EvasiveForm","floor":33.0},{"not_picked":["shameimaru:Photocopier","shameimaru:DashingGrace"],"picked":"shameimaru:ForseenReaction","floor":35.0},{"not_picked":["shameimaru:LibraryResearch+1","shameimaru:SuddenOutburst","shameimaru:OverclockedCamera"],"picked":"SKIP","floor":39.0},{"not_picked":["shameimaru:EvasiveManeuver+1","shameimaru:CandidShot+1"],"picked":"shameimaru:HurricaneOfFreedom+1","floor":41.0},{"not_picked":["shameimaru:DoctoredImage","shameimaru:SkywardSonnet"],"picked":"shameimaru:HurricaneOfFreedom+1","floor":44.0},{"not_picked":["shameimaru:GuidingBreeze","shameimaru:AirCutter","shameimaru:BlindingSpeed"],"picked":"SKIP","floor":54}],"player_experience":870114,"relics_obtained":[{"floor":9.0,"key":"Chameleon Ring"},{"floor":24.0,"key":"reliquary:GummyVitamins"},{"floor":26.0,"key":"Bronze Scales"},{"floor":36.0,"key":"infinitespire:CheckeredPen"},{"floor":43.0,"key":"Ancient Tea Set"},{"floor":45.0,"key":"reliquary:JackalopeAntler"},{"floor":47.0,"key":"reliquary:TatteredRug"},{"floor":54,"key":"Pet Ghost"}],"event_choices":[{"damage_healed":0.0,"max_hp_gain":0.0,"max_hp_loss":0.0,"gold_gain":0.0,"event_name":"betterMatch:BetterMatch","player_choice":"1","floor":3.0,"gold_loss":0.0,"damage_taken":0.0,"cards_obtained":["betterMatch:ColorlessUncommonCard","betterMatch:CommonCard"]},{"damage_healed":0.0,"max_hp_gain":0.0,"max_hp_loss":0.0,"gold_gain":215.0,"event_name":"betterSkull:BetterSkull","player_choice":"GO GO RE ","floor":22.0,"gold_loss":0.0,"damage_taken":41.0,"cards_upgraded":[],"relics_obtained":["reliquary:Boomerang"]},{"damage_healed":0.0,"max_hp_gain":0.0,"max_hp_loss":0.0,"gold_gain":106.0,"event_name":"betterSkull:BetterSkull","player_choice":"GO RE RE ","floor":38.0,"gold_loss":0.0,"damage_taken":48.0,"cards_upgraded":[],"relics_obtained":["reliquary:FerryPass","Happy Flower"]}],"is_beta":false,"boss_relics":[{"not_picked":["Replay:Ancient Bell","reliquary:Ember"],"picked":"energizedSpire:RedRose"},{"not_picked":["Runic Pyramid","energizedSpire:SpiderWeb"],"picked":"energizedSpire:DeadBattery"}],"items_purged_floors":[0,0,5,13,27,31,46],"is_endless":false,"potions_floor_spawned":[1,14,33,35,41,54],"ascension_level":0}}