{"host":"kvo7eymyd21g9abd","time":1614377372,"event":{"mods":["AchievementEnabler","BaseMod","Bestiary","Colored Map","Minty Spire (QoL Compilation)","StSLib"],"gold_per_floor":[110,110,110,120,120,147,147,147,147,147,2,30,30,60,60,161,161,173,191,211,211,211],"floor_reached":21,"language":"ENG","playtime":551,"items_purged":[],"score":244,"play_id":"d185f68e-307c-4b1e-b43b-ca4f878c0c9e","local_time":"20210226170932","is_ascension_mode":true,"campfire_choices":[{"floor":7,"key":"RECALL"},{"floor":10,"key":"REST"},{"floor":15,"key":"REST"}],"circlet_count":0,"master_deck":["Strike_B","Strike_B","Strike_B","Strike_B","Defend_B","Defend_B","Defend_B","Defend_B","Zap+1","Dualcast","Gash","Gash","Steam","Gash","Go for the Eyes","Leap","Zap","Echo Form","All For One","Hologram","Redo","Echo Form"],"relics":["Cracked Core","Centennial Puzzle","Bird Faced Urn","Matryoshka","Symbiotic Virus","Blood Vial","Inserter"],"acts_visited":["Exordium","TheCity"],"potions_floor_usage":[14],"damage_taken":[{"damage":0,"enemies":"2 Louse","floor":1,"turns":1},{"damage":0,"enemies":"Cultist","floor":4,"turns":3},{"damage":37,"enemies":"Gremlin Nob","floor":6,"turns":5},{"damage":24,"enemies":"3 Sentries","floor":12,"turns":7},{"damage":24,"enemies":"Gremlin Nob","floor":14,"turns":4},{"damage":25,"enemies":"Hexaghost","floor":16,"turns":7},{"damage":18,"enemies":"Shell Parasite","floor":18,"turns":4},{"damage":18,"enemies":"Spheric Guardian","floor":19,"turns":4},{"damage":20,"enemies":"Centurion and Healer","floor":20,"turns":5},{"damage":24,"enemies":"3 Cultists","floor":21,"turns":3}],"seed_played":"7790892050515783703","potions_obtained":[{"floor":4,"key":"EssenceOfDarkness"},{"floor":16,"key":"ColorlessPotion"},{"floor":18,"key":"Strength Potion"}],"is_trial":false,"path_per_floor":["M","$","?","M","?","E","R","?","T","R","$","E","?","E","R","B",null,"M","M","M","M"],"character_chosen":"DEFECT","items_purchased":["Regen Potion","Gash","Go for the Eyes"],"campfire_rested":2,"item_purchase_floors":[11,11,11],"current_hp_per_floor":[75,75,75,75,75,38,38,38,38,60,60,36,36,21,43,22,62,48,32,16,0,0],"gold":211,"neow_bonus":"RANDOM_COMMON_RELIC","is_daily":false,"chose_seed":false,"campfire_upgraded":0,"win_rate":0.0,"timestamp":1614377372,"path_taken":["M","$","?","?","?","E","R","?","T","R","$","E","?","E","R","BOSS","M","?","M","?"],"items_purchased_type":["Potion","Card","Card"],"build_version":"2020-12-22","purchased_purges":0,"victory":false,"max_hp_per_floor":[75,75,75,75,75,75,75,75,75,75,75,75,75,75,75,75,75,75,75,75,75,75],"card_choices":[{"not_picked":["Redo","Rebound"],"picked":"Gash","floor":1},{"not_picked":["Streamline","Sunder"],"picked":"Gash","floor":4},{"not_picked":["Barrage","Capacitor"],"picked":"Steam","floor":6},{"not_picked":["Recycle","Cold Snap"],"picked":"Leap","floor":12},{"not_picked":["Go for the Eyes","Capacitor"],"picked":"Echo Form","floor":14},{"not_picked":["Creative AI","Thunder Strike"],"picked":"All For One","floor":16},{"not_picked":["Rebound","Static Discharge"],"picked":"Hologram","floor":18},{"not_picked":["Rebound","Doom and Gloom"],"picked":"Redo","floor":19},{"not_picked":["Rebound","Ball Lightning"],"picked":"Echo Form","floor":20}],"player_experience":479218,"relics_obtained":[{"floor":6,"key":"Bird Faced Urn"},{"floor":9,"key":"Matryoshka"},{"floor":12,"key":"Symbiotic Virus"},{"floor":14,"key":"Blood Vial"}],"event_choices":[{"damage_healed":0,"gold_gain":0,"player_choice":"Upgraded","damage_taken":0,"max_hp_gain":0,"max_hp_loss":0,"event_name":"Upgrade Shrine","floor":3,"gold_loss":0,"cards_upgraded":["Zap"]},{"damage_healed":0,"gold_gain":0,"player_choice":"Leave","damage_taken":0,"max_hp_gain":0,"max_hp_loss":0,"event_name":"The Cleric","floor":5,"gold_loss":0},{"damage_healed":0,"gold_gain":0,"player_choice":"Ignored","damage_taken":0,"max_hp_gain":0,"max_hp_loss":0,"event_name":"Shining Light","floor":8,"gold_loss":0},{"damage_healed":0,"gold_gain":0,"player_choice":"1 cards matched","damage_taken":0,"max_hp_gain":0,"max_hp_loss":0,"event_name":"Match and Keep!","floor":13,"gold_loss":0,"cards_obtained":["Zap"]}],"is_beta":false,"boss_relics":[{"not_picked":["Busted Crown","Velvet Choker"],"picked":"Inserter"}],"items_purged_floors":[],"is_endless":false,"potions_floor_spawned":[4,16,18],"killed_by":"3 Cultists","ascension_level":5}}