{"host":"jl15pmpb41l0mhji","time":1614374503,"event":{"mods":["2.2 Compatiblity","AchievementEnabler","BaseMod","Better Altar","Better Match","Better Note","Better Sensory Stone","Better Skull","Better Third Choice","Better Vampires","Colored Map","Displayed Cursed Tome","Emptier Cage","Hermit","Highlight Path","Minty Spire (QoL Compilation)","Permanent Neow","Random Character Button","Relic Stats","Shade Mod","Spicy Shops","StSLib","The Bug Knight","The Hierophant","The Marked","TheSurvivalist","TheVacant"],"gold_per_floor":[117,67,77,191,201,233,233,267,267,267,29,47,63,81,81,184,184,194,205,205,205,205,239,239,250,276,376,394,405,405,71,71,169,169,188,71,84,97,31,31,31,47,119,119,131,148,148,148],"floor_reached":47,"language":"ENG","playtime":2915,"items_purged":["theMarked:Strike","Decay"],"score":459,"play_id":"327c1ec2-0e9e-4da0-94bd-c4ca26207300","local_time":"20210226152143","is_ascension_mode":false,"campfire_choices":[{"data":"theMarked:Toughness","floor":7,"key":"SMITH"},{"data":"theMarked:RogueSparks","floor":15,"key":"SMITH"},{"data":"theMarked:SoldierOfQuellstein","floor":24,"key":"SMITH"},{"floor":30,"key":"REST"},{"data":"theMarked:TwofoldDefense","floor":32,"key":"SMITH"},{"floor":40,"key":"REST"},{"data":"hermit:FlashPowder","floor":44,"key":"SMITH"}],"circlet_count":0,"master_deck":["theMarked:Strike","theMarked:Strike","theMarked:Defend","theMarked:Defend","theMarked:Defend","theMarked:Defend","theMarked:SoldierOfQuellstein+1","theMarked:ParalyzingBlade+1","theMarked:EmpowerWeapon","theMarked:EmpowerWeapon","theMarked:Toughness+1","theMarked:RogueSparks+1","theMarked:Improvise","theMarked:Overcharge","theMarked:EternalStudent","theMarked:SwordAndMagic","theMarked:FavorableWinds","Finesse","Blind","theMarked:TwofoldDefense+1","Good Instincts","survmod:SwiftKick","hermit:FlashPowder+1","Trip","hermit:Desperado+1","theMarked:TwofoldDefense+1"],"relics":["theMarked:BronzeBlade","Orichalcum","The Courier","Boot","theMarked:Winder","Lantern","Nunchaku","PrismaticShard","Philosopher\u0027s Stone","Omamori","Eternal Feather"],"acts_visited":["Exordium","TheCity","TheBeyond"],"potions_floor_usage":[8,16,16,25,33,33],"damage_taken":[{"damage":0,"enemies":"Cultist","floor":1,"turns":3},{"damage":0,"enemies":"2 Louse","floor":3,"turns":3},{"damage":0,"enemies":"Small Slimes","floor":5,"turns":3},{"damage":15,"enemies":"HollowMod:MossKnight","floor":6,"turns":7},{"damage":5,"enemies":"Gremlin Nob","floor":8,"turns":4},{"damage":0,"enemies":"Red Slaver","floor":12,"turns":4},{"damage":2,"enemies":"Large Slime","floor":13,"turns":5},{"damage":0,"enemies":"Looter","floor":14,"turns":1},{"damage":4,"enemies":"Hexaghost","floor":16,"turns":8},{"damage":4,"enemies":"Shell Parasite","floor":18,"turns":3},{"damage":4,"enemies":"Spheric Guardian","floor":19,"turns":3},{"damage":20,"enemies":"HollowMod:Nosk","floor":23,"turns":5},{"damage":19,"enemies":"Snake Plant","floor":25,"turns":4},{"damage":2,"enemies":"Cultist and Chosen","floor":28,"turns":4},{"damage":8,"enemies":"3 Cultists","floor":29,"turns":4},{"damage":31,"enemies":"Collector","floor":33,"turns":8},{"damage":33,"enemies":"3 Darklings","floor":35,"turns":5},{"damage":5,"enemies":"3 Shapes","floor":37,"turns":3},{"damage":27,"enemies":"Writhing Mass","floor":38,"turns":4},{"damage":15,"enemies":"3 Darklings","floor":42,"turns":4},{"damage":22,"enemies":"4 Shapes","floor":45,"turns":4},{"damage":30,"enemies":"Sphere and 2 Shapes","floor":46,"turns":5},{"damage":12,"enemies":"Jaw Worm Horde","floor":47,"turns":2}],"seed_played":"-8356789651744981918","potions_obtained":[{"floor":1,"key":"SteroidPotion"},{"floor":3,"key":"Strength Potion"},{"floor":13,"key":"Block Potion"},{"floor":23,"key":"Dexterity Potion"},{"floor":28,"key":"FearPotion"},{"floor":29,"key":"EssenceOfSteel"},{"floor":35,"key":"SpeedPotion"},{"floor":42,"key":"Weak Potion"}],"is_trial":false,"path_per_floor":["M","?","M","?","M","E","R","E","T","?","$","M","M","M","R","B",null,"M","M","?","?","?","E","R","M","T","?","M","M","R","$","R","B",null,"M","$","M","M","$","R","?","M","T","R","M","M","M"],"character_chosen":"THE_DEFAULT","items_purchased":["theMarked:RogueSparks","theMarked:Winder","Finesse","Blind","PrismaticShard","theMarked:TwofoldDefense","Good Instincts","Omamori","Trip"],"campfire_rested":2,"item_purchase_floors":[11,11,31,31,31,31,36,36,39],"current_hp_per_floor":[72,72,72,63,63,48,48,43,43,43,43,43,41,41,41,37,72,68,64,64,64,64,44,44,25,25,25,23,15,36,36,36,5,72,39,39,34,7,7,28,63,48,48,60,38,8,0,0],"gold":148,"neow_bonus":"REMOVE_CARD","is_daily":false,"chose_seed":false,"campfire_upgraded":5,"win_rate":0.0,"timestamp":1614374503,"path_taken":["M","?","M","?","?","E","R","E","T","?","?","M","M","M","R","BOSS","M","M","?","?","?","E","R","?","T","?","M","M","R","$","R","BOSS","M","$","?","M","$","R","?","M","T","R","M","M","M"],"items_purchased_type":["Card","Relic","Card","Card","Relic","Card","Card","Relic","Card"],"build_version":"2020-12-22","purchased_purges":2,"victory":false,"max_hp_per_floor":[72,72,72,72,72,72,72,72,72,72,72,72,72,72,72,72,72,72,72,72,72,72,72,72,72,72,72,72,72,72,72,72,72,72,72,72,72,72,72,72,63,63,63,63,63,63,63,63],"relic_stats":{"Nunchaku":[6],"counters":[23,96],"Eternal Feather":12,"Orichalcum":[60],"Boot":[7],"obtain_stats":[{"theMarked:ArtifactOfAir":0,"Lantern":23,"Nunchaku":26,"Philosopher\u0027s Stone":34,"Eternal Feather":43,"The Courier":8,"theMarked:BronzeBlade":17,"Omamori":36,"Orichalcum":6,"theMarked:Winder":11,"Boot":9,"PrismaticShard":31},{"theMarked:ArtifactOfAir":0,"Lantern":12,"Nunchaku":13,"Philosopher\u0027s Stone":16,"Eternal Feather":20,"The Courier":5,"theMarked:BronzeBlade":9,"Omamori":17,"Orichalcum":4,"theMarked:Winder":5,"Boot":5,"PrismaticShard":15},{"theMarked:ArtifactOfAir":0,"Lantern":49,"Nunchaku":53,"Philosopher\u0027s Stone":69,"Eternal Feather":85,"The Courier":20,"theMarked:BronzeBlade":38,"Omamori":74,"Orichalcum":16,"theMarked:Winder":20,"Boot":20,"PrismaticShard":61}]},"card_choices":[{"not_picked":["theMarked:HeightenedSenses","theMarked:Aftermath"],"picked":"theMarked:ParalyzingBlade","floor":1},{"not_picked":["theMarked:SwordAndMagic","theMarked:ShockingTouch"],"picked":"theMarked:EmpowerWeapon","floor":3},{"not_picked":["theMarked:ElectricStrings","theMarked:SwordAndMagic"],"picked":"theMarked:EmpowerWeapon","floor":5},{"not_picked":["theMarked:Parkour","theMarked:SwordAndMagic"],"picked":"theMarked:Toughness","floor":6},{"not_picked":["theMarked:Polarize","theMarked:Seal","theMarked:Memento"],"picked":"SKIP","floor":8},{"not_picked":["theMarked:TakeCover","theMarked:SelfDefenseTraining"],"picked":"theMarked:Improvise","floor":12},{"not_picked":["theMarked:ParalyzingBlade","theMarked:TunnelVision"],"picked":"theMarked:Overcharge","floor":13},{"not_picked":["theMarked:HeightenedSenses","theMarked:Static","theMarked:GodGivenPower"],"picked":"SKIP","floor":14},{"not_picked":["theMarked:MagusForm","theMarked:BindingBlade"],"picked":"theMarked:EternalStudent","floor":16},{"not_picked":["theMarked:BanishingWave","theMarked:Improvise","theMarked:Frustration+1"],"picked":"SKIP","floor":18},{"not_picked":["theMarked:Electrocute","theMarked:MysticalArsenal"],"picked":"theMarked:SwordAndMagic","floor":19},{"not_picked":["theMarked:Frustration","theMarked:TheMission+1","theMarked:Aftermath"],"picked":"SKIP","floor":23},{"not_picked":["theMarked:SwordAndMagic","theMarked:AttractMetal","theMarked:TunnelVision"],"picked":"SKIP","floor":25},{"not_picked":["theMarked:EmpowerWeapon","theMarked:ResourceFulStrike","theMarked:HeightenedSenses"],"picked":"SKIP","floor":28},{"not_picked":["theMarked:Improvise","theMarked:ChainLightning+1","theMarked:HeightenedSenses"],"picked":"SKIP","floor":29},{"not_picked":["Deep Breath+1","theVacant:Fling+1","Shade:AncientSpear"],"picked":"SKIP","floor":35},{"not_picked":["FlyingSleeves+1","Shade:Bonestorm+1"],"picked":"survmod:SwiftKick","floor":37},{"not_picked":["hermit:LowProfile","Shade:Doomsay"],"picked":"hermit:FlashPowder","floor":38},{"not_picked":["hierophant:PassingBell+1","Dagger Spray","Dodge and Roll"],"picked":"SKIP","floor":42},{"not_picked":["Infernal Blade","Shade:SelfBurial"],"picked":"hermit:Desperado+1","floor":45},{"not_picked":["hierophant:Empathy","theMarked:ChannelForce"],"picked":"theMarked:TwofoldDefense+1","floor":46}],"player_experience":1789917,"relics_obtained":[{"floor":6,"key":"Orichalcum"},{"floor":8,"key":"The Courier"},{"floor":9,"key":"Boot"},{"floor":23,"key":"Lantern"},{"floor":26,"key":"Nunchaku"},{"floor":43,"key":"Eternal Feather"}],"event_choices":[{"cards_removed":["theMarked:Strike"],"damage_healed":0,"gold_gain":0,"player_choice":"Card Removal","damage_taken":0,"max_hp_gain":0,"max_hp_loss":0,"event_name":"The Cleric","floor":2,"gold_loss":50},{"damage_healed":0,"gold_gain":114,"player_choice":"GO ","damage_taken":10,"relics_obtained":[],"max_hp_gain":0,"max_hp_loss":0,"event_name":"betterSkull:BetterSkull","floor":4,"gold_loss":0,"cards_upgraded":[]},{"damage_healed":0,"gold_gain":0,"player_choice":"Forge","damage_taken":0,"max_hp_gain":0,"max_hp_loss":0,"event_name":"Accursed Blacksmith","floor":10,"gold_loss":0,"cards_upgraded":["theMarked:ParalyzingBlade"]},{"damage_healed":0,"gold_gain":0,"player_choice":"Ignored","damage_taken":0,"max_hp_gain":0,"max_hp_loss":0,"event_name":"betterNote:BetterNote","floor":20,"gold_loss":0,"cards_obtained":["Electrodynamics"]},{"damage_healed":0,"gold_gain":0,"player_choice":"Read","damage_taken":0,"max_hp_gain":0,"max_hp_loss":0,"event_name":"The Library","floor":21,"gold_loss":0,"cards_obtained":["theMarked:FavorableWinds"]},{"damage_healed":0,"gold_gain":0,"player_choice":"Cursed","damage_taken":0,"max_hp_gain":0,"max_hp_loss":0,"event_name":"Wheel of Change","floor":22,"gold_loss":0,"cards_obtained":["Decay"]},{"damage_healed":0,"gold_gain":100,"player_choice":"Pray","damage_taken":0,"max_hp_gain":0,"max_hp_loss":0,"event_name":"Golden Shrine","floor":27,"gold_loss":0},{"damage_healed":63,"gold_gain":0,"player_choice":"Heal","damage_taken":0,"max_hp_gain":0,"max_hp_loss":9,"event_name":"The Moai Head","floor":41,"gold_loss":0}],"is_beta":false,"boss_relics":[{"not_picked":["Runic Pyramid","Calling Bell"],"picked":"theMarked:BronzeBlade"},{"not_picked":["Velvet Choker","Coffee Dripper"],"picked":"Philosopher\u0027s Stone"}],"items_purged_floors":[11,31],"is_endless":false,"potions_floor_spawned":[1,3,13,23,28,29,35,42],"killed_by":"Jaw Worm Horde","ascension_level":0}}