{"host":"ormi09wwzv7sq47a","time":1614307226,"event":{"mods":["2.2 Compatiblity","AchievementEnabler","Act Like it!","BaseMod","Bestiary","Better Altar","Better Note","Better Sensory Stone","Better Silent Start","Better Skull","Better Third Choice","Better Vampires","BetterRewards","Block Reminder","Card Forge","Colored Map","Colored Powertips","Curses Come First","Downfall","Highlight Path","Minty Spire (QoL Compilation)","Permanent Neow","Quick Restart","Rare Cards Sparkle","Relic Stats","Shop Mod","StSLib","The Jungle"],"gold_per_floor":[117,127,42,42,58,58,58,83,83,83,2,13,13,37,37,142,142,157,9,9,19,19,53,53,67,118,134,134,63,90,102,102,207,207,225,225,239,252,252,278,278,313,313,345,364,364,382,401,401,401,401,401,34,61,61],"floor_reached":56,"language":"ENG","playtime":3080,"items_purged":["champ:Strike","champ:Defend","champ:Defend","Parasite"],"score":2805,"play_id":"2539bd7d-6704-4958-9c9d-5bfb99b856f0","local_time":"20210225234026","is_ascension_mode":true,"campfire_choices":[{"data":"champ:Duel","floor":6,"key":"SMITH"},{"data":"champ:DefensiveShout","floor":10,"key":"SMITH"},{"data":"champ:HoldFirm","floor":13,"key":"SMITH"},{"data":"champ:ShieldWall","floor":15,"key":"SMITH"},{"data":"champ:Lariat","floor":24,"key":"SMITH"},{"data":"champ:TornadoPunch","floor":28,"key":"SMITH"},{"floor":32,"key":"DIG"},{"floor":41,"key":"DIG"},{"floor":46,"key":"DIG"},{"floor":49,"key":"RECALL"},{"floor":52,"key":"DIG"}],"circlet_count":0,"master_deck":["AscendersBane","champ:Strike","champ:Strike","champ:Defend","champ:Defend","champ:Execute","champ:Taunt","champ:ShieldWall","champ:Circumvent","champ:DefensiveShout+1","champ:Duel+1","champ:DefensiveStyle","champ:CalledShot","champ:Lariat+1","champ:CrownThrow","champ:Circumvent","champ:ShieldWall+1","champ:TornadoPunch+1","champ:FlashCut","champ:HoldFirm+1","champ:GladiatorForm","champ:ShieldThrow+1","champ:FalseCounter+1","champ:Lariat","champ:ShieldWall+1","champ:DefensiveStyle","champ:ShieldThrow","champ:HoldFirm","Secret Technique","Secret Technique","champ:CalledShot+1","champ:DancingMaster","champ:IgnorePain"],"relics":["champ:ChampionCrown","Hammer of Thor","Seething Fire","Anvil of the Gods","Anchor","Ice Cream","Centennial Puzzle","champ:GladiatorsBookOfMartialProwess","Happy Flower","Ginger","Ancient Tea Set","hexamod:CandleOfCauterizing","Bottled Lightning","Snecko Eye","Akabeko","Nloth\u0027s Gift","Guardian:GemstoneGun","Vajra","Shovel","sneckomod:BlankCard","Coffee Dripper","HornCleat","Lantern","Mercury Hourglass","Guardian:PocketSentry","PreservedInsect","Ornamental Fan","Membership Card","Bronze Scales","Slimebound:StickyStick","Boot"],"acts_visited":["Exordium","TheCity","TheBeyond","TheEnding"],"potions_floor_usage":[1,8,14,16,16,23,30],"damage_taken":[{"damage":10,"enemies":"Small Slimes","floor":1,"turns":3},{"damage":5,"enemies":"2 Louse","floor":2,"turns":3},{"damage":0,"enemies":"Cultist","floor":5,"turns":2},{"damage":0,"enemies":"Gremlin Nob","floor":8,"turns":2},{"damage":10,"enemies":"Exordium Wildlife","floor":12,"turns":2},{"damage":0,"enemies":"The Mushroom Lair","floor":14,"turns":3},{"damage":15,"enemies":"The Guardian","floor":16,"turns":9},{"damage":15,"enemies":"Spheric Guardian","floor":18,"turns":3},{"damage":10,"enemies":"3 Byrds","floor":21,"turns":2},{"damage":0,"enemies":"Book of Stabbing","floor":23,"turns":2},{"damage":10,"enemies":"3 Cultists","floor":25,"turns":3},{"damage":0,"enemies":"Cultist and Chosen","floor":27,"turns":3},{"damage":16,"enemies":"Slavers","floor":30,"turns":3},{"damage":0,"enemies":"Centurion and Healer","floor":31,"turns":3},{"damage":10,"enemies":"Champ","floor":33,"turns":6},{"damage":10,"enemies":"3 Darklings","floor":35,"turns":2},{"damage":10,"enemies":"Orb Walker","floor":37,"turns":2},{"damage":0,"enemies":"Spire Growth","floor":38,"turns":2},{"damage":10,"enemies":"Reptomancer","floor":40,"turns":3},{"damage":11,"enemies":"Nemesis","floor":42,"turns":5},{"damage":0,"enemies":"Giant Head","floor":44,"turns":4},{"damage":0,"enemies":"Writhing Mass","floor":45,"turns":3},{"damage":0,"enemies":"3 Darklings","floor":47,"turns":4},{"damage":10,"enemies":"Maw","floor":48,"turns":2},{"damage":0,"enemies":"Donu and Deca","floor":50,"turns":8},{"damage":0,"enemies":"Shield and Spear","floor":54,"turns":4},{"damage":26,"enemies":"The Heart","floor":55,"turns":6}],"seed_played":"-5922844785128104017","potions_obtained":[{"floor":2,"key":"bronze:BurnAndBuffPotion"},{"floor":5,"key":"Block Potion"},{"floor":12,"key":"Explosive Potion"},{"floor":14,"key":"Guardian:BlockOnCardUsePotion"},{"floor":16,"key":"GamblersBrew"},{"floor":23,"key":"champ:OpenerPotion"},{"floor":27,"key":"SkillPotion"},{"floor":30,"key":"LiquidBronze"},{"floor":35,"key":"champ:CounterPotion"}],"is_trial":false,"path_per_floor":["M","M","$","?","M","R","?","E","T","R","$","M","R","?","R","B",null,"M","$","?","M","?","E","R","M","T","M","R","$","E","M","R","B",null,"M","?","M","M","?","E","R","E","T","E","M","R","M","M","R","B",null,"R","$","E","B",null],"character_chosen":"THE_CHAMP","items_purchased":["Anchor","champ:ShieldWall","Centennial Puzzle","champ:Circumvent","champ:DefensiveShout","champ:Duel","champ:DefensiveStyle","Happy Flower","champ:CalledShot","champ:Lariat","Ancient Tea Set","SkillPotion","Explosive Potion","champ:ShieldWall","champ:TornadoPunch","champ:HoldFirm","Akabeko","champ:DefensiveStyle","Membership Card","Bronze Scales","Slimebound:StickyStick"],"campfire_rested":0,"item_purchase_floors":[0,0,0,0,0,0,0,0,0,0,0,0,0,3,3,11,19,29,53,53,53],"current_hp_per_floor":[27,27,27,27,27,27,32,32,32,32,32,32,32,32,32,32,79,79,79,79,79,79,79,79,79,79,79,79,79,73,73,73,73,90,90,90,90,90,90,90,90,89,89,89,89,89,89,89,89,89,94,94,92,92,91],"gold":61,"neow_bonus":"","is_daily":false,"chose_seed":false,"campfire_upgraded":6,"win_rate":0.0,"timestamp":1614307226,"path_taken":["M","M","$","?","M","R","?","E","T","R","$","M","R","?","R","BOSS","M","$","?","?","?","E","R","M","T","?","R","$","E","M","R","BOSS","M","?","M","M","?","E","R","E","T","E","M","R","M","?","R","BOSS","R","$","E","BOSS"],"items_purchased_type":["Relic","Card","Relic","Card","Card","Card","Card","Relic","Card","Card","Relic","Potion","Potion","Card","Card","Card","Relic","Card","Relic","Relic","Relic"],"build_version":"2020-12-22","purchased_purges":4,"victory":true,"max_hp_per_floor":[90,90,90,90,90,90,95,95,95,95,95,95,95,95,95,95,95,95,95,95,95,95,95,95,95,95,95,95,95,95,95,95,95,95,95,95,95,95,95,95,95,95,95,95,95,95,95,95,95,95,95,95,92,92,92],"relic_stats":{"Happy Flower":[62],"counters":[99,455],"PreservedInsect":394,"Ginger":[16],"Boot":[9],"Mercury Hourglass":[303],"Centennial Puzzle":[43],"Shovel":4,"Ornamental Fan":[4],"Bronze Scales":[107],"Snecko Eye":[161,155,128,140],"Nloth\u0027s Gift":6,"obtain_stats":[{"Ice Cream":0,"champ:DuelingGlove":0,"Tiny House":34,"Calipers":44,"Gremlin Horn":54,"Vajra":26,"Hammer of Thor":0,"Ginger":0,"Boot":25,"Blood Vial":27,"Centennial Puzzle":28,"HornCleat":9,"champ:DefensiveTrainingManual":49,"Philosopher\u0027s Stone":17,"MealTicket":19,"Necronomicon":22,"theJungle:BirthdayCake":30,"Toxic Egg 2":40,"Happy Flower":26,"Blue Candle":36,"Eternal Feather":54,"Guardian:PocketSentry":44,"Letter Opener":24,"War Paint":40,"Question Card":31,"Akabeko":19,"Du-Vu Doll":49,"Anvil of the Gods":0,"Shuriken":52,"Bird Faced Urn":0,"Bronze Scales":53,"Snecko Eye":17,"Nloth\u0027s Gift":22,"Lantern":11,"Singing Bowl":14,"sneckomod:BlankCard":32,"champ:ChampionCrown":0,"Bag of Preparation":0,"Juzu Bracelet":30,"Incense Burner":0,"Ancient Tea Set":0,"ClockworkSouvenir":39,"Nunchaku":12,"Shovel":0,"Mummified Hand":0,"Slimebound:StickyStick":53,"Gambling Chip":0,"hexamod:CandleOfCauterizing":43,"bronze:DecasWashers":26,"Guardian:GemstoneGun":23,"hexamod:Sixitude":39,"Thread and Needle":0,"champ:ChampionCrownUpgraded":17,"PreservedInsect":11,"Seething Fire":0,"Odd Mushroom":14,"Frozen Egg 2":34,"Medical Kit":0,"bronze:BronzeIdol":43,"Mercury Hourglass":37,"champ:GladiatorsBookOfMartialProwess":0,"Peace Pipe":7,"Calling Bell":34,"Anchor":0,"Busted Crown":17,"Ornamental Fan":52,"Turnip":45,"Coffee Dripper":34,"Art of War":19,"Bottled Lightning":9,"Membership Card":53,"hexamod:BolsterEngine":31,"Toy Ornithopter":8},{"Ice Cream":72,"champ:DuelingGlove":21,"Tiny House":13,"Calipers":16,"Gremlin Horn":45,"Vajra":83,"Hammer of Thor":0,"Ginger":72,"Boot":58,"Blood Vial":11,"Centennial Puzzle":11,"HornCleat":5,"champ:DefensiveTrainingManual":18,"Philosopher\u0027s Stone":8,"MealTicket":9,"Necronomicon":32,"theJungle:BirthdayCake":59,"Toxic Egg 2":40,"Happy Flower":58,"Blue Candle":38,"Eternal Feather":20,"Guardian:PocketSentry":40,"Letter Opener":11,"War Paint":66,"Question Card":60,"Akabeko":80,"Du-Vu Doll":43,"Anvil of the Gods":0,"Shuriken":44,"Bird Faced Urn":21,"Bronze Scales":97,"Snecko Eye":79,"Nloth\u0027s Gift":81,"Lantern":6,"Singing Bowl":54,"sneckomod:BlankCard":86,"champ:ChampionCrown":0,"Bag of Preparation":0,"Juzu Bracelet":12,"Incense Burner":46,"Ancient Tea Set":72,"ClockworkSouvenir":39,"Nunchaku":26,"Shovel":0,"Mummified Hand":46,"Slimebound:StickyStick":97,"Gambling Chip":0,"hexamod:CandleOfCauterizing":15,"bronze:DecasWashers":33,"Guardian:GemstoneGun":82,"hexamod:Sixitude":15,"Thread and Needle":46,"champ:ChampionCrownUpgraded":29,"PreservedInsect":52,"Seething Fire":0,"Odd Mushroom":28,"Frozen Egg 2":61,"Medical Kit":46,"bronze:BronzeIdol":40,"Mercury Hourglass":63,"champ:GladiatorsBookOfMartialProwess":72,"Peace Pipe":5,"Calling Bell":61,"Anchor":72,"Busted Crown":55,"Ornamental Fan":97,"Turnip":16,"Coffee Dripper":37,"Art of War":56,"Bottled Lightning":76,"Membership Card":97,"hexamod:BolsterEngine":36,"Toy Ornithopter":25},{"Ice Cream":361,"champ:DuelingGlove":83,"Tiny House":47,"Calipers":56,"Gremlin Horn":198,"Vajra":395,"Hammer of Thor":0,"Ginger":361,"Boot":266,"Blood Vial":37,"Centennial Puzzle":37,"HornCleat":14,"champ:DefensiveTrainingManual":64,"Philosopher\u0027s Stone":26,"MealTicket":29,"Necronomicon":134,"theJungle:BirthdayCake":274,"Toxic Egg 2":168,"Happy Flower":266,"Blue Candle":160,"Eternal Feather":80,"Guardian:PocketSentry":168,"Letter Opener":37,"War Paint":326,"Question Card":282,"Akabeko":388,"Du-Vu Doll":181,"Anvil of the Gods":0,"Shuriken":190,"Bird Faced Urn":83,"Bronze Scales":445,"Snecko Eye":385,"Nloth\u0027s Gift":390,"Lantern":18,"Singing Bowl":239,"sneckomod:BlankCard":404,"champ:ChampionCrown":0,"Bag of Preparation":0,"Juzu Bracelet":41,"Incense Burner":203,"Ancient Tea Set":361,"ClockworkSouvenir":164,"Nunchaku":103,"Shovel":0,"Mummified Hand":203,"Slimebound:StickyStick":445,"Gambling Chip":0,"hexamod:CandleOfCauterizing":53,"bronze:DecasWashers":138,"Guardian:GemstoneGun":392,"hexamod:Sixitude":53,"Thread and Needle":203,"champ:ChampionCrownUpgraded":121,"PreservedInsect":228,"Seething Fire":0,"Odd Mushroom":111,"Frozen Egg 2":301,"Medical Kit":203,"bronze:BronzeIdol":168,"Mercury Hourglass":308,"champ:GladiatorsBookOfMartialProwess":361,"Peace Pipe":14,"Calling Bell":301,"Anchor":361,"Busted Crown":249,"Ornamental Fan":445,"Turnip":56,"Coffee Dripper":157,"Art of War":253,"Bottled Lightning":371,"Membership Card":445,"hexamod:BolsterEngine":149,"Toy Ornithopter":95}]},"card_choices":[{"not_picked":["champ:FocusedBerserking","champ:PerfectedStrike"],"picked":"champ:CrownThrow","floor":1},{"not_picked":["champ:BladeFlurry","champ:EnGarde"],"picked":"champ:Circumvent","floor":2},{"not_picked":["champ:PerfectedStrike","champ:HeartStrike"],"picked":"champ:FlashCut","floor":5},{"not_picked":["champ:ShieldSigil","champ:CrookedStrike","champ:RapidStrikes"],"picked":"SKIP","floor":8},{"not_picked":["champ:RapidStrikes","champ:RecklessLeap","champ:PreciseThrust"],"picked":"SKIP","floor":12},{"not_picked":["champ:EnGarde","champ:AdrenalArmor"],"picked":"champ:GladiatorForm","floor":14},{"not_picked":["champ:EnchantShield","champ:IgnorePain"],"picked":"champ:ShieldThrow","floor":16},{"not_picked":["champ:AdrenalArmor+1","champ:Backstep","champ:TornadoPunch"],"picked":"SKIP","floor":18},{"not_picked":["champ:BerserkerStyle","champ:Shatter"],"picked":"champ:FalseCounter+1","floor":21},{"not_picked":["champ:DancingMaster","champ:BladeFlurry"],"picked":"champ:Lariat","floor":23},{"not_picked":["champ:RapidStrikes","champ:Endure"],"picked":"champ:ShieldWall+1","floor":25},{"not_picked":["champ:EndlessRage","champ:CalledShot","champ:Haymaker"],"picked":"SKIP","floor":27},{"not_picked":["champ:ArenaPreparation","champ:BladeFlurry","champ:CrownThrow"],"picked":"SKIP","floor":30},{"not_picked":["champ:TornadoPunch","champ:DefensiveShout"],"picked":"champ:ShieldThrow","floor":31},{"not_picked":["champ:HeavySlash","champ:EnchantCrown"],"picked":"champ:HoldFirm","floor":33},{"not_picked":["champ:Haymaker+1","champ:Shatter","champ:TornadoPunch"],"picked":"SKIP","floor":35},{"not_picked":["Madness","The Bomb"],"picked":"Secret Technique","floor":36},{"not_picked":["Good Instincts","Transmutation"],"picked":"Secret Technique","floor":36},{"not_picked":["champ:StanceDance","champ:BerserkersShout"],"picked":"champ:CalledShot+1","floor":37},{"not_picked":["champ:FlashCut","champ:Shatter","champ:CalledShot"],"picked":"SKIP","floor":38},{"not_picked":["champ:BerserkerStyle","champ:VampiricStrike","champ:Lariat"],"picked":"SKIP","floor":40},{"not_picked":["champ:SkillfulDodge","champ:CalledShot"],"picked":"champ:IgnorePain","floor":42},{"not_picked":["champ:FalseCounter","champ:LastStand","champ:SwordThrow"],"picked":"SKIP","floor":44},{"not_picked":["champ:TornadoPunch","champ:CrookedStrike","champ:BerserkerStyle+1"],"picked":"SKIP","floor":45},{"not_picked":["champ:BringItOn","champ:FocusedBerserking","champ:Shatter"],"picked":"SKIP","floor":47},{"not_picked":["champ:HeartStrike","champ:CrownThrow","champ:SkillfulDodge+1"],"picked":"SKIP","floor":48},{"not_picked":["champ:BladeFlurry","champ:SwordThrow","champ:FancyFootwork"],"picked":"SKIP","floor":54}],"player_experience":1183078,"relics_obtained":[{"floor":8,"key":"hexamod:CandleOfCauterizing"},{"floor":9,"key":"Bottled Lightning"},{"floor":14,"key":"Odd Mushroom"},{"floor":23,"key":"Guardian:GemstoneGun"},{"floor":26,"key":"Vajra"},{"floor":30,"key":"Shovel"},{"floor":32,"key":"sneckomod:BlankCard"},{"floor":40,"key":"HornCleat"},{"floor":41,"key":"Lantern"},{"floor":42,"key":"Mercury Hourglass"},{"floor":44,"key":"Guardian:PocketSentry"},{"floor":46,"key":"PreservedInsect"},{"floor":52,"key":"Ornamental Fan"},{"floor":54,"key":"Boot"}],"event_choices":[{"damage_healed":0,"gold_gain":0,"player_choice":"Ignored","damage_taken":42,"max_hp_gain":0,"max_hp_loss":0,"event_name":"betterThird:BetterSerpent","floor":4,"gold_loss":0},{"damage_healed":0,"gold_gain":0,"player_choice":"Donut","damage_taken":0,"max_hp_gain":5,"max_hp_loss":0,"event_name":"Big Fish","floor":7,"gold_loss":0},{"damage_healed":0,"gold_gain":0,"player_choice":"Fought Mushrooms","damage_taken":0,"max_hp_gain":0,"max_hp_loss":0,"event_name":"Mushrooms","floor":14,"gold_loss":0},{"damage_healed":0,"gold_gain":0,"player_choice":"Forge","damage_taken":0,"max_hp_gain":0,"max_hp_loss":0,"event_name":"Accursed Blacksmith","floor":20,"gold_loss":0,"cards_upgraded":["champ:ShieldThrow"]},{"damage_healed":0,"gold_gain":0,"player_choice":"Traded Relic","damage_taken":0,"relics_obtained":["Nloth\u0027s Gift"],"max_hp_gain":0,"max_hp_loss":0,"event_name":"N\u0027loth","floor":22,"relics_lost":["Odd Mushroom"],"gold_loss":0},{"damage_healed":0,"gold_gain":3,"player_choice":"1","damage_taken":0,"max_hp_gain":0,"max_hp_loss":0,"event_name":"betterStone:BetterStone","floor":36,"gold_loss":0},{"damage_healed":0,"gold_gain":0,"cards_transformed":["champ:Strike"],"player_choice":"Transformed","damage_taken":0,"max_hp_gain":0,"max_hp_loss":0,"event_name":"Transmorgrifier","floor":39,"gold_loss":0,"cards_obtained":["champ:DancingMaster"]}],"is_beta":false,"boss_relics":[{"not_picked":["bronze:MakeshiftBattery","expansioncontent:StudyCardRelic"],"picked":"Snecko Eye"},{"not_picked":["Runic Dome","Fusion Hammer"],"picked":"Coffee Dripper"}],"items_purged_floors":[0,0,0,53],"is_endless":false,"potions_floor_spawned":[2,5,12,14,16,23,27,30,33,35,38,47],"ascension_level":12}}