{"host":"za9slmyj6x67r1sd","time":1614319817,"event":{"mods":["BaseMod","Beaked The Cultist","Colored Map","Colored Powertips","Downfall","GifTheSpireLib","Hubris","Minty Spire (QoL Compilation)","Replay The Spire","StSLib","The Jungle"],"gold_per_floor":[99,111,25,200,115,115,169,204,221,235,235,235,335,335,335,347,361,463,463,363,383,72,72,92,121,190,190,75,89,70,70,87,143,160,205,205,205,225,242,83,83,102,102,127,27,41,54,70,103,114,129,129],"floor_reached":53,"language":"ENG","playtime":5990,"items_purged":["Regret","downfall:Haunted","Doubt"],"score":836,"play_id":"82296750-3990-4d48-ba37-e5ac7789c6db","local_time":"20210225221017","is_ascension_mode":false,"campfire_choices":[{"data":"Slimebound:Gluttony","floor":6,"key":"SMITH"},{"data":"Slimebound:Split","floor":20,"key":"SMITH"},{"floor":37,"key":"RECALL"},{"data":"Slimebound:AcidTongue","floor":45,"key":"SMITH"}],"circlet_count":0,"master_deck":["Slimebound:Strike_Slimebound","Slimebound:Strike_Slimebound","Slimebound:Tackle","Slimebound:Defend_Slimebound","Slimebound:Defend_Slimebound","Slimebound:Defend_Slimebound","Slimebound:Split+1","Slimebound:CorrosiveSpit","Slimebound:Equalize+1","Slimebound:GoopSpray","Slimebound:FlameTackle","Slimebound:RainOfGoop","Slimebound:LeechEnergy","Slimebound:Gluttony+1","Slimebound:SplitBruiser+1","Slimebound:LeechEnergy","Slimebound:PressTheAttack","downfall:Haunted","Voices","Slimebound:FirmFortitude+1","Overencumbered","Slimebound:Schlurp+1","Slimebound:Repurpose+1","Slimebound:DouseInSlime+1","Slimebound:MegaLick+1","Slimebound:ItLooksTasty+1","expansioncontent:QuickStudy+1","Slimebound:HauntingLick+1","Slimebound:AcidTongue+1","CommonCold","Slimebound:ItLooksTasty+1","Slimebound:SplitLeeching+1","Slimebound:OozeBath+1","Slimebound:Prepare+1","Slimebound:FormOfPuddle+1","Slimebound:LeechEnergy+1","Slimebound:DuplicatedForm+1","Slimebound:Gluttony+1","Slimebound:SplitMire+1","Slimebound:LevelUp+1","Slimebound:LevelUp","Slimebound:GoopTackle","Slimebound:Schlurp+1","Slimebound:Replication+1","Slimebound:LeechingTouch","Slimebound:ItLooksTasty","Slimebound:Schlurp+1"],"relics":["Slimebound:AbsorbEndCombat","Toxic Egg 2","Darkstone Periapt","Slimebound:MaxSlimesRelic","hubris:Icosahedron","SlaversCollar","downfall:HeartBlessingBlue","Gremlin Food","hubris:MysteriousPyramids","Ring of Panic","Smiling Mask","Pet Ghost","hubris:ScarierMask","Guide Book","hubris:SphereOfDissonance","Blood Vial","Iron Hammer","downfall:HeartBlessingGreen","hubris:Spice"],"acts_visited":["Exordium","Exordium","TheBeyond"],"potions_floor_usage":[22,34,35,44,44,48,49],"damage_taken":[{"damage":7,"enemies":"Jaw Worm","floor":2,"turns":3},{"damage":3,"enemies":"downfall:FleeingMerchant","floor":3,"turns":4},{"damage":8,"enemies":"downfall:FleeingMerchant","floor":5,"turns":4},{"damage":28,"enemies":"3 Sentries","floor":8,"turns":6},{"damage":4,"enemies":"Small Slimes","floor":9,"turns":2},{"damage":0,"enemies":"2 Louse","floor":10,"turns":2},{"damage":19,"enemies":"2 Fungi Beasts","floor":16,"turns":3},{"damage":21,"enemies":"Large Slime","floor":17,"turns":5},{"damage":36,"enemies":"IC_STATUS_ARCHETYPE","floor":18,"turns":7},{"damage":18,"enemies":"theJungle:MUSHROOMGANG","floor":21,"turns":5},{"damage":7,"enemies":"downfall:FleeingMerchant","floor":22,"turns":4},{"damage":7,"enemies":"Shell Parasite","floor":24,"turns":3},{"damage":5,"enemies":"theJungle:2_Phrogs","floor":25,"turns":5},{"damage":2,"enemies":"downfall:FleeingMerchant","floor":28,"turns":4},{"damage":22,"enemies":"theJungle:2_Flameangoes","floor":29,"turns":5},{"damage":37,"enemies":"theJungle:Cassacara","floor":30,"turns":6},{"damage":18,"enemies":"theJungle:JungleHuntersEncounter","floor":32,"turns":6},{"damage":0,"enemies":"theJungle:Snecko_Cultist_And_Trap","floor":34,"turns":4},{"damage":29,"enemies":"DF_ARCHETYPE_CLAW","floor":35,"turns":8},{"damage":33,"enemies":"3 Shapes","floor":38,"turns":5},{"damage":0,"enemies":"3 Darklings","floor":39,"turns":3},{"damage":0,"enemies":"downfall:FleeingMerchant","floor":40,"turns":1},{"damage":16,"enemies":"Spire Growth","floor":42,"turns":4},{"damage":69,"enemies":"Giant Head","floor":44,"turns":8},{"damage":0,"enemies":"Jaw Worm Horde","floor":46,"turns":2},{"damage":0,"enemies":"Maw","floor":47,"turns":6},{"damage":22,"enemies":"Transient","floor":48,"turns":5},{"damage":18,"enemies":"Reptomancer","floor":49,"turns":4},{"damage":17,"enemies":"Writhing Mass","floor":50,"turns":4},{"damage":0,"enemies":"Sphere and 2 Shapes","floor":51,"turns":2},{"damage":31,"enemies":"SI_POISON_ARCHETYPE","floor":52,"turns":9}],"seed_played":"-8977642001222848123","potions_obtained":[{"floor":2,"key":"Elixir"},{"floor":10,"key":"FearPotion"},{"floor":16,"key":"Venom Potion"},{"floor":18,"key":"Guardian:BlockOnCardUsePotion"},{"floor":24,"key":"Regen Potion"},{"floor":25,"key":"DuplicationPotion"},{"floor":30,"key":"LifebloodPotion"},{"floor":34,"key":"EssenceOfSteel"},{"floor":42,"key":"Weak Potion"},{"floor":44,"key":"Fire Potion"},{"floor":46,"key":"SteroidPotion"},{"floor":48,"key":"Swift Potion"},{"floor":50,"key":"Elixir"}],"is_trial":false,"path_per_floor":["R_BF","M","$","?","$","R","T","E","M","M","PTL","PTL","?","T","?","M","M","B",null,"R_BF","M","$","?","M","E","T","?","$","M","E","?","M","?","M","B",null,"R","M","M","?","?","M","T","E","R","M","M","M","E","M","M","B",null],"character_chosen":"SLIMEBOUND","items_purchased":["Slimebound:RainOfGoop","Slimebound:Gluttony","expansioncontent:QuickStudy","Slimebound:LevelUp","Guide Book","hubris:SphereOfDissonance"],"campfire_rested":0,"item_purchase_floors":[3,5,22,40,40,40],"current_hp_per_floor":[71,68,71,71,70,70,70,58,58,71,71,71,106,106,106,91,78,50,106,116,106,115,115,116,113,113,119,122,104,79,79,77,29,47,34,122,122,115,122,122,122,112,112,53,53,61,69,69,69,62,68,62],"gold":129,"neow_bonus":"TEN_PERCENT_HP_BONUS","is_daily":false,"chose_seed":false,"campfire_upgraded":3,"win_rate":0.0,"timestamp":1614319817,"path_taken":["R_BF","M","$","?","$","R","T","E","M","M","PTL","PTL","?","?","?","?","M","BOSS","R_BF","M","$","?","M","E","T","?","$","M","E","?","M","?","M","BOSS","R","M","M","?","?","M","T","E","R","?","M","M","E","M","M","BOSS"],"items_purchased_type":["Card","Card","Card","Card","Relic","Relic"],"build_version":"2020-12-22","purchased_purges":3,"victory":true,"max_hp_per_floor":[71,71,71,71,71,71,71,71,71,71,71,71,106,106,106,106,106,106,106,116,116,116,116,116,116,116,122,122,122,122,122,122,122,122,122,122,122,122,122,122,122,122,122,122,122,122,122,122,130,130,130,130],"card_choices":[{"not_picked":["Slimebound:DisruptingSlam","Slimebound:SlimeBrawl"],"picked":"Slimebound:GoopSpray","floor":2},{"not_picked":["Slimebound:ProtectTheBoss","Slimebound:LivingWall"],"picked":"Slimebound:FlameTackle","floor":3},{"not_picked":["Slimebound:HauntingLick","Slimebound:SlimeBarrage"],"picked":"Slimebound:LeechEnergy","floor":5},{"not_picked":["Slimebound:ComboTackle","Slimebound:LivingWall+1"],"picked":"Slimebound:SplitBruiser+1","floor":8},{"not_picked":["Slimebound:RainOfGoop+1","Slimebound:ProtectTheBoss"],"picked":"Slimebound:LeechEnergy","floor":9},{"not_picked":["Slimebound:GoopTackle","Slimebound:SlimeBarrage"],"picked":"Slimebound:PressTheAttack","floor":10},{"not_picked":["Slimebound:PressTheAttack","Slimebound:ComboTackle"],"picked":"Slimebound:Schlurp+1","floor":16},{"not_picked":["Slimebound:LeechEnergy","Slimebound:Nibble"],"picked":"Slimebound:Repurpose+1","floor":17},{"not_picked":["Slimebound:PrepareCrush+1","Slimebound:Overexert"],"picked":"Slimebound:DouseInSlime+1","floor":18},{"not_picked":["Slimebound:ComboTackle","Slimebound:RollThrough+1"],"picked":"Slimebound:MegaLick+1","floor":21},{"not_picked":["Slimebound:ForwardTackle","Slimebound:SlimeSpikes+1"],"picked":"Slimebound:ItLooksTasty+1","floor":22},{"not_picked":["Slimebound:LeechEnergy","Slimebound:MegaLick+1"],"picked":"Slimebound:HauntingLick+1","floor":24},{"not_picked":["Slimebound:PressTheAttack","Slimebound:SpikyOuterGoop"],"picked":"Slimebound:AcidTongue","floor":25},{"not_picked":["Slimebound:RollThrough","Slimebound:SamplingLick+1"],"picked":"Slimebound:ItLooksTasty+1","floor":28},{"not_picked":["Slimebound:SlimeBarrage","Slimebound:FinishingTackle+1"],"picked":"Slimebound:SplitLeeching+1","floor":29},{"not_picked":["Slimebound:LeechingTouch","Slimebound:LeechEnergy+1"],"picked":"Slimebound:OozeBath+1","floor":30},{"not_picked":["Slimebound:GrowthPunch","Slimebound:SplitMire+1"],"picked":"Slimebound:Prepare+1","floor":32},{"not_picked":["Slimebound:SplitMire+1","Slimebound:SplitBruiser+1"],"picked":"Slimebound:FormOfPuddle+1","floor":33},{"not_picked":["Slimebound:Equalize","Slimebound:RallyTheTroops"],"picked":"Slimebound:LeechEnergy+1","floor":34},{"not_picked":["Slimebound:PrepareCrush+1","Slimebound:SlimeSlap"],"picked":"Slimebound:DuplicatedForm","floor":35},{"not_picked":["Slimebound:Dissolve+1","Slimebound:ComboTackle+1"],"picked":"Slimebound:Gluttony+1","floor":38},{"not_picked":["Slimebound:FinishingTackle+1","Slimebound:PressTheAttack"],"picked":"Slimebound:SplitMire+1","floor":39},{"not_picked":["Slimebound:Dissolve+1","Slimebound:ViciousTackle"],"picked":"Slimebound:LevelUp+1","floor":40},{"not_picked":["Slimebound:GoopTackle","Slimebound:SlimeSpikes+1"],"picked":"Slimebound:Schlurp+1","floor":42},{"not_picked":["Slimebound:Nibble+1","Slimebound:SamplingLick+1"],"picked":"Slimebound:Replication+1","floor":44},{"not_picked":["Slimebound:GrowthPunch","Slimebound:Nibble+1"],"picked":"Slimebound:LeechingTouch","floor":46},{"not_picked":["Slimebound:SplitLeeching+1","Slimebound:HauntingLick+1","Slimebound:LivingWall+1"],"picked":"SKIP","floor":47},{"not_picked":["Slimebound:GrowthPunch","Slimebound:SamplingLick+1"],"picked":"Slimebound:ItLooksTasty","floor":48},{"not_picked":["Slimebound:Nibble+1","Slimebound:GoopTackle","Slimebound:LivingWall+1"],"picked":"SKIP","floor":49},{"not_picked":["Slimebound:MinionMaster","Slimebound:SamplingLick+1"],"picked":"Slimebound:Schlurp+1","floor":50},{"not_picked":["Slimebound:Nibble+1","Slimebound:LivingWall+1","Slimebound:FinishingTackle"],"picked":"SKIP","floor":51}],"player_experience":331582,"relics_obtained":[{"floor":8,"key":"Toxic Egg 2"},{"floor":14,"key":"Slimebound:MaxSlimesRelic"},{"floor":25,"key":"Gremlin Food"},{"floor":26,"key":"hubris:MysteriousPyramids"},{"floor":27,"key":"Ring of Panic"},{"floor":30,"key":"Smiling Mask"},{"floor":33,"key":"Pet Ghost"},{"floor":43,"key":"Blood Vial"},{"floor":44,"key":"Iron Hammer"},{"floor":49,"key":"hubris:Spice"}],"event_choices":[],"is_beta":false,"boss_relics":[{"not_picked":["ChewingGum","bronze:MakeshiftBattery"],"picked":"SlaversCollar"},{"not_picked":["beaked:MawFillet","hubris:CrackedHourglass"],"picked":"hubris:ScarierMask"}],"items_purged_floors":[22,28,40],"is_endless":false,"potions_floor_spawned":[2,10,16,18,24,25,30,32,34,42,44,46,48,50],"ascension_level":0}}