{"host":"dbkc9h3etq50r1dq","time":1614353762,"event":{"mods":["AchievementEnabler","BaseMod","Block Reminder","Colored Powertips","Curses Come First","Dark Map","Minty Spire (QoL Compilation)","Permanent Neow","Potion Indicator Mod","Random Character Button","Rare Cards Sparkle","StSLib","SuperFastMode","Weighted Paths"],"gold_per_floor":[117,67,82,101,112,147,159,159,159,159,159,192,192,218,218,321,321,332,346,375,392,408,440,459,490,490,66,66,84,98,132,132,228,528,540,553,553,604,176,211,211,48,75,20,20,35,35,47,47,47],"floor_reached":51,"language":"ZHS","playtime":1854,"items_purged":["Defend_R","Strike_R","Strike_R"],"score":1088,"play_id":"b7464773-ae52-40fb-bec8-3c504c7ff0de","local_time":"20210226233602","is_ascension_mode":true,"campfire_choices":[{"floor":8.0,"key":"REST"},{"data":"Armaments","floor":13.0,"key":"SMITH"},{"floor":15.0,"key":"REST"},{"floor":28.0,"key":"REST"},{"floor":32.0,"key":"REST"},{"data":"Demon Form","floor":41,"key":"SMITH"},{"data":"Metallicize","floor":45,"key":"SMITH"},{"data":"Infernal Blade","floor":47,"key":"SMITH"},{"data":"Infernal Blade","floor":49,"key":"SMITH"}],"circlet_count":0,"master_deck":["Strike_R","Strike_R","Strike_R","Defend_R","Defend_R","Bash","Sword Boomerang","Armaments+1","Flex","Rage","Pummel","Spot Weakness","Sword Boomerang","Demon Form+1","Infernal Blade+1","Pummel","Sword Boomerang","Warcry+1","Infernal Blade+1","Uppercut","Finesse","Flex","Offering","CurseOfTheBell","Sword Boomerang","Swift Strike","Finesse","Infernal Blade+1","Metallicize+1","Rage","Rage"],"relics":["Black Blood","Centennial Puzzle","Happy Flower","Blood Vial","Blue Candle","Boot","Ornamental Fan","Red Mask","InkBottle","White Beast Statue","Red Skull","Letter Opener","PreservedInsect","Calling Bell","Potion Belt","Eternal Feather","Old Coin","TungstenRod","Incense Burner","Shuriken","Omamori","Pantograph"],"acts_visited":["Exordium","TheCity","TheBeyond"],"potions_floor_usage":[38,38,40,48,50,50,50,50,50,50,50,50,50],"damage_taken":[{"damage":9.0,"enemies":"Jaw Worm","floor":1.0,"turns":4.0},{"damage":10.0,"enemies":"2 Louse","floor":3.0,"turns":2.0},{"damage":12.0,"enemies":"Small Slimes","floor":4.0,"turns":3.0},{"damage":1.0,"enemies":"2 Fungi Beasts","floor":5.0,"turns":3.0},{"damage":34.0,"enemies":"Lagavulin","floor":6.0,"turns":6.0},{"damage":10.0,"enemies":"Exordium Thugs","floor":7.0,"turns":5.0},{"damage":15.0,"enemies":"Gremlin Nob","floor":12.0,"turns":3.0},{"damage":10.0,"enemies":"3 Sentries","floor":14.0,"turns":4.0},{"damage":15.0,"enemies":"The Guardian","floor":16.0,"turns":7.0},{"damage":6.0,"enemies":"Spheric Guardian","floor":18.0,"turns":3.0},{"damage":23.0,"enemies":"2 Thieves","floor":19.0,"turns":4.0},{"damage":0.0,"enemies":"Masked Bandits","floor":20.0,"turns":2.0},{"damage":6.0,"enemies":"Centurion and Healer","floor":21.0,"turns":4.0},{"damage":24.0,"enemies":"Snake Plant","floor":22.0,"turns":4.0},{"damage":61.0,"enemies":"Book of Stabbing","floor":23.0,"turns":5.0},{"damage":0.0,"enemies":"Chosen and Byrds","floor":24.0,"turns":4.0},{"damage":42.0,"enemies":"Gremlin Leader","floor":25.0,"turns":6.0},{"damage":5.0,"enemies":"Cultist and Chosen","floor":29.0,"turns":3.0},{"damage":25.0,"enemies":"Snake Plant","floor":30.0,"turns":3.0},{"damage":17.0,"enemies":"Book of Stabbing","floor":31.0,"turns":3.0},{"damage":31.0,"enemies":"Champ","floor":33.0,"turns":4.0},{"damage":6.0,"enemies":"Orb Walker","floor":35.0,"turns":2.0},{"damage":14.0,"enemies":"3 Darklings","floor":36.0,"turns":3.0},{"damage":6,"enemies":"2 Orb Walkers","floor":38,"turns":1},{"damage":6,"enemies":"Reptomancer","floor":40,"turns":2},{"damage":11,"enemies":"Maw","floor":46,"turns":5},{"damage":17,"enemies":"Writhing Mass","floor":48,"turns":3},{"damage":57,"enemies":"Donu and Deca","floor":50,"turns":7}],"seed_played":"8392355264945999585","potions_obtained":[{"floor":1.0,"key":"ElixirPotion"},{"floor":6.0,"key":"Strength Potion"},{"floor":12.0,"key":"EntropicBrew"},{"floor":14.0,"key":"BloodPotion"},{"floor":16.0,"key":"LiquidMemories"},{"floor":19.0,"key":"SteroidPotion"},{"floor":21.0,"key":"PowerPotion"},{"floor":24.0,"key":"DuplicationPotion"},{"floor":29.0,"key":"Explosive Potion"},{"floor":30.0,"key":"SneckoOil"},{"floor":31.0,"key":"SpeedPotion"},{"floor":33.0,"key":"Block Potion"},{"floor":35.0,"key":"EntropicBrew"},{"floor":36.0,"key":"Explosive Potion"},{"floor":38,"key":"AttackPotion"},{"floor":40,"key":"BlessingOfTheForge"},{"floor":46,"key":"SkillPotion"},{"floor":48,"key":"LiquidMemories"}],"is_trial":false,"path_per_floor":["M","?","M","M","M","E","M","R","T","?","T","E","R","E","R","B",null,"M","M","?","M","M","E","M","E","T","$","R","M","M","E","R","B",null,"M","M","?","?","$","E","R","$","T","?","R","M","R","M","R","B",null],"character_chosen":"IRONCLAD","items_purchased":["Finesse","Letter Opener","Incense Burner","Infernal Blade","Rage"],"campfire_rested":4,"item_purchase_floors":[27,27,39,39,42],"current_hp_per_floor":[69,69,65,59,64,36,32,56,56,56,56,49,49,47,71,64,76,80,69,80,80,80,31,45,17,17,17,41,50,39,36,60,43,71,79,78,73,80,80,80,80,80,80,80,80,80,80,75,80,80],"gold":47,"neow_bonus":"RANDOM_COMMON_RELIC","is_daily":false,"chose_seed":false,"campfire_upgraded":5,"win_rate":0.0,"timestamp":1614353762,"path_taken":["M","?","M","M","M","E","M","R","T","?","?","E","R","E","R","BOSS","M","M","?","M","M","E","M","E","T","$","R","M","M","E","R","BOSS","M","M","?","?","$","E","R","$","T","?","R","M","R","M","R","BOSS"],"items_purchased_type":["Card","Relic","Relic","Card","Card"],"build_version":"2020-12-22","purchased_purges":3,"victory":true,"max_hp_per_floor":[80,80,80,80,80,80,80,80,80,80,80,80,80,80,80,80,80,80,80,80,80,80,80,80,80,80,80,80,80,80,80,80,80,80,80,80,80,80,80,80,80,80,80,80,80,80,80,80,80,80],"card_choices":[{"not_picked":["Hemokinesis","Twin Strike"],"picked":"Sword Boomerang","floor":1.0},{"not_picked":["Pommel Strike","Ghostly Armor"],"picked":"Armaments","floor":3.0},{"not_picked":["Clash","Pommel Strike"],"picked":"Flex","floor":4.0},{"not_picked":["Shrug It Off","Havoc"],"picked":"Rage","floor":5.0},{"not_picked":["Body Slam","Sever Soul"],"picked":"Pummel","floor":6.0},{"not_picked":["Juggernaut","Thunderclap"],"picked":"Spot Weakness","floor":7.0},{"not_picked":["Rage","Brutality"],"picked":"Sword Boomerang","floor":12.0},{"not_picked":["Perfected Strike","Shrug It Off","Corruption"],"picked":"SKIP","floor":14.0},{"not_picked":["Juggernaut","Impervious"],"picked":"Demon Form","floor":16.0},{"not_picked":["Rampage+1","Anger"],"picked":"Infernal Blade","floor":18.0},{"not_picked":["Perfected Strike","Pommel Strike+1"],"picked":"Pummel","floor":19.0},{"not_picked":["Pommel Strike","Cleave"],"picked":"Sword Boomerang","floor":21.0},{"not_picked":["Iron Wave","Thunderclap"],"picked":"Warcry+1","floor":22.0},{"not_picked":["Sword Boomerang","Clothesline+1"],"picked":"Infernal Blade+1","floor":23.0},{"not_picked":["Demon Form","Pommel Strike","Anger"],"picked":"SKIP","floor":24.0},{"not_picked":["True Grit","Dark Embrace"],"picked":"Uppercut","floor":25.0},{"not_picked":["Iron Wave+1","Anger"],"picked":"Flex","floor":29.0},{"not_picked":["Flame Barrier","Anger","Wild Strike+1"],"picked":"SKIP","floor":30.0},{"not_picked":["Twin Strike","Feel No Pain"],"picked":"Offering","floor":31.0},{"not_picked":["Anger","Clothesline"],"picked":"Sword Boomerang","floor":35.0},{"not_picked":["Cleave","Heavy Blade+1","Sever Soul"],"picked":"SKIP","floor":36.0},{"not_picked":["Mind Blast","Magnetism"],"picked":"Swift Strike","floor":37},{"not_picked":["Mayhem","Master of Strategy"],"picked":"Finesse","floor":37},{"not_picked":["Perfected Strike+1","Ghostly Armor"],"picked":"Metallicize","floor":40},{"not_picked":["Body Slam","Cleave"],"picked":"Rage","floor":46},{"not_picked":["Carnage+1","Rupture","Wild Strike+1"],"picked":"SKIP","floor":48}],"player_experience":175083,"relics_obtained":[{"floor":6.0,"key":"Happy Flower"},{"floor":9.0,"key":"Blood Vial"},{"floor":11.0,"key":"Blue Candle"},{"floor":12.0,"key":"Boot"},{"floor":14.0,"key":"Ornamental Fan"},{"floor":20.0,"key":"Red Mask"},{"floor":23.0,"key":"InkBottle"},{"floor":25.0,"key":"White Beast Statue"},{"floor":26.0,"key":"Red Skull"},{"floor":31.0,"key":"PreservedInsect"},{"floor":34.0,"key":"Potion Belt"},{"floor":34.0,"key":"Eternal Feather"},{"floor":34.0,"key":"Old Coin"},{"floor":38,"key":"TungstenRod"},{"floor":40,"key":"Shuriken"},{"floor":43,"key":"Omamori"}],"event_choices":[{"cards_removed":["Defend_R"],"damage_healed":0.0,"max_hp_gain":0.0,"max_hp_loss":0.0,"gold_gain":0.0,"event_name":"The Cleric","player_choice":"Card Removal","floor":2.0,"gold_loss":50.0,"damage_taken":0.0},{"damage_healed":0.0,"max_hp_gain":0.0,"max_hp_loss":0.0,"gold_gain":0.0,"event_name":"Shining Light","player_choice":"Ignored","floor":10.0,"gold_loss":0.0,"damage_taken":0.0},{"damage_healed":0.0,"max_hp_gain":0.0,"max_hp_loss":0.0,"gold_gain":0.0,"event_name":"Masked Bandits","player_choice":"Fought Bandits","floor":20.0,"gold_loss":0.0,"damage_taken":0.0},{"damage_healed":0,"gold_gain":0,"player_choice":"Memory 2","damage_taken":5,"max_hp_gain":0,"max_hp_loss":0,"event_name":"SensoryStone","floor":37,"gold_loss":0},{"damage_healed":0,"gold_gain":0,"player_choice":"Fight","damage_taken":0,"max_hp_gain":0,"max_hp_loss":0,"event_name":"Mysterious Sphere","floor":38,"gold_loss":0},{"damage_healed":0,"gold_gain":0,"player_choice":"Paid Gold","damage_taken":0,"relics_obtained":["Pantograph"],"max_hp_gain":0,"max_hp_loss":0,"event_name":"WeMeetAgain","floor":44,"gold_loss":55}],"is_beta":false,"boss_relics":[{"not_picked":["Runic Pyramid","Velvet Choker"],"picked":"Black Blood"},{"not_picked":["Coffee Dripper","Tiny House"],"picked":"Calling Bell"}],"items_purged_floors":[27,39,42],"is_endless":false,"potions_floor_spawned":[1,6,12,14,16,19,21,24,29,30,31,33,35,36,38,40,46,48],"ascension_level":7}}