{"host":"c2bue2hyafvtxka5","time":1614303867,"event":{"mods":["BaseMod","Hermit","Minty Spire (QoL Compilation)","Replay The Spire","StSLib","SuperFastMode","The Cursed","The Disciple","The Necromancer","The Servant 0.9.4"],"gold_per_floor":[114,114,39,64,64,107,107,107,107,107,47,112,155,176,176,176,176],"floor_reached":16,"language":"ENG","playtime":464,"items_purged":[],"score":133,"play_id":"8880b50e-ebf9-4355-8bd5-004e9b495736","local_time":"20210225204427","is_ascension_mode":false,"campfire_choices":[{"floor":8,"key":"REST"},{"floor":15,"key":"REST"}],"circlet_count":0,"master_deck":["Strike_S","Strike_S","Strike_S+1","Strike_S","Defend_S","Defend_S","Defend_S","Defend_S","KidneyShot","Exchange+1","Starlight+1","Read","ReturningBlade","GearUp","BestPractice","BestPractice","Reset"],"relics":["Uniform","NeowsBlessing","Golden Idol","Quantum Egg","InkBottle","Ring of Hypnosis","ReplayTheSpireMod:Ring of Challenge","Replay:Arrowhead"],"acts_visited":["Exordium"],"potions_floor_usage":[13,13],"damage_taken":[{"damage":0,"enemies":"2 Louse","floor":1,"turns":1},{"damage":0,"enemies":"Jaw Worm","floor":4,"turns":1},{"damage":0,"enemies":"3 Sentries","floor":6,"turns":1},{"damage":7,"enemies":"Small Slimes","floor":12,"turns":5},{"damage":26,"enemies":"Gremlin Nob","floor":13,"turns":5},{"damage":6,"enemies":"Looter","floor":14,"turns":4},{"damage":35,"enemies":"The Guardian","floor":16,"turns":4}],"seed_played":"-5705787707642556555","potions_obtained":[{"floor":4,"key":"SteroidPotion"},{"floor":12,"key":"SteroidPotion"}],"is_trial":false,"path_per_floor":["M","?","$","M","?","E","?","R","T","?","$","M","E","M","R","B"],"character_chosen":"THE_SERVANT","items_purchased":["Read","BestPractice"],"campfire_rested":2,"item_purchase_floors":[3,11],"current_hp_per_floor":[65,49,49,49,36,36,36,55,55,55,55,48,22,16,35,0,0],"gold":176,"neow_bonus":"THREE_ENEMY_KILL","is_daily":false,"chose_seed":false,"campfire_upgraded":0,"win_rate":0.0,"timestamp":1614303867,"path_taken":["M","?","$","M","?","E","?","R","T","?","?","M","E","M","R","BOSS"],"items_purchased_type":["Card","Card"],"build_version":"2020-12-22","purchased_purges":0,"victory":false,"max_hp_per_floor":[65,65,65,65,65,65,65,65,65,65,65,65,65,65,65,65,65],"card_choices":[{"not_picked":["Replace","Rearm"],"picked":"Starlight","floor":1},{"not_picked":["Shuttle","ReturningBlade","Alleviate"],"picked":"SKIP","floor":4},{"not_picked":["Shuttle","Alleviate"],"picked":"ReturningBlade","floor":4},{"not_picked":["DoubleEdge","BottledTime"],"picked":"GearUp","floor":6},{"not_picked":["Unruled","Defy"],"picked":"Reset","floor":12},{"not_picked":["Advance","Alleviate","Moondial"],"picked":"SKIP","floor":13},{"not_picked":["RealityMarble","Rewind","Unruled"],"picked":"SKIP","floor":14}],"player_experience":121202,"relics_obtained":[{"floor":6,"key":"Quantum Egg"},{"floor":9,"key":"InkBottle"},{"floor":10,"key":"Ring of Hypnosis"},{"floor":10,"key":"ReplayTheSpireMod:Ring of Challenge"},{"floor":13,"key":"Replay:Arrowhead"}],"event_choices":[{"damage_healed":0,"gold_gain":0,"player_choice":"Take Damage","damage_taken":16,"relics_obtained":["Golden Idol"],"max_hp_gain":0,"max_hp_loss":0,"event_name":"Golden Idol","floor":2,"gold_loss":0},{"damage_healed":0,"gold_gain":0,"player_choice":"Entered Light","damage_taken":13,"max_hp_gain":0,"max_hp_loss":0,"event_name":"Shining Light","floor":5,"gold_loss":0,"cards_upgraded":["Starlight","Strike_S"]}],"is_beta":false,"boss_relics":[],"items_purged_floors":[],"is_endless":false,"potions_floor_spawned":[4,12],"killed_by":"The Guardian","ascension_level":0}}