{"host":"9gxprskaw0c5jpbt","time":1614380411,"event":{"mods":["AchievementEnabler","BaseMod","Colored Map","Highlight Path","KOR Keyword Fix","Minty Spire (QoL Compilation)","Rare Cards Sparkle","StSLib","SuperFastMode","everything is the same but u backflip on backflip"],"gold_per_floor":[117,39,39,51,51,78,78,104,104,104,130,130,148,168,318,318,318,318],"floor_reached":17,"language":"KOR","playtime":412,"items_purged":[],"score":296,"play_id":"0a006f88-da73-4c42-b2bd-ca0033f30413","local_time":"20210227080011","is_ascension_mode":true,"campfire_choices":[{"data":"Armaments","floor":7,"key":"SMITH"},{"floor":10,"key":"REST"},{"floor":16,"key":"REST"}],"circlet_count":0,"master_deck":["AscendersBane","Strike_R","Strike_R","Strike_R","Strike_R","Defend_R","Defend_R","Defend_R","Defend_R","Bash","Armaments+1","Evolve","Blood for Blood","Intimidate","Power Through+1","Seeing Red+1","Armaments+1","Infernal Blade+1","Doubt"],"relics":["Burning Blood","NeowsBlessing","Singing Bowl","Toxic Egg 2","Nunchaku","Eternal Feather","Bronze Scales"],"acts_visited":["Exordium"],"potions_floor_usage":[8,8,14,14],"damage_taken":[{"damage":0,"enemies":"Cultist","floor":1,"turns":1},{"damage":2,"enemies":"2 Louse","floor":4,"turns":2},{"damage":0,"enemies":"3 Sentries","floor":6,"turns":2},{"damage":66,"enemies":"Gremlin Nob","floor":8,"turns":5},{"damage":30,"enemies":"3 Sentries","floor":11,"turns":10},{"damage":9,"enemies":"Small Slimes","floor":13,"turns":5},{"damage":1,"enemies":"Exordium Thugs","floor":14,"turns":3},{"damage":56,"enemies":"The Guardian","floor":17,"turns":14}],"seed_played":"5060847279101945748","potions_obtained":[{"floor":4,"key":"BloodPotion"},{"floor":6,"key":"LiquidBronze"},{"floor":8,"key":"Fire Potion"},{"floor":11,"key":"Dexterity Potion"},{"floor":13,"key":"Fire Potion"}],"is_trial":false,"path_per_floor":["M","$","?","M","?","E","R","E","T","R","E","E","M","M","?","R","B"],"character_chosen":"IRONCLAD","items_purchased":["Evolve"],"campfire_rested":2,"item_purchase_floors":[2],"current_hp_per_floor":[74,74,74,75,49,57,57,12,12,44,20,20,17,22,22,54,0,0],"gold":318,"neow_bonus":"THREE_ENEMY_KILL","is_daily":false,"chose_seed":false,"campfire_upgraded":1,"win_rate":0.0,"timestamp":1614380411,"path_taken":["M","$","?","?","?","E","R","E","T","R","E","E","M","M","?","R","BOSS"],"items_purchased_type":["Card"],"build_version":"2020-12-22","purchased_purges":0,"victory":false,"max_hp_per_floor":[75,75,75,75,75,77,77,77,77,77,77,77,77,77,77,77,77,77],"card_choices":[{"not_picked":["Perfected Strike","Wild Strike"],"picked":"Armaments","floor":1},{"not_picked":["Clothesline","Headbutt"],"picked":"Intimidate","floor":4},{"not_picked":["Shockwave+1","Carnage","Feel No Pain"],"picked":"Singing Bowl","floor":6},{"not_picked":["Spot Weakness+1","Searing Blow"],"picked":"Power Through+1","floor":8},{"not_picked":["Clash","Searing Blow"],"picked":"Seeing Red+1","floor":11},{"not_picked":["Body Slam","Warcry+1"],"picked":"Armaments+1","floor":13},{"not_picked":["Carnage","Armaments+1"],"picked":"Infernal Blade+1","floor":14}],"player_experience":995641,"relics_obtained":[{"floor":6,"key":"Toxic Egg 2"},{"floor":8,"key":"Nunchaku"},{"floor":9,"key":"Eternal Feather"},{"floor":11,"key":"Bronze Scales"}],"event_choices":[{"damage_healed":0,"gold_gain":0,"cards_transformed":["Strike_R"],"player_choice":"Transformed","damage_taken":0,"max_hp_gain":0,"max_hp_loss":0,"event_name":"Transmorgrifier","floor":3,"gold_loss":0,"cards_obtained":["Blood for Blood"]},{"damage_healed":0,"gold_gain":0,"player_choice":"Success","damage_taken":26,"relics_obtained":["Singing Bowl"],"max_hp_gain":0,"max_hp_loss":0,"event_name":"Scrap Ooze","floor":5,"gold_loss":0},{"damage_healed":0,"gold_gain":150,"player_choice":"AGREE","damage_taken":0,"max_hp_gain":0,"max_hp_loss":0,"event_name":"Liars Game","floor":15,"gold_loss":0,"cards_obtained":["Doubt"]}],"is_beta":false,"boss_relics":[],"items_purged_floors":[],"is_endless":false,"potions_floor_spawned":[4,6,8,11,13],"killed_by":"The Guardian","ascension_level":20}}