{"host":"d52brwsy6af8zvaq","time":1614365780,"event":{"mods":["AchievementEnabler","BaseMod","Bestiary","Highlight Path","Minty Spire (QoL Compilation)","Quick Restart","Relic Stats","ojb\u0027s Better Paths Mod"],"gold_per_floor":[117,130,180,54,71,71,97,0,0,0,33,33,50,68,68,68,68],"floor_reached":16,"language":"ENG","playtime":1417,"items_purged":["Strike_B"],"score":220,"play_id":"26729cca-5727-48a9-9fa0-f86ce648998c","local_time":"20210226115620","is_ascension_mode":true,"campfire_choices":[{"data":"Barrage","floor":6.0,"key":"SMITH"},{"data":"Tempest","floor":10.0,"key":"SMITH"},{"floor":12.0,"key":"REST"},{"data":"Fusion","floor":15,"key":"SMITH"}],"circlet_count":0,"master_deck":["AscendersBane","Strike_B","Strike_B","Strike_B","Defend_B","Defend_B","Defend_B+1","Defend_B","Zap","Dualcast","Tempest+1","Glacier+1","Go for the Eyes","Barrage+1","Steam","Panacea","Compile Driver","Turbo","Fusion+1"],"relics":["Cracked Core","Shuriken","Happy Flower","War Paint"],"acts_visited":["Exordium"],"potions_floor_usage":[],"damage_taken":[{"damage":7.0,"enemies":"Small Slimes","floor":1.0,"turns":3.0},{"damage":0.0,"enemies":"Cultist","floor":2.0,"turns":3.0},{"damage":0.0,"enemies":"2 Louse","floor":5.0,"turns":3.0},{"damage":24.0,"enemies":"3 Sentries","floor":7.0,"turns":16.0},{"damage":28.0,"enemies":"Gremlin Nob","floor":11.0,"turns":4.0},{"damage":6.0,"enemies":"Lots of Slimes","floor":13.0,"turns":3.0},{"damage":0.0,"enemies":"Looter","floor":14.0,"turns":2.0},{"damage":31,"enemies":"The Guardian","floor":16,"turns":13}],"seed_played":"-3117760218910019350","potions_obtained":[{"floor":1.0,"key":"Fire Potion"},{"floor":5.0,"key":"SpeedPotion"}],"is_trial":false,"path_per_floor":["M","M","?","$","M","R","E","$","T","R","E","R","M","M","R","B"],"character_chosen":"DEFECT","items_purchased":["Go for the Eyes","Panacea"],"campfire_rested":1,"item_purchase_floors":[4,8],"current_hp_per_floor":[64,64,64,64,64,64,40,40,40,40,12,35,29,29,29,0,0],"gold":68,"neow_bonus":"TEN_PERCENT_HP_BONUS","is_daily":false,"chose_seed":false,"campfire_upgraded":3,"win_rate":0.0,"timestamp":1614365780,"path_taken":["M","M","?","$","M","R","E","$","T","R","E","R","M","M","R","BOSS"],"items_purchased_type":["Card","Card"],"build_version":"2020-12-22","purchased_purges":1,"victory":false,"max_hp_per_floor":[78,78,78,78,78,78,78,78,78,78,78,78,78,78,78,78,78],"relic_stats":{"Happy Flower":[7],"counters":[8,47],"Shuriken":[2],"War Paint":["Defend_B","Glacier"],"obtain_stats":[{"Happy Flower":9,"Shuriken":7,"War Paint":11,"Cracked Core":0},{"Happy Flower":4,"Shuriken":4,"War Paint":5,"Cracked Core":0},{"Happy Flower":25,"Shuriken":25,"War Paint":29,"Cracked Core":0}]},"card_choices":[{"not_picked":["Reprogram","Recycle"],"picked":"Tempest","floor":1.0},{"not_picked":["Cold Snap","Coolheaded"],"picked":"Glacier","floor":2.0},{"not_picked":["Go for the Eyes","Glacier"],"picked":"Barrage","floor":5.0},{"not_picked":["Barrage","Go for the Eyes"],"picked":"Steam","floor":7.0},{"not_picked":["Redo","Rebound"],"picked":"Compile Driver","floor":11.0},{"not_picked":["Melter","Aggregate"],"picked":"Turbo","floor":13.0},{"not_picked":["Core Surge","Compile Driver"],"picked":"Fusion","floor":14}],"player_experience":2382717,"relics_obtained":[{"floor":7.0,"key":"Shuriken"},{"floor":9.0,"key":"Happy Flower"},{"floor":11.0,"key":"War Paint"}],"event_choices":[{"damage_healed":0.0,"max_hp_gain":0.0,"max_hp_loss":0.0,"gold_gain":50.0,"event_name":"Golden Shrine","player_choice":"Pray","floor":3.0,"gold_loss":0.0,"damage_taken":0.0}],"is_beta":false,"boss_relics":[],"items_purged_floors":[4],"is_endless":false,"potions_floor_spawned":[1,5],"killed_by":"The Guardian","ascension_level":20}}