{"host":"jtcnb1ci7jgjs1v0","time":1614356443,"event":{"mods":["BaseMod","Minty Spire (QoL Compilation)","StSLib"],"gold_per_floor":[114,114,124,44,94,146,157,184,184,184,184,34,34,78,78,168,168,211,211,235,281,24,24,24,24],"floor_reached":24,"language":"ENG","playtime":1036,"items_purged":[],"score":401,"play_id":"f13d31d0-c8ef-4d46-9ba7-471a5afdd59c","local_time":"20210226112043","is_ascension_mode":true,"campfire_choices":[{"data":"MentalFortress","floor":10.0,"key":"SMITH"},{"floor":13.0,"key":"REST"},{"data":"Tantrum","floor":15,"key":"SMITH"},{"data":"Wireheading","floor":23,"key":"SMITH"}],"circlet_count":0,"master_deck":["AscendersBane","Eruption","Vigilance+1","BowlingBash","CrushJoints","Wish","ThirdEye","Halt","MentalFortress+1","Tantrum+1","LessonLearned","Wireheading+1","Swivel+1","Perseverance","SandsOfTime+1","DeceiveReality","Tantrum","FearNoEvil","MasterReality","WaveOfTheHand","EmptyBody"],"relics":["PureWater","NeowsBlessing","Pantograph","Kunai","Bottled Tornado","Golden Idol","Toy Ornithopter","Pandora\u0027s Box","Meat on the Bone"],"acts_visited":["Exordium","TheCity"],"potions_floor_usage":[14,16],"damage_taken":[{"damage":0.0,"enemies":"2 Louse","floor":1.0,"turns":1.0},{"damage":0.0,"enemies":"Jaw Worm","floor":3.0,"turns":1.0},{"damage":0.0,"enemies":"3 Sentries","floor":6.0,"turns":2.0},{"damage":0.0,"enemies":"Cultist","floor":7.0,"turns":2.0},{"damage":20.0,"enemies":"Lagavulin","floor":8.0,"turns":6.0},{"damage":0,"enemies":"3 Louse","floor":14,"turns":5},{"damage":37,"enemies":"The Guardian","floor":16,"turns":10},{"damage":17,"enemies":"3 Byrds","floor":18,"turns":7},{"damage":2,"enemies":"Chosen","floor":20,"turns":4},{"damage":20,"enemies":"Snake Plant","floor":21,"turns":7},{"damage":15,"enemies":"Book of Stabbing","floor":24,"turns":6}],"seed_played":"-4136588842443631107","potions_obtained":[{"floor":3.0,"key":"SkillPotion"},{"floor":6.0,"key":"DuplicationPotion"},{"floor":7.0,"key":"Fire Potion"},{"floor":16,"key":"Ancient Potion"},{"floor":18,"key":"SteroidPotion"}],"is_trial":false,"path_per_floor":["M","?","M","$","?","E","M","E","T","R","?","$","R","M","R","B",null,"M","?","M","M","$","R","E"],"character_chosen":"WATCHER","items_purchased":["Wish","Toy Ornithopter","Meat on the Bone"],"campfire_rested":1,"item_purchase_floors":[4,12,22],"current_hp_per_floor":[61,41,41,41,41,41,41,21,21,21,21,21,39,44,44,25,53,36,36,34,14,14,14,0,0],"gold":24,"neow_bonus":"THREE_ENEMY_KILL","is_daily":false,"chose_seed":false,"campfire_upgraded":3,"win_rate":0.0,"timestamp":1614356443,"path_taken":["M","?","M","$","?","E","?","E","T","R","?","$","R","M","R","BOSS","M","?","M","M","$","R","E"],"items_purchased_type":["Card","Relic","Relic"],"build_version":"2020-12-22","purchased_purges":0,"victory":false,"max_hp_per_floor":[68,68,68,68,68,68,68,68,68,68,62,62,62,62,62,62,62,62,62,62,62,62,62,62,62],"card_choices":[{"not_picked":["ClearTheMind","MentalFortress"],"picked":"BowlingBash","floor":1.0},{"not_picked":["ClearTheMind","FlyingSleeves"],"picked":"CrushJoints","floor":3.0},{"not_picked":["CrushJoints","Consecrate"],"picked":"ThirdEye","floor":6.0},{"not_picked":["Sanctity","EmptyFist"],"picked":"Halt","floor":7.0},{"not_picked":["Swivel","Judgement"],"picked":"MentalFortress","floor":8.0},{"not_picked":["WaveOfTheHand","BowlingBash"],"picked":"Tantrum","floor":14},{"not_picked":["Blasphemy","Ragnarok"],"picked":"LessonLearned","floor":16},{"not_picked":["PathToVictory","FlyingSleeves","WreathOfFlame"],"picked":"SKIP","floor":18},{"not_picked":["Protect","CrushJoints+1"],"picked":"WaveOfTheHand","floor":20},{"not_picked":["Worship+1","Sanctity"],"picked":"EmptyBody","floor":21}],"player_experience":1717243,"relics_obtained":[{"floor":6.0,"key":"Pantograph"},{"floor":8.0,"key":"Kunai"},{"floor":9.0,"key":"Bottled Tornado"}],"event_choices":[{"damage_healed":0.0,"max_hp_gain":0.0,"max_hp_loss":0.0,"gold_gain":0.0,"event_name":"Shining Light","player_choice":"Entered Light","floor":2.0,"gold_loss":0.0,"damage_taken":20.0,"cards_upgraded":["Defend_P","Vigilance"]},{"damage_healed":0.0,"max_hp_gain":0.0,"max_hp_loss":0.0,"gold_gain":50.0,"event_name":"Golden Shrine","player_choice":"Pray","floor":5.0,"gold_loss":0.0,"damage_taken":0.0},{"damage_healed":0.0,"max_hp_gain":0.0,"max_hp_loss":6.0,"gold_gain":0.0,"event_name":"Golden Idol","player_choice":"Lose Max HP","floor":11.0,"gold_loss":0.0,"damage_taken":0.0,"relics_obtained":["Golden Idol"]},{"damage_healed":0,"gold_gain":0,"player_choice":"Ignored","damage_taken":0,"max_hp_gain":0,"max_hp_loss":0,"event_name":"Vampires","floor":19,"gold_loss":0}],"is_beta":false,"boss_relics":[{"not_picked":["Calling Bell","Black Star"],"picked":"Pandora\u0027s Box"}],"items_purged_floors":[],"is_endless":false,"potions_floor_spawned":[3,6,7,16,18],"killed_by":"Book of Stabbing","ascension_level":15}}