{"host":"sqt6c5vt7d1y5xtt","time":1614308224,"event":{"mods":["AchievementEnabler","BaseMod","Block Reminder","Lobotomy","Minty Spire (QoL Compilation)","Quick Restart"],"gold_per_floor":[115,215,232,242,242,274,274,292,292,292,306,318,331,13,13,113,113,80,80,5,5,5],"floor_reached":21,"language":"KOR","playtime":888,"items_purged":["Strike_R"],"score":206,"play_id":"6449d72e-97a1-40df-9e13-637f335c74ac","local_time":"20210225235704","is_ascension_mode":false,"campfire_choices":[{"floor":7,"key":"DIG"},{"floor":10,"key":"DIG"},{"floor":15,"key":"DIG"}],"circlet_count":0,"master_deck":["Defend_R","Defend_R","Defend_R","Bash","Rudolta","Sword Boomerang","Disarm","Armaments","WallGazer","MeatLantern","Heavy Blade","Limit Break","CrumblingArmor","Anger","FieryBird","Headbutt+1","Bite","Bite","Bite","Bite","Bite"],"relics":["Burning Blood","CogitoBucket","Shovel","Bottled Flame","Eternal Feather","Thread and Needle","BackwardClock","Matryoshka","Champion Belt","SlaversCollar"],"acts_visited":["Exordium","TheCity"],"potions_floor_usage":[8,11,16,21],"damage_taken":[{"damage":6,"enemies":"Jaw Worm","floor":1,"turns":5},{"damage":10,"enemies":"Cultist","floor":3,"turns":4},{"damage":5,"enemies":"Small Slimes","floor":4,"turns":4},{"damage":40,"enemies":"3 Sentries","floor":6,"turns":10},{"damage":26,"enemies":"Exordium Wildlife","floor":8,"turns":4},{"damage":11,"enemies":"Looter","floor":11,"turns":4},{"damage":6,"enemies":"Large Slime","floor":12,"turns":9},{"damage":3,"enemies":"Blue Slaver","floor":13,"turns":3},{"damage":25,"enemies":"Hexaghost","floor":16,"turns":5},{"damage":39,"enemies":"2 Thieves","floor":18,"turns":5},{"damage":90,"enemies":"Spheric Guardian","floor":21,"turns":5}],"seed_played":"8656516806929454467","potions_obtained":[{"floor":3,"key":"Fire Potion"},{"floor":8,"key":"HeartOfIron"},{"floor":11,"key":"Dexterity Potion"},{"floor":16,"key":"Block Potion"},{"floor":18,"key":"ColorlessPotion"}],"is_trial":false,"path_per_floor":["M","?","M","M","?","E","R","M","T","R","M","M","M","$","R","B",null,"M","?","?","M"],"character_chosen":"IRONCLAD","items_purchased":["Matryoshka"],"campfire_rested":0,"item_purchase_floors":[14],"current_hp_per_floor":[80,80,76,77,70,36,36,16,16,25,20,20,23,23,32,13,80,47,47,47,0,0],"gold":5,"neow_bonus":"","is_daily":false,"chose_seed":false,"campfire_upgraded":0,"win_rate":0.0,"timestamp":1614308224,"path_taken":["M","?","?","M","?","E","R","M","T","R","M","M","M","?","R","BOSS","M","?","?","M"],"items_purchased_type":["Relic"],"build_version":"2020-12-22","purchased_purges":1,"victory":false,"max_hp_per_floor":[80,80,80,80,80,80,80,80,80,80,80,80,80,80,80,80,80,80,56,56,56,56],"card_choices":[{"not_picked":["OldLady","FairyFestival"],"picked":"Rudolta","floor":1},{"not_picked":["Anger","Twin Strike"],"picked":"Sword Boomerang","floor":1},{"not_picked":["DreamingCurrent","Laetitia","FairyFestival"],"picked":"Singing Bowl","floor":3},{"not_picked":["Shockwave","Evolve"],"picked":"Disarm","floor":3},{"not_picked":["Wild Strike","Havoc"],"picked":"Armaments","floor":4},{"not_picked":["MHz","PunishingBird","OSAHOGD"],"picked":"Singing Bowl","floor":6},{"not_picked":["QueenBee","NothingThere"],"picked":"WallGazer","floor":6},{"not_picked":["Reckless Charge","Seeing Red"],"picked":"Spot Weakness","floor":6},{"not_picked":["PunishingBird","Alriune","Woodsman"],"picked":"Singing Bowl","floor":8},{"not_picked":["SpiderBud","Wellcheers"],"picked":"MeatLantern","floor":8},{"not_picked":["Sever Soul","Sentinel"],"picked":"Heavy Blade","floor":8},{"not_picked":["Whirlwind","Infernal Blade"],"picked":"Limit Break","floor":11},{"not_picked":["BlackSwan","CherryBlossoms"],"picked":"CrumblingArmor","floor":12},{"not_picked":["Reckless Charge","Hemokinesis"],"picked":"Anger","floor":12},{"not_picked":["SpiderBud","PunishingBird","BeautyBeast"],"picked":"Singing Bowl","floor":13},{"not_picked":["Clash","Dark Embrace","Blood for Blood"],"picked":"SKIP","floor":13},{"not_picked":["Porccubus","Yin","Bloodbath"],"picked":"Singing Bowl","floor":16},{"not_picked":["Fiend Fire","Offering"],"picked":"Barricade","floor":16},{"not_picked":["Laetitia","WhitesApple"],"picked":"FieryBird","floor":18},{"not_picked":["Warcry","Intimidate+1"],"picked":"Headbutt+1","floor":18}],"player_experience":163610,"relics_obtained":[{"floor":6,"key":"Shovel"},{"floor":7,"key":"Bottled Flame"},{"floor":9,"key":"Eternal Feather"},{"floor":10,"key":"Thread and Needle"},{"floor":15,"key":"Champion Belt"}],"event_choices":[{"damage_healed":0,"gold_gain":100,"player_choice":"Pray","damage_taken":0,"max_hp_gain":0,"max_hp_loss":0,"event_name":"Golden Shrine","floor":2,"gold_loss":0},{"cards_removed":["Defend_R"],"damage_healed":0,"gold_gain":0,"player_choice":"Card Removal","damage_taken":7,"max_hp_gain":0,"max_hp_loss":0,"event_name":"Golden Wing","floor":5,"gold_loss":0},{"damage_healed":0,"gold_gain":0,"player_choice":"Became a vampire","damage_taken":0,"max_hp_gain":0,"max_hp_loss":24,"event_name":"Vampires","floor":19,"gold_loss":0,"cards_obtained":["Bite","Bite","Bite","Bite","Bite"]},{"cards_removed":["Barricade"],"damage_healed":0,"gold_gain":0,"player_choice":"Gave Gold","damage_taken":0,"max_hp_gain":0,"max_hp_loss":0,"event_name":"Beggar","floor":20,"gold_loss":75}],"is_beta":false,"boss_relics":[{"not_picked":["Fusion Hammer","Tiny House"],"picked":"SlaversCollar"}],"items_purged_floors":[14],"is_endless":false,"potions_floor_spawned":[3,8,11,16,18],"killed_by":"Spheric Guardian","ascension_level":0}}