{"host":"q8niu1x2pgv94o1d","time":1614367114,"event":{"mods":["AchievementEnabler","BaseMod","Colored Map","Colored Powertips","Minty Spire (QoL Compilation)","StSLib"],"gold_per_floor":[114,114,132,132,132,132,151,151,174,200,212,239,264,308,320,409,421,444,474,486,448,473,485,525,537,549,561,586,598,621,652,664,754,816,838,850,880,509,509,509,535,535,590,625,625,625,36,52,52,52,52,52],"floor_reached":51,"language":"ENG","playtime":5547,"items_purged":["Strike_R","Defend_R"],"score":1616,"play_id":"30e6e4b3-3215-4b72-ab10-912864e11d54","local_time":"20210226201834","is_ascension_mode":true,"campfire_choices":[{"data":"Immolate","floor":6.0,"key":"SMITH"},{"data":"Rage","floor":8.0,"key":"SMITH"},{"data":"Armaments","floor":15.0,"key":"SMITH"},{"data":"Barricade","floor":23.0,"key":"SMITH"},{"data":"Body Slam","floor":25.0,"key":"SMITH"},{"floor":27.0,"key":"DIG"},{"floor":29.0,"key":"DIG"},{"floor":32.0,"key":"DIG"},{"floor":40.0,"key":"DIG"},{"floor":42.0,"key":"DIG"},{"floor":46.0,"key":"DIG"},{"floor":49.0,"key":"DIG"}],"circlet_count":0,"master_deck":["AscendersBane","Strike_R","Strike_R","Strike_R+1","Defend_R","Defend_R+1","Bash+1","Whirlwind","Disarm","Immolate+1","Rage+1","True Grit","Armaments+1","Shrug It Off","Warcry","Fiend Fire","Barricade+1","Flex+1","Body Slam+1","Impervious","Exhume","Intimidate+1","Flash of Steel","Flash of Steel","Entrench","Flame Barrier"],"relics":["Burning Blood","Pen Nib","Bronze Scales","Smiling Mask","MawBank","Ancient Tea Set","Coffee Dripper","Enchiridion","Vajra","Shovel","Paper Frog","Bag of Preparation","Omamori","Tiny House","Red Skull","Anchor","Nunchaku","Strawberry","Gremlin Horn","Happy Flower","Potion Belt","StrikeDummy","Ornamental Fan","Mummified Hand","Gambling Chip"],"acts_visited":["Exordium","TheCity","TheBeyond"],"potions_floor_usage":[50],"damage_taken":[{"damage":4.0,"enemies":"2 Louse","floor":1.0,"turns":2.0},{"damage":7.0,"enemies":"Jaw Worm","floor":3.0,"turns":2.0},{"damage":0.0,"enemies":"Small Slimes","floor":7.0,"turns":1.0},{"damage":10.0,"enemies":"Gremlin Nob","floor":10.0,"turns":3.0},{"damage":14.0,"enemies":"Exordium Wildlife","floor":12.0,"turns":3.0},{"damage":8.0,"enemies":"Large Slime","floor":13.0,"turns":4.0},{"damage":18.0,"enemies":"Lagavulin","floor":14.0,"turns":6.0},{"damage":31.0,"enemies":"The Guardian","floor":16.0,"turns":10.0},{"damage":0.0,"enemies":"3 Byrds","floor":18.0,"turns":2.0},{"damage":0.0,"enemies":"Spheric Guardian","floor":19.0,"turns":1.0},{"damage":0.0,"enemies":"3 Cultists","floor":22.0,"turns":3.0},{"damage":5.0,"enemies":"Slavers","floor":24.0,"turns":2.0},{"damage":19.0,"enemies":"Cultist and Chosen","floor":28.0,"turns":5.0},{"damage":0.0,"enemies":"Centurion and Healer","floor":30.0,"turns":5.0},{"damage":0.0,"enemies":"3 Cultists","floor":31.0,"turns":3.0},{"damage":6.0,"enemies":"Automaton","floor":33.0,"turns":7.0},{"damage":0.0,"enemies":"3 Shapes","floor":35.0,"turns":4.0},{"damage":0.0,"enemies":"Orb Walker","floor":37.0,"turns":1.0},{"damage":0.0,"enemies":"Nemesis","floor":41.0,"turns":7.0},{"damage":70.0,"enemies":"Reptomancer","floor":44.0,"turns":7.0},{"damage":0.0,"enemies":"4 Shapes","floor":48.0,"turns":1.0},{"damage":52,"enemies":"Awakened One","floor":50,"turns":10},{"damage":0,"enemies":"Time Eater","floor":51,"turns":1}],"seed_played":"-4146617663150979766","potions_obtained":[{"floor":1.0,"key":"Explosive Potion"},{"floor":7.0,"key":"FearPotion"},{"floor":10.0,"key":"PowerPotion"},{"floor":13.0,"key":"PowerPotion"},{"floor":19.0,"key":"FairyPotion"},{"floor":22.0,"key":"Explosive Potion"},{"floor":24.0,"key":"Dexterity Potion"},{"floor":34.0,"key":"SmokeBomb"},{"floor":37.0,"key":"Ancient Potion"},{"floor":48.0,"key":"AttackPotion"}],"is_trial":false,"path_per_floor":["M","?","M","?","T","R","M","R","T","E","?","M","M","E","R","B",null,"M","M","?","?","M","R","E","R","T","R","M","R","M","M","R","B",null,"M","?","M","$","?","R","E","R","T","E","?","R","$","M","R","B","B"],"character_chosen":"IRONCLAD","items_purchased":["Red Skull","Anchor","Ornamental Fan","Mummified Hand"],"campfire_rested":0,"item_purchase_floors":[38,38,47,47],"current_hp_per_floor":[70,70,69,69,69,69,75,75,75,71,64,56,54,42,42,17,61,67,73,52,52,58,58,59,59,59,59,46,46,52,58,58,58,76,80,80,80,80,70,70,83,83,83,19,87,87,87,87,87,41,41,41],"gold":52,"neow_bonus":"TRANSFORM_CARD","is_daily":false,"chose_seed":false,"campfire_upgraded":5,"win_rate":0.0,"timestamp":1614367114,"path_taken":["M","?","M","?","?","R","M","R","T","E","?","M","?","E","R","BOSS","M","M","?","?","M","R","E","R","T","R","M","R","?","M","R","BOSS","M","?","M","$","?","R","E","R","T","E","?","R","?","?","R","BOSS","BOSS"],"items_purchased_type":["Relic","Relic","Relic","Relic"],"build_version":"2020-12-22","purchased_purges":2,"victory":false,"max_hp_per_floor":[75,75,75,75,75,75,75,75,75,75,75,75,75,75,75,75,75,75,75,75,75,75,75,75,75,75,75,75,75,75,75,75,75,80,80,80,80,80,80,80,87,87,87,87,87,87,87,87,87,87,87,87],"card_choices":[{"not_picked":["Bloodletting","Dual Wield"],"picked":"Disarm","floor":1.0},{"not_picked":["Cleave","Twin Strike"],"picked":"Rage","floor":3.0},{"not_picked":["Wild Strike","Clothesline"],"picked":"True Grit","floor":7.0},{"not_picked":["Twin Strike","Rupture"],"picked":"Armaments","floor":10.0},{"not_picked":["Evolve","Flex"],"picked":"Shrug It Off","floor":12.0},{"not_picked":["Ghostly Armor","Carnage"],"picked":"Warcry","floor":13.0},{"not_picked":["Warcry","Feel No Pain"],"picked":"Fiend Fire","floor":14.0},{"not_picked":["Double Tap","Limit Break"],"picked":"Barricade","floor":16.0},{"not_picked":["Perfected Strike","Sword Boomerang"],"picked":"Flex+1","floor":18.0},{"not_picked":["Combust+1","Perfected Strike","Twin Strike"],"picked":"SKIP","floor":19.0},{"not_picked":["Anger","Sentinel"],"picked":"Body Slam","floor":22.0},{"not_picked":["Reckless Charge","Infernal Blade+1"],"picked":"Impervious","floor":24.0},{"not_picked":["Flex","Headbutt","Perfected Strike"],"picked":"SKIP","floor":28.0},{"not_picked":["Second Wind","Armaments","Shrug It Off"],"picked":"SKIP","floor":30.0},{"not_picked":["Dark Embrace","Headbutt","Seeing Red"],"picked":"SKIP","floor":31.0},{"not_picked":["Offering","Bludgeon"],"picked":"Exhume","floor":33.0},{"not_picked":["Dual Wield","Twin Strike+1"],"picked":"Intimidate+1","floor":35.0},{"not_picked":["Dark Embrace+1","Corruption","Cleave"],"picked":"SKIP","floor":37.0},{"not_picked":["Deep Breath","Panacea"],"picked":"Flash of Steel","floor":39.0},{"not_picked":["Swift Strike","Purity"],"picked":"Flash of Steel","floor":39.0},{"not_picked":["Headbutt","Dropkick"],"picked":"Entrench","floor":41.0},{"not_picked":["Wild Strike","True Grit"],"picked":"Flame Barrier","floor":44.0},{"not_picked":["Armaments","Iron Wave+1","Wild Strike+1"],"picked":"SKIP","floor":48.0}],"player_experience":1835425,"relics_obtained":[{"floor":5.0,"key":"Bronze Scales"},{"floor":9.0,"key":"Smiling Mask"},{"floor":10.0,"key":"MawBank"},{"floor":14.0,"key":"Ancient Tea Set"},{"floor":20.0,"key":"Enchiridion"},{"floor":24.0,"key":"Vajra"},{"floor":26.0,"key":"Shovel"},{"floor":27.0,"key":"Paper Frog"},{"floor":29.0,"key":"Bag of Preparation"},{"floor":32.0,"key":"Omamori"},{"floor":40.0,"key":"Nunchaku"},{"floor":41.0,"key":"Strawberry"},{"floor":42.0,"key":"Gremlin Horn"},{"floor":43.0,"key":"Happy Flower"},{"floor":44.0,"key":"Potion Belt"},{"floor":46.0,"key":"StrikeDummy"},{"floor":49.0,"key":"Gambling Chip"}],"event_choices":[{"damage_healed":0.0,"max_hp_gain":0.0,"max_hp_loss":0.0,"gold_gain":0.0,"cards_transformed":["Defend_R"],"event_name":"Living Wall","player_choice":"Change","floor":2.0,"gold_loss":0.0,"damage_taken":0.0,"cards_obtained":["Immolate"]},{"damage_healed":0.0,"max_hp_gain":0.0,"max_hp_loss":0.0,"gold_gain":0.0,"event_name":"Big Fish","player_choice":"Box","floor":4.0,"gold_loss":0.0,"damage_taken":0.0,"relics_obtained":["Pen Nib"],"cards_obtained":["Regret"]},{"cards_removed":["Regret"],"damage_healed":0.0,"max_hp_gain":0.0,"max_hp_loss":0.0,"gold_gain":0.0,"event_name":"Golden Wing","player_choice":"Card Removal","floor":11.0,"gold_loss":0.0,"damage_taken":7.0},{"damage_healed":0.0,"max_hp_gain":0.0,"max_hp_loss":0.0,"gold_gain":0.0,"event_name":"Cursed Tome","player_choice":"Obtained Book","floor":20.0,"gold_loss":0.0,"damage_taken":21.0},{"damage_healed":0.0,"max_hp_gain":0.0,"max_hp_loss":0.0,"gold_gain":0.0,"event_name":"Designer","player_choice":"Upgraded Two","floor":21.0,"gold_loss":50.0,"damage_taken":0.0,"cards_upgraded":["Bash","Strike_R"]},{"damage_healed":16.0,"max_hp_gain":0.0,"max_hp_loss":0.0,"gold_gain":0.0,"event_name":"Winding Halls","player_choice":"Writhe","floor":36.0,"gold_loss":0.0,"damage_taken":0.0,"cards_obtained":["Writhe"]},{"damage_healed":0.0,"max_hp_gain":0.0,"max_hp_loss":0.0,"gold_gain":0.0,"event_name":"SensoryStone","player_choice":"Memory 3","floor":39.0,"gold_loss":0.0,"damage_taken":10.0},{"damage_healed":68.0,"max_hp_gain":0.0,"max_hp_loss":0.0,"gold_gain":0.0,"event_name":"MindBloom","player_choice":"Heal","floor":45.0,"gold_loss":0.0,"damage_taken":0.0,"cards_obtained":["Doubt"]}],"is_beta":false,"boss_relics":[{"not_picked":["Snecko Eye","Runic Pyramid"],"picked":"Coffee Dripper"},{"not_picked":["Runic Dome","Black Star"],"picked":"Tiny House"}],"items_purged_floors":[38,47],"is_endless":false,"potions_floor_spawned":[1,7,10,13,19,22,24,37,48],"killed_by":"Time Eater","ascension_level":20}}