{"host":"8t5dkgm85abdp22d","time":1614325494,"event":{"mods":["100% Spire Juice","ATMod(阿瑾Mod)","Act Like it!","BaseMod","Colored Powertips","Conspire","Gensokyo","Hallownest","Library of Ruina","Library of Ruina Extra","Marisa（F雨　魔理沙）","Minty Spire (QoL Compilation)","MostiFishMod","Remilia（蕾米莉亚）","RumiaBox-露米娅的神秘盒子","StSLib","The Bug Knight","UnlockEverythingMod","Waifu the Spire","WarShipGirlsR/战舰少女R mod","Wide Potions","Yakumo Yukari mod"],"gold_per_floor":[114,131,131,146,71,71,87,113,113,113,128,158,169,186,186,284,284,304,320,335,351,351,351,384,403,403,728,744,744,773,786,786,888,888,898,917,917,932,947,973,993,1012,1086,1118,1168,1168,1168,1179,1179,1179,1179,1179,1179,935,964,964],"floor_reached":57,"language":"ZHS","playtime":2042,"items_purged":["LightAttack","LightDefense+1"],"score":2105,"play_id":"5493d0a0-a5a0-45bf-a779-65ebe869bfa9","local_time":"20210226154454","is_ascension_mode":true,"campfire_choices":[{"data":"FocusSpirit","floor":6.0,"key":"SMITH"},{"data":"SenseQuarry","floor":15.0,"key":"SMITH"},{"floor":29.0,"key":"RECALL"},{"data":"ExtractFuel","floor":32.0,"key":"SMITH"},{"data":"Finesse","floor":49.0,"key":"SMITH"},{"data":"FrontalAssault","floor":53,"key":"SMITH"}],"circlet_count":0,"master_deck":["Dodge+1","UpstandingSlash+1","Spear_LOR+1","LevelSlash+1","LightDefense+1","LightDefense+1","FocusSpirit+1","Charge+1","WillOfThePrescript+1","SenseQuarry+1","Unlock1+1","ExtractFuel+1","GoinFirst+1","Clone+1","Parry2+1","LoosenUp+1","Faith+1","FrontalAssault+1","Finesse+1","Master of Strategy"],"relics":["PageOfLibrarian","AT_ATBox","DaveBox","BirthdayGift-Tetrahedron","SynthV:TestCard","MagicDraw3","AT_DeathDance","EasyGame_NEW","Bottled Lightning","HornCleat","PageOfScorchedGirl","Old Coin","Regal Pillow","ChiXiaoBlade","Bag of Marbles","PageOfLittleHelper","PageOfPunishingBird","CaptainsWheel","Pen Nib","White Beast Statue"],"acts_visited":["Exordium","TheCity","TheBeyond","TheEnding"],"potions_floor_usage":[],"damage_taken":[{"damage":0.0,"enemies":"Small Slimes","floor":1.0,"turns":1.0},{"damage":0.0,"enemies":"Cultist","floor":2.0,"turns":1.0},{"damage":0.0,"enemies":"2 Louse","floor":4.0,"turns":1.0},{"damage":2.0,"enemies":"Exordium Wildlife","floor":7.0,"turns":2.0},{"damage":2.0,"enemies":"Gremlin Nob","floor":8.0,"turns":2.0},{"damage":0.0,"enemies":"Blue Slaver","floor":11.0,"turns":1.0},{"damage":0.0,"enemies":"Lagavulin","floor":12.0,"turns":1.0},{"damage":0.0,"enemies":"Looter","floor":13.0,"turns":1.0},{"damage":0.0,"enemies":"3 Louse","floor":14.0,"turns":1.0},{"damage":2.0,"enemies":"The Guardian","floor":16.0,"turns":2.0},{"damage":0.0,"enemies":"2 Thieves","floor":18.0,"turns":1.0},{"damage":0.0,"enemies":"Shell Parasite","floor":19.0,"turns":1.0},{"damage":0.0,"enemies":"Centurion and Healer","floor":20.0,"turns":1.0},{"damage":0.0,"enemies":"Chosen and Byrds","floor":21.0,"turns":1.0},{"damage":2.0,"enemies":"Slavers","floor":24.0,"turns":2.0},{"damage":2.0,"enemies":"Snecko","floor":25.0,"turns":2.0},{"damage":0.0,"enemies":"Book of Stabbing","floor":27.0,"turns":1.0},{"damage":2.0,"enemies":"Cultist and Chosen","floor":28.0,"turns":2.0},{"damage":2.0,"enemies":"Slavers","floor":30.0,"turns":2.0},{"damage":0.0,"enemies":"Snake Plant","floor":31.0,"turns":1.0},{"damage":4.0,"enemies":"KingOfGreed","floor":33.0,"turns":3.0},{"damage":0.0,"enemies":"Orb Walker","floor":35.0,"turns":1.0},{"damage":0.0,"enemies":"3 Shapes","floor":36.0,"turns":1.0},{"damage":6.0,"enemies":"3 Shapes","floor":37.0,"turns":4.0},{"damage":0.0,"enemies":"Jaw Worm Horde","floor":38.0,"turns":1.0},{"damage":4.0,"enemies":"Transient","floor":39.0,"turns":3.0},{"damage":0.0,"enemies":"Reptomancer","floor":40.0,"turns":1.0},{"damage":0.0,"enemies":"Sphere and 2 Shapes","floor":41.0,"turns":1.0},{"damage":0.0,"enemies":"Writhing Mass","floor":42.0,"turns":1.0},{"damage":0.0,"enemies":"Nemesis","floor":44.0,"turns":1.0},{"damage":0.0,"enemies":"Mind Bloom Boss Battle","floor":45.0,"turns":1.0},{"damage":0.0,"enemies":"4 Shapes","floor":48.0,"turns":1.0},{"damage":2.0,"enemies":"Time Eater","floor":50.0,"turns":2.0},{"damage":4.0,"enemies":"Time Eater","floor":51.0,"turns":3.0},{"damage":0,"enemies":"Shield and Spear","floor":55,"turns":1},{"damage":5,"enemies":"The Heart","floor":56,"turns":3}],"seed_played":"-422442424243135420","potions_obtained":[{"floor":2.0,"key":"AttackPotion"},{"floor":8.0,"key":"PanachePotion"},{"floor":10.0,"key":"DuplicationPotion"},{"floor":10.0,"key":"SmokeBomb"},{"floor":12.0,"key":"Ancient Potion"}],"is_trial":false,"path_per_floor":["M","M","?","M","$","R","M","E","T","?","M","E","M","M","R","B",null,"M","M","M","M","?","T","E","M","T","E","M","R","E","M","R","B",null,"M","M","?","M","M","E","M","M","T","E","?","?","?","M","R","B",null,null,"R","$","E","B",null],"character_chosen":"Librarian","items_purchased":["Pen Nib"],"campfire_rested":0,"item_purchase_floors":[54],"current_hp_per_floor":[60,60,60,60,60,60,58,56,56,56,56,56,56,58,58,58,92,92,92,92,92,92,92,90,88,88,90,90,90,88,88,88,86,92,92,92,92,92,90,90,90,90,90,90,92,92,82,84,84,84,84,92,92,92,92,88],"gold":964,"neow_bonus":"","is_daily":false,"chose_seed":false,"campfire_upgraded":5,"win_rate":0.0,"timestamp":1614325494,"path_taken":["M","M","?","M","$","R","M","E","T","?","M","E","M","M","R","BOSS","M","M","?","M","?","?","E","M","T","E","M","R","E","M","R","BOSS","M","M","?","M","M","E","M","M","T","E","?","?","?","M","R","BOSS","R","$","E","BOSS"],"items_purchased_type":["Relic"],"build_version":"2020-12-22","purchased_purges":2,"victory":true,"max_hp_per_floor":[92,92,92,92,92,92,92,92,92,92,92,92,92,92,92,92,92,92,92,92,92,92,92,92,92,92,92,92,92,92,92,92,92,92,92,92,92,92,92,92,92,92,92,92,92,92,92,92,92,92,92,92,92,92,92,92],"card_choices":[{"not_picked":["FleetFootsteps","RatsGuideToSurvival","UnavoidableGaze","FierceCharge","FieryWaltz","Decapitation","AsThePrescriptOrders","NightInTheBackstreets"],"picked":"WillOfThePrescript","floor":1.0},{"not_picked":["SilentMist","Pound","CoordinatedAssault","HighKick","AsThePrescriptOrders","Outburst","InnerArdor","AGoldenOpportunity","UnavoidableGaze","HiddenBlade","Retaliate"],"picked":"SKIP","floor":2.0},{"not_picked":["SmokingPipe","FleetEdge","SnakesPrey","Rewind","Overpower","DriedUp","TasteMyFlamingBat","SweepTheBackstreets","Standoff","Decapitation","ScatteringSlash"],"picked":"SKIP","floor":4.0},{"not_picked":["Track","Tttonst","AsThePrescriptOrders","TendonChords","HandleRequest","ProselytesBlade","GuardingStance","Gigigig","ForTheFamily","LossOfSenses","SetFire"],"picked":"SKIP","floor":7.0},{"not_picked":["FlashingStrike","Thrust","AsThePrescriptOrders","Riposte","FierceOnslaught","SerpentSwordTechnique","EndlessBattle","LossOfSenses","TendonChords","WildCard"],"picked":"SenseQuarry","floor":8.0},{"not_picked":["Faith","HiddenBlade","PreemptiveStrike","BiteOff","HandleRequest","FleetEdge","BiAn","Laceration","Thrust","FieryDragonSlash"],"picked":"Unlock1","floor":11.0},{"not_picked":["ForcefulGesture","YourShield","Transpierce","SerpentSwordTechnique","BindingArms","QuickSuppression","Guardian_lor","ScatteringSlash","EndlessBattle","EnergyShield"],"picked":"ExtractFuel","floor":12.0},{"not_picked":["QuickSuppression","SavageMode","EnergyCycle","DevastatingThrash","RushDown","SunsetBlade","ButterflySlash","SharpenedBlade","BladeWhirl","SharpSwipe","BiAn"],"picked":"SKIP","floor":13.0},{"not_picked":["EnergyCycle","Standoff","BackAttack","ScratchThat","Outburst","HandleRequest","FendThisOffIfYouCan","ShockRound","SharpSwipe","LossOfSenses","Retaliate"],"picked":"SKIP","floor":14.0},{"not_picked":["Commandeering","Disposal","MirageStorm","Castigation"],"picked":"GoinFirst","floor":16.0},{"not_picked":["LossOfSenses","AsThePrescriptOrders","SunsetBlade","BladeWhirl","MultiHit","AutomatedMovement","WillBeTasty+1","Quickness","Tttonst","BiteOff","GuardingStance"],"picked":"SKIP","floor":18.0},{"not_picked":["GuardingStance","BindingArms","SunsetBlade","StrikeDown+1","Multislash","Reload+1","HighKick","Transpierce","Pound","AutomatedMovement","HiddenBlade"],"picked":"SKIP","floor":19.0},{"not_picked":["SmokingPipe","HighKick","SilentMist+1","Unlock1+1","RushDown","SomberProcuration","AsThePrescriptOrders","FierceCharge","RulesOfTheBackstreets","PreemptiveStrike","Wallop_lor"],"picked":"SKIP","floor":20.0},{"not_picked":["SnakesPrey+1","RushDown","StrongStrike","NonstopAssault+1","Wallop_lor","ConcentratedFire","BiAn","AsThePrescriptOrders","UpbeatPerformance","SuppressingShot","Creak+1"],"picked":"SKIP","floor":21.0},{"not_picked":["Quickness","FlashOfSunup","Bvapour","FierceCharge","SharpSwipe+1","UpbeatPerformance","Unlock1","Wallop_lor+1","FleetFootsteps+1","FlyingSword+1"],"picked":"Clone+1","floor":24.0},{"not_picked":["Riposte","ViolentFlame+1","GrazeTheGrass","GreatSerpentsImpact","MultiHit","SnakesPrey+1","ForcefulGesture+1","AsThePrescriptOrders+1","BiAn","GuardingStance","DarkCloud"],"picked":"SKIP","floor":25.0},{"not_picked":["AsThePrescriptOrders","ExtremeEdge","Fence","Rewind","Parry2+1","SnakesPrey","HighSpeedStabbing","SuppressingShot","BiteOff","WillOfThePrescript","Collision"],"picked":"SKIP","floor":27.0},{"not_picked":["Rampage_lor+1","FleetEdge+1","YoureAHindrance","EnergyShield","ICanCookAnything","StrongStrike","DirtyBlow","GrazeTheGrass","SparkingSpear+1","Juggling"],"picked":"Parry2","floor":28.0},{"not_picked":["Eject","Wallop_lor","YoureTooSlow","LawAndOrder","SerpentineBarrier","Guardian_lor","AutonomousRush","EndlessBattle","HiddenBlade+1","Feast"],"picked":"LoosenUp","floor":30.0},{"not_picked":["UnavoidableGaze","Zzzzzap+1","NightInTheBackstreets+1","HiddenBlade","Parry2","QuickSuppression+1","StayCalm","FervidEmotions","Eradication","ViolentFlame+1"],"picked":"Faith","floor":31.0},{"not_picked":["LossOfSenses+1","ClassAndRespect","SharpSwipe+1","Thirst+1","EnergyShield+1","InhaleSmoke","PinpointShot+1","BiXi+1","LawAndOrder","FieryDragonSlash","StrongStrike+1"],"picked":"SKIP","floor":35.0},{"not_picked":["Wallop_lor+1","InhaleSmoke","Multislash","Unlock1+1","StructuralAnalysis","Quickness","HighSpeedStabbing","ShockRound+1","Guardian_lor+1","Marionette","MultiHit+1"],"picked":"SKIP","floor":36.0},{"not_picked":["Thrust+1","UpbeatPerformance","FeatherShield","FieryWaltz+1","BiAn","HiddenBlade+1","DriedUp","Multislash+1","GrazeTheGrass","BiteOff","JiaoTu"],"picked":"SKIP","floor":38.0},{"not_picked":["UndertakePrescript","GuidanceOfTheGears+1","SmokingPipe","BackAttack","FervidEmotions","NightInTheBackstreets","UpbeatPerformance+1","AlloutWar","FleshFillet","Unlock1","SparkingSpear+1"],"picked":"SKIP","floor":39.0},{"not_picked":["SnakeSlit","ShockingBlow","SinglePointStab","SilentNight","Quickness+1","ReadyUp+1","Rewind+1","Faith+1","Multislash+1","DarkCloud+1","HighSpeedStabbing"],"picked":"SKIP","floor":40.0},{"not_picked":["Juggling","Eject","ChiWen","AutomatedMovement","CookingPrep+1","GreatSerpentsImpact+1","FleetFootsteps+1","Marionette","Standoff","LoosenUp+1","BoundaryOfDeath"],"picked":"SKIP","floor":41.0},{"not_picked":["RatsGuideToSurvival+1","CoordinatedAssault+1","QuickAttack","NightInTheBackstreets","RhinoRam","DestructiveImpact","PreemptiveStrike","Standoff","Execute_lor","Leap_lor+1"],"picked":"FrontalAssault","floor":42.0},{"not_picked":["AutomatedMovement+1","SharpenedBlade+1","Retaliate+1","Preparation+1","PreemptiveStrike","MultiBlock","BizarreAttack","Cruelty","TendonChords","SmokingPipe+1","SinglePointStab"],"picked":"SKIP","floor":44.0},{"not_picked":["AutomatedMovement+1","SharpenedBlade+1","Retaliate+1","Preparation+1","PreemptiveStrike","MultiBlock","BizarreAttack","Cruelty","TendonChords","SmokingPipe+1","SinglePointStab"],"picked":"SKIP","floor":44.0},{"not_picked":["HandOfGreed","Panacea","Forethought","MostiFishMod:TheLastGuard","MostiFishMod:ButterFly","Blind","AT_CelerityRune","Bandage Up","Enlightenment","AT_FalsePromise"],"picked":"Finesse","floor":47.0},{"not_picked":["MostiFishMod:ForestofLight","Bandage Up","Finesse","MostiFishMod:ButterFly","Mind Blast","Transmutation","Purity","Panacea","Impatience","AT_PowerWithin"],"picked":"Master of Strategy","floor":47.0},{"not_picked":["SkitterAway+1","Tailoring","PreemptiveStrike+1","BindingChains+1","TrimTheIngredients","SinglePointStab+1","WillBeTasty+1","Guardian_lor+1","SummaryJudgment+1","EnergyShield+1","HiddenBlade+1"],"picked":"SKIP","floor":48.0},{"not_picked":["EmotionalTurbulence","ChiWen+1","ToOvercomeCrisis+1","MultiBlock","Leap_lor+1","SuppressingShot+1","AssaultOrder+1","ChopItOff+1","FrontalAssault+1","Outburst+1","LossOfSenses+1"],"picked":"SKIP","floor":55}],"player_experience":136458,"relics_obtained":[{"floor":1.0,"key":"SynthV:TestCard"},{"floor":8.0,"key":"MagicDraw3"},{"floor":12.0,"key":"AT_DeathDance"},{"floor":23.0,"key":"Bottled Lightning"},{"floor":24.0,"key":"HornCleat"},{"floor":26.0,"key":"PageOfScorchedGirl"},{"floor":27.0,"key":"Old Coin"},{"floor":30.0,"key":"Regal Pillow"},{"floor":40.0,"key":"Bag of Marbles"},{"floor":43.0,"key":"PageOfLittleHelper"},{"floor":44.0,"key":"PageOfPunishingBird"},{"floor":45.0,"key":"CaptainsWheel"},{"floor":55,"key":"White Beast Statue"}],"event_choices":[{"damage_healed":0.0,"max_hp_gain":0.0,"max_hp_loss":0.0,"gold_gain":0.0,"event_name":"Living Wall","player_choice":"Grow","floor":3.0,"gold_loss":0.0,"damage_taken":0.0,"cards_upgraded":["Charge"]},{"damage_healed":0.0,"max_hp_gain":0.0,"max_hp_loss":0.0,"gold_gain":0.0,"event_name":"Lab","player_choice":"Got Potions","floor":10.0,"gold_loss":0.0,"damage_taken":0.0},{"damage_healed":0.0,"max_hp_gain":0.0,"max_hp_loss":0.0,"gold_gain":0.0,"event_name":"conspire:Investor","player_choice":"Leave","floor":22.0,"gold_loss":0.0,"damage_taken":0.0},{"damage_healed":0.0,"max_hp_gain":0.0,"max_hp_loss":0.0,"gold_gain":0.0,"event_name":"MindBloom","player_choice":"Fight","floor":45.0,"gold_loss":0.0,"damage_taken":0.0},{"damage_healed":0.0,"max_hp_gain":0.0,"max_hp_loss":0.0,"gold_gain":0.0,"event_name":"Tomb of Lord Red Mask","player_choice":"Ignored","floor":46.0,"gold_loss":0.0,"damage_taken":0.0},{"damage_healed":0.0,"max_hp_gain":0.0,"max_hp_loss":0.0,"gold_gain":0.0,"event_name":"SensoryStone","player_choice":"Memory 3","floor":47.0,"gold_loss":0.0,"damage_taken":10.0}],"is_beta":false,"boss_relics":[{"not_picked":["BloodWine","HereWithMe"],"picked":"EasyGame_NEW"},{"not_picked":["AT_TrinityForce","xbg"],"picked":"ChiXiaoBlade"}],"items_purged_floors":[5,54],"is_endless":false,"potions_floor_spawned":[2,8,12,13,14,16,21,25,31,37,38,41,42,48],"ascension_level":3}}