{"host":"ormi09wwzv7sq47a","time":1614300179,"event":{"mods":["2.2 Compatiblity","AchievementEnabler","Act Like it!","BaseMod","Bestiary","Better Altar","Better Note","Better Sensory Stone","Better Silent Start","Better Skull","Better Third Choice","Better Vampires","BetterRewards","Block Reminder","Card Forge","Colored Map","Colored Powertips","Curses Come First","Downfall","Highlight Path","Minty Spire (QoL Compilation)","Permanent Neow","Quick Restart","Rare Cards Sparkle","Relic Stats","Shop Mod","StSLib","The Jungle"],"gold_per_floor":[117,117,132,132,143,171,183,212,251,109,127,127,127,141,141,215,215,225,236,236,236,251,251,274,274,321,336,336,366,35,35,35],"floor_reached":31,"language":"ENG","playtime":1383,"items_purged":["Strike_P","Defend_P"],"score":684,"play_id":"91c6d212-fe88-42b1-b396-f38aee63149b","local_time":"20210225214259","is_ascension_mode":true,"campfire_choices":[{"floor":7.0,"key":"REST"},{"data":"Ragnarok","floor":13.0,"key":"SMITH"},{"data":"WreathOfFlame","floor":15.0,"key":"SMITH"},{"floor":23.0,"key":"REST"},{"data":"Brilliance","floor":25.0,"key":"SMITH"},{"data":"Worship","floor":28.0,"key":"SMITH"}],"circlet_count":0,"master_deck":["AscendersBane","Defend_P","Eruption","Vigilance","BowlingBash","Sanctity","Wallop","Conclude","FearNoEvil","EmptyBody","Worship+1","SandsOfTime","FlurryOfBlows","Ragnarok+1","Tantrum","WreathOfFlame+1","Brilliance+1","Adaptation+1","WindmillStrike+1","ReachHeaven+1","EmptyBody","Panache","Good Instincts","Evaluate","Swivel","ThirdEye"],"relics":["PureWater","Hammer of Thor","Seething Fire","Anvil of the Gods","Mango","CloakClasp","Girya","Juzu Bracelet","MawBank","Oddly Smooth Stone","MealTicket","Astrolabe","Blue Candle","Toy Ornithopter","Akabeko","Orichalcum","Singing Bowl"],"acts_visited":["Exordium","Exordium"],"potions_floor_usage":[29],"damage_taken":[{"damage":0.0,"enemies":"Small Slimes","floor":1.0,"turns":1.0},{"damage":0.0,"enemies":"Jaw Worm","floor":3.0,"turns":4.0},{"damage":0.0,"enemies":"2 Louse","floor":5.0,"turns":3.0},{"damage":0.0,"enemies":"3 Sentries","floor":6.0,"turns":6.0},{"damage":0.0,"enemies":"Blue Slaver","floor":8.0,"turns":2.0},{"damage":2.0,"enemies":"Looter","floor":11.0,"turns":2.0},{"damage":0.0,"enemies":"Red Slaver","floor":14.0,"turns":1.0},{"damage":15.0,"enemies":"Hexaghost","floor":16.0,"turns":7.0},{"damage":13.0,"enemies":"theJungle:5_Spyders","floor":18.0,"turns":6.0},{"damage":29.0,"enemies":"Shell Parasite","floor":19.0,"turns":5.0},{"damage":6.0,"enemies":"theJungle:Lyon","floor":22.0,"turns":5.0},{"damage":0.0,"enemies":"theJungle:SlimyTreeVines","floor":27.0,"turns":2.0},{"damage":16,"enemies":"theJungle:Cassacara","floor":29,"turns":5}],"seed_played":"-8251670951490688218","potions_obtained":[{"floor":1.0,"key":"EssenceOfSteel"},{"floor":8.0,"key":"Ambrosia"},{"floor":16.0,"key":"LiquidBronze"},{"floor":27.0,"key":"Explosive Potion"},{"floor":29,"key":"ColorlessPotion"}],"is_trial":false,"path_per_floor":["M","?","M","?","M","E","R","M","T","$","M","?","R","M","R","B",null,"M","M","?","?","M","R","T","R","T","M","R","E","$","M"],"character_chosen":"WATCHER","items_purchased":["Mango","BowlingBash","Sanctity","Wallop","Juzu Bracelet","Conclude","Ragnarok","Singing Bowl","ThirdEye"],"campfire_rested":2,"item_purchase_floors":[0,0,0,0,0,0,10,30,30],"current_hp_per_floor":[33,26,26,26,26,26,50,50,50,50,48,30,30,30,30,15,65,52,23,18,18,12,36,36,36,36,36,36,25,40,0,0],"gold":35,"neow_bonus":"","is_daily":false,"chose_seed":false,"campfire_upgraded":4,"win_rate":0.0,"timestamp":1614300179,"path_taken":["M","?","M","?","M","E","R","M","T","$","M","?","R","M","R","BOSS","M","M","?","?","M","R","?","R","T","M","R","E","$","M"],"items_purchased_type":["Relic","Card","Card","Card","Relic","Card","Card","Relic","Card"],"build_version":"2020-12-22","purchased_purges":2,"victory":false,"max_hp_per_floor":[82,82,82,82,82,82,82,82,82,82,82,82,82,82,82,82,82,82,82,82,82,82,82,82,82,82,82,82,82,82,82,82],"relic_stats":{"Singing Bowl":0,"counters":[73,340],"Astrolabe":["ReachHeaven","ReachHeaven","Brilliance","Adaptation","WindmillStrike","ReachHeaven"],"Blue Candle":[0],"MealTicket":15,"CloakClasp":[123],"Juzu Bracelet":0,"Orichalcum":[54],"MawBank":48,"obtain_stats":[{"Ice Cream":36,"Hammer of Thor":0,"Whetstone":43,"Sozu":17,"Centennial Puzzle":0,"HornCleat":21,"DollysMirror":29,"MealTicket":12,"Kunai":31,"Girya":0,"Happy Flower":41,"Blue Candle":19,"Astrolabe":17,"Oddly Smooth Stone":24,"Letter Opener":46,"War Paint":0,"Question Card":14,"Akabeko":0,"Du-Vu Doll":0,"Shuriken":11,"Anvil of the Gods":0,"Meat on the Bone":11,"Darkstone Periapt":23,"Regal Pillow":45,"Lantern":54,"Singing Bowl":30,"Melange":8,"Yang":6,"Mango":0,"CloakClasp":0,"Bag of Preparation":29,"expansioncontent:StudyCardRelic":34,"Juzu Bracelet":0,"Ancient Tea Set":44,"Nunchaku":14,"Mummified Hand":9,"bronze:DonusWashers":0,"Thread and Needle":0,"champ:DeflectingBracers":0,"PreservedInsect":29,"theJungle:SpiritDisease":30,"Seething Fire":0,"Orichalcum":26,"MawBank":6,"Mercury Hourglass":13,"CaptainsWheel":29,"Anchor":7,"HolyWater":34,"Bottled Lightning":54,"PureWater":0,"TungstenRod":38,"Toy Ornithopter":24},{"Ice Cream":52,"Hammer of Thor":0,"Whetstone":54,"Sozu":16,"Centennial Puzzle":32,"HornCleat":17,"DollysMirror":47,"MealTicket":65,"Kunai":49,"Girya":59,"Happy Flower":54,"Blue Candle":17,"Astrolabe":41,"Oddly Smooth Stone":18,"Letter Opener":55,"War Paint":32,"Question Card":15,"Akabeko":32,"Du-Vu Doll":32,"Shuriken":4,"Anvil of the Gods":0,"Meat on the Bone":13,"Darkstone Periapt":46,"Regal Pillow":28,"Lantern":58,"Singing Bowl":72,"Melange":12,"Yang":11,"Mango":59,"CloakClasp":7,"Bag of Preparation":47,"expansioncontent:StudyCardRelic":50,"Juzu Bracelet":59,"Ancient Tea Set":27,"Nunchaku":40,"Mummified Hand":12,"bronze:DonusWashers":32,"Thread and Needle":32,"champ:DeflectingBracers":7,"PreservedInsect":47,"theJungle:SpiritDisease":20,"Seething Fire":0,"Orichalcum":46,"MawBank":63,"Mercury Hourglass":40,"CaptainsWheel":20,"Anchor":37,"HolyWater":22,"Bottled Lightning":31,"PureWater":0,"TungstenRod":25,"Toy Ornithopter":70},{"Ice Cream":254,"Hammer of Thor":0,"Whetstone":260,"Sozu":71,"Centennial Puzzle":171,"HornCleat":75,"DollysMirror":225,"MealTicket":306,"Kunai":231,"Girya":288,"Happy Flower":260,"Blue Candle":75,"Astrolabe":207,"Oddly Smooth Stone":81,"Letter Opener":263,"War Paint":171,"Question Card":63,"Akabeko":171,"Du-Vu Doll":171,"Shuriken":14,"Anvil of the Gods":0,"Meat on the Bone":54,"Darkstone Periapt":223,"Regal Pillow":141,"Lantern":282,"Singing Bowl":337,"Melange":49,"Yang":44,"Mango":288,"CloakClasp":30,"Bag of Preparation":225,"expansioncontent:StudyCardRelic":244,"Juzu Bracelet":288,"Ancient Tea Set":134,"Nunchaku":197,"Mummified Hand":49,"bronze:DonusWashers":171,"Thread and Needle":171,"champ:DeflectingBracers":30,"PreservedInsect":225,"theJungle:SpiritDisease":93,"Seething Fire":0,"Orichalcum":223,"MawBank":302,"Mercury Hourglass":197,"CaptainsWheel":93,"Anchor":184,"HolyWater":107,"Bottled Lightning":159,"PureWater":0,"TungstenRod":123,"Toy Ornithopter":330}],"Toy Ornithopter":5},"card_choices":[{"not_picked":["Tantrum","DeceiveReality"],"picked":"FearNoEvil","floor":1.0},{"not_picked":["CrushJoints","JustLucky"],"picked":"EmptyBody","floor":3.0},{"not_picked":["FollowUp","Consecrate"],"picked":"Worship","floor":5.0},{"not_picked":["ForeignInfluence","FollowUp"],"picked":"SandsOfTime","floor":6.0},{"not_picked":["Evaluate","Consecrate"],"picked":"FlurryOfBlows","floor":8.0},{"not_picked":["Adaptation","PathToVictory"],"picked":"Tantrum","floor":11.0},{"not_picked":["Meditate","LikeWater"],"picked":"WreathOfFlame","floor":14.0},{"not_picked":["SpiritShield","DeusExMachina"],"picked":"Brilliance","floor":16.0},{"not_picked":["CrushJoints","FollowUp"],"picked":"EmptyBody","floor":18.0},{"not_picked":["EmptyFist","FlurryOfBlows","FlyingSleeves"],"picked":"SKIP","floor":19.0},{"not_picked":["Jack Of All Trades","Thinking Ahead"],"picked":"Panache","floor":21.0},{"not_picked":["Swift Strike","Dark Shackles"],"picked":"Good Instincts","floor":21.0},{"not_picked":["Crescendo","SashWhip"],"picked":"Evaluate","floor":22.0},{"not_picked":["Consecrate","BattleHymn"],"picked":"Swivel","floor":27.0},{"not_picked":["CutThroughFate","Consecrate","PathToVictory"],"picked":"SKIP","floor":29}],"player_experience":1177985,"relics_obtained":[{"floor":6.0,"key":"MawBank"},{"floor":9.0,"key":"Oddly Smooth Stone"},{"floor":24.0,"key":"Toy Ornithopter"},{"floor":26.0,"key":"Akabeko"},{"floor":29,"key":"Orichalcum"}],"event_choices":[{"cards_removed":["Strike_P"],"damage_healed":0.0,"max_hp_gain":0.0,"max_hp_loss":0.0,"gold_gain":0.0,"event_name":"Golden Wing","player_choice":"Card Removal","floor":2.0,"gold_loss":0.0,"damage_taken":7.0},{"cards_removed":["Defend_P"],"damage_healed":0.0,"max_hp_gain":0.0,"max_hp_loss":0.0,"gold_gain":0.0,"event_name":"Living Wall","player_choice":"Forget","floor":4.0,"gold_loss":0.0,"damage_taken":0.0},{"damage_healed":0.0,"max_hp_gain":0.0,"max_hp_loss":0.0,"gold_gain":0.0,"event_name":"betterThird:BetterScrap","player_choice":"Relic ","floor":12.0,"gold_loss":0.0,"damage_taken":18.0,"cards_obtained":["Limit Break"]},{"damage_healed":0.0,"max_hp_gain":0.0,"max_hp_loss":0.0,"gold_gain":2.0,"event_name":"betterStone:BetterStone","player_choice":"1","floor":21.0,"gold_loss":0.0,"damage_taken":0.0}],"is_beta":false,"boss_relics":[{"not_picked":["Empty Cage","Velvet Choker"],"picked":"Astrolabe"}],"items_purged_floors":[0,0],"is_endless":false,"potions_floor_spawned":[1,8,16,27,29],"killed_by":"theJungle:2_Flameangoes","ascension_level":16}}