{"host":"0cm5wy4nhuju7tij","time":1614378889,"event":{"mods":["2.2 Compatiblity","AchievementEnabler","BaseMod","Better Third Choice","BetterRewards","Colored Powertips","Curses Come First","Custom Start","Displayed Cursed Tome","Downfall","Energized Spire","Evolution","Filter the Spire","Fireblade Mod","Highlight Path","Jess\u0027s Bottle","KinomotoSakuraMod(????)","Minty Spire (QoL Compilation)","Permanent Neow","Poor People Problems","Relic Filter Mod","Relic Stats","Shop Mod","Spicy Shops","StSLib","The Cursed","The Servant 0.9.4","TheSwordswoman","TheVacant","Weighted Paths"],"gold_per_floor":[115,115,128,180,180,180,200,200,200,200,211,246,259,285,285,382,382,393,404,404,421,435,435,435],"floor_reached":23,"language":"ENG","playtime":1294,"items_purged":[],"score":253,"play_id":"0b360f4e-6717-4c6d-b4ef-261380af3ca0","local_time":"20210226173449","is_ascension_mode":false,"campfire_choices":[{"data":"FireBladeMod:ComboCleave","floor":6.0,"key":"SMITH"},{"data":"FireBladeMod:FlamingSword","floor":8.0,"key":"SMITH"},{"data":"FireBladeMod:ScorchingStrike","floor":10.0,"key":"SMITH"},{"floor":15.0,"key":"REST"}],"circlet_count":0,"master_deck":["FireBladeMod:FerventSlash","FireBladeMod:FerventSlash","FireBladeMod:FerventSlash","FireBladeMod:FerventSlash","FireBladeMod:Robust","FireBladeMod:Robust","FireBladeMod:Robust","FireBladeMod:Robust","FireBladeMod:FlamingSword+1","FireBladeMod:FireBarrier","FireBladeMod:Blitzkreig+1","FireBladeMod:ComboCleave+1","FireBladeMod:ScorchingStrike+1","FireBladeMod:SmashingEndurance","FireBladeMod:ThirdDegree","FireBladeMod:Flames+1","FireBladeMod:SteadyEndurance+1","FireBladeMod:PyromancerForm","FireBladeMod:RapidDodges+1","FireBladeMod:Feint+1","FireBladeMod:SteadyEndurance+1","FireBladeMod:Accelerant+1"],"relics":["FireBladeMod:DuelistLocket","EVO:Axolotl","Toxic Egg 2","Oddly Smooth Stone","FireBladeMod:FirePoi","Busted Crown"],"acts_visited":["Exordium","TheCity"],"potions_floor_usage":[],"damage_taken":[{"damage":4.0,"enemies":"Small Slimes","floor":1.0,"turns":3.0},{"damage":0.0,"enemies":"2 Louse","floor":3.0,"turns":2.0},{"damage":11.0,"enemies":"Jaw Worm","floor":7.0,"turns":2.0},{"damage":7.0,"enemies":"Red Slaver","floor":11.0,"turns":3.0},{"damage":12.0,"enemies":"Lagavulin","floor":12.0,"turns":6.0},{"damage":4.0,"enemies":"3 Louse","floor":13.0,"turns":3.0},{"damage":12.0,"enemies":"3 Sentries","floor":14.0,"turns":6.0},{"damage":11.0,"enemies":"Hexaghost","floor":16.0,"turns":8.0},{"damage":10,"enemies":"Spheric Guardian","floor":18,"turns":4},{"damage":7,"enemies":"3 Byrds","floor":19,"turns":3},{"damage":19,"enemies":"Snake Plant","floor":21,"turns":3},{"damage":22,"enemies":"Shelled Parasite and Fungi","floor":22,"turns":5},{"damage":34,"enemies":"Slavers","floor":23,"turns":3}],"seed_played":"-8456289112592692271","potions_obtained":[{"floor":3.0,"key":"CultistPotion"},{"floor":12.0,"key":"FearPotion"},{"floor":14.0,"key":"BlessingOfTheForge"}],"is_trial":false,"path_per_floor":["M","?","M","?","?","R","M","R","T","R","M","E","M","E","R","B",null,"M","M","?","M","M","E"],"character_chosen":"THE_FIREBLADE","items_purchased":[],"campfire_rested":1,"item_purchase_floors":[],"current_hp_per_floor":[71,64,64,64,69,69,58,58,58,58,51,39,35,23,47,36,80,70,63,63,44,22,0,0],"gold":435,"neow_bonus":"ONE_RANDOM_RARE_CARD","is_daily":false,"chose_seed":false,"campfire_upgraded":3,"win_rate":0.0,"timestamp":1614378889,"path_taken":["M","?","M","?","?","R","M","R","T","R","M","E","M","E","R","BOSS","M","M","?","M","M","E"],"items_purchased_type":[],"build_version":"2020-12-22","purchased_purges":0,"victory":false,"max_hp_per_floor":[75,75,75,75,80,80,80,80,80,80,80,80,80,80,80,80,80,80,80,80,80,80,80,80],"relic_stats":{"Busted Crown":8,"counters":[13,51],"obtain_stats":[{"Busted Crown":17,"FireBladeMod:DuelistLocket":0,"Oddly Smooth Stone":12,"FireBladeMod:FirePoi":14,"EVO:Axolotl":0,"Toxic Egg 2":9},{"Busted Crown":8,"FireBladeMod:DuelistLocket":0,"Oddly Smooth Stone":5,"FireBladeMod:FirePoi":7,"EVO:Axolotl":0,"Toxic Egg 2":3},{"Busted Crown":33,"FireBladeMod:DuelistLocket":0,"Oddly Smooth Stone":16,"FireBladeMod:FirePoi":25,"EVO:Axolotl":0,"Toxic Egg 2":7}]},"card_choices":[{"not_picked":["FireBladeMod:FerventSlash","FireBladeMod:WellPrepared"],"picked":"FireBladeMod:SoulStrike","floor":1.0},{"not_picked":["FireBladeMod:AdrenalineBoost","FireBladeMod:ComplexAttack"],"picked":"FireBladeMod:ComboCleave","floor":3.0},{"not_picked":["FireBladeMod:RollWithTheBlow","FireBladeMod:ComplexAttack"],"picked":"FireBladeMod:ScorchingStrike","floor":7.0},{"not_picked":["FireBladeMod:Arson+1","FireBladeMod:Flames+1"],"picked":"FireBladeMod:SmashingEndurance","floor":11.0},{"not_picked":["FireBladeMod:Speed","FireBladeMod:BodyAsFuel+1"],"picked":"FireBladeMod:ThirdDegree","floor":12.0},{"not_picked":["FireBladeMod:Speed","FireBladeMod:SoulStrike"],"picked":"FireBladeMod:Flames+1","floor":13.0},{"not_picked":["FireBladeMod:Flames+1","FireBladeMod:MomentumStrikes"],"picked":"FireBladeMod:SteadyEndurance+1","floor":14.0},{"not_picked":["FireBladeMod:FinalSmash","FireBladeMod:RapidHits"],"picked":"FireBladeMod:PyromancerForm","floor":16.0},{"not_picked":[],"picked":"FireBladeMod:RapidDodges+1","floor":18},{"not_picked":[],"picked":"FireBladeMod:Feint+1","floor":19},{"not_picked":[],"picked":"FireBladeMod:SteadyEndurance+1","floor":21},{"not_picked":[],"picked":"FireBladeMod:Accelerant+1","floor":22}],"player_experience":475552,"relics_obtained":[{"floor":9.0,"key":"Toxic Egg 2"},{"floor":12.0,"key":"Oddly Smooth Stone"},{"floor":14.0,"key":"FireBladeMod:FirePoi"}],"event_choices":[{"damage_healed":0.0,"max_hp_gain":0.0,"max_hp_loss":0.0,"gold_gain":52.0,"event_name":"Golden Wing","player_choice":"Gained Gold","floor":4.0,"gold_loss":0.0,"damage_taken":0.0},{"damage_healed":0.0,"max_hp_gain":5.0,"max_hp_loss":0.0,"gold_gain":0.0,"event_name":"Big Fish","player_choice":"Donut","floor":5.0,"gold_loss":0.0,"damage_taken":0.0},{"damage_healed":0,"gold_gain":0,"player_choice":"Ignored","damage_taken":0,"max_hp_gain":0,"max_hp_loss":0,"event_name":"Ghosts","floor":20,"gold_loss":0}],"is_beta":false,"boss_relics":[{"not_picked":["Empty Cage","Fusion Hammer"],"picked":"Busted Crown"}],"items_purged_floors":[],"is_endless":false,"potions_floor_spawned":[3,12,14,18,21],"killed_by":"Slavers","ascension_level":0}}