{"host":"3i0tc1zs9k2bo7un","time":1614321673,"event":{"mods":["ATMod(阿瑾Mod)","Act Like it!","Aspiration","BaseMod","Energized Spire","Gensokyo","Minty Spire (QoL Compilation)","MostiFishMod","Quick Restart","Reliquary","Replay The Spire","StSLib","TestMod","Wide Potions","【遗物卡牌】REMEMod"],"gold_per_floor":[116,116,59,70,86,117,117,436,436,448,448,475,493,521,521,599,599,618,637,299,299,310,343,362,362,362,389,389,389,403,503,503,574,524,539,539,101,101,21,21,21,21,90,90,108,443,443,673,673,673,673,673,673,201,236,236],"floor_reached":57,"language":"ZHS","playtime":2268,"items_purged":["Strike_R","Run Through+1","REME_ShadowStrike"],"score":3527,"play_id":"26cdc32e-9e72-4326-b4b7-4c4e3e9a388c","local_time":"20210226144113","is_ascension_mode":true,"campfire_choices":[{"data":"AT_IchimonjiDouble","floor":7.0,"key":"SMITH"},{"data":"Dark Embrace","floor":11.0,"key":"SMITH"},{"data":"Limit Break","floor":15.0,"key":"SMITH"},{"data":"Offering","floor":29.0,"key":"SMITH"},{"data":"REME_ACTH","floor":32.0,"key":"SMITH"},{"data":"Offering","floor":40.0,"key":"SMITH"},{"floor":47.0,"key":"RECALL"},{"data":"Second Wind","floor":49.0,"key":"SMITH"},{"data":"AT_ShrugMaster","floor":53,"key":"SMITH"}],"circlet_count":0,"master_deck":["AscendersBane","Defend_R","Bash","AT_IchimonjiDouble+1","MostiFishMod:OneDayCity","Reaper","Dagger Throw","Battle Trance","Dark Embrace+1","Power Through","Limit Break+1","Sword Boomerang","Offering+1","AT_ShrugMaster+1","REME_Scribble","Limit Break","ReplayTheSpireMod:Tripwire","Doppelganger","Sneak Up","REME_ACTH+1","Gensokyo:ShootingStar","Offering+1","Strike_R+1","Second Wind+1"],"relics":["Burning Blood","DaveBox","testmod-TestBox","REME_ComplimentaryCards","AT_ATBox","testmod-BlackFramedGlasses","Civilization","SynthV:TestCard","Oddly Smooth Stone","ReplayTheSpireMod:TigerMarble","AT_BladeRuinedKing","testmod-LifeArmor","ReplayTheSpireMod:Spearhead","reliquary:WritOfMandamus","Molten Egg 2","Gensokyo:RedStar","Ginger","The Courier","testmod-EqualTreatment","Counterbalance","Replay:Grab Bag","energizedSpire:HugeHouse","energizedSpire:TabascoSauce","testmod-StringDisintegrator","BirthdayGift-Icosahedron","reliquary:Bookmark","HornCleat","Dream Catcher","Pen Nib","MostiFishMod:Haymaker","testmod-AssaultLearning","reliquary:SilkGlove","testmod-IndustrialRevolution","Red Skull"],"acts_visited":["Gensokyo:Gensokyo","Gensokyo:Gensokyoer","Gensokyo:Gensokyoest","TheEnding"],"potions_floor_usage":[],"damage_taken":[{"damage":0.0,"enemies":"Gensokyo:Python","floor":1.0,"turns":2.0},{"damage":16.0,"enemies":"Gensokyo:Gryphon","floor":4.0,"turns":3.0},{"damage":0.0,"enemies":"Gensokyo:2_Kodama","floor":5.0,"turns":2.0},{"damage":0.0,"enemies":"Gensokyo:Cirno","floor":6.0,"turns":4.0},{"damage":0.0,"enemies":"Gensokyo:LivingMonolith","floor":8.0,"turns":3.0},{"damage":14.0,"enemies":"Gensokyo:5_Fairies","floor":10.0,"turns":3.0},{"damage":0.0,"enemies":"Gensokyo:Aya","floor":12.0,"turns":2.0},{"damage":2.0,"enemies":"Gensokyo:3_Kodama","floor":13.0,"turns":3.0},{"damage":0.0,"enemies":"Gensokyo:Cirno","floor":14.0,"turns":4.0},{"damage":7.0,"enemies":"Gensokyo:Kokoro","floor":16.0,"turns":3.0},{"damage":6.0,"enemies":"Gensokyo:Chomper","floor":18.0,"turns":2.0},{"damage":12.0,"enemies":"Gensokyo:3_Dogs","floor":19.0,"turns":3.0},{"damage":6.0,"enemies":"Gensokyo:3_Gloops","floor":22.0,"turns":3.0},{"damage":36.0,"enemies":"Gensokyo:Tenshi","floor":23.0,"turns":2.0},{"damage":8.0,"enemies":"Gensokyo:Wraith","floor":24.0,"turns":2.0},{"damage":8.0,"enemies":"Gensokyo:Koishi","floor":27.0,"turns":3.0},{"damage":2.0,"enemies":"Gensokyo:Chomper_and_Gloop","floor":30.0,"turns":2.0},{"damage":8.0,"enemies":"Gensokyo:Chomper_and_Gloop","floor":31.0,"turns":3.0},{"damage":8.0,"enemies":"Gensokyo:Eternal_Rivals","floor":33.0,"turns":3.0},{"damage":14.0,"enemies":"Gensokyo:3_Bats","floor":35.0,"turns":1.0},{"damage":6.0,"enemies":"Gensokyo:AncientGuardian","floor":45.0,"turns":2.0},{"damage":14.0,"enemies":"Gensokyo:Kasen","floor":46.0,"turns":1.0},{"damage":2.0,"enemies":"Gensokyo:Marisa","floor":48.0,"turns":1.0},{"damage":20,"enemies":"Gensokyo:Shinki","floor":50,"turns":3},{"damage":12,"enemies":"Gensokyo:Scarlet_Devils","floor":51,"turns":3},{"damage":0,"enemies":"Shield and Spear","floor":55,"turns":1},{"damage":18,"enemies":"The Heart","floor":56,"turns":5}],"seed_played":"6990037662823526297","potions_obtained":[{"floor":4.0,"key":"Reflective Coating"},{"floor":6.0,"key":"FearPotion"},{"floor":8.0,"key":"REME_GoldPotion"},{"floor":12.0,"key":"BlessingOfTheForge"},{"floor":18.0,"key":"BlessingOfTheForge"},{"floor":46.0,"key":"ElixirPotion"},{"floor":48.0,"key":"Energy Potion"}],"is_trial":false,"path_per_floor":["M","?","COS","M","M","E","R","M","T","M","R","E","M","E","R","B",null,"M","M","$","?","M","E","M","?","T","E","?","R","M","?","R","B",null,"M","?","COS","?","$","R","$","?","T","$","M","E","R","E","R","B","B",null,"R","$","E","B",null],"character_chosen":"IRONCLAD","items_purchased":["Molten Egg 2","testmod-AssaultLearning","reliquary:SilkGlove","testmod-IndustrialRevolution"],"campfire_rested":0,"item_purchase_floors":[20,54,54,54],"current_hp_per_floor":[76,76,76,70,82,86,86,91,91,96,96,101,106,111,111,116,116,121,126,126,126,131,107,114,114,114,150,150,150,157,164,164,170,166,158,158,158,165,165,165,165,165,165,165,169,171,171,175,175,162,156,183,183,183,188,176],"gold":236,"neow_bonus":"TRANSFORM_CARD","is_daily":false,"chose_seed":false,"campfire_upgraded":8,"win_rate":0.0,"timestamp":1614321673,"path_taken":["M","?","COS","M","M","E","R","?","T","M","R","E","M","E","R","BOSS","M","M","$","?","M","E","M","?","T","E","?","R","?","?","R","BOSS","M","?","COS","?","$","R","?","?","T","$","M","E","R","E","R","BOSS","BOSS","R","$","E","BOSS"],"items_purchased_type":["Relic","Relic","Relic","Relic"],"build_version":"2020-12-22","purchased_purges":3,"victory":true,"max_hp_per_floor":[76,76,76,78,82,86,86,91,91,96,96,101,106,111,111,116,116,121,126,126,126,131,136,143,143,143,150,150,150,157,164,164,171,166,169,169,169,176,176,176,176,176,176,176,179,182,182,185,185,189,192,192,192,192,194,197],"card_choices":[{"not_picked":["AT_GerminateFire","Shrug It Off","Infernal Blade"],"picked":"SKIP","floor":1.0},{"not_picked":["Havoc","Heavy Blade","Feel No Pain","Rupture"],"picked":"Battle Trance","floor":4.0},{"not_picked":["Flex","Life Link","Perfected Strike","Havoc","Shrug It Off"],"picked":"SKIP","floor":5.0},{"not_picked":["Thunderclap","Armaments","AT_ManFootWork","Havoc"],"picked":"Dark Embrace","floor":6.0},{"not_picked":["MostiFishMod:ChineseTea","Defy Death","Twin Strike","Iron Wave","Massacre"],"picked":"SKIP","floor":8.0},{"not_picked":["Perfected Strike","Bloodletting","Pommel Strike","Entrench"],"picked":"Power Through","floor":10.0},{"not_picked":["Anger","Run Through","Cleave","Life Link"],"picked":"Limit Break","floor":12.0},{"not_picked":["Havoc","Anger","ReplayTheSpireMod:Strike From Hell","AT_IchimonjiDouble"],"picked":"Sword Boomerang","floor":13.0},{"not_picked":["Armaments","Rupture","ReplayTheSpireMod:Strike From Hell","ReplayTheSpireMod:Limb From Limb","ReplayTheSpireMod:Stacked"],"picked":"SKIP","floor":14.0},{"not_picked":["MostiFishMod:PerfectStrikeMKII","Limit Break","AT_Dispersion","Barricade"],"picked":"Offering","floor":16.0},{"not_picked":["Flex","Intimidate","Entrench","AT_IchimonjiDouble"],"picked":"AT_ShrugMaster","floor":18.0},{"not_picked":["Perfected Strike","Replay:Undeath\u0027s Touch","Heavy Blade","Inflame","Run Through"],"picked":"SKIP","floor":19.0},{"not_picked":["Shrug It Off","Twin Strike+1","Rage","Anger+1","Juggernaut"],"picked":"SKIP","floor":22.0},{"not_picked":["Replay:Undeath\u0027s Touch+1","Run Through+1","Body Slam+1","Entrench"],"picked":"REME_Scribble","floor":23.0},{"not_picked":["Sword Boomerang+1","Dropkick+1","ReplayTheSpireMod:Strike From Hell+1","Warcry"],"picked":"Limit Break","floor":24.0},{"not_picked":["Body Slam+1","ReplayTheSpireMod:Muscle Training+1","Perfected Strike+1","Replay:Undeath\u0027s Touch+1","Metallicize+1"],"picked":"SKIP","floor":27.0},{"not_picked":["Perfected Strike+1","AT_BodySlamDance","Defy Death","REME_Scribble"],"picked":"REME_ACTH","floor":30.0},{"not_picked":[],"picked":"Gensokyo:ShootingStar","floor":33.0},{"not_picked":["Feed+1","MostiFishMod:OrdinaryWorld+1","MostiFishMod:FireWorks","Bludgeon+1"],"picked":"Offering","floor":33.0},{"not_picked":["Replay:Undeath\u0027s Touch+1","Flex","MostiFishMod:BrandingRite","Thunderclap+1","Clash+1"],"picked":"SKIP","floor":35.0},{"not_picked":["True Grit+1","Wild Strike+1","ReplayReversal","Twin Strike+1","Anger+1"],"picked":"SKIP","floor":45.0},{"not_picked":["AT_IchimonjiDouble+1","REME_Cut","Life Link","Rampage+1","Cleave+1"],"picked":"SKIP","floor":46.0},{"not_picked":["Corruption","Sever Soul+1","Flame Barrier","Life Link"],"picked":"Second Wind","floor":48.0},{"not_picked":["Shrug It Off","AT_BodySlamDance+1","Spot Weakness+1","Iron Wave+1","Abandon"],"picked":"SKIP","floor":55}],"player_experience":731176,"relics_obtained":[{"floor":1.0,"key":"SynthV:TestCard"},{"floor":6.0,"key":"ReplayTheSpireMod:TigerMarble"},{"floor":9.0,"key":"AT_BladeRuinedKing"},{"floor":12.0,"key":"testmod-LifeArmor"},{"floor":14.0,"key":"ReplayTheSpireMod:Spearhead"},{"floor":23.0,"key":"Ginger"},{"floor":27.0,"key":"The Courier"},{"floor":31.0,"key":"testmod-EqualTreatment"},{"floor":31.0,"key":"Counterbalance"},{"floor":43.0,"key":"HornCleat"},{"floor":46.0,"key":"Dream Catcher"},{"floor":48.0,"key":"Pen Nib"},{"floor":55,"key":"Red Skull"}],"event_choices":[{"damage_healed":0.0,"max_hp_gain":0.0,"max_hp_loss":0.0,"gold_gain":0.0,"event_name":"给自己的盒子","player_choice":"Swap Relic","floor":38.0,"relics_lost":["Mango"],"gold_loss":0.0,"damage_taken":0.0,"relics_obtained":["Mango"]}],"is_beta":false,"boss_relics":[{"not_picked":["testmod-Recursion","Transparent"],"picked":"reliquary:WritOfMandamus"},{"not_picked":["energizedSpire:SpiderWeb","testmod-IncinerationGenerator"],"picked":"Replay:Grab Bag"},{"not_picked":["energizedSpire:MagnifyingGlass","Sozu"],"picked":"energizedSpire:HugeHouse"},{"not_picked":["Velvet Choker","Runic Dome"],"picked":"energizedSpire:TabascoSauce"},{"not_picked":["REME_DemonsWealth","aspiration:RunicSpoon"],"picked":"testmod-StringDisintegrator"}],"items_purged_floors":[20,39,54],"is_endless":false,"potions_floor_spawned":[4,6,8,12,18,23,30,46,48],"ascension_level":20}}