{"host":"b5mzvg96njlg7ry9","time":1614369315,"event":{"mods":["Act Like it!","AlwaysNeverKeys","BaseMod","Colored Map","Colored Powertips","Downfall","Highlight Path","Library of Ruina","Minty Spire (QoL Compilation)","Quick Restart","Relic Sorter","Ruina","Shop Mod","StSLib","SuperFastMode","everything is the same but u backflip on backflip"],"gold_per_floor":[115,115,471,471,482,482,514,525,571,228,242,261,261,286,286,389,389,403,423,11,23,41,41,67,17,17,17,254,280,291,319,319,418,418,431,449,500,500,513,546,145,145,213,387,407,435,453,487,487,487,487,487,257,292,292],"floor_reached":56,"language":"ENG","playtime":2806,"items_purged":["Regret","LightAttack","Doubt","GatherIntel","LightDefense","LightAttack+1"],"score":1576,"play_id":"e9de89ac-1aa7-435f-afe3-91c9f0934dbe","local_time":"20210226205515","is_ascension_mode":true,"campfire_choices":[{"data":"GoinFirst","floor":6.0,"key":"SMITH"},{"data":"ChargeAndCover","floor":13.0,"key":"SMITH"},{"data":"FocusedStrikes","floor":15.0,"key":"SMITH"},{"data":"JiaoTu","floor":23.0,"key":"SMITH"},{"data":"LightDefense","floor":32,"key":"SMITH"},{"data":"LightDefense","floor":42,"key":"SMITH"},{"floor":49,"key":"REST"},{"floor":52,"key":"REST"}],"circlet_count":0,"master_deck":["Dodge+1","LightDefense+1","LightDefense+1","LightDefense+1","ChargeAndCover+1","FocusedStrikes+1","JiaoTu+1","GoinFirst+1","SinglePointStab+1","Tailoring+1","Laceration+1","CurseOfTheBell"],"relics":["PageOfLibrarian","PageOfSnowWhitesApple","MerchantsRug","Bag of Marbles","Medical Kit","Molten Egg 2","Ornamental Fan","Orichalcum","PageOfNothingThere","Ancient Tea Set","Velvet Choker","PageOfQueenBee","Orrery","Bronze Scales","ruina:FalsePresent","WingedGreaves","Strawberry","PageOfFairyFestival","Whetstone","HandDrill","PageOfWayBackHome","Mercury Hourglass","Calling Bell","sneckomod:BlankCard","InkBottle","CaptainsWheel","PageOfTheSilentOrchestra","Lantern","Singing Bowl","PageOfTheQueenOfHatred","Happy Flower","PageOfTheKnightOfDespair","PageOfGreed","Akabeko","PageOfTodaysShyLook","TheAbacus","PageOfWrath"],"acts_visited":["Exordium","Exordium","TheBeyond","TheEnding"],"potions_floor_usage":[24,24,39,50,55,55,55,55,55,55],"damage_taken":[{"damage":0.0,"enemies":"Small Slimes","floor":1.0,"turns":5.0},{"damage":0.0,"enemies":"Jaw Worm","floor":5.0,"turns":2.0},{"damage":11.0,"enemies":"Lagavulin","floor":7.0,"turns":5.0},{"damage":0.0,"enemies":"Cultist","floor":8.0,"turns":1.0},{"damage":0.0,"enemies":"Large Slime","floor":11.0,"turns":4.0},{"damage":0.0,"enemies":"Looter","floor":12.0,"turns":1.0},{"damage":6.0,"enemies":"Gremlin Nob","floor":14.0,"turns":2.0},{"damage":0.0,"enemies":"Slime Boss","floor":16.0,"turns":4.0},{"damage":0.0,"enemies":"ruina:Nosferatu","floor":18.0,"turns":2.0},{"damage":0.0,"enemies":"ruina:BadWolf","floor":19.0,"turns":2.0},{"damage":2.0,"enemies":"ruina:KnightOfDespair","floor":21.0,"turns":4.0},{"damage":0.0,"enemies":"ruina:Woodsman","floor":22.0,"turns":1.0},{"damage":0,"enemies":"ruina:RoadHome","floor":24,"turns":1},{"damage":0,"enemies":"ruina:ServantOfWrath","floor":29,"turns":3},{"damage":2,"enemies":"ruina:KingOfGreed","floor":30,"turns":2},{"damage":0,"enemies":"ruina:RoadHome","floor":31,"turns":1},{"damage":1,"enemies":"ruina:Ozma","floor":33,"turns":4},{"damage":6,"enemies":"3 Shapes","floor":35,"turns":2},{"damage":0,"enemies":"Orb Walker","floor":36,"turns":2},{"damage":0,"enemies":"2 Orb Walkers","floor":37,"turns":2},{"damage":13,"enemies":"Maw","floor":39,"turns":3},{"damage":0,"enemies":"Nemesis","floor":40,"turns":3},{"damage":0,"enemies":"Spire Growth","floor":45,"turns":2},{"damage":0,"enemies":"Giant Head","floor":46,"turns":4},{"damage":0,"enemies":"Transient","floor":47,"turns":5},{"damage":11,"enemies":"Nemesis","floor":48,"turns":3},{"damage":34,"enemies":"Donu and Deca","floor":50,"turns":4},{"damage":0,"enemies":"Shield and Spear","floor":54,"turns":5},{"damage":61,"enemies":"The Heart","floor":55,"turns":4}],"seed_played":"363622846955668672","potions_obtained":[{"floor":5.0,"key":"AttackPotion"},{"floor":8.0,"key":"FearPotion"},{"floor":14.0,"key":"DistilledChaos"},{"floor":16.0,"key":"PowerPotion"},{"floor":21.0,"key":"EntropicBrew"},{"floor":24,"key":"ColorlessPotion"},{"floor":25,"key":"CultistPotion"},{"floor":30,"key":"DuplicationPotion"},{"floor":40,"key":"Guardian:BlockOnCardUsePotion"}],"is_trial":false,"path_per_floor":["M","?","$","?","M","R","E","M","T","$","M","M","R","E","R","B",null,"M","M","$","M","M","R","E","?","T","?","$","E","M","E","R","B",null,"M","M","?","?","M","E","$","R","T","$","M","E","M","E","R","B",null,"R","$","E","B",null],"character_chosen":"Librarian","items_purchased":["PageOfSnowWhitesApple","MerchantsRug","Bag of Marbles","Medical Kit","PageOfNothingThere","PageOfQueenBee","Orrery","PageOfFairyFestival","Whetstone","HandDrill","Laceration+1","Singing Bowl","Happy Flower","Akabeko","PageOfTodaysShyLook","TheAbacus","Guardian:BlockOnCardUsePotion"],"campfire_rested":2,"item_purchase_floors":[3,3,3,3,10,20,20,28,28,28,28,41,44,53,53,53,53],"current_hp_per_floor":[60,60,60,53,53,53,42,42,42,42,42,42,42,36,36,36,93,93,93,93,91,91,91,91,87,87,94,94,94,95,95,95,95,95,93,93,93,93,89,89,89,89,89,89,91,93,95,103,103,86,103,103,103,105,72],"gold":292,"neow_bonus":"TRANSFORM_CARD","is_daily":false,"chose_seed":false,"campfire_upgraded":6,"win_rate":0.0,"timestamp":1614369315,"path_taken":["M","?","$","?","?","R","E","M","T","$","M","?","R","E","R","BOSS","M","M","$","M","M","R","E","?","T","?","$","E","?","E","R","BOSS","M","M","?","?","M","E","$","R","T","$","M","E","M","E","R","BOSS","R","$","E","BOSS"],"items_purchased_type":["Relic","Relic","Relic","Relic","Relic","Relic","Relic","Relic","Relic","Relic","Card","Relic","Relic","Relic","Relic","Relic","Potion"],"build_version":"2020-12-22","purchased_purges":6,"victory":true,"max_hp_per_floor":[63,63,63,63,65,65,76,76,76,76,93,93,93,93,93,93,93,93,93,93,93,93,93,93,88,88,95,95,95,95,95,95,95,95,95,95,95,95,95,95,95,95,95,95,97,99,101,103,103,103,103,103,103,105,105],"card_choices":[{"not_picked":["ExtremeEdge","AGoldenOpportunity","WillOfThePrescript","Execute_lor","Faith","WrathOfTorment","SuppressingShot","Reload"],"picked":"GoinFirst","floor":1.0},{"not_picked":["FleshFillet+1","UpbeatPerformance+1","BlindFaith","SnakesPrey","Pound+1","SkitterAway","DesperateStruggle+1","Leap_lor+1"],"picked":"GatherIntel","floor":5.0},{"not_picked":["BoundaryOfDeath+1","GrazeTheGrass+1","MindCrush+1","PinpointShot+1","FleetFootsteps","EnergyBeam+1","EndlessBattle+1","SpearedSweep+1","LoosenUp+1"],"picked":"SKIP","floor":7.0},{"not_picked":["GreatSerpentsImpact+1","Reload","RagingStormLove+1","SomberProcuration","BiAn","Parry2","ReadyUp","StrikeDown+1","Rampage_lor+1"],"picked":"SKIP","floor":8.0},{"not_picked":["BiteOff+1","Multislash+1","LossOfSenses+1","DriedUp","Rewind","CircusKnives+1","Bvapour+1","DesperateStruggle+1"],"picked":"SinglePointStab+1","floor":11.0},{"not_picked":["AutomatedMovement","MultiHit+1","Overcharge","VioletBlade+1","TendonChords+1","AsThePrescriptOrders","Standoff+1","SpearedSweep+1","Quickness"],"picked":"SKIP","floor":12.0},{"not_picked":["ViolentFlame","PinpointShot+1","HighKick+1","GuidanceOfTheGears","BlindFaith","PuppetBlockade","Faith","GreatSerpentsImpact+1","FrontalAssault"],"picked":"SKIP","floor":14.0},{"not_picked":["HighKick+1","Standoff+1","BiAn","FierceCharge","Leap_lor+1","HiddenBlade+1","TheWillOfTheCity","StrongStrike+1","QuickAttack+1"],"picked":"SKIP","floor":18.0},{"not_picked":["EnergyStrike+1","FaintMemories+1","DriedUp","PinpointShot+1","Unlock1+1","BalefulBrand","Diversion+1","Outburst+1","Wallop_lor+1"],"picked":"SKIP","floor":19.0},{"not_picked":["HandleRequest+1","SuanNi","Eliminate+1","DefenseOrder+1","BlindFaith","SnakesPrey","ClassAndRespect+1","Thrust+1"],"picked":"Tailoring+1","floor":20.0},{"not_picked":["DesperateStruggle+1","SpearedSweep+1","DriedUp+1","ViolentFlame","EnergyCycle+1","TrimTheIngredients+1","AGoldenOpportunity","RushDown+1"],"picked":"GatherIntel","floor":20.0},{"not_picked":["Execute_lor+1","InkOver+1","Reload","Diversion+1","StructuralAnalysis","TheWillOfTheCity","ViolentFlame+1","Standoff+1","Faith"],"picked":"SKIP","floor":21.0},{"not_picked":["Execute_lor+1","InkOver+1","Reload","Diversion+1","StructuralAnalysis","TheWillOfTheCity","ViolentFlame+1","Standoff+1","Faith"],"picked":"SKIP","floor":21.0},{"not_picked":["Rewind","RepressedFlesh+1","ForcefulGesture+1","DesperateStruggle+1","PinpointShot+1","SkyClearingCut+1","HighKick+1","ToWhereThePrescriptPoints+1","SunsetBlade"],"picked":"SKIP","floor":22.0},{"not_picked":["TieShanKao+1","Retaliate+1","YoureAHindrance+1","Parry2+1","Disposal+1","StrongStrike+1","SomberProcuration","Wallop_lor+1","Rewind"],"picked":"SKIP","floor":24},{"not_picked":["SweepTheBackstreets+1","SharpSwipe+1","AlloutWar+1","Collision+1","BiteOff+1","Thirst+1","SkyClearingCut+1","Standoff+1","FendThisOffIfYouCan+1"],"picked":"SKIP","floor":29},{"not_picked":["Parry2+1","TheWillOfTheCity","Standoff+1","StrongStrike+1","Thrust+1","GrazeTheGrass+1","SuanNi","HandleRequest+1","DesperateStruggle+1"],"picked":"SKIP","floor":30},{"not_picked":["IllEndYou+1","ForcefulGesture+1","DesperateStruggle+1","AutonomousRush+1","MultiHit+1","Faith+1","EndlessBattle+1","InkOver+1","SerpentSwordTechnique"],"picked":"SKIP","floor":31},{"not_picked":["ICanCookAnything+1","BackAttack","HandlingWork+1","Preparation","SomberProcuration+1","Mutilate+1","EnergyStrike+1","StructuralAnalysis","ViolentFlame+1"],"picked":"SKIP","floor":35},{"not_picked":["TieShanKao+1","BackstreetsDash+1","BlowItUp+1","FlyingSword+1","PreemptiveStrike+1","Diversion+1","FleetEdge+1","AGoldenOpportunity+1","CombatPreparation+1"],"picked":"SKIP","floor":36},{"not_picked":["UnavoidableGaze","HighKick+1","FlyingSword+1","SummaryJudgment+1","SilentMist+1","EnergyShield","GreatSerpentsImpact+1","VioletBlade+1","BiAn+1"],"picked":"SKIP","floor":39},{"not_picked":["SharpenedBlade","AsThePrescriptOrders","CookingPrep+1","MirageStorm+1","Leap_lor+1","Parry2","AGoldenOpportunity","RapidGashes+1","SerpentineBarrier"],"picked":"SKIP","floor":40},{"not_picked":["Riposte+1","ExtremeEdge+1","WillOfThePrescript","DefenseOrder+1","Diversion+1","Brawl+1","TendonChords+1","InhaleSmoke","Wallop_lor+1"],"picked":"Singing Bowl","floor":45},{"not_picked":["Outburst+1","PuppetBlockade","DimensionalRift+1","SuppressingShot+1","DefenseOrder+1","Standoff+1","Parry2","RipSpace+1","Struggle+1"],"picked":"Singing Bowl","floor":46},{"not_picked":["Eradication+1","SinglePointStab+1","PuppetBlockade+1","CookingPrep+1","Eliminate+1","Retaliate+1","WrathOfTorment+1","LawAndOrder+1","IdentifyWeakpoint+1"],"picked":"Singing Bowl","floor":47},{"not_picked":["EnergyBeam+1","FleetFootsteps+1","SenseQuarry","Multislash+1","PreemptiveStrike+1","MultiBlock","DeepDrag+1","SnakesPrey","HighKick+1"],"picked":"Singing Bowl","floor":48},{"not_picked":["HiddenBlade+1","QuickSuppression+1","KeepItFresh+1","BiAn","ViolentFlame","VenomousFangs+1","Unlock1+1","Leap_lor+1","MultiHit+1"],"picked":"Singing Bowl","floor":54}],"player_experience":867773,"relics_obtained":[{"floor":7.0,"key":"Ornamental Fan"},{"floor":9.0,"key":"Orichalcum"},{"floor":14.0,"key":"Ancient Tea Set"},{"floor":24,"key":"Bronze Scales"},{"floor":26,"key":"WingedGreaves"},{"floor":29,"key":"PageOfWayBackHome"},{"floor":31,"key":"Mercury Hourglass"},{"floor":34,"key":"sneckomod:BlankCard"},{"floor":34,"key":"InkBottle"},{"floor":34,"key":"CaptainsWheel"},{"floor":37,"key":"PageOfTheSilentOrchestra"},{"floor":40,"key":"Lantern"},{"floor":43,"key":"PageOfTheQueenOfHatred"},{"floor":46,"key":"PageOfTheKnightOfDespair"},{"floor":48,"key":"PageOfGreed"},{"floor":54,"key":"PageOfWrath"}],"event_choices":[{"damage_healed":0.0,"max_hp_gain":0.0,"max_hp_loss":0.0,"gold_gain":0.0,"event_name":"Big Fish","player_choice":"Box","floor":2.0,"gold_loss":0.0,"damage_taken":0.0,"relics_obtained":["War Paint"],"cards_obtained":["Regret"]},{"damage_healed":0.0,"max_hp_gain":0.0,"max_hp_loss":0.0,"gold_gain":0.0,"event_name":"Scrap Ooze","player_choice":"Success","floor":4.0,"gold_loss":0.0,"damage_taken":7.0,"relics_obtained":["Molten Egg 2"]},{"damage_healed":0,"gold_gain":0,"player_choice":"Fight","damage_taken":0,"max_hp_gain":0,"max_hp_loss":0,"event_name":"Mysterious Sphere","floor":37,"gold_loss":0},{"cards_removed":["Clumsy"],"damage_healed":0,"gold_gain":0,"player_choice":"Purged","damage_taken":0,"max_hp_gain":0,"max_hp_loss":0,"event_name":"Purifier","floor":38,"gold_loss":0}],"is_beta":false,"boss_relics":[{"not_picked":["Busted Crown","SacredBark"],"picked":"Velvet Choker"},{"not_picked":["Cursed Key","Runic Dome"],"picked":"Calling Bell"}],"items_purged_floors":[3,10,28,41,44,53],"is_endless":false,"potions_floor_spawned":[5,8,14,16,21,24,30,31,35,36,40],"ascension_level":1}}