{"host":"or8fr2mp0k3eluj8","time":1614340678,"event":{"mods":["AchievementEnabler","BaseMod","Colored Map","DeckTracker","Keyboard Shortcuts","Minty Spire (QoL Compilation)","StSLib","SuperFastMode","everything is the same but u backflip on backflip"],"gold_per_floor":[159,159,159,234,250,250,250,281,304,324,12,37,51,74,74,74,74],"floor_reached":16,"language":"KOR","playtime":7578,"items_purged":["Strike_P"],"score":132,"play_id":"2524132b-48b0-42bb-9044-689257c64df9","local_time":"20210226205758","is_ascension_mode":true,"campfire_choices":[{"floor":6,"key":"REST"},{"floor":15,"key":"REST"}],"circlet_count":0,"master_deck":["Strike_P","Strike_P+1","Strike_P","Defend_P+1","Defend_P","Defend_P","Defend_P","Eruption+1","Vigilance","FearNoEvil","CrushJoints"],"relics":["Tiny House","Golden Idol","FaceOfCleric","Bag of Preparation","Strawberry","Membership Card","Ornamental Fan"],"acts_visited":["Exordium"],"potions_floor_usage":[5,5,8,16,16],"damage_taken":[{"damage":0,"enemies":"2 Louse","floor":1,"turns":2},{"damage":16,"enemies":"Small Slimes","floor":5,"turns":2},{"damage":36,"enemies":"Lagavulin","floor":8,"turns":6},{"damage":0,"enemies":"Cultist","floor":10,"turns":2},{"damage":5,"enemies":"Gremlin Gang","floor":12,"turns":4},{"damage":0,"enemies":"Looter","floor":13,"turns":2},{"damage":0,"enemies":"Blue Slaver","floor":14,"turns":3},{"damage":37,"enemies":"The Guardian","floor":16,"turns":13}],"seed_played":"-1567478178455886475","potions_obtained":[{"floor":0,"key":"FearPotion"},{"floor":1,"key":"EntropicBrew"},{"floor":12,"key":"BottledMiracle"}],"is_trial":false,"path_per_floor":["M","?","?","?","M","R","?","E","T","M","$","M","M","M","R","B"],"character_chosen":"WATCHER","items_purchased":["Membership Card","Ornamental Fan"],"campfire_rested":2,"item_purchase_floors":[11,11],"current_hp_per_floor":[77,62,43,32,16,39,39,4,11,12,12,8,9,10,36,0,0],"gold":74,"neow_bonus":"BOSS_RELIC","is_daily":false,"chose_seed":false,"campfire_upgraded":0,"win_rate":0.0,"timestamp":1614340678,"path_taken":["M","?","?","?","M","R","?","E","T","?","$","M","M","M","R","BOSS"],"items_purchased_type":["Relic","Relic"],"build_version":"2020-12-22","purchased_purges":1,"victory":false,"max_hp_per_floor":[77,77,77,77,77,77,77,78,85,86,86,87,88,89,89,89,89],"card_choices":[{"not_picked":["Wireheading","Conclude"],"picked":"FearNoEvil","floor":0},{"not_picked":["FollowUp","WindmillStrike"],"picked":"CrushJoints","floor":1},{"not_picked":["Pray","Halt","ClearTheMind"],"picked":"SKIP","floor":5},{"not_picked":["Nirvana","BowlingBash","EmptyBody"],"picked":"SKIP","floor":8},{"not_picked":["EmptyFist","PathToVictory","Crescendo"],"picked":"SKIP","floor":10},{"not_picked":["Evaluate","FlurryOfBlows","FollowUp"],"picked":"SKIP","floor":12},{"not_picked":["Perseverance","SashWhip","Meditate"],"picked":"SKIP","floor":13},{"not_picked":["Halt","WaveOfTheHand","Crescendo"],"picked":"SKIP","floor":14}],"player_experience":462628,"relics_obtained":[{"floor":8,"key":"Bag of Preparation"},{"floor":9,"key":"Strawberry"}],"event_choices":[{"damage_healed":0,"gold_gain":0,"player_choice":"Entered Light","damage_taken":15,"max_hp_gain":0,"max_hp_loss":0,"event_name":"Shining Light","floor":2,"gold_loss":0,"cards_upgraded":["Strike_P","Defend_P"]},{"damage_healed":0,"gold_gain":0,"player_choice":"Take Damage","damage_taken":19,"relics_obtained":["Golden Idol"],"max_hp_gain":0,"max_hp_loss":0,"event_name":"Golden Idol","floor":3,"gold_loss":0},{"damage_healed":0,"gold_gain":75,"player_choice":"Gather Gold","damage_taken":11,"max_hp_gain":0,"max_hp_loss":0,"event_name":"World of Goop","floor":4,"gold_loss":0},{"damage_healed":0,"gold_gain":0,"player_choice":"Trade","damage_taken":0,"relics_obtained":["FaceOfCleric"],"max_hp_gain":0,"max_hp_loss":0,"event_name":"FaceTrader","floor":7,"gold_loss":0}],"is_beta":false,"boss_relics":[],"items_purged_floors":[11],"is_endless":false,"potions_floor_spawned":[1,5,12],"killed_by":"The Guardian","ascension_level":1}}