{"host":"v7nip9mocme4em3v","time":1614315625,"event":{"mods":["BaseMod","BetterRewards","Minty Spire (QoL Compilation)","Quick Restart","StSLib"],"gold_per_floor":[118,133,143,143,153,185,185,185,210,256,285,1,19,352,352,451,451,466,479,499,510,182,192,227,227,252,272,287,115,115,127,127,230,230,242,254,271,90,90,90,115,132,159,175,94,126,126,137,137,137],"floor_reached":51,"language":"ENG","playtime":4096,"items_purged":["Hemokinesis","Defend_R"],"score":805,"play_id":"e0e6f0f0-868c-42d8-9f3b-70e6ee7cfa10","local_time":"20210225210025","is_ascension_mode":false,"campfire_choices":[{"data":"Carnage","floor":7.0,"key":"SMITH"},{"data":"Infernal Blade","floor":15.0,"key":"SMITH"},{"floor":25.0,"key":"REST"},{"floor":32.0,"key":"REST"},{"data":"Armaments","floor":40.0,"key":"SMITH"},{"data":"Panacea","floor":47.0,"key":"SMITH"},{"data":"True Grit","floor":49.0,"key":"SMITH"}],"circlet_count":0,"master_deck":["Strike_R+1","Defend_R","Defend_R","Defend_R","Carnage+1","Shockwave","Iron Wave","Armaments","Infernal Blade+1","Impervious","Double Tap","Sever Soul+1","Warcry+1","Battle Trance+1","Body Slam","True Grit+1","Spot Weakness","Inflame","Shrug It Off","Pummel+1","Disarm","Sword Boomerang","Feel No Pain","Immolate","True Grit","True Grit+1","Feed","Reckless Charge+1","Anger+1","Feel No Pain","Armaments+1","Ghostly Armor+1","Pummel+1","Inflame+1","Panacea+1","Heavy Blade+1"],"relics":["Sozu","Orichalcum","MawBank","Centennial Puzzle","Thread and Needle","Old Coin","Astrolabe","Whetstone","Question Card","Bag of Marbles","Mark of Pain","Medical Kit","Bag of Preparation","Lantern","Pocketwatch"],"acts_visited":["Exordium","TheCity","TheBeyond"],"potions_floor_usage":[],"damage_taken":[{"damage":1.0,"enemies":"Jaw Worm","floor":1.0,"turns":3.0},{"damage":0.0,"enemies":"Small Slimes","floor":2.0,"turns":4.0},{"damage":0.0,"enemies":"Cultist","floor":3.0,"turns":2.0},{"damage":3.0,"enemies":"Red Slaver","floor":5.0,"turns":2.0},{"damage":15.0,"enemies":"3 Sentries","floor":6.0,"turns":8.0},{"damage":5.0,"enemies":"Lagavulin","floor":10.0,"turns":4.0},{"damage":2.0,"enemies":"Exordium Thugs","floor":11.0,"turns":3.0},{"damage":0.0,"enemies":"Looter","floor":13.0,"turns":1.0},{"damage":2.0,"enemies":"3 Sentries","floor":14.0,"turns":7.0},{"damage":27.0,"enemies":"The Guardian","floor":16.0,"turns":11.0},{"damage":1.0,"enemies":"Chosen","floor":18.0,"turns":2.0},{"damage":6.0,"enemies":"3 Byrds","floor":19.0,"turns":6.0},{"damage":4.0,"enemies":"Cultist and Chosen","floor":20.0,"turns":4.0},{"damage":0.0,"enemies":"Snake Plant","floor":21.0,"turns":3.0},{"damage":6.0,"enemies":"Snecko","floor":23.0,"turns":3.0},{"damage":58.0,"enemies":"Gremlin Leader","floor":24.0,"turns":5.0},{"damage":0.0,"enemies":"Centurion and Healer","floor":27.0,"turns":5.0},{"damage":5.0,"enemies":"Snake Plant","floor":28.0,"turns":3.0},{"damage":0.0,"enemies":"Cultist and Chosen","floor":31.0,"turns":3.0},{"damage":37.0,"enemies":"Champ","floor":33.0,"turns":9.0},{"damage":0.0,"enemies":"3 Shapes","floor":35.0,"turns":1.0},{"damage":0.0,"enemies":"3 Darklings","floor":36.0,"turns":5.0},{"damage":2.0,"enemies":"4 Shapes","floor":37.0,"turns":10.0},{"damage":13.0,"enemies":"Nemesis","floor":41.0,"turns":7.0},{"damage":6.0,"enemies":"Spire Growth","floor":42.0,"turns":3.0},{"damage":5.0,"enemies":"3 Darklings","floor":44.0,"turns":6.0},{"damage":2.0,"enemies":"Giant Head","floor":46.0,"turns":8.0},{"damage":0.0,"enemies":"Transient","floor":48.0,"turns":5.0},{"damage":51,"enemies":"Time Eater","floor":50,"turns":11}],"seed_played":"6324894900430568032","potions_obtained":[],"is_trial":false,"path_per_floor":["M","M","M","?","M","E","R","?","T","E","M","$","M","E","R","B",null,"M","M","M","M","$","M","E","R","T","M","M","$","?","M","R","B",null,"M","M","M","$","?","R","E","M","T","M","$","E","R","M","R","B",null],"character_chosen":"IRONCLAD","items_purchased":["Thread and Needle","Inflame","Shrug It Off","Whetstone","Immolate","Medical Kit","Armaments","Panacea"],"campfire_rested":2,"item_purchase_floors":[12,22,22,22,29,38,38,45],"current_hp_per_floor":[79,79,79,72,69,54,54,80,80,75,73,73,73,71,71,44,80,79,73,69,69,69,63,5,29,29,29,24,24,24,24,48,11,80,80,80,81,81,81,81,68,65,65,60,60,58,58,58,58,7],"gold":137,"neow_bonus":"BOSS_RELIC","is_daily":false,"chose_seed":false,"campfire_upgraded":5,"win_rate":0.0,"timestamp":1614315625,"path_taken":["M","M","M","?","M","E","R","?","T","E","M","?","M","E","R","BOSS","M","M","M","M","$","M","E","R","T","M","M","$","?","M","R","BOSS","M","?","M","?","?","R","E","M","T","M","$","E","R","M","R","BOSS"],"items_purchased_type":["Relic","Card","Card","Relic","Card","Relic","Card","Card"],"build_version":"2020-12-22","purchased_purges":2,"victory":true,"max_hp_per_floor":[80,80,80,80,80,80,80,80,80,80,80,80,80,80,80,80,80,80,80,80,80,80,80,80,80,80,80,80,80,80,80,80,80,80,80,80,83,83,83,83,83,86,86,86,86,86,86,86,86,86],"card_choices":[{"not_picked":["Shrug It Off","Twin Strike"],"picked":"Hemokinesis","floor":1.0},{"not_picked":["Bloodletting","Iron Wave"],"picked":"Carnage","floor":2.0},{"not_picked":["Carnage","Combust"],"picked":"Shockwave","floor":3.0},{"not_picked":["Blood for Blood","Perfected Strike","Entrench"],"picked":"SKIP","floor":5.0},{"not_picked":["Clothesline","Brutality"],"picked":"Iron Wave","floor":6.0},{"not_picked":["Clothesline","Warcry","Dark Embrace"],"picked":"SKIP","floor":10.0},{"not_picked":["Fire Breathing","Thunderclap"],"picked":"Armaments","floor":11.0},{"not_picked":["Wild Strike","Rampage"],"picked":"Infernal Blade","floor":13.0},{"not_picked":["Searing Blow","Headbutt"],"picked":"Impervious","floor":14.0},{"not_picked":["Limit Break","Corruption"],"picked":"Double Tap","floor":16.0},{"not_picked":["Anger","Armaments"],"picked":"Body Slam","floor":18.0},{"not_picked":["Rampage","Combust+1","Warcry+1"],"picked":"SKIP","floor":19.0},{"not_picked":["Dark Embrace","Dual Wield+1"],"picked":"True Grit","floor":20.0},{"not_picked":["Pummel","Body Slam"],"picked":"Spot Weakness","floor":21.0},{"not_picked":["Reckless Charge+1","Uppercut"],"picked":"Pummel+1","floor":23.0},{"not_picked":["Anger","Brutality"],"picked":"Disarm","floor":24.0},{"not_picked":["Iron Wave+1","Clothesline","Infernal Blade"],"picked":"Sword Boomerang","floor":27.0},{"not_picked":["Warcry","Perfected Strike","Flame Barrier"],"picked":"Feel No Pain","floor":28.0},{"not_picked":["Flex","Burning Pact","Carnage"],"picked":"True Grit+1","floor":31.0},{"not_picked":["Corruption","Barricade","Double Tap"],"picked":"Feed","floor":33.0},{"not_picked":["Bloodletting","Warcry+1","Body Slam+1"],"picked":"Reckless Charge+1","floor":35.0},{"not_picked":["Hemokinesis+1","Perfected Strike+1","Pommel Strike"],"picked":"Anger+1","floor":36.0},{"not_picked":["Cleave+1","True Grit+1","Rampage"],"picked":"Feel No Pain","floor":37.0},{"not_picked":["Anger","True Grit+1","Perfected Strike"],"picked":"Ghostly Armor+1","floor":41.0},{"not_picked":["Combust","Reaper","True Grit"],"picked":"Pummel+1","floor":42.0},{"not_picked":["Pummel+1","Heavy Blade","Anger"],"picked":"Inflame+1","floor":44.0},{"not_picked":["Anger+1","Thunderclap+1","Carnage+1"],"picked":"Heavy Blade+1","floor":46.0},{"not_picked":["Wild Strike","Headbutt","Carnage","Shrug It Off"],"picked":"SKIP","floor":48.0}],"player_experience":8818,"relics_obtained":[{"floor":6.0,"key":"Orichalcum"},{"floor":9.0,"key":"MawBank"},{"floor":10.0,"key":"Centennial Puzzle"},{"floor":14.0,"key":"Old Coin"},{"floor":24.0,"key":"Question Card"},{"floor":26.0,"key":"Bag of Marbles"},{"floor":41.0,"key":"Bag of Preparation"},{"floor":43.0,"key":"Lantern"},{"floor":46.0,"key":"Pocketwatch"}],"event_choices":[{"cards_removed":["Strike_R"],"damage_healed":0.0,"max_hp_gain":0.0,"max_hp_loss":0.0,"gold_gain":0.0,"event_name":"Golden Wing","player_choice":"Card Removal","floor":4.0,"gold_loss":0.0,"damage_taken":7.0},{"damage_healed":26.0,"max_hp_gain":0.0,"max_hp_loss":0.0,"gold_gain":0.0,"event_name":"Big Fish","player_choice":"Banana","floor":8.0,"gold_loss":0.0,"damage_taken":0.0},{"damage_healed":0.0,"max_hp_gain":0.0,"max_hp_loss":0.0,"gold_gain":0.0,"event_name":"Match and Keep!","player_choice":"1 cards matched","floor":30.0,"gold_loss":0.0,"damage_taken":0.0,"cards_obtained":["True Grit"]},{"cards_removed":["Bash"],"damage_healed":0.0,"max_hp_gain":0.0,"max_hp_loss":0.0,"gold_gain":0.0,"event_name":"Falling","player_choice":"Removed Attack","floor":39.0,"gold_loss":0.0,"damage_taken":0.0}],"is_beta":false,"boss_relics":[{"not_picked":["SacredBark","Philosopher\u0027s Stone"],"picked":"Astrolabe"},{"not_picked":["Empty Cage","Calling Bell"],"picked":"Mark of Pain"}],"items_purged_floors":[22,29],"is_endless":false,"potions_floor_spawned":[1,5,10,13,18,19,23,28,31,35,36,41,42],"ascension_level":0}}