{"host":"npubv26u89aif4fa","time":1614372649,"event":{"mods":["Astrologer","BaseMod","Better Vampires","Better-Laid Plans","CapriCore","Colored Powertips","GifTheSpireLib","GungeonMod","HornydragonMod","Hubris","Jedi Mod","Library of Ruina","Library of Ruina Extra","Minty Spire (QoL Compilation)","Potionbrewer","Quick Restart","Remilia（蕾米莉亚）","Replay The Spire","StSLib","The Administrix","The Alterego","The Blackbeard","The Bug Knight","The Cursed","The Immortal","The Marked","The Runesmith","Yuri Mod","残留之物"],"gold_per_floor":[110,110,122,138,153,183,200,218,244,270,270,305,320,346,346,444,444,462,129,149,149,169,169,218,245,245,265,277,277,305,319,319,419,419,434,39,52,52,66,95,95,121,174,209,209,241,241,273,273,273,273,273,273,14,40,40],"floor_reached":57,"language":"ZHS","playtime":5808,"items_purged":["SweepTheBackstreets","Sloth_TH","SenseQuarry"],"score":2051,"play_id":"416c70c2-4261-47da-a100-728f15bc31af","local_time":"20210227045049","is_ascension_mode":true,"campfire_choices":[{"floor":11.0,"key":"RECALL"},{"data":"SweepTheBackstreets","floor":15.0,"key":"SMITH"},{"data":"BindingChains","floor":23.0,"key":"SMITH"},{"data":"TheRedNotes","floor":32.0,"key":"SMITH"},{"data":"Suppress","floor":41.0,"key":"SMITH"},{"data":"Observe","floor":53,"key":"SMITH"}],"circlet_count":0,"master_deck":["Dodge+1","LightDefense","LightAttack","LightDefense","LightDefense","LightDefense","ChargeAndCover","FocusedStrikes","BindingChains+1","HardRehearsal","Preparation+1","PreemptiveStrike","Lock+1","OminousPower","SweepTheBackstreets+1","SenseQuarry","ChargeUp","Thinking Ahead","BindingArms","TrashDisposal","RulesOfTheBackstreets+1","TheRedNotes+1","Observe+1","RatsGuideToSurvival+1","TheArtOfRapidSteps","Suppress+1","Juggling+1","UnavoidableGaze+1","SomberProcuration","GatherIntel+1","SilentMist+1","CoordinatedAssault+1","AGoldenOpportunity+1"],"relics":["PageOfLibrarian","DemoMod:GlassGuonStoneRelic","Toy Ornithopter","Replay:Baseball","PageOfUniverseFragment","jedi:gremlinknob","hubris:MedicalManual","ChewingGum","HornCleat","DemoMod:WhiteGuonStone","PageOfTodaysShyLook","Replay:Rubber Ducky","jedi:heavyjacket","PageOfBlackSwan","Membership Card","Gremlin Horn","Boot","hubris:Icosahedron","potionbrewer:Torch","Bag of Preparation","War Paint","Replay:Wax Seal","DemoMod:PoisonVial","Runesmith:Nanobots","Strange Spoon","Letter Opener","Lizard Tail"],"acts_visited":["TheCity","TheBeyond","TheEnding"],"potions_floor_usage":[56,56,56],"damage_taken":[{"damage":0.0,"enemies":"Cultist","floor":1.0,"turns":3.0},{"damage":0.0,"enemies":"Jaw Worm","floor":3.0,"turns":3.0},{"damage":0.0,"enemies":"2 Louse","floor":4.0,"turns":1.0},{"damage":0.0,"enemies":"Large Slime","floor":5.0,"turns":5.0},{"damage":0.0,"enemies":"3 Sentries","floor":6.0,"turns":6.0},{"damage":0.0,"enemies":"Exordium Wildlife","floor":7.0,"turns":3.0},{"damage":0.0,"enemies":"Blue Slaver","floor":8.0,"turns":3.0},{"damage":0.0,"enemies":"Lagavulin","floor":10.0,"turns":7.0},{"damage":0.0,"enemies":"3 Sentries","floor":12.0,"turns":3.0},{"damage":0.0,"enemies":"Exordium Thugs","floor":13.0,"turns":2.0},{"damage":0.0,"enemies":"HollowMod:MossKnight","floor":14.0,"turns":5.0},{"damage":0.0,"enemies":"Hexaghost","floor":16.0,"turns":9.0},{"damage":0.0,"enemies":"2 Thieves","floor":18.0,"turns":2.0},{"damage":0.0,"enemies":"Shell Parasite","floor":20.0,"turns":3.0},{"damage":0.0,"enemies":"Snake Plant","floor":22.0,"turns":4.0},{"damage":0.0,"enemies":"Replay:Snechameleon","floor":25.0,"turns":2.0},{"damage":0.0,"enemies":"Chosen and Byrds","floor":27.0,"turns":4.0},{"damage":0.0,"enemies":"Sentry and Sphere","floor":28.0,"turns":4.0},{"damage":0.0,"enemies":"Book of Stabbing","floor":30.0,"turns":6.0},{"damage":0.0,"enemies":"Centurion and Healer","floor":31.0,"turns":8.0},{"damage":0.0,"enemies":"Collector","floor":33.0,"turns":12.0},{"damage":0.0,"enemies":"Orb Walker","floor":35.0,"turns":2.0},{"damage":0.0,"enemies":"3 Darklings","floor":37.0,"turns":3.0},{"damage":0.0,"enemies":"Maw","floor":39.0,"turns":6.0},{"damage":0.0,"enemies":"HollowMod:StalkingDevout","floor":40.0,"turns":5.0},{"damage":0.0,"enemies":"Reptomancer","floor":42.0,"turns":4.0},{"damage":0,"enemies":"R_Hoarder","floor":44,"turns":4},{"damage":0,"enemies":"HollowMod:StalkingDevout","floor":46,"turns":5},{"damage":0,"enemies":"Nemesis","floor":48,"turns":5},{"damage":0,"enemies":"hubris:GrandSnecko","floor":50,"turns":10},{"damage":0,"enemies":"Shield and Spear","floor":55,"turns":4},{"damage":0,"enemies":"The Heart","floor":56,"turns":9}],"seed_played":"6572157027403523350","potions_obtained":[{"floor":1.0,"key":"potionbrewer:SplittingPotion"},{"floor":4.0,"key":"potionbrewer:DiscountPotion"},{"floor":8.0,"key":"SpeedPotion"},{"floor":10.0,"key":"AttackPotion"},{"floor":16.0,"key":"SkillPotion"},{"floor":18.0,"key":"Block Potion"},{"floor":29.0,"key":"LazyBrew"},{"floor":29.0,"key":"LazyBrew"},{"floor":30.0,"key":"SpeedPotion"},{"floor":33.0,"key":"Swift Potion"},{"floor":47,"key":"Adrenaline Potion"}],"is_trial":false,"path_per_floor":["M","T","M","M","M","E","M","M","T","E","R","E","M","E","R","B",null,"M","$","M","?","M","R","?","E","T","M","M","?","E","M","R","B",null,"M","$","M","?","M","E","R","E","T","E","?","E","?","E","R","B",null,null,"R","$","E","B",null],"character_chosen":"Librarian","items_purchased":["Thinking Ahead","BindingArms","Membership Card","Gremlin Horn","Boot","Strange Spoon","Letter Opener"],"campfire_rested":0,"item_purchase_floors":[19,19,36,36,36,54,54],"current_hp_per_floor":[54,54,54,54,60,63,63,63,63,69,69,71,71,71,71,71,71,71,71,71,64,64,64,47,47,47,55,55,55,68,71,71,71,71,71,71,71,71,71,71,71,71,71,71,71,71,71,71,71,71,71,71,71,71,71,71],"gold":40,"neow_bonus":"REMOVE_TWO","is_daily":false,"chose_seed":false,"campfire_upgraded":5,"win_rate":0.0,"timestamp":1614372649,"path_taken":["M","?","?","M","M","E","M","M","T","E","R","E","M","E","R","BOSS","M","?","M","?","M","R","?","E","T","?","M","?","E","M","R","BOSS","M","$","M","?","M","E","R","E","T","E","?","E","?","E","R","BOSS","R","$","E","BOSS"],"items_purchased_type":["Card","Card","Relic","Relic","Relic","Relic","Relic"],"build_version":"2020-12-22","purchased_purges":3,"victory":true,"max_hp_per_floor":[59,59,71,71,71,71,71,71,71,71,71,71,71,71,71,71,71,71,71,71,71,71,71,71,71,71,71,71,71,71,71,71,71,71,71,71,71,71,71,71,71,71,71,71,71,71,71,71,71,71,71,71,71,71,71,71],"card_choices":[{"not_picked":["StructuralAnalysis","EndlessBattle","Parry","ICanCookAnything","SpearedSweep","GreatSerpentsImpact","StrikeDown","Track"],"picked":"BindingChains","floor":1.0},{"not_picked":["CircusKnives","GuardingStance","HandleRequest","Mutilate","DefenseOrder","Wallop_lor","VioletBlade","HiddenBlade"],"picked":"HardRehearsal","floor":3.0},{"not_picked":["Diversion","Wallop_lor","BiAn","Rewind","ForcefulGesture","SunsetBlade","DevastatingThrash","Faith"],"picked":"SweepTheBackstreets","floor":4.0},{"not_picked":["MultiHit","EnergyCycle","LoosenUp","ExtremeEdge","QuickAttack","RhinoRam","ViolentFlame","Preparation","SpearedSweep"],"picked":"SKIP","floor":5.0},{"not_picked":["MultiHit","EnergyCycle","LoosenUp","ExtremeEdge","QuickAttack","RhinoRam","ViolentFlame","SpearedSweep"],"picked":"Preparation","floor":5.0},{"not_picked":["BiAn","Gigigig","HandleRequest","ViolentFlame","UpbeatPerformance","WillOfThePrescript","StrongStrike","BlazingStrike"],"picked":"PreemptiveStrike","floor":6.0},{"not_picked":["PreemptiveStrike","InhaleSmoke","AsThePrescriptOrders","IllEndYou","WildCard","Rewind","SerpentSwordTechnique","BackAttack"],"picked":"Lock","floor":7.0},{"not_picked":["EnergyConversion","FrontalAssault","FleetEdge","Faith","BurningFlash","SteelKnuckles","Parry2","BiAn","BlowItUp"],"picked":"SKIP","floor":8.0},{"not_picked":["UnforgettableMelody","PinpointShot","LeRegole","PuppetBlockade","InkOver","Thrust","SharpSwipe","HardRehearsal"],"picked":"OminousPower","floor":10.0},{"not_picked":["Retaliate","PinpointShot","Crush","Reload","Outburst","NightInTheBackstreets","Rampage_lor","ClassAndRespect"],"picked":"SweepTheBackstreets","floor":12.0},{"not_picked":["GrazeTheGrass","EnergyStrike","Diversion","Pound","FleetFootsteps","TasteMyFlamingBat","EnergyShield","Creak","UnavoidableGaze"],"picked":"SKIP","floor":13.0},{"not_picked":["EmotionalTurbulence","PinpointShot","Ripple","Gamble","Cruelty","Execute_lor","BackAttack","CookingPrep"],"picked":"SenseQuarry","floor":14.0},{"not_picked":["Lock","SuanNi"],"picked":"ChargeUp","floor":16.0},{"not_picked":["FeelinGood","DesperateStruggle","Rampage_lor","HandleRequest","Observe","BiAn","Quickness+1","BattleCommand","StrongStrike"],"picked":"SKIP","floor":18.0},{"not_picked":["AGoldenOpportunity","BackstreetsDash","DesperateStruggle+1","FleetEdge","TendonChords","GrazeTheGrass","EnergyBeam","Faith","SinglePointStab"],"picked":"SKIP","floor":20.0},{"not_picked":["ClassAndRespect+1","EnergyShield","StructuralAnalysis+1","UpbeatPerformance","Parry","QuickAttack","HandleRequest","WillOfThePrescript"],"picked":"TrashDisposal","floor":22.0},{"not_picked":["Gigigig","Wallop_lor","Riposte","RapidGashes","Outburst","BlindFaith+1","DarkCloud","DesperateStruggle"],"picked":"RulesOfTheBackstreets+1","floor":24.0},{"not_picked":["Transpierce","SunsetBlade","HandleRequest","SerpentSwordTechnique","TieShanKao","GuardingStance+1","DimensionalRift+1","QuickSuppression+1"],"picked":"TheRedNotes","floor":25.0},{"not_picked":["ExtremeEdge+1","FleetEdge+1","YourShield","Rewind+1","Standoff","Parry2","StrongStrike+1","SmokingPipe+1"],"picked":"Observe","floor":27.0},{"not_picked":["MultiHit+1","SkitterAway+1","GaleKick","Feast","DarkCloud","Faith","UpbeatPerformance+1","HiddenBlade"],"picked":"RatsGuideToSurvival+1","floor":28.0},{"not_picked":["IronWall","GreatSerpentsImpact","ReadyUp","StrikeDown","SunsetBlade","GoinFirst","SnakesPrey+1","Overpower","Riposte"],"picked":"SKIP","floor":30.0},{"not_picked":["HighKick","DaringDecision","DarkCloud","EnergyStrike","Thrust","SerpentSwordTechnique","FlyingSword","ChopItOff"],"picked":"TheArtOfRapidSteps","floor":31.0},{"not_picked":["MirageStorm","GroundSmash"],"picked":"Suppress","floor":33.0},{"not_picked":["StrikeDown","GatherIntel+1","ChopItOff","StructuralAnalysis","TheRedNotes","RapidGashes","EnergyShield","SuppressingShot"],"picked":"Juggling+1","floor":35.0},{"not_picked":["StrikeDown+1","Overpower+1","GreatSerpentsImpact+1","SpearedSweep+1","TrashDisposal","StrongStrike+1","Faith+1","ViolentFlame"],"picked":"UnavoidableGaze+1","floor":37.0},{"not_picked":["SharpSwipe","MultiHit","SteelKnuckles","SinglePointStab+1","TimeForALittleTest+1","ShockingBlow","SearingSword+1","StrikeDown"],"picked":"SomberProcuration","floor":39.0},{"not_picked":["DefenseOrder","UpbeatPerformance","PreemptiveStrike+1","ChopItOff+1","InhaleSmoke+1","DarkCloud+1","MirageStorm","QuickSuppression+1"],"picked":"GatherIntel+1","floor":40.0},{"not_picked":["SnakeSlit","GreatSerpentsImpact+1","LossOfSenses","BindingChains","Faith","DaringDecision","ChopItOff","DefenseOrder","Unlock1+1"],"picked":"SKIP","floor":42.0},{"not_picked":["StayCalm","Outburst","ClassAndRespect","Observe","MultiHit","BattleCommand","ReadyUp+1","SunsetBlade+1"],"picked":"SilentMist","floor":44},{"not_picked":["UpbeatPerformance+1","Tailoring","SharpenedBlade+1","NightInTheBackstreets+1","Wallop_lor","Leap_lor","DarkCloud+1","BoundaryOfDeath"],"picked":"SenseQuarry","floor":46},{"not_picked":["RagingStormLove","SnakesPrey+1","EnergyShield+1","BiXi+1","BlindFaith","Transpierce","QuickSuppression","WillOfThePrescript+1"],"picked":"CoordinatedAssault+1","floor":48},{"not_picked":["Parry+1","Thrust","SteelKnuckles","Cruelty","StrongStrike+1","SuppressingShot","InkOver","Diversion"],"picked":"AGoldenOpportunity+1","floor":55}],"player_experience":405972,"relics_obtained":[{"floor":6.0,"key":"Toy Ornithopter"},{"floor":9.0,"key":"Replay:Baseball"},{"floor":10.0,"key":"PageOfUniverseFragment"},{"floor":12.0,"key":"jedi:gremlinknob"},{"floor":14.0,"key":"hubris:MedicalManual"},{"floor":24.0,"key":"DemoMod:WhiteGuonStone"},{"floor":25.0,"key":"PageOfTodaysShyLook"},{"floor":26.0,"key":"Replay:Rubber Ducky"},{"floor":30.0,"key":"jedi:heavyjacket"},{"floor":40.0,"key":"potionbrewer:Torch"},{"floor":42.0,"key":"Bag of Preparation"},{"floor":43.0,"key":"War Paint"},{"floor":44,"key":"Replay:Wax Seal"},{"floor":46,"key":"DemoMod:PoisonVial"},{"floor":48,"key":"Runesmith:Nanobots"},{"floor":55,"key":"Lizard Tail"}],"event_choices":[{"damage_healed":0.0,"max_hp_gain":0.0,"max_hp_loss":0.0,"gold_gain":0.0,"event_name":"blackbeard:ShipwreckEvent","player_choice":"HornCleat","floor":21.0,"gold_loss":0.0,"damage_taken":0.0,"relics_obtained":["HornCleat"]},{"damage_healed":0,"gold_gain":0,"player_choice":"Got Potions","damage_taken":0,"max_hp_gain":0,"max_hp_loss":0,"event_name":"Lab","floor":47,"gold_loss":0}],"is_beta":false,"boss_relics":[{"not_picked":["Ring of Chaos","potionbrewer:BhaskarasWheel"],"picked":"ChewingGum"},{"not_picked":["hubris:CrackedHourglass","ReplayTheSpireMod:DimensionalGlitch"],"picked":"PageOfBlackSwan"}],"items_purged_floors":[19,36,54],"is_endless":false,"potions_floor_spawned":[1,4,8,10,16,18,25,30,31,33,37,44,46],"ascension_level":1}}