{"host":"gcjbq24aew6ut89u","time":1614321432,"event":{"mods":["BaseMod","Colored Powertips","Highlight Path","KomeijiMod","Lobotomy","Marisa£®ÏF”Í°°ƒß¿Ì…≥£©","Minty Spire (QoL Compilation)","Replay The Spire","Shop Mod","StSLib","The Jungle","Waifu the Spire"],"gold_per_floor":[163,338,338,288,156,187,187,200,227,257,316,336,336,349,349,450,450,462,462,489,152,152,177,177,187,187,228,228,265,190,210,210,320,329,339,339,339,368,299,342,371,371,416,416,452,472,472,51,51,51],"floor_reached":51,"language":"ZHS","playtime":2653,"items_purged":["Strike_B"],"score":883,"play_id":"c7688519-8f34-4008-8623-6252faef6c9b","local_time":"20210226143712","is_ascension_mode":true,"campfire_choices":[{"floor":15.0,"key":"REST"},{"floor":24.0,"key":"REST"},{"floor":28.0,"key":"REST"},{"data":"1","floor":32.0,"key":"LIFT"},{"floor":42.0,"key":"REST"},{"floor":44.0,"key":"REST"},{"data":"2","floor":49,"key":"LIFT"}],"circlet_count":0,"master_deck":["Strike_B+1","Strike_B+1","Defend_B+1","Defend_B","Defend_B","Beam Cell","Hologram","ReplayGash","ReplayGash","Hologram","Go for the Eyes","All For One","Necronomicurse","Gash","Gash+1","Stack","Auto Shields","AbeCurse","Hologram","Conserve Battery+1","Fusion","Stack+1","FTL+1","Hologram"],"relics":["Tiny House","Simple Rune","Garlic","Snack Pack","Empty Cage","Necronomicon","Red Mask","Replay:Arrowhead","Bronze Scales","Gremlin Horn","CeramicFish","Girya","Abe\u0027s Treasure","Prayer Wheel","FossilizedHelix","Blood Vial","TheAbacus","Akabeko"],"acts_visited":["Exordium","TheCity","TheBeyond"],"potions_floor_usage":[50,50,50],"damage_taken":[{"damage":8.0,"enemies":"2 Louse","floor":1.0,"turns":2.0},{"damage":27.0,"enemies":"Gremlin Nob","floor":6.0,"turns":4.0},{"damage":2.0,"enemies":"Small Slimes","floor":8.0,"turns":3.0},{"damage":15.0,"enemies":"Lagavulin","floor":10.0,"turns":5.0},{"damage":0.0,"enemies":"Cultist","floor":12.0,"turns":3.0},{"damage":5.0,"enemies":"3 Louse","floor":14.0,"turns":4.0},{"damage":18.0,"enemies":"Hexaghost","floor":16.0,"turns":9.0},{"damage":22.0,"enemies":"3 Byrds","floor":18.0,"turns":5.0},{"damage":20.0,"enemies":"Masked Bandits","floor":20.0,"turns":5.0},{"damage":27.0,"enemies":"Slavers","floor":23.0,"turns":5.0},{"damage":6.0,"enemies":"2 Thieves","floor":25.0,"turns":4.0},{"damage":36.0,"enemies":"Gremlin Leader","floor":27.0,"turns":6.0},{"damage":1.0,"enemies":"Replay:Snechameleon","floor":29.0,"turns":3.0},{"damage":6.0,"enemies":"Snake Plant","floor":31.0,"turns":3.0},{"damage":52.0,"enemies":"Champ","floor":33.0,"turns":9.0},{"damage":28.0,"enemies":"Orb Walker","floor":35.0,"turns":5.0},{"damage":37.0,"enemies":"3 Darklings","floor":38.0,"turns":5.0},{"damage":63.0,"enemies":"Nemesis","floor":40.0,"turns":9.0},{"damage":21.0,"enemies":"4 Shapes","floor":41.0,"turns":22.0},{"damage":0.0,"enemies":"Spire Growth","floor":45.0,"turns":4.0},{"damage":19,"enemies":"Transient","floor":46,"turns":5},{"damage":10,"enemies":"Awakened One","floor":50,"turns":9}],"seed_played":"-6583636758319040523","potions_obtained":[{"floor":0.0,"key":"Toxic Potion"},{"floor":8.0,"key":"FairyPotion"},{"floor":14.0,"key":"Weak Potion"},{"floor":25.0,"key":"Energy Potion"},{"floor":46,"key":"LifebloodPotion"}],"is_trial":false,"path_per_floor":["M","?","?","?","$","E","?","M","T","E","?","M","T","M","R","B",null,"M","?","?","$","?","E","R","M","T","E","R","E","?","M","R","B",null,"M","?","?","M","$","E","M","R","T","R","M","M","?","$","R","B",null],"character_chosen":"DEFECT","items_purchased":["ReplayGash","Gash","Replay:Arrowhead","Fusion","DuplicationPotion","Weak Potion","TheAbacus","Akabeko"],"campfire_rested":5,"item_purchase_floors":[5,21,21,39,48,48,48,48],"current_hp_per_floor":[72,72,72,72,72,45,29,27,27,12,12,12,12,11,35,29,80,60,44,30,30,45,24,48,48,48,22,46,55,55,57,57,19,80,56,56,56,25,25,24,7,31,31,55,67,61,61,61,61,78],"gold":51,"neow_bonus":"BOSS_RELIC","is_daily":false,"chose_seed":false,"campfire_upgraded":0,"win_rate":0.0,"timestamp":1614321432,"path_taken":["M","?","?","?","$","E","?","M","T","E","?","M","?","?","R","BOSS","M","?","?","$","?","E","R","?","T","E","R","E","?","M","R","BOSS","M","?","?","M","$","E","M","R","T","R","M","?","?","$","R","BOSS"],"items_purchased_type":["Card","Card","Relic","Card","Potion","Potion","Relic","Relic"],"build_version":"2020-12-22","purchased_purges":1,"victory":true,"max_hp_per_floor":[80,80,80,80,80,80,80,80,80,80,80,80,80,80,80,80,80,80,80,80,80,80,80,80,80,80,80,80,80,80,80,80,80,80,80,80,80,80,80,80,80,80,80,80,80,80,80,80,80,80],"card_choices":[{"not_picked":["Rebound","Compile Driver"],"picked":"Beam Cell","floor":0.0},{"not_picked":["Conserve Battery","Redo"],"picked":"Hologram","floor":1.0},{"not_picked":["Conserve Battery","ReplaySolidLightProjector","Compile Driver"],"picked":"SKIP","floor":6.0},{"not_picked":["Leap","BootSequence"],"picked":"Hologram","floor":8.0},{"not_picked":["Barrage","Glacier","BasicCrystalCard"],"picked":"SKIP","floor":10.0},{"not_picked":["Amplify","Redo"],"picked":"Go for the Eyes","floor":12.0},{"not_picked":["Static Discharge","Barrage","Reinforced Body"],"picked":"SKIP","floor":14.0},{"not_picked":["Rainbow","Thunder Strike"],"picked":"All For One","floor":16.0},{"not_picked":["Rebound","Force Field+1","BootSequence"],"picked":"SKIP","floor":18.0},{"not_picked":["Reinforced Body","Darkness","Stack"],"picked":"SKIP","floor":23.0},{"not_picked":["Beam Cell","Defragment","Double Energy"],"picked":"SKIP","floor":25.0},{"not_picked":["Cold Snap","Turbo+1"],"picked":"Gash+1","floor":27.0},{"not_picked":["Coolheaded","Creative AI"],"picked":"Stack","floor":29.0},{"not_picked":["Stack","Rip and Tear+1"],"picked":"Auto Shields","floor":31.0},{"not_picked":["Amplify","Reboot"],"picked":"ReplayTheSpireMod:Fabricate Wheel","floor":33.0},{"not_picked":["Ball Lightning","Reinforced Body+1","Auto Shields+1"],"picked":"SKIP","floor":35.0},{"not_picked":["Coolheaded","Force Field+1","Barrage+1"],"picked":"SKIP","floor":35.0},{"not_picked":["Ball Lightning+1","Tempest+1"],"picked":"Hologram","floor":38.0},{"not_picked":["Blizzard+1","Steam+1"],"picked":"Conserve Battery+1","floor":38.0},{"not_picked":["FIFO Queue+1","Multi-Cast"],"picked":"Stack+1","floor":40.0},{"not_picked":["Barrage","Go for the Eyes+1"],"picked":"FTL+1","floor":41.0},{"not_picked":["Rebound","Go for the Eyes+1","Turbo+1"],"picked":"SKIP","floor":41.0},{"not_picked":["Streamline+1","Loop"],"picked":"Gash+1","floor":45.0},{"not_picked":["ReplayGash","Capacitor+1"],"picked":"Hologram","floor":45.0},{"not_picked":["Steam+1","BasicCrystalCard","ReplayTheSpireMod:GoodbyeWorld+1"],"picked":"SKIP","floor":46},{"not_picked":["Ball Lightning","Multi-Cast","Beam Cell"],"picked":"SKIP","floor":46}],"player_experience":77623,"relics_obtained":[{"floor":6.0,"key":"Simple Rune"},{"floor":10.0,"key":"Garlic"},{"floor":13.0,"key":"Snack Pack"},{"floor":19.0,"key":"Necronomicon"},{"floor":20.0,"key":"Red Mask"},{"floor":23.0,"key":"Bronze Scales"},{"floor":26.0,"key":"Gremlin Horn"},{"floor":27.0,"key":"CeramicFish"},{"floor":29.0,"key":"Girya"},{"floor":40.0,"key":"FossilizedHelix"},{"floor":43.0,"key":"Blood Vial"}],"event_choices":[{"damage_healed":0.0,"max_hp_gain":0.0,"max_hp_loss":0.0,"gold_gain":175.0,"event_name":"Liars Game","player_choice":"AGREE","floor":2.0,"gold_loss":0.0,"damage_taken":0.0,"cards_obtained":["Doubt"]},{"cards_removed":["Doubt"],"damage_healed":0.0,"max_hp_gain":0.0,"max_hp_loss":0.0,"gold_gain":0.0,"event_name":"The Cleric","player_choice":"Card Removal","floor":4.0,"gold_loss":50.0,"damage_taken":0.0},{"damage_healed":0.0,"max_hp_gain":0.0,"max_hp_loss":0.0,"gold_gain":0.0,"event_name":"Shining Light","player_choice":"Entered Light","floor":7.0,"gold_loss":0.0,"damage_taken":16.0,"cards_upgraded":["Strike_B","Dualcast"]},{"damage_healed":0.0,"max_hp_gain":0.0,"max_hp_loss":0.0,"gold_gain":59.0,"event_name":"Golden Wing","player_choice":"Gained Gold","floor":11.0,"gold_loss":0.0,"damage_taken":0.0},{"damage_healed":0.0,"max_hp_gain":0.0,"max_hp_loss":0.0,"gold_gain":0.0,"event_name":"Cursed Tome","player_choice":"Obtained Book","floor":19.0,"gold_loss":0.0,"damage_taken":16.0},{"damage_healed":0.0,"max_hp_gain":0.0,"max_hp_loss":0.0,"gold_gain":0.0,"event_name":"Masked Bandits","player_choice":"Fought Bandits","floor":20.0,"gold_loss":0.0,"damage_taken":0.0},{"cards_removed":["Dualcast"],"damage_healed":0.0,"max_hp_gain":0.0,"max_hp_loss":0.0,"gold_gain":0.0,"event_name":"Beggar","player_choice":"Gave Gold","floor":30.0,"gold_loss":75.0,"damage_taken":0.0},{"cards_removed":["Zap"],"damage_healed":0.0,"max_hp_gain":0.0,"max_hp_loss":0.0,"gold_gain":0.0,"event_name":"Bonfire Elementals","player_choice":"Offered Basic","floor":37.0,"gold_loss":0.0,"damage_taken":0.0},{"cards_removed":["Gash"],"damage_healed":0,"gold_gain":0,"player_choice":"Removed Attack","damage_taken":0,"max_hp_gain":0,"max_hp_loss":0,"event_name":"Falling","floor":47,"gold_loss":0}],"is_beta":false,"boss_relics":[{"not_picked":["Runic Dome","Ring of Chaos"],"picked":"Empty Cage"},{"not_picked":["Replay:Fungal Core","Philosopher\u0027s Stone"],"picked":"Abe\u0027s Treasure"}],"items_purged_floors":[5],"is_endless":false,"potions_floor_spawned":[8,14,18,25,29,31,38,46],"ascension_level":2}}