{"host":"jsd6g3c2vo13e69c","time":1614350186,"event":{"mods":["2.2 Compatiblity","Act Like it!","BaseMod","Better Altar","Better Match","Better Note","Better Sensory Stone","Better Third Choice","BetterRewards","Colored Map","Colored Powertips","Downfall","Friendly Minions","GifTheSpireLib","Googly Eyes","Gremlin Mod","Hermit","Hubris","Infinite Spire","Melee Mod","Minty Spire (QoL Compilation)","Permanent Neow","Quick Restart","Random Character Button","Replay The Spire","Shop Mod","Spire Arcade","StSLib","The Cursed","The Disciple","The Forsaken","thorton"],"gold_per_floor":[0,11,26,11,11,11,11,11,23,38,57,86,104,104,121,222,222,22,36,36,50,68,68,68,110,130,130,30,45,45,55,72,72,72,72],"floor_reached":33,"language":"ENG","playtime":1410,"items_purged":[],"score":253,"play_id":"c9a05367-604e-4e1e-8e8f-fc5c57a994d7","local_time":"20210226093626","is_ascension_mode":false,"campfire_choices":[{"data":"hexamod:Sear","floor":1,"key":"SMITH"},{"floor":6,"key":"RECALL"},{"data":"hexamod:HeatMetal","floor":8,"key":"SMITH"},{"data":"hexamod:GhostOfSpirePresent","floor":18,"key":"SMITH"},{"data":"hexamod:SpectersWail","floor":23,"key":"SMITH"},{"floor":28,"key":"REST"},{"floor":30,"key":"REST"}],"circlet_count":0,"master_deck":["hexamod:Strike+1","hexamod:Strike+1","hexamod:Strike+1","hexamod:Defend+1","hexamod:Defend+1","hexamod:Defend+1","hexamod:Sear+1","hexamod:Float+1","hexamod:SixthSeal","hexamod:HeatMetal+1","hexamod:FlamesFromBeyond+1","hexamod:HeatMetal+1","hexamod:SpectersWail+1","hexamod:FirstSeal","hexamod:StepThrough+1","hexamod:BurningTouch+1","hexamod:PhantomFireball+1","downfall:Malfunctioning","hexamod:GhostOfSpirePresent+1","hexamod:FlamesFromBeyond+1","hexamod:Incineration+1","hexamod:GhostOfSpireFuture","hexamod:EtherealExpedition+1","RitualDagger","hexamod:FlamesFromBeyond","hexamod:GhostOfSpirePast+1"],"relics":["hexamod:SpiritBrand","ReplayFunnel","expansioncontent:StudyCardRelic","downfall:HeartBlessingGreen","downfall:HeartBlessingBlue","ReplayTheSpireMod:Shallot","downfall:HeartBlessingRed"],"acts_visited":["Exordium","TheCity"],"potions_floor_usage":[13,16,16,31,33,33],"damage_taken":[{"damage":9,"enemies":"2 Louse","floor":2,"turns":4},{"damage":3,"enemies":"Small Slimes","floor":3,"turns":3},{"damage":5,"enemies":"downfall:FleeingMerchant","floor":4,"turns":4},{"damage":1,"enemies":"Cultist","floor":9,"turns":3},{"damage":7,"enemies":"Blue Slaver","floor":10,"turns":4},{"damage":15,"enemies":"downfall:LooterAlt","floor":11,"turns":3},{"damage":28,"enemies":"3 Sentries","floor":12,"turns":6},{"damage":8,"enemies":"2 Fungi Beasts","floor":13,"turns":3},{"damage":3,"enemies":"Large Slime","floor":15,"turns":5},{"damage":9,"enemies":"WA_ARCHETYPE_RETAIN","floor":16,"turns":4},{"damage":20,"enemies":"downfall:LooterAlt2","floor":19,"turns":2},{"damage":5,"enemies":"Chosen","floor":21,"turns":4},{"damage":16,"enemies":"Snake Plant","floor":22,"turns":4},{"damage":20,"enemies":"Centurion and Healer","floor":26,"turns":3},{"damage":0,"enemies":"Sentry and Sphere","floor":29,"turns":2},{"damage":5,"enemies":"Snake Plant","floor":31,"turns":3},{"damage":0,"enemies":"3 Cultists","floor":32,"turns":4},{"damage":83,"enemies":"DF_ARCHETYPE_CLAW","floor":33,"turns":7}],"seed_played":"337631172764582491","potions_obtained":[{"floor":3,"key":"FearPotion"},{"floor":11,"key":"Fire Potion"},{"floor":12,"key":"Block Potion"},{"floor":16,"key":"Doom Potion"},{"floor":22,"key":"Slimebound:ThreeZeroPotion"},{"floor":25,"key":"hexamod:SoulburnPotion"},{"floor":25,"key":"Languid Potion"},{"floor":26,"key":"PowerPotion"}],"is_trial":false,"path_per_floor":["R","M","M","$","?","R","T","R","M","M","M","E","M","?","M","B",null,"R","M","?","M","M","R","T","?","M","?","R","M","R","M","M","B"],"character_chosen":"THE_SPIRIT","items_purchased":[],"campfire_rested":2,"item_purchase_floors":[],"current_hp_per_floor":[70,61,58,53,53,53,53,53,52,52,44,23,22,22,26,24,70,80,67,67,69,60,60,60,60,47,41,65,72,80,75,80,0,0,0],"gold":72,"neow_bonus":"TRANSFORM_TWO_CARDS","is_daily":false,"chose_seed":false,"campfire_upgraded":4,"win_rate":0.0,"timestamp":1614350186,"path_taken":["R","M","M","$","?","R","T","R","M","M","M","E","M","?","M","BOSS","R","M","?","M","M","R","T","?","M","?","R","M","R","M","M","BOSS"],"items_purchased_type":[],"build_version":"2020-12-22","purchased_purges":0,"victory":false,"max_hp_per_floor":[70,70,70,70,70,70,70,70,70,70,70,70,70,70,70,70,70,80,80,80,80,80,80,80,80,80,80,80,80,80,80,80,80,80,80],"card_choices":[{"not_picked":["hexamod:GhostOfSpireFuture","hexamod:Firestarter"],"picked":"hexamod:FlamesFromBeyond","floor":2},{"not_picked":["hexamod:NightmareGuise","hexamod:GhostLash"],"picked":"hexamod:HeatMetal","floor":3},{"not_picked":["hexamod:FastForward","hexamod:NightmareGuise"],"picked":"hexamod:SpectersWail","floor":4},{"not_picked":["hexamod:GhostOfSpireFuture","hexamod:SkipABeat"],"picked":"hexamod:FirstSeal","floor":9},{"not_picked":["hexamod:HauntingEcho","hexamod:Hexaguard","hexamod:GhostShield"],"picked":"SKIP","floor":10},{"not_picked":["hexamod:Firestarter","hexamod:SwordOfDarkness"],"picked":"hexamod:StepThrough","floor":11},{"not_picked":["hexamod:UnlimitedPower","hexamod:Firestarter"],"picked":"hexamod:BurningTouch","floor":12},{"not_picked":["hexamod:EtherealExpedition","hexamod:BacktrackSmack"],"picked":"hexamod:PhantomFireball","floor":13},{"not_picked":["hexamod:CatchUp","hexamod:ParanormalForm","hexamod:ShieldOfDarkness"],"picked":"SKIP","floor":15},{"not_picked":["hexamod:UnlimitedPower","hexamod:UnleashSpirits"],"picked":"hexamod:GhostOfSpirePresent","floor":16},{"not_picked":["hexamod:SwordOfDarkness","hexamod:SuperheatedStrike","hexamod:GhostLash+1"],"picked":"SKIP","floor":19},{"not_picked":["hexamod:RecurringNightmare","hexamod:Firestarter+1"],"picked":"hexamod:FlamesFromBeyond","floor":21},{"not_picked":["hexamod:GhostShield","hexamod:BacktrackSmack+1"],"picked":"hexamod:Incineration","floor":22},{"not_picked":["hexamod:NightmareStrike","hexamod:CatchUp"],"picked":"hexamod:GhostOfSpireFuture","floor":25},{"not_picked":["hexamod:AdvancingGuard","hexamod:NecessarySacrifice"],"picked":"hexamod:EtherealExpedition","floor":26},{"not_picked":["hexamod:Hexaguard","hexamod:GhostShield","hexamod:PhantomCloak"],"picked":"SKIP","floor":29},{"not_picked":["hexamod:HeatMetal","hexamod:GhostShield"],"picked":"hexamod:FlamesFromBeyond","floor":31},{"not_picked":["hexamod:BurningTouch","hexamod:SwordOfDarkness"],"picked":"hexamod:GhostOfSpirePast+1","floor":32}],"player_experience":487297,"relics_obtained":[{"floor":12,"key":"ReplayFunnel"},{"floor":24,"key":"ReplayTheSpireMod:Shallot"}],"event_choices":[{"damage_healed":0,"gold_gain":0,"player_choice":"Ignored","damage_taken":0,"max_hp_gain":0,"max_hp_loss":0,"event_name":"betterNote:BetterNote","floor":20,"gold_loss":0,"cards_obtained":["Slimebound:MassFeed"]}],"is_beta":false,"boss_relics":[{"not_picked":["Cursed Key","Astrolabe"],"picked":"expansioncontent:StudyCardRelic"}],"items_purged_floors":[],"is_endless":false,"potions_floor_spawned":[3,11,12,16,22,26],"killed_by":"DF_ARCHETYPE_CLAW","ascension_level":0}}