{"host":"cfv8orgc8997ql4r","time":1614321256,"event":{"mods":["AchievementEnabler","BaseMod","DeckTracker","Keyboard Shortcuts","Minty Spire (QoL Compilation)"],"gold_per_floor":[110,121,94,108,61,95,95,95,95,110,110,144,160,173,173,274,274,274,274],"floor_reached":18,"language":"KOR","playtime":632,"items_purged":[],"score":266,"play_id":"d908f62d-18f1-420e-ba6b-86b31318bd08","local_time":"20210226153416","is_ascension_mode":true,"campfire_choices":[{"floor":11,"key":"REST"},{"data":"Glass Knife","floor":15,"key":"SMITH"}],"circlet_count":0,"master_deck":["Strike_G","Strike_G","Strike_G","Strike_G","Strike_G","Defend_G","Defend_G","Defend_G","Defend_G","Survivor","Neutralize","Acrobatics","Poisoned Stab","Cloak And Dagger","After Image","PiercingWail","Deadly Poison","Glass Knife+1","Catalyst","Blade Dance","Envenom"],"relics":["Ring of the Snake","Ninja Scroll","PreservedInsect","Dead Branch","Runic Pyramid"],"acts_visited":["Exordium","TheCity"],"potions_floor_usage":[2,6,6,12,18],"damage_taken":[{"damage":6,"enemies":"Cultist","floor":1,"turns":6},{"damage":0,"enemies":"2 Louse","floor":2,"turns":3},{"damage":0,"enemies":"Small Slimes","floor":4,"turns":3},{"damage":21,"enemies":"Lagavulin","floor":6,"turns":11},{"damage":3,"enemies":"3 Louse","floor":10,"turns":4},{"damage":0,"enemies":"Gremlin Nob","floor":12,"turns":2},{"damage":2,"enemies":"Large Slime","floor":13,"turns":6},{"damage":10,"enemies":"2 Fungi Beasts","floor":14,"turns":3},{"damage":15,"enemies":"Hexaghost","floor":16,"turns":11},{"damage":17,"enemies":"Shell Parasite","floor":18,"turns":3}],"seed_played":"-5021868479899825950","potions_obtained":[{"floor":0,"key":"AttackPotion"},{"floor":0,"key":"CunningPotion"},{"floor":0,"key":"Dexterity Potion"},{"floor":1,"key":"AttackPotion"},{"floor":4,"key":"DistilledChaos"},{"floor":14,"key":"Dexterity Potion"},{"floor":16,"key":"SkillPotion"}],"is_trial":false,"path_per_floor":["M","M","$","M","$","E","?","?","T","M","R","E","M","M","R","B",null,"M"],"character_chosen":"THE_SILENT","items_purchased":["Cloak And Dagger","PiercingWail"],"campfire_rested":1,"item_purchase_floors":[3,5],"current_hp_per_floor":[57,57,57,57,57,36,29,29,29,26,47,47,45,35,35,20,58,41,41],"gold":274,"neow_bonus":"THREE_SMALL_POTIONS","is_daily":false,"chose_seed":false,"campfire_upgraded":1,"win_rate":0.0,"timestamp":1614321256,"path_taken":["M","M","$","M","$","E","?","?","T","M","R","E","M","M","R","BOSS","M"],"items_purchased_type":["Card","Card"],"build_version":"2020-12-22","purchased_purges":0,"victory":false,"max_hp_per_floor":[70,70,70,70,70,70,70,70,70,70,70,70,70,70,70,70,70,70,70],"card_choices":[{"not_picked":["Leg Sweep","Underhanded Strike"],"picked":"Acrobatics","floor":1},{"not_picked":["Expertise","Well Laid Plans"],"picked":"Poisoned Stab","floor":2},{"not_picked":["Deflect","Distraction"],"picked":"After Image","floor":4},{"not_picked":["PiercingWail","Acrobatics"],"picked":"Deadly Poison","floor":6},{"not_picked":["Prepared","Acrobatics"],"picked":"Glass Knife","floor":10},{"not_picked":["Outmaneuver","Slice","Flying Knee"],"picked":"SKIP","floor":12},{"not_picked":["Well Laid Plans","Poisoned Stab"],"picked":"Catalyst","floor":13},{"not_picked":["Slice","Quick Slash"],"picked":"Blade Dance","floor":14},{"not_picked":["Doppelganger","Malaise"],"picked":"Envenom","floor":16}],"player_experience":213988,"relics_obtained":[{"floor":6,"key":"Ninja Scroll"},{"floor":9,"key":"PreservedInsect"},{"floor":12,"key":"Dead Branch"}],"event_choices":[{"cards_removed":["Defend_G"],"damage_healed":0,"gold_gain":0,"player_choice":"Card Removal","damage_taken":7,"max_hp_gain":0,"max_hp_loss":0,"event_name":"Golden Wing","floor":7,"gold_loss":0},{"damage_healed":0,"gold_gain":0,"player_choice":"Ignored","damage_taken":0,"max_hp_gain":0,"max_hp_loss":0,"event_name":"Shining Light","floor":8,"gold_loss":0}],"is_beta":false,"boss_relics":[{"not_picked":["Empty Cage","Calling Bell"],"picked":"Runic Pyramid"}],"items_purged_floors":[],"is_endless":false,"potions_floor_spawned":[1,4,14,16],"killed_by":"Shell Parasite","ascension_level":7}}