{"host":"soyfmymeou4emntr","time":1614383403,"event":{"mods":["BaseMod","Custom Start","Minty Spire (QoL Compilation)","Permanent Neow","Relic Sorter","Relic Stats","Robot Space Explorer","StSLib"],"gold_per_floor":[362,59,74,74,74,74,84,114,114,114,39,39,60,93,93,189,189,202,222,222,241,265,265,265,309,335,380,380,396,396,405,405,405,405],"floor_reached":33,"language":"ENG","playtime":1782,"items_purged":["Strike_R"],"score":636,"play_id":"f3e1d81c-c76e-43f9-b006-4cd4d71fa69e","local_time":"20210226165003","is_ascension_mode":true,"campfire_choices":[{"data":"Hemokinesis","floor":6.0,"key":"SMITH"},{"data":"True Grit","floor":10.0,"key":"SMITH"},{"data":"Bludgeon","floor":15.0,"key":"SMITH"},{"floor":23.0,"key":"REST"},{"data":"Exhume","floor":28,"key":"SMITH"},{"data":"Bloodletting","floor":30,"key":"SMITH"},{"data":"Rupture","floor":32,"key":"SMITH"}],"circlet_count":0,"master_deck":["AscendersBane","Strike_R","Strike_R","Strike_R","Strike_R","Defend_R","Defend_R","Defend_R","Defend_R","Bash+1","Flame Barrier","Hemokinesis+1","Body Slam","Bludgeon+1","True Grit+1","Headbutt","Combust","Impervious","Spot Weakness","Shockwave+1","Exhume+1","Necronomicurse","Bloodletting+1","Shockwave+1","Rupture+1"],"relics":["Burning Blood","Happy Flower","Letter Opener","Paper Frog","Golden Idol","Centennial Puzzle","Runic Cube","Necronomicon","CeramicFish","CaptainsWheel"],"acts_visited":["Exordium","TheCity"],"potions_floor_usage":[25],"damage_taken":[{"damage":10.0,"enemies":"Small Slimes","floor":1.0,"turns":3.0},{"damage":2.0,"enemies":"2 Louse","floor":3.0,"turns":4.0},{"damage":0.0,"enemies":"Cultist","floor":7.0,"turns":2.0},{"damage":27.0,"enemies":"Lagavulin","floor":8.0,"turns":5.0},{"damage":6.0,"enemies":"Looter","floor":13.0,"turns":3.0},{"damage":19.0,"enemies":"3 Sentries","floor":14.0,"turns":8.0},{"damage":35.0,"enemies":"The Guardian","floor":16.0,"turns":9.0},{"damage":14.0,"enemies":"Shell Parasite","floor":18.0,"turns":5.0},{"damage":0.0,"enemies":"Spheric Guardian","floor":19.0,"turns":3.0},{"damage":16.0,"enemies":"Centurion and Healer","floor":21.0,"turns":4.0},{"damage":8.0,"enemies":"Cultist and Chosen","floor":22.0,"turns":4.0},{"damage":0,"enemies":"Gremlin Leader","floor":25,"turns":2},{"damage":10,"enemies":"Book of Stabbing","floor":27,"turns":2},{"damage":0,"enemies":"Snecko","floor":29,"turns":4},{"damage":61,"enemies":"Champ","floor":33,"turns":5}],"seed_played":"-7065070775285272914","potions_obtained":[{"floor":8.0,"key":"ColorlessPotion"},{"floor":13.0,"key":"ElixirPotion"},{"floor":16.0,"key":"Energy Potion"},{"floor":18.0,"key":"EssenceOfSteel"},{"floor":19.0,"key":"Energy Potion"},{"floor":20.0,"key":"SneckoOil"},{"floor":25,"key":"Weak Potion"}],"is_trial":false,"path_per_floor":["M","$","M","?","?","R","M","E","T","R","$","?","M","E","R","B",null,"M","M","?","M","M","R","?","E","T","E","R","M","R","?","R","B"],"character_chosen":"IRONCLAD","items_purchased":["Happy Flower","Hemokinesis","Body Slam"],"campfire_rested":1,"item_purchase_floors":[2,2,2],"current_hp_per_floor":[64,64,68,68,73,73,73,52,52,52,52,52,52,39,39,10,52,44,50,50,40,38,57,36,42,42,38,38,44,44,44,44,0,0],"gold":405,"neow_bonus":"TWO_FIFTY_GOLD","is_daily":false,"chose_seed":false,"campfire_upgraded":6,"win_rate":0.0,"timestamp":1614383403,"path_taken":["M","$","M","?","?","R","M","E","T","R","$","?","M","E","R","BOSS","M","M","?","?","M","R","?","E","T","E","R","M","R","?","R","BOSS"],"items_purchased_type":["Relic","Card","Card"],"build_version":"2020-12-22","purchased_purges":1,"victory":false,"max_hp_per_floor":[68,68,68,68,73,73,73,73,73,73,73,66,66,66,66,66,66,66,66,66,66,66,66,66,66,66,66,66,66,66,66,66,66,66],"relic_stats":{"Centennial Puzzle":[18],"Happy Flower":[20],"counters":[15,63],"Golden Idol":63,"CeramicFish":27,"Necronomicon":[8],"Letter Opener":[20],"obtain_stats":[{"Centennial Puzzle":14,"CaptainsWheel":27,"Happy Flower":2,"Golden Idol":12,"CeramicFish":25,"Necronomicon":24,"Letter Opener":8,"Burning Blood":0,"Paper Frog":9,"Runic Cube":17},{"Centennial Puzzle":6,"CaptainsWheel":13,"Happy Flower":1,"Golden Idol":4,"CeramicFish":12,"Necronomicon":11,"Letter Opener":4,"Burning Blood":0,"Paper Frog":4,"Runic Cube":7},{"Centennial Puzzle":25,"CaptainsWheel":54,"Happy Flower":3,"Golden Idol":14,"CeramicFish":52,"Necronomicon":50,"Letter Opener":14,"Burning Blood":0,"Paper Frog":14,"Runic Cube":34}],"Burning Blood":78,"Runic Cube":[24]},"card_choices":[{"not_picked":["Perfected Strike","Clothesline"],"picked":"Flame Barrier","floor":1.0},{"not_picked":["Clothesline","Armaments"],"picked":"Bludgeon","floor":3.0},{"not_picked":["Entrench","Warcry","Evolve"],"picked":"SKIP","floor":7.0},{"not_picked":["Clothesline","Second Wind"],"picked":"True Grit","floor":8.0},{"not_picked":["Seeing Red","Entrench"],"picked":"Headbutt","floor":13.0},{"not_picked":["Body Slam","Havoc"],"picked":"Combust","floor":14.0},{"not_picked":["Limit Break","Barricade"],"picked":"Impervious","floor":16.0},{"not_picked":["Perfected Strike","Anger"],"picked":"Spot Weakness","floor":18.0},{"not_picked":["Thunderclap","Armaments"],"picked":"Shockwave+1","floor":19.0},{"not_picked":["Entrench","Heavy Blade","Wild Strike"],"picked":"SKIP","floor":21.0},{"not_picked":["Second Wind","Flex"],"picked":"Exhume","floor":22.0},{"not_picked":["Thunderclap","Dropkick+1"],"picked":"Bloodletting","floor":25},{"not_picked":["Havoc","Sever Soul"],"picked":"Shockwave+1","floor":27},{"not_picked":["Armaments","Iron Wave","Body Slam"],"picked":"SKIP","floor":29}],"player_experience":3539394,"relics_obtained":[{"floor":8.0,"key":"Letter Opener"},{"floor":9.0,"key":"Paper Frog"},{"floor":14.0,"key":"Centennial Puzzle"},{"floor":24.0,"key":"Necronomicon"},{"floor":25,"key":"CeramicFish"},{"floor":27,"key":"CaptainsWheel"}],"event_choices":[{"damage_healed":0.0,"max_hp_gain":0.0,"max_hp_loss":0.0,"gold_gain":0.0,"event_name":"Living Wall","player_choice":"Grow","floor":4.0,"gold_loss":0.0,"damage_taken":0.0,"cards_upgraded":["Bash"]},{"damage_healed":0.0,"max_hp_gain":5.0,"max_hp_loss":0.0,"gold_gain":0.0,"event_name":"Big Fish","player_choice":"Donut","floor":5.0,"gold_loss":0.0,"damage_taken":0.0},{"damage_healed":0.0,"max_hp_gain":0.0,"max_hp_loss":7.0,"gold_gain":0.0,"event_name":"Golden Idol","player_choice":"Lose Max HP","floor":12.0,"gold_loss":0.0,"damage_taken":0.0,"relics_obtained":["Golden Idol"]},{"damage_healed":0.0,"max_hp_gain":0.0,"max_hp_loss":0.0,"gold_gain":0.0,"event_name":"Lab","player_choice":"Got Potions","floor":20.0,"gold_loss":0.0,"damage_taken":0.0},{"damage_healed":0.0,"max_hp_gain":0.0,"max_hp_loss":0.0,"gold_gain":0.0,"event_name":"Cursed Tome","player_choice":"Obtained Book","floor":24.0,"gold_loss":0.0,"damage_taken":21.0},{"damage_healed":0,"gold_gain":0,"player_choice":"Read","damage_taken":0,"max_hp_gain":0,"max_hp_loss":0,"event_name":"The Library","floor":31,"gold_loss":0,"cards_obtained":["Rupture"]}],"is_beta":false,"boss_relics":[{"not_picked":["Sozu","Black Blood"],"picked":"Runic Cube"}],"items_purged_floors":[11],"is_endless":false,"potions_floor_spawned":[8,13,16,18,19,21,25],"killed_by":"Champ","ascension_level":20}}