{"host":"rqgzkpsifhykr0rp","time":1614323723,"event":{"mods":["BaseMod","Colored Map","Downfall","Minty Spire (QoL Compilation)","StSLib"],"gold_per_floor":[109,20,20,20,30,56,56,73,73,89,122,122,122,139,139,234,234,249,25,25,25,36,36,47,82,164,175,175,175,204,219,219,318,368,382,401,401,417,13,38,54,89,116,116,116,146,146,227,227,227,227],"floor_reached":50,"language":"ENG","playtime":3896,"items_purged":["Strike_G","downfall:Bewildered"],"score":786,"play_id":"13dfacb3-8fa6-4ac0-a194-25ac50af011b","local_time":"20210226021523","is_ascension_mode":true,"campfire_choices":[{"data":"Dagger Spray","floor":7,"key":"SMITH"},{"data":"Cloak And Dagger","floor":12,"key":"SMITH"},{"data":"Strike_G","floor":15,"key":"PURGE"},{"data":"Strike_G","floor":23,"key":"PURGE"},{"data":"Strike_G","floor":29,"key":"PURGE"},{"data":"Envenom","floor":32,"key":"SMITH"},{"data":"Defend_G","floor":45,"key":"PURGE"},{"data":"Cloak And Dagger","floor":47,"key":"SMITH"},{"floor":49,"key":"REST"}],"circlet_count":0,"master_deck":["Defend_G","Defend_G","Defend_G+1","Defend_G","Survivor","Neutralize","Adrenaline+1","Infinite Blades","Noxious Fumes","Blade Dance","Dagger Spray+1","Caltrops","Noxious Fumes","Calculated Gamble","Cloak And Dagger+1","Tools of the Trade","Accuracy","A Thousand Cuts","Noxious Fumes+1","Ghostly","Ghostly","Ghostly","Ghostly","Ghostly","Noxious Fumes+1","Envenom+1","Calculated Gamble+1","Well Laid Plans","Jack Of All Trades","Quick Slash+1","Leg Sweep","Die Die Die","Cloak And Dagger+1","Backflip+1","Cloak And Dagger+1","Blade Dance+1","Good Instincts","Flash of Steel","Blind","Cloak And Dagger+1","Escape Plan"],"relics":["Ring of the Snake","Peace Pipe","Incense Burner","Darkstone Periapt","Mango","SacredBark","HandDrill","sneckomod:BabySnecko","Tough Bandages","Pear","PreservedInsect","Tiny House","Anchor","Medical Kit","MealTicket","Lantern","Dream Catcher","War Paint","Pantograph"],"acts_visited":["Exordium","TheCity","TheBeyond"],"potions_floor_usage":[11,16,18,24,25,50,50,50],"damage_taken":[{"damage":1,"enemies":"2 Louse","floor":1,"turns":3},{"damage":0,"enemies":"Jaw Worm","floor":5,"turns":3},{"damage":13,"enemies":"Gremlin Nob","floor":6,"turns":4},{"damage":0,"enemies":"Cultist","floor":8,"turns":3},{"damage":3,"enemies":"Blue Slaver","floor":10,"turns":4},{"damage":18,"enemies":"3 Sentries","floor":11,"turns":5},{"damage":0,"enemies":"3 Louse","floor":14,"turns":1},{"damage":9,"enemies":"The Guardian","floor":16,"turns":9},{"damage":13,"enemies":"2 Thieves","floor":18,"turns":5},{"damage":2,"enemies":"Spheric Guardian","floor":22,"turns":5},{"damage":6,"enemies":"Snake Plant","floor":24,"turns":5},{"damage":9,"enemies":"Slavers","floor":25,"turns":4},{"damage":16,"enemies":"Cultist and Chosen","floor":27,"turns":6},{"damage":3,"enemies":"Book of Stabbing","floor":30,"turns":5},{"damage":2,"enemies":"Snecko","floor":31,"turns":6},{"damage":0,"enemies":"Automaton","floor":33,"turns":9},{"damage":0,"enemies":"3 Darklings","floor":35,"turns":4},{"damage":3,"enemies":"Orb Walker","floor":36,"turns":5},{"damage":2,"enemies":"Spire Growth","floor":38,"turns":6},{"damage":0,"enemies":"Nemesis","floor":40,"turns":5},{"damage":3,"enemies":"Writhing Mass","floor":41,"turns":6},{"damage":2,"enemies":"Giant Head","floor":42,"turns":8},{"damage":27,"enemies":"Nemesis","floor":46,"turns":5},{"damage":59,"enemies":"Awakened One","floor":50,"turns":15}],"seed_played":"6124986024003493628","potions_obtained":[{"floor":5,"key":"Energy Potion"},{"floor":6,"key":"DuplicationPotion"},{"floor":10,"key":"hexamod:SoulburnPotion"},{"floor":14,"key":"sneckomod:MuddlingPotion"},{"floor":18,"key":"DuplicationPotion"},{"floor":22,"key":"SteroidPotion"},{"floor":31,"key":"Weak Potion"},{"floor":33,"key":"Dexterity Potion"},{"floor":34,"key":"SneckoOil"},{"floor":38,"key":"Explosive Potion"},{"floor":41,"key":"hexamod:SoulburnPotion"}],"is_trial":false,"path_per_floor":["M","$","?","?","M","E","R","M","T","M","E","R","?","M","R","B",null,"M","$","?","?","M","R","M","E","T","M","?","R","E","M","R","B",null,"M","M","?","M","$","E","M","E","T","?","R","E","R","T","R","B"],"character_chosen":"THE_SILENT","items_purchased":["Noxious Fumes","Blade Dance","HandDrill","Anchor","Medical Kit"],"campfire_rested":1,"item_purchase_floors":[2,2,19,39,39],"current_hp_per_floor":[62,62,67,49,49,36,36,36,36,33,29,29,29,29,29,20,82,69,69,41,47,45,45,39,30,40,24,24,24,21,19,19,19,62,62,59,59,57,57,57,54,52,52,42,42,15,15,15,33,0,0],"gold":227,"neow_bonus":"THREE_RARE_CARDS","is_daily":false,"chose_seed":false,"campfire_upgraded":4,"win_rate":0.0,"timestamp":1614323723,"path_taken":["M","$","?","?","M","E","R","M","T","M","E","R","?","?","R","BOSS","M","$","?","?","M","R","M","E","T","M","?","R","E","M","R","BOSS","M","M","?","M","$","E","?","E","T","?","R","E","R","?","R","BOSS"],"items_purchased_type":["Card","Card","Relic","Relic","Relic"],"build_version":"2020-12-22","purchased_purges":2,"victory":false,"max_hp_per_floor":[63,63,68,68,68,68,68,68,68,68,82,82,82,82,82,82,82,82,82,41,47,47,47,47,47,57,57,57,57,57,57,57,57,62,62,62,62,62,62,62,62,62,62,62,62,62,62,62,62,62,62],"card_choices":[{"not_picked":["Glass Knife","Grand Finale"],"picked":"Adrenaline","floor":0},{"not_picked":["Slice","Bane"],"picked":"Infinite Blades","floor":1},{"not_picked":["All Out Attack","Slice"],"picked":"Dagger Spray","floor":5},{"not_picked":["Tactician","Acrobatics"],"picked":"Caltrops","floor":6},{"not_picked":["Endless Agony","Blade Dance"],"picked":"Noxious Fumes","floor":8},{"not_picked":["Slice","Deflect"],"picked":"Calculated Gamble","floor":10},{"not_picked":["Phantasmal Killer","Finisher"],"picked":"Cloak And Dagger","floor":11},{"not_picked":["Prepared","Backflip"],"picked":"Accuracy","floor":14},{"not_picked":["Phantasmal Killer","Storm of Steel"],"picked":"A Thousand Cuts","floor":16},{"not_picked":["Dagger Throw","Backflip"],"picked":"Noxious Fumes+1","floor":18},{"not_picked":["Infinite Blades+1","Prepared+1"],"picked":"Noxious Fumes+1","floor":22},{"not_picked":["Backstab","Quick Slash"],"picked":"Envenom","floor":24},{"not_picked":["Skewer","Reflex+1"],"picked":"Calculated Gamble+1","floor":25},{"not_picked":["Quick Slash","Terror"],"picked":"Well Laid Plans","floor":27},{"not_picked":["PiercingWail","Terror"],"picked":"Quick Slash+1","floor":30},{"not_picked":["Slice+1","All Out Attack"],"picked":"Leg Sweep","floor":31},{"not_picked":["Night Terror","Tools of the Trade"],"picked":"Die Die Die","floor":33},{"not_picked":["Expertise","Dagger Spray","Flying Knee+1"],"picked":"SKIP","floor":35},{"not_picked":["Deflect","Infinite Blades+1"],"picked":"Cloak And Dagger+1","floor":36},{"not_picked":["All Out Attack","Dagger Spray"],"picked":"Backflip+1","floor":38},{"not_picked":["Poisoned Stab+1","Riddle With Holes","Caltrops"],"picked":"SKIP","floor":40},{"not_picked":["Deflect+1","Quick Slash+1"],"picked":"Cloak And Dagger+1","floor":41},{"not_picked":["Terror+1","Dagger Throw"],"picked":"Blade Dance","floor":42},{"not_picked":["Forethought","Impatience"],"picked":"Good Instincts","floor":44},{"not_picked":["Madness","Enlightenment"],"picked":"Flash of Steel","floor":44},{"not_picked":["Purity","Chrysalis"],"picked":"Blind","floor":44},{"not_picked":["Infinite Blades","Dagger Throw+1"],"picked":"Cloak And Dagger","floor":46},{"not_picked":["Flying Knee+1","Sucker Punch+1"],"picked":"Escape Plan","floor":49}],"player_experience":343290,"relics_obtained":[{"floor":6,"key":"Incense Burner"},{"floor":9,"key":"Darkstone Periapt"},{"floor":11,"key":"Mango"},{"floor":25,"key":"Tough Bandages"},{"floor":26,"key":"Pear"},{"floor":30,"key":"PreservedInsect"},{"floor":40,"key":"MealTicket"},{"floor":42,"key":"Lantern"},{"floor":43,"key":"Dream Catcher"},{"floor":46,"key":"War Paint"},{"floor":48,"key":"Pantograph"}],"event_choices":[{"damage_healed":0,"gold_gain":0,"player_choice":"Donut","damage_taken":0,"max_hp_gain":5,"max_hp_loss":0,"event_name":"Big Fish","floor":3,"gold_loss":0},{"damage_healed":0,"gold_gain":0,"player_choice":"Success","damage_taken":18,"relics_obtained":["Peace Pipe"],"max_hp_gain":0,"max_hp_loss":0,"event_name":"Scrap Ooze","floor":4,"gold_loss":0},{"damage_healed":0,"gold_gain":0,"cards_transformed":["Strike_G"],"player_choice":"Transformed","damage_taken":0,"max_hp_gain":0,"max_hp_loss":0,"event_name":"Transmorgrifier","floor":13,"gold_loss":0,"cards_obtained":["Tools of the Trade"]},{"damage_healed":0,"gold_gain":0,"player_choice":"Became a Ghost","damage_taken":0,"max_hp_gain":0,"max_hp_loss":41,"event_name":"Ghosts","floor":20,"gold_loss":0,"cards_obtained":["Ghostly","Ghostly","Ghostly","Ghostly","Ghostly"]},{"damage_healed":0,"gold_gain":0,"player_choice":"1 cards matched","damage_taken":0,"max_hp_gain":0,"max_hp_loss":0,"event_name":"Match and Keep!","floor":28,"gold_loss":0,"cards_obtained":["Jack Of All Trades"]},{"damage_healed":0,"gold_gain":0,"player_choice":"Ignored","damage_taken":0,"max_hp_gain":0,"max_hp_loss":0,"event_name":"SecretPortal","floor":37,"gold_loss":0},{"damage_healed":0,"gold_gain":0,"player_choice":"Memory 3","damage_taken":10,"max_hp_gain":0,"max_hp_loss":0,"event_name":"SensoryStone","floor":44,"gold_loss":0}],"is_beta":false,"boss_relics":[{"not_picked":["Ectoplasm","Runic Dome"],"picked":"SacredBark"},{"not_picked":["Fusion Hammer","Astrolabe"],"picked":"Tiny House"}],"items_purged_floors":[19,39],"is_endless":false,"potions_floor_spawned":[5,6,10,14,18,22,31,33,38,41,46],"killed_by":"Awakened One","ascension_level":1}}