{"host":"tr0r177cvmpvg89h","time":1614352553,"event":{"mods":["BaseMod","Colored Map","DeckTracker","Minty Spire (QoL Compilation)","StSLib","SuperFastMode"],"gold_per_floor":[114,129,145,159,84,84,259,159,159,109,109,109,138,152,152,256,256,269,282,282,301,95,95,125,125,125,142,162,162,162],"floor_reached":29,"language":"KOR","playtime":1233,"items_purged":["Strike_B","Doubt","Strike_B"],"score":235,"play_id":"0247b976-b171-4f61-8f92-828d74f6b98e","local_time":"20210227001553","is_ascension_mode":false,"campfire_choices":[{"data":"Genetic Algorithm","floor":6,"key":"SMITH"},{"data":"Lockon","floor":12,"key":"SMITH"},{"data":"Rip and Tear","floor":15,"key":"SMITH"},{"data":"Defragment","floor":23,"key":"SMITH"},{"floor":25,"key":"REST"}],"circlet_count":0,"master_deck":["Defend_B","Defend_B","Defend_B","Defend_B","Zap","Dualcast","Redo","Lockon+1","Genetic Algorithm+1","Conserve Battery","Rip and Tear+1","Buffer","Ball Lightning","Beam Cell+1","Dramatic Entrance","Defragment+1","Tempest+1","Core Surge"],"relics":["Cracked Core","Strawberry","Odd Mushroom","Runic Pyramid","Mercury Hourglass","Art of War"],"acts_visited":["Exordium","TheCity"],"potions_floor_usage":[16,29],"damage_taken":[{"damage":0,"enemies":"2 Louse","floor":1,"turns":2},{"damage":1,"enemies":"Jaw Worm","floor":2,"turns":3},{"damage":0,"enemies":"Small Slimes","floor":3,"turns":3},{"damage":8,"enemies":"2 Fungi Beasts","floor":4,"turns":4},{"damage":11,"enemies":"The Mushroom Lair","floor":13,"turns":3},{"damage":5,"enemies":"Looter","floor":14,"turns":3},{"damage":20,"enemies":"Hexaghost","floor":16,"turns":8},{"damage":10,"enemies":"Spheric Guardian","floor":18,"turns":4},{"damage":18,"enemies":"2 Thieves","floor":19,"turns":4},{"damage":1,"enemies":"Snecko","floor":21,"turns":5},{"damage":58,"enemies":"Gremlin Leader","floor":24,"turns":6},{"damage":5,"enemies":"Chosen and Byrds","floor":27,"turns":4},{"damage":5,"enemies":"Cultist and Chosen","floor":28,"turns":3},{"damage":23,"enemies":"Snake Plant","floor":29,"turns":2}],"seed_played":"363554763944622637","potions_obtained":[{"floor":2,"key":"ColorlessPotion"},{"floor":3,"key":"ColorlessPotion"},{"floor":4,"key":"SmokeBomb"},{"floor":16,"key":"Swift Potion"},{"floor":19,"key":"Explosive Potion"}],"is_trial":false,"path_per_floor":["M","M","M","M","$","R","?","$","T","?","?","R","?","M","R","B",null,"M","M","?","M","$","R","E","R","T","M","M","M"],"character_chosen":"DEFECT","items_purchased":["Defragment"],"campfire_rested":1,"item_purchase_floors":[22],"current_hp_per_floor":[82,81,81,73,73,73,73,73,80,80,73,73,62,57,57,37,89,79,61,61,60,60,60,2,28,28,23,18,0,0],"gold":162,"neow_bonus":"TEN_PERCENT_HP_BONUS","is_daily":false,"chose_seed":false,"campfire_upgraded":4,"win_rate":0.0,"timestamp":1614352553,"path_taken":["M","M","M","M","$","R","?","$","T","?","?","R","?","M","R","BOSS","M","M","?","M","$","R","E","R","T","M","M","?"],"items_purchased_type":["Card"],"build_version":"2020-12-22","purchased_purges":3,"victory":false,"max_hp_per_floor":[82,82,82,82,82,82,82,82,89,89,89,89,89,89,89,89,89,89,89,89,89,89,89,89,89,89,89,89,89,89],"card_choices":[{"not_picked":["Coolheaded","Reinforced Body"],"picked":"Redo","floor":1},{"not_picked":["Chaos","Aggregate"],"picked":"Lockon","floor":2},{"not_picked":["Sweeping Beam","Storm"],"picked":"Genetic Algorithm","floor":3},{"not_picked":["Rebound","Heatsinks","Cold Snap"],"picked":"SKIP","floor":4},{"not_picked":["Steam Power","Streamline"],"picked":"Conserve Battery","floor":13},{"not_picked":["Stack","Conserve Battery"],"picked":"Rip and Tear","floor":14},{"not_picked":["Biased Cognition","Core Surge"],"picked":"Buffer","floor":16},{"not_picked":["Gash+1","Barrage"],"picked":"Ball Lightning","floor":18},{"not_picked":["Gash+1","Leap"],"picked":"Beam Cell+1","floor":19},{"not_picked":["Doom and Gloom+1","Hello World+1","Stack+1"],"picked":"SKIP","floor":21},{"not_picked":["Hologram","Chill"],"picked":"Tempest+1","floor":24},{"not_picked":["Barrage","Beam Cell+1","Scrape"],"picked":"SKIP","floor":27},{"not_picked":["Conserve Battery+1","Rebound"],"picked":"Core Surge","floor":28}],"player_experience":145765,"relics_obtained":[{"floor":9,"key":"Strawberry"},{"floor":13,"key":"Odd Mushroom"},{"floor":24,"key":"Mercury Hourglass"},{"floor":26,"key":"Art of War"}],"event_choices":[{"damage_healed":0,"gold_gain":175,"player_choice":"AGREE","damage_taken":0,"max_hp_gain":0,"max_hp_loss":0,"event_name":"Liars Game","floor":7,"gold_loss":0,"cards_obtained":["Doubt"]},{"cards_removed":["Strike_B"],"damage_healed":0,"gold_gain":0,"player_choice":"Card Removal","damage_taken":0,"max_hp_gain":0,"max_hp_loss":0,"event_name":"The Cleric","floor":10,"gold_loss":50},{"cards_removed":["Strike_B"],"damage_healed":0,"gold_gain":0,"player_choice":"Card Removal","damage_taken":7,"max_hp_gain":0,"max_hp_loss":0,"event_name":"Golden Wing","floor":11,"gold_loss":0},{"damage_healed":0,"gold_gain":0,"player_choice":"Fought Mushrooms","damage_taken":0,"max_hp_gain":0,"max_hp_loss":0,"event_name":"Mushrooms","floor":13,"gold_loss":0},{"damage_healed":0,"gold_gain":0,"player_choice":"1 cards matched","damage_taken":0,"max_hp_gain":0,"max_hp_loss":0,"event_name":"Match and Keep!","floor":20,"gold_loss":0,"cards_obtained":["Dramatic Entrance"]}],"is_beta":false,"boss_relics":[{"not_picked":["Cursed Key","Calling Bell"],"picked":"Runic Pyramid"}],"items_purged_floors":[5,8,22],"is_endless":false,"potions_floor_spawned":[2,3,4,16,19,28],"killed_by":"Snake Plant","ascension_level":0}}