{"host":"08yfhu6uhosdn245","time":1614371030,"event":{"mods":["2.2 Compatiblity","AchievementEnabler","BaseMod","Bestiary","Colored Map","Colored Powertips","Curses Come First","Highlight Path","Minty Spire (QoL Compilation)","Quick Restart","Relic Stats","StSLib"],"gold_per_floor":[109,124,124,138,156,156,156],"floor_reached":6,"language":"ENG","playtime":356,"items_purged":[],"score":73,"play_id":"da8d452d-29ed-4e30-8d63-31c07b7cf45b","local_time":"20210226152350","is_ascension_mode":true,"campfire_choices":[],"circlet_count":0,"master_deck":["Strike_R","Strike_R","Strike_R","Strike_R","Strike_R","Defend_R","Defend_R","Defend_R","Defend_R","Bash","Feed","Inflame","Shrug It Off","Pommel Strike","Wild Strike"],"relics":["Burning Blood"],"acts_visited":["Exordium"],"potions_floor_usage":[6],"damage_taken":[{"damage":7,"enemies":"Jaw Worm","floor":1,"turns":2},{"damage":9,"enemies":"Small Slimes","floor":2,"turns":5},{"damage":0,"enemies":"2 Louse","floor":4,"turns":2},{"damage":20,"enemies":"Looter","floor":5,"turns":4},{"damage":59,"enemies":"3 Sentries","floor":6,"turns":12}],"seed_played":"-2966699675464350976","potions_obtained":[{"floor":1,"key":"FearPotion"},{"floor":2,"key":"Ancient Potion"}],"is_trial":false,"path_per_floor":["M","M","?","M","M","E"],"character_chosen":"IRONCLAD","items_purchased":[],"campfire_rested":0,"item_purchase_floors":[],"current_hp_per_floor":[58,58,58,67,56,0,0],"gold":156,"neow_bonus":"THREE_RARE_CARDS","is_daily":false,"chose_seed":false,"campfire_upgraded":0,"win_rate":0.0,"timestamp":1614371030,"path_taken":["M","M","?","M","M","E"],"items_purchased_type":[],"build_version":"2020-12-22","purchased_purges":0,"victory":false,"max_hp_per_floor":[83,86,86,89,92,95,95],"relic_stats":{"counters":[5,25],"obtain_stats":[{"Burning Blood":0},{"Burning Blood":0},{"Burning Blood":0}],"Burning Blood":24},"card_choices":[{"not_picked":["Bludgeon","Limit Break"],"picked":"Feed","floor":0},{"not_picked":["Intimidate","Twin Strike"],"picked":"Inflame","floor":1},{"not_picked":["Clothesline","Clash"],"picked":"Shrug It Off","floor":2},{"not_picked":["Shrug It Off","Rampage"],"picked":"Pommel Strike","floor":4},{"not_picked":["Dark Embrace","Pommel Strike"],"picked":"Wild Strike","floor":5}],"player_experience":430861,"relics_obtained":[],"event_choices":[{"damage_healed":0,"gold_gain":0,"player_choice":"Ignored","damage_taken":0,"max_hp_gain":0,"max_hp_loss":0,"event_name":"Liars Game","floor":3,"gold_loss":0}],"is_beta":false,"boss_relics":[],"items_purged_floors":[],"is_endless":false,"potions_floor_spawned":[1,2],"killed_by":"3 Sentries","ascension_level":5}}