{"host":"wbn3xdfsa5pc2kse","time":1614359909,"event":{"mods":["AchievementEnabler","BaseMod","Bestiary","Better Altar","Better Match","Better Note","Better Sensory Stone","Better Skull","Better Third Choice","Colored Map","Colored Powertips","Curses Come First","Highlight Path","Minty Spire (QoL Compilation)","Permanent Neow","Rare Cards Sparkle","Relic Stats","Replay The Spire","StSLib"],"gold_per_floor":[110,110,122,122,47,47,81,81,81,15,31,44,44,74,74,74,74],"floor_reached":16,"language":"ENG","playtime":677,"items_purged":["Spreading Infection"],"score":194,"play_id":"bafc04a3-8a22-4991-8a1c-5a8f2004f180","local_time":"20210227011829","is_ascension_mode":true,"campfire_choices":[{"data":"Clothesline","floor":6,"key":"SMITH"},{"data":"ReplayTheSpireMod:Muscle Training","floor":8,"key":"SMITH"},{"data":"Armaments","floor":15,"key":"SMITH"}],"circlet_count":0,"master_deck":["AscendersBane","Strike_R","Strike_R","Strike_R","Strike_R","Defend_R","Defend_R","Defend_R","Defend_R","Bash+1","ReplayTheSpireMod:Muscle Training+1","Clothesline+1","Armaments+1","Massacre+1","Pommel Strike","Flame Barrier","Shrug It Off"],"relics":["Burning Blood","Ring of Peace","Replay:Wax Seal","MealTicket","Bronze Scales","The Courier","Meat on the Bone"],"acts_visited":["Exordium"],"potions_floor_usage":[7,7,16],"damage_taken":[{"damage":2,"enemies":"Jaw Worm","floor":1,"turns":3},{"damage":4,"enemies":"Small Slimes","floor":3,"turns":5},{"damage":29,"enemies":"3 Sentries","floor":7,"turns":9},{"damage":0,"enemies":"Cultist","floor":11,"turns":4},{"damage":2,"enemies":"Exordium Thugs","floor":12,"turns":5},{"damage":19,"enemies":"Gremlin Nob","floor":14,"turns":6},{"damage":34,"enemies":"Fading Forest","floor":16,"turns":7}],"seed_played":"-5477083556736542313","potions_obtained":[{"floor":1,"key":"Explosive Potion"},{"floor":3,"key":"EssenceOfSteel"},{"floor":12,"key":"Explosive Potion"}],"is_trial":false,"path_per_floor":["M","?","M","?","$","R","E","R","T","$","M","M","?","E","R","B"],"character_chosen":"IRONCLAD","items_purchased":["Massacre+1"],"campfire_rested":0,"item_purchase_floors":[10],"current_hp_per_floor":[72,65,67,67,67,67,44,44,44,59,65,69,35,22,22,0,0],"gold":74,"neow_bonus":"UPGRADE_CARD","is_daily":false,"chose_seed":false,"campfire_upgraded":3,"win_rate":0.0,"timestamp":1614359909,"path_taken":["M","?","M","?","$","R","E","R","T","?","M","M","?","E","R","BOSS"],"items_purchased_type":["Card"],"build_version":"2020-12-22","purchased_purges":1,"victory":false,"max_hp_per_floor":[75,75,75,75,75,75,75,75,75,75,75,75,75,75,75,75,75],"relic_stats":{"counters":[7,39],"Bronze Scales":[24],"MealTicket":15,"obtain_stats":[{"Ring of Peace":4,"Bronze Scales":13,"MealTicket":9,"The Courier":13,"Replay:Wax Seal":7,"Burning Blood":0,"Meat on the Bone":14},{"Ring of Peace":2,"Bronze Scales":5,"MealTicket":3,"The Courier":5,"Replay:Wax Seal":3,"Burning Blood":0,"Meat on the Bone":6},{"Ring of Peace":8,"Bronze Scales":26,"MealTicket":17,"The Courier":26,"Replay:Wax Seal":17,"Burning Blood":0,"Meat on the Bone":32}],"Burning Blood":36,"Meat on the Bone":0},"card_choices":[{"not_picked":["ReplayReversal","Cleave"],"picked":"ReplayTheSpireMod:Muscle Training","floor":1},{"not_picked":["Ghostly Armor","Anger"],"picked":"Clothesline","floor":3},{"not_picked":["Demon Form","Headbutt"],"picked":"Armaments","floor":7},{"not_picked":["Heavy Blade","Dark Embrace"],"picked":"Pommel Strike","floor":11},{"not_picked":["Iron Wave","Life Link"],"picked":"Flame Barrier","floor":12},{"not_picked":["Metallicize","Corruption"],"picked":"Shrug It Off","floor":14}],"player_experience":906164,"relics_obtained":[{"floor":4,"key":"Ring of Peace"},{"floor":7,"key":"Replay:Wax Seal"},{"floor":9,"key":"MealTicket"},{"floor":14,"key":"Meat on the Bone"}],"event_choices":[{"cards_removed":["Strike_R"],"damage_healed":0,"gold_gain":0,"player_choice":"Card Removal","damage_taken":7,"max_hp_gain":0,"max_hp_loss":0,"event_name":"Golden Wing","floor":2,"gold_loss":0},{"damage_healed":0,"gold_gain":1,"player_choice":"Relic Relic ","damage_taken":34,"max_hp_gain":0,"max_hp_loss":0,"event_name":"betterThird:BetterScrap","floor":13,"gold_loss":0,"cards_obtained":["WindmillStrike"]}],"is_beta":false,"boss_relics":[],"items_purged_floors":[5],"is_endless":false,"potions_floor_spawned":[1,3,12],"killed_by":"Fading Forest","ascension_level":16}}