{"host":"ggy1mjjy92c62u6a","time":1614333429,"event":{"mods":["10 clothes from DAL","ATMod(阿瑾Mod)","Act Like it!","BaseMod","Colored Powertips","GifTheSpireLib","Infinite Spire","Library of Ruina","Library of Ruina Extra","Lobotomy","LobotomyExtend","Marisa（F雨　魔理沙）","Minty Spire (QoL Compilation)","Quick Restart","Relic Filter Mod","Relic Stats","Reliquary","Remilia（蕾米莉亚）","Replay The Spire","RumiaBox-露米娅的神秘盒子","Shop Mod","Spicy Shops","StSLib","SuperFastMode","UnlockEverythingMod","Youmu（魂魄妖梦）","[功能]功能增强和修复MOD","【功能Mod】混沌之环修复补丁","【遗物Mod】死灵法师NEW","【遗物卡牌】REMEMod"],"gold_per_floor":[119,15,15,15,31,31,45,63,86,86,97,115,128,140,140,213,213,223,236,236,248,265,265,295,310,392,405,405,405,418,429,429,429,429],"floor_reached":33,"language":"ZHS","playtime":608,"items_purged":[],"score":614,"play_id":"660613be-c57b-47c2-8e85-b83d05e3f0b5","local_time":"20210226175709","is_ascension_mode":true,"campfire_choices":[{"floor":15.0,"key":"REST"},{"data":"Limit Break","floor":23.0,"key":"SMITH"},{"floor":29,"key":"RECALL"},{"data":"FrontalAssault","floor":32,"key":"SMITH"}],"circlet_count":0,"master_deck":["AscendersBane","DegradedFairy","DegradedFairy","DegradedChain","DegradedChain","DegradedLock","DegradedPillar","DegradedPillar","DegradedShockwave","Limit Break+1","AT_ShadowStep+1","UnavoidableGaze","FrontalAssault+1","RushDown","GuidanceOfTheGears","Outburst+1","ShrineToMusic"],"relics":["PageOfLibrarian","REME_ComplimentaryCards","AT_ATBox","CogitoBucket","Baka","LetterFromLob","Happy Flower","AT_ChloranthyRing","Sozu","Dead Branch","PageOfOzma","AtMidnight"],"acts_visited":["Exordium","TheCity"],"potions_floor_usage":[33],"damage_taken":[{"damage":3.0,"enemies":"Jaw Worm","floor":1.0,"turns":2.0},{"damage":0.0,"enemies":"Cultist","floor":5.0,"turns":1.0},{"damage":0.0,"enemies":"Small Slimes","floor":7.0,"turns":2.0},{"damage":4.0,"enemies":"Red Slaver","floor":8.0,"turns":2.0},{"damage":0.0,"enemies":"Blue Slaver","floor":11.0,"turns":1.0},{"damage":13.0,"enemies":"Gremlin Gang","floor":12.0,"turns":3.0},{"damage":12.0,"enemies":"Exordium Wildlife","floor":13.0,"turns":1.0},{"damage":0.0,"enemies":"3 Louse","floor":14.0,"turns":1.0},{"damage":0.0,"enemies":"Hexaghost","floor":16.0,"turns":4.0},{"damage":0.0,"enemies":"Shell Parasite","floor":18.0,"turns":2.0},{"damage":0.0,"enemies":"Chosen","floor":19.0,"turns":2.0},{"damage":2.0,"enemies":"Snecko","floor":21.0,"turns":2.0},{"damage":0.0,"enemies":"Shelled Parasite and Fungi","floor":22.0,"turns":1.0},{"damage":0.0,"enemies":"Book of Stabbing","floor":24.0,"turns":3.0},{"damage":12.0,"enemies":"Snake Plant","floor":25.0,"turns":2.0},{"damage":0.0,"enemies":"Chosen and Byrds","floor":27.0,"turns":2.0},{"damage":0,"enemies":"Centurion and Healer","floor":30,"turns":2},{"damage":0,"enemies":"Sentry and Sphere","floor":31,"turns":2},{"damage":70,"enemies":"RedHoodMercenary","floor":33,"turns":5}],"seed_played":"-5029308706540890927","potions_obtained":[{"floor":5.0,"key":"Adrenaline Potion"},{"floor":7.0,"key":"Energy Potion"}],"is_trial":false,"path_per_floor":["M","$","?","$","M","E","M","M","T","?","M","M","M","M","R","B",null,"M","M","?","M","M","R","E","M","T","M","?","R","M","M","R","B"],"character_chosen":"Librarian","items_purchased":["Happy Flower"],"campfire_rested":1,"item_purchase_floors":[2],"current_hp_per_floor":[51,51,51,51,40,40,40,38,38,38,38,25,21,21,51,51,88,88,88,88,86,86,86,86,74,74,74,68,68,68,68,68,0,0],"gold":429,"neow_bonus":"","is_daily":false,"chose_seed":false,"campfire_upgraded":2,"win_rate":0.0,"timestamp":1614333429,"path_taken":["M","$","?","?","M","E","M","?","T","?","?","M","?","M","R","BOSS","M","M","?","?","M","R","E","M","T","M","?","R","?","M","R","BOSS"],"items_purchased_type":["Relic"],"build_version":"2020-12-22","purchased_purges":0,"victory":false,"max_hp_per_floor":[90,90,90,90,100,100,100,100,100,100,100,100,100,100,100,100,100,100,100,100,100,100,100,100,100,100,100,100,100,100,100,100,100,100],"relic_stats":{"Sozu":6,"Happy Flower":[13],"counters":[22,43],"Dead Branch":[14],"obtain_stats":[{"PageOfLibrarian":0,"AT_ChloranthyRing":9,"Sozu":17,"CogitoBucket":0,"AT_ATBox":0,"Happy Flower":2,"PageOfOzma":26,"Dead Branch":24,"AtMidnight":27,"Baka":1,"LetterFromLob":1,"REME_ComplimentaryCards":0},{"PageOfLibrarian":0,"AT_ChloranthyRing":4,"Sozu":10,"CogitoBucket":0,"AT_ATBox":0,"Happy Flower":1,"PageOfOzma":17,"Dead Branch":16,"AtMidnight":19,"Baka":1,"LetterFromLob":1,"REME_ComplimentaryCards":0},{"PageOfLibrarian":0,"AT_ChloranthyRing":7,"Sozu":18,"CogitoBucket":0,"AT_ATBox":0,"Happy Flower":2,"PageOfOzma":31,"Dead Branch":29,"AtMidnight":34,"Baka":2,"LetterFromLob":2,"REME_ComplimentaryCards":0}]},"card_choices":[{"not_picked":["ScratchThat","SmokingPipe","EnergyShield","Parry","GuardingStance","WildCard","ICanCookAnything","MindPrepared"],"picked":"UnavoidableGaze","floor":1.0},{"not_picked":["StrikeDown","BackAttack","SpearedSweep","Juggling","DarkCloud","WillOfThePrescript","Reload","UncannyStrike","SnakesPrey"],"picked":"SKIP","floor":5.0},{"not_picked":["Fence","TheRedNotes","MultiBlock","FleetFootsteps","SwordOfVolition","StrongStrike","SinglePointStab","HeavyPeaks"],"picked":"FrontalAssault","floor":7.0},{"not_picked":["Feast","StayCalm","SetFire","ClassAndRespect","GuidanceOfTheGears","SuanNi","Quickness","PreparedMind"],"picked":"RushDown","floor":8.0},{"not_picked":["IdentifyWeakpoint","FleetEdge","ClassAndRespect","StrongStrike","PuppetBlockade","Parry","ScatteringSlash","TimeForALittleTest","AutonomousRush"],"picked":"SKIP","floor":11.0},{"not_picked":["Thrust","SilentMist","StrikeDown","CircusKnives","FrontalAssault","SearingSword","BindingChains","BackAttack","Parry2"],"picked":"SKIP","floor":12.0},{"not_picked":["EndlessBattle","FleshFillet","DarkCloud","BlindFaith","LossOfSenses","Rewind","EnergyShield","IllEndYou","AlloutWar"],"picked":"SKIP","floor":13.0},{"not_picked":["ShockingBlow","FleetEdge","HandlingWork","HiddenBlade","HighSpeedStabbing","HandleRequest","Guardian_lor","ProselytesBlade"],"picked":"GuidanceOfTheGears","floor":14.0},{"not_picked":["SerpentineBarrier","RatsGuideToSurvival","StrikeDown+1","DimensionalRift","UnavoidableGaze","Endure+1","BlindFaith","ClassAndRespect","NightInTheBackstreets"],"picked":"SKIP","floor":18.0},{"not_picked":["DefenseOrder","Pound","StrikeDown","SunsetBlade","HiddenBlade","QuickAttack","Eliminate","HighKick"],"picked":"Outburst+1","floor":19.0},{"not_picked":["UnavoidableGaze","Marionette","FlamingDragonFist","KeepItFresh","MindPrepared","ShockRound+1","BiAn","Quickness","QuickSuppression"],"picked":"SKIP","floor":21.0},{"not_picked":["ButterflySlash","PinpointShot","SerpentSwordTechnique","Rewind","FlowOfTheSword","Lock","TasteMyFlamingBat","FleetFootsteps"],"picked":"ShrineToMusic","floor":22.0},{"not_picked":["Concentration","SinglePointStab+1","TendonChords+1","Pound+1","EnergyConversion","SmokingPipe","KeepItFresh","EnergyShield","SunsetBlade+1"],"picked":"SKIP","floor":24.0},{"not_picked":["QuickSuppression","GuardingStance","DesperateStruggle","DaringDecision","ForTheFamily","Outburst+1","SharpSwipe","ScatteringSlash","Quickness"],"picked":"SKIP","floor":25.0},{"not_picked":["FleetFootsteps","ClassAndRespect","BackstreetsDash","DarkCloud","SilentMist","Thirst","SummaryJudgment","SharpenedBlade","KeepItFresh+1"],"picked":"SKIP","floor":27.0},{"not_picked":["ProselytesBlade","Diversion","SuppressingShot","SinglePointStab","FleetFootsteps+1","Wallop_lor","QuickSuppression","MindWhip","NightInTheBackstreets+1"],"picked":"SKIP","floor":30},{"not_picked":["ClassAndRespect","Leap_lor","Reload","StrongStrike","Riposte","InhaleSmoke","ViolentFlame","Quickness","RatsGuideToSurvival"],"picked":"SKIP","floor":31}],"player_experience":174871,"relics_obtained":[{"floor":1.0,"key":"Baka"},{"floor":1.0,"key":"LetterFromLob"},{"floor":9.0,"key":"AT_ChloranthyRing"},{"floor":24.0,"key":"Dead Branch"},{"floor":26.0,"key":"PageOfOzma"},{"floor":27.0,"key":"AtMidnight"}],"event_choices":[{"damage_healed":0.0,"max_hp_gain":0.0,"max_hp_loss":0.0,"gold_gain":0.0,"event_name":"Upgrade Shrine","player_choice":"Upgraded","floor":3.0,"gold_loss":0.0,"damage_taken":0.0,"cards_upgraded":["AT_ShadowStep"]},{"cards_removed":["DegradedFairy"],"damage_healed":0.0,"max_hp_gain":0.0,"max_hp_loss":0.0,"gold_gain":0.0,"event_name":"Bonfire Elementals","player_choice":"Offered Basic","floor":10.0,"gold_loss":0.0,"damage_taken":0.0},{"damage_healed":0.0,"max_hp_gain":0.0,"max_hp_loss":0.0,"gold_gain":0.0,"event_name":"Lab","player_choice":"Got Potions","floor":20.0,"gold_loss":0.0,"damage_taken":0.0},{"damage_healed":0.0,"max_hp_gain":0.0,"max_hp_loss":0.0,"gold_gain":0.0,"event_name":"Knowing Skull","player_choice":"","floor":28.0,"potions_obtained":[],"gold_loss":0.0,"damage_taken":6.0,"cards_obtained":[]}],"is_beta":false,"boss_relics":[{"not_picked":["Busted Crown","Honey Jar"],"picked":"Sozu"}],"items_purged_floors":[],"is_endless":false,"potions_floor_spawned":[5,7,11,12,19,27,31],"killed_by":"RedHoodMercenary","ascension_level":13}}