{"host":"zdx3mk58qfaqn5dx","time":1614358180,"event":{"mods":["BaseMod","Bestiary","Better Third Choice","Colored Map","Colored Powertips","Dark Map","Downfall","Hermit","Highlight Path","Minty Spire (QoL Compilation)","Quick Restart","Random Character Button","Relic Stats","StSLib","SuperFastMode"],"gold_per_floor":[118,133,133,144,144,144,160,190,190,190,190,190,208,22,22,22,22],"floor_reached":16,"language":"ENG","playtime":710,"items_purged":[],"score":105,"play_id":"3f9d73e9-06b6-457b-bd86-e713f6061735","local_time":"20210226174940","is_ascension_mode":true,"campfire_choices":[{"data":"The Bomb","floor":6,"key":"SMITH"},{"floor":10,"key":"REST"},{"floor":15,"key":"REST"}],"circlet_count":0,"master_deck":["hermit:Strike_Hermit","hermit:Strike_Hermit","hermit:Defend_Hermit","hermit:Defend_Hermit","hermit:Defend_Hermit","hermit:Defend_Hermit","hermit:Snapshot","hermit:Covet","Shame","The Bomb+1","hermit:Horror","hermit:Virtue","hermit:Virtue","hermit:Spite","hermit:ShadowCloak","hermit:Dive","hermit:Spite","hermit:Misfire","hermit:Reprieve"],"relics":["hermit:Momento","Unceasing Top","Ornamental Fan"],"acts_visited":["Exordium"],"potions_floor_usage":[13],"damage_taken":[{"damage":1,"enemies":"Cultist","floor":1,"turns":3},{"damage":12,"enemies":"Small Slimes","floor":2,"turns":4},{"damage":2,"enemies":"2 Louse","floor":4,"turns":3},{"damage":11,"enemies":"Blue Slaver","floor":7,"turns":3},{"damage":42,"enemies":"Gremlin Nob","floor":8,"turns":5},{"damage":4,"enemies":"Exordium Thugs","floor":13,"turns":3},{"damage":47,"enemies":"The Guardian","floor":16,"turns":6}],"seed_played":"-3991847577219670084","potions_obtained":[{"floor":8,"key":"SkillPotion"}],"is_trial":false,"path_per_floor":["M","M","T","M","?","R","M","E","T","R","?","$","M","$","R","B"],"character_chosen":"HERMIT","items_purchased":["hermit:Misfire","hermit:Reprieve"],"campfire_rested":2,"item_purchase_floors":[14,14],"current_hp_per_floor":[74,62,62,60,60,60,49,7,7,29,22,22,18,18,40,0,0],"gold":22,"neow_bonus":"RANDOM_COLORLESS_2","is_daily":false,"chose_seed":false,"campfire_upgraded":1,"win_rate":0.0,"timestamp":1614358180,"path_taken":["M","M","?","M","?","R","M","E","T","R","?","?","?","$","R","BOSS"],"items_purchased_type":["Card","Card"],"build_version":"2020-12-22","purchased_purges":0,"victory":false,"max_hp_per_floor":[75,75,75,75,75,75,75,75,75,75,75,75,75,75,75,75,75],"relic_stats":{"counters":[7,27],"Ornamental Fan":[0],"obtain_stats":[{"Ornamental Fan":8,"hermit:Momento":0,"Unceasing Top":3},{"Ornamental Fan":5,"hermit:Momento":0,"Unceasing Top":2},{"Ornamental Fan":18,"hermit:Momento":0,"Unceasing Top":7}],"Unceasing Top":[3]},"card_choices":[{"not_picked":["Sadistic Nature","Master of Strategy"],"picked":"The Bomb","floor":0},{"not_picked":["hermit:Feint","hermit:Vantage"],"picked":"hermit:Horror","floor":1},{"not_picked":["hermit:HoleUp","hermit:WideOpen"],"picked":"hermit:Virtue","floor":2},{"not_picked":["hermit:ItchyTrigger","hermit:HighCaliber"],"picked":"hermit:Virtue","floor":4},{"not_picked":["hermit:Quickdraw","hermit:Adapt"],"picked":"hermit:ShadowCloak","floor":7},{"not_picked":["hermit:Vantage","hermit:Snipe"],"picked":"hermit:Dive","floor":8},{"not_picked":["hermit:Shortfuse","hermit:Manifest"],"picked":"hermit:Spite","floor":13}],"player_experience":226809,"relics_obtained":[{"floor":3,"key":"Unceasing Top"},{"floor":8,"key":"Ornamental Fan"}],"event_choices":[{"damage_healed":0,"gold_gain":0,"cards_transformed":["hermit:Strike_Hermit"],"player_choice":"Change","damage_taken":0,"max_hp_gain":0,"max_hp_loss":0,"event_name":"Living Wall","floor":5,"gold_loss":0,"cards_obtained":["hermit:Spite"]},{"cards_removed":["hermit:Strike_Hermit"],"damage_healed":0,"gold_gain":0,"player_choice":"Card Removal","damage_taken":7,"max_hp_gain":0,"max_hp_loss":0,"event_name":"Golden Wing","floor":11,"gold_loss":0}],"is_beta":false,"boss_relics":[],"items_purged_floors":[],"is_endless":false,"potions_floor_spawned":[8],"killed_by":"The Guardian","ascension_level":1}}