{"host":"1bzbl1adcbkdzqlf","time":1614370084,"event":{"mods":["BaseMod","Minty Spire (QoL Compilation)","Slay the Relics Exporter"],"gold_per_floor":[366,378,55,69,69,69,91,101,101,136,153,0,35,35,35,35,35],"floor_reached":16,"language":"ENG","playtime":1848,"items_purged":["Regret"],"score":162,"play_id":"804aeb3f-8467-461b-b297-3be28a4f800b","local_time":"20210226140804","is_ascension_mode":true,"campfire_choices":[{"data":"Bouncing Flask","floor":6,"key":"SMITH"},{"floor":15,"key":"REST"}],"circlet_count":0,"master_deck":["Strike_G","Strike_G","Strike_G","Strike_G","Strike_G","Defend_G","Defend_G","Defend_G","Defend_G","Defend_G","Survivor","Neutralize","PiercingWail","Bouncing Flask+1","Footwork+1","Backflip","Backflip","Masterful Stab","Cloak And Dagger","Dagger Spray","Bane"],"relics":["Ring of the Snake","Frozen Egg 2","Odd Mushroom","Potion Belt","Kunai","Blue Candle"],"acts_visited":["Exordium"],"potions_floor_usage":[11,13,16,16],"damage_taken":[{"damage":3,"enemies":"Cultist","floor":1,"turns":5},{"damage":1,"enemies":"Jaw Worm","floor":2,"turns":5},{"damage":4,"enemies":"Small Slimes","floor":4,"turns":3},{"damage":24,"enemies":"The Mushroom Lair","floor":7,"turns":5},{"damage":5,"enemies":"Blue Slaver","floor":8,"turns":3},{"damage":32,"enemies":"3 Sentries","floor":10,"turns":9},{"damage":3,"enemies":"Looter","floor":11,"turns":3},{"damage":0,"enemies":"Gremlin Nob","floor":13,"turns":3},{"damage":29,"enemies":"Slime Boss","floor":16,"turns":9}],"seed_played":"-6842285310960164159","potions_obtained":[{"floor":7,"key":"Energy Potion"},{"floor":8,"key":"SmokeBomb"},{"floor":10,"key":"Explosive Potion"},{"floor":13,"key":"EssenceOfSteel"}],"is_trial":false,"path_per_floor":["M","M","$","M","?","R","?","M","T","E","M","$","E","$","R","B"],"character_chosen":"THE_SILENT","items_purchased":["Frozen Egg 2","Footwork+1","DuplicationPotion"],"campfire_rested":1,"item_purchase_floors":[3,3,12],"current_hp_per_floor":[67,66,66,62,67,67,43,38,38,6,3,3,3,3,25,0,0],"gold":35,"neow_bonus":"TWO_FIFTY_GOLD","is_daily":false,"chose_seed":false,"campfire_upgraded":1,"win_rate":0.0,"timestamp":1614370084,"path_taken":["M","?","$","M","?","R","?","M","T","E","M","$","E","?","R","BOSS"],"items_purchased_type":["Relic","Card","Potion"],"build_version":"2020-12-22","purchased_purges":1,"victory":false,"max_hp_per_floor":[70,70,70,70,75,75,75,75,75,75,75,75,75,75,75,75,75],"card_choices":[{"not_picked":["Prepared","Underhanded Strike"],"picked":"PiercingWail","floor":1},{"not_picked":["Acrobatics","Sucker Punch"],"picked":"Bouncing Flask","floor":2},{"not_picked":["Crippling Poison","Dagger Throw"],"picked":"Backflip","floor":4},{"not_picked":["PiercingWail","Storm of Steel"],"picked":"Backflip","floor":7},{"not_picked":["Acrobatics","PiercingWail"],"picked":"Masterful Stab","floor":8},{"not_picked":["Flying Knee","Dash"],"picked":"Cloak And Dagger","floor":10},{"not_picked":["Backflip","Underhanded Strike"],"picked":"Dagger Spray","floor":11},{"not_picked":["Slice","Sucker Punch"],"picked":"Bane","floor":13}],"player_experience":581011,"relics_obtained":[{"floor":7,"key":"Odd Mushroom"},{"floor":9,"key":"Potion Belt"},{"floor":10,"key":"Kunai"},{"floor":13,"key":"Blue Candle"}],"event_choices":[{"damage_healed":0,"gold_gain":0,"player_choice":"Donut","damage_taken":0,"max_hp_gain":5,"max_hp_loss":0,"event_name":"Big Fish","floor":5,"gold_loss":0},{"damage_healed":0,"gold_gain":0,"player_choice":"Fought Mushrooms","damage_taken":0,"max_hp_gain":0,"max_hp_loss":0,"event_name":"Mushrooms","floor":7,"gold_loss":0}],"is_beta":false,"boss_relics":[],"items_purged_floors":[12],"is_endless":false,"potions_floor_spawned":[7,8,10,13],"killed_by":"Slime Boss","ascension_level":4}}