{"host":"d7qmn60fs48wu5y6","time":1614381922,"event":{"mods":["BaseMod","Downfall","Marisa????????","Minty Spire (QoL Compilation)","Shade Mod","StSLib","The Bug Knight","The Cursed","The Necromancer","The Servant 0.9.4"],"gold_per_floor":[114,64,79,94,19,19,46,46,46,62,97,97,15,32,32,131,131,144,44,61,75,93,93,121,121,176,176,186,198,52,68,68,164,164,182,282,157,174,194,194,194,194,264,114,114,114,131,145,145,145,145,145,74,107,107],"floor_reached":56,"language":"ENG","playtime":2696,"items_purged":["Shade:Strike_Shade","Shade:Strike_Shade","Shade:Defend_Shade","Shade:Strike_Shade"],"score":1328,"play_id":"ce9a3e80-4fbf-4864-868c-38abcb04e7bc","local_time":"20210226152522","is_ascension_mode":true,"campfire_choices":[{"data":"Shade:AnimateDead","floor":6,"key":"SMITH"},{"data":"Shade:WallOfFlesh","floor":12,"key":"SMITH"},{"data":"Forethought","floor":15,"key":"SMITH"},{"floor":23,"key":"RECALL"},{"floor":27,"key":"REST"},{"data":"Shade:AuraOfUnlife","floor":32,"key":"SMITH"},{"data":"Shade:Coordination","floor":40,"key":"SMITH"},{"data":"Shade:SensePrey","floor":42,"key":"SMITH"},{"data":"Madness","floor":46,"key":"SMITH"},{"data":"Shade:LoseControl","floor":49,"key":"SMITH"},{"data":"Shade:LoseControl","floor":52,"key":"SMITH"}],"circlet_count":0,"master_deck":["Shade:Defend_Shade","Shade:Defend_Shade","Shade:AnimateDead+1","Shade:CarefulCut","Shade:WallOfFlesh+1","Shade:Trample","Shade:GraveStillness","Shade:FleshOffering","Shade:Trample+1","Forethought+1","Shade:Bonestorm+1","Shade:LoseControl+1","Shade:FleshToFlesh+1","Shade:Brains+1","Shade:Carnophage+1","Shade:AuraOfUnlife+1","Shade:LoseControl+1","Shade:SensePrey+1","Shade:Coordination+1","Madness+1","Madness","Shade:Putrefaction"],"relics":["Shade:YorickSkull","Lantern","Incense Burner","Molten Egg 2","StoneCalendar","Turnip","HornCleat","Sundial"],"acts_visited":["Exordium","TheCity","TheBeyond","TheEnding"],"potions_floor_usage":[7,24,24,47,50,55,55],"damage_taken":[{"damage":0,"enemies":"Jaw Worm","floor":1,"turns":4},{"damage":0,"enemies":"Cultist","floor":3,"turns":4},{"damage":0,"enemies":"2 Louse","floor":4,"turns":2},{"damage":4,"enemies":"3 Sentries","floor":7,"turns":16},{"damage":0,"enemies":"Red Slaver","floor":10,"turns":3},{"damage":0,"enemies":"Gremlin Nob","floor":11,"turns":5},{"damage":0,"enemies":"Looter","floor":14,"turns":3},{"damage":22,"enemies":"Hexaghost","floor":16,"turns":12},{"damage":0,"enemies":"Shell Parasite","floor":18,"turns":4},{"damage":0,"enemies":"3 Byrds","floor":20,"turns":5},{"damage":0,"enemies":"Cultist and Chosen","floor":21,"turns":7},{"damage":0,"enemies":"Snecko","floor":22,"turns":4},{"damage":31,"enemies":"Gremlin Leader","floor":24,"turns":9},{"damage":0,"enemies":"Centurion and Healer","floor":28,"turns":7},{"damage":0,"enemies":"Snake Plant","floor":29,"turns":5},{"damage":0,"enemies":"Snecko","floor":31,"turns":7},{"damage":3,"enemies":"Automaton","floor":33,"turns":8},{"damage":0,"enemies":"Orb Walker","floor":35,"turns":5},{"damage":0,"enemies":"3 Shapes","floor":38,"turns":3},{"damage":0,"enemies":"Jaw Worm Horde","floor":39,"turns":5},{"damage":0,"enemies":"Spire Growth","floor":47,"turns":4},{"damage":0,"enemies":"4 Shapes","floor":48,"turns":2},{"damage":0,"enemies":"Donu and Deca","floor":50,"turns":7},{"damage":0,"enemies":"Shield and Spear","floor":54,"turns":5},{"damage":81,"enemies":"The Heart","floor":55,"turns":10}],"seed_played":"-8162496995668224350","potions_obtained":[{"floor":1,"key":"PowerPotion"},{"floor":4,"key":"GamblersBrew"},{"floor":16,"key":"FairyPotion"},{"floor":18,"key":"Regen Potion"},{"floor":24,"key":"hexamod:SoulburnPotion"},{"floor":29,"key":"champ:CounterPotion"},{"floor":47,"key":"Energy Potion"},{"floor":54,"key":"PowerPotion"}],"is_trial":false,"path_per_floor":["M","?","M","M","$","R","E","?","T","M","E","R","$","M","R","B",null,"M","$","M","M","M","R","E","?","T","R","M","M","$","M","R","B",null,"M","?","$","M","M","R","?","R","T","$","?","R","M","M","R","B",null,"R","$","E","B",null],"character_chosen":"SHADE","items_purchased":["Forethought","Shade:AuraOfUnlife","Shade:LoseControl","LiquidMemories"],"campfire_rested":1,"item_purchase_floors":[13,30,30,53],"current_hp_per_floor":[65,65,65,65,65,65,61,61,61,61,61,61,61,61,61,39,65,65,65,65,65,65,65,43,43,43,62,62,62,62,62,62,59,65,65,65,65,65,65,65,65,65,65,65,57,57,57,57,57,57,65,65,65,65,7],"gold":107,"neow_bonus":"RANDOM_COMMON_RELIC","is_daily":false,"chose_seed":false,"campfire_upgraded":9,"win_rate":0.0,"timestamp":1614381922,"path_taken":["M","?","M","M","$","R","E","?","T","?","E","R","$","M","R","BOSS","M","$","M","M","M","R","E","?","T","R","M","?","$","M","R","BOSS","M","?","$","?","M","R","?","R","T","$","?","R","M","M","R","BOSS","R","$","E","BOSS"],"items_purchased_type":["Card","Card","Card","Potion"],"build_version":"2020-12-22","purchased_purges":4,"victory":true,"max_hp_per_floor":[65,65,65,65,65,65,65,65,65,65,65,65,65,65,65,65,65,65,65,65,65,65,65,65,65,65,65,65,65,65,65,65,65,65,65,65,65,65,65,65,65,65,65,65,65,65,65,65,65,65,65,65,65,65,65],"card_choices":[{"not_picked":["Shade:FuneraryJewels","Shade:SanguineRitual"],"picked":"Shade:WallOfFlesh","floor":1},{"not_picked":["Shade:LyeBath","Shade:GreyBargain"],"picked":"Shade:Trample","floor":3},{"not_picked":["Shade:Frenzy","Shade:SkeletonHug"],"picked":"Shade:GraveStillness","floor":4},{"not_picked":["Shade:FreshBones","Shade:AncientSpear"],"picked":"Shade:FleshOffering","floor":7},{"not_picked":["Shade:SpontaneousRitual+1","Shade:CoffinDance+1"],"picked":"Shade:Trample+1","floor":10},{"not_picked":["Shade:FeralStrike+1","Shade:ScuttlingHand+1","Shade:Consume+1"],"picked":"SKIP","floor":11},{"not_picked":["Shade:Asphyxiate+1","Shade:FleshLikeOak"],"picked":"Shade:Bonestorm+1","floor":14},{"not_picked":["Shade:LastGasp","Shade:GreaterAnimation"],"picked":"Shade:LoseControl","floor":16},{"not_picked":["Shade:FreshBones+1","Shade:Bite_Shade+1"],"picked":"Shade:FleshToFlesh+1","floor":18},{"not_picked":["Shade:BoneShards+1","Shade:ExtraLimbs+1","Shade:ScuttlingHand+1"],"picked":"SKIP","floor":20},{"not_picked":["Shade:Asphyxiate+1","Shade:Frenzy"],"picked":"Shade:Brains","floor":21},{"not_picked":["Shade:Bonestorm+1","Shade:FingerOfDeath+1","Shade:Trample+1"],"picked":"SKIP","floor":22},{"not_picked":["Shade:CallWraith+1","Shade:WallOfFlesh","Shade:ClawBack+1"],"picked":"SKIP","floor":24},{"not_picked":["Shade:LoseControl","Shade:CallWraith"],"picked":"Shade:Carnophage+1","floor":28},{"not_picked":["Shade:CallOfTheGrave+1","Shade:Awaken+1","Shade:Patience+1"],"picked":"SKIP","floor":29},{"not_picked":["Shade:PotionOfRestlessness","Shade:GoDigging"],"picked":"Shade:SensePrey","floor":31},{"not_picked":["Shade:Consume+1","Shade:OminousRitual+1"],"picked":"Shade:Coordination","floor":33},{"not_picked":["Shade:FleshToFlesh","Shade:LyeBath","Shade:GoDigging+1"],"picked":"SKIP","floor":35},{"not_picked":["Shade:ClawBack+1","Shade:SpectralStrikes+1","Shade:WallOfFlesh+1"],"picked":"SKIP","floor":38},{"not_picked":["Shade:FuneraryArmor","Shade:CallWraith","Shade:Patience"],"picked":"SKIP","floor":39},{"not_picked":["Shade:BoneShards+1","Shade:Trample+1"],"picked":"Shade:Putrefaction","floor":47},{"not_picked":["Shade:GraveStillness","Shade:FleshLikeOak+1","Shade:LyeBath"],"picked":"SKIP","floor":48},{"not_picked":["Shade:FeralStrike+1","Shade:AncientSpear+1","Shade:WallOfFlesh"],"picked":"SKIP","floor":54}],"player_experience":984722,"relics_obtained":[{"floor":7,"key":"Incense Burner"},{"floor":9,"key":"Molten Egg 2"},{"floor":11,"key":"StoneCalendar"},{"floor":24,"key":"Turnip"},{"floor":43,"key":"HornCleat"},{"floor":54,"key":"Sundial"}],"event_choices":[{"cards_removed":["Shade:Defend_Shade"],"damage_healed":0,"gold_gain":0,"player_choice":"Card Removal","damage_taken":0,"max_hp_gain":0,"max_hp_loss":0,"event_name":"The Cleric","floor":2,"gold_loss":50},{"cards_removed":["Shade:Strike_Shade"],"damage_healed":0,"gold_gain":0,"player_choice":"Offered Basic","damage_taken":0,"max_hp_gain":0,"max_hp_loss":0,"event_name":"Bonfire Elementals","floor":8,"gold_loss":0},{"damage_healed":0,"gold_gain":0,"player_choice":"Forge","damage_taken":0,"max_hp_gain":0,"max_hp_loss":0,"event_name":"Accursed Blacksmith","floor":25,"gold_loss":0,"cards_upgraded":["Shade:Brains"]},{"damage_healed":0,"gold_gain":100,"player_choice":"Pray","damage_taken":0,"max_hp_gain":0,"max_hp_loss":0,"event_name":"Golden Shrine","floor":36,"gold_loss":0},{"damage_healed":0,"gold_gain":0,"player_choice":"Ignored","damage_taken":0,"max_hp_gain":0,"max_hp_loss":0,"event_name":"Tomb of Lord Red Mask","floor":41,"gold_loss":0},{"damage_healed":0,"gold_gain":0,"player_choice":"Embrace Madness","damage_taken":8,"max_hp_gain":0,"max_hp_loss":0,"event_name":"Winding Halls","floor":45,"gold_loss":0,"cards_obtained":["Madness","Madness"]}],"is_beta":false,"boss_relics":[{"not_picked":["Runic Pyramid","Velvet Choker","Pandora\u0027s Box"]},{"not_picked":["Snecko Eye","Astrolabe","Cursed Key"]}],"items_purged_floors":[5,19,37,44],"is_endless":false,"potions_floor_spawned":[1,4,16,18,24,29,31,35,47,48,54],"ascension_level":1}}