{"host":"uzc99wulacbf3sqy","time":1614363948,"event":{"mods":["AchievementEnabler","BaseMod","Bestiary","Highlight Path","Minty Spire (QoL Compilation)","Relic Stats"],"gold_per_floor":[110,110,285,285,235,267,267,298,298,298,309,79,79,79,79,183,183,195,125,138,138,156,185,200,200,200],"floor_reached":25,"language":"ENG","playtime":1337,"items_purged":[],"score":238,"play_id":"32f04666-5b67-4b69-8f0c-a81f27100ca6","local_time":"20210226152548","is_ascension_mode":true,"campfire_choices":[{"data":"Eruption","floor":7,"key":"SMITH"},{"data":"Crescendo","floor":13,"key":"SMITH"},{"floor":15,"key":"REST"}],"circlet_count":0,"master_deck":["Strike_P","Strike_P","Strike_P","Defend_P","Defend_P","Defend_P","Eruption+1","Vigilance","Consecrate","Study","Adaptation","ThirdEye","ClearTheMind","Crescendo+1","EmptyFist","SignatureMove","ForeignInfluence","Halt","WheelKick+1","Prostrate+1","InnerPeace"],"relics":["Philosopher\u0027s Stone","Dream Catcher","Bird Faced Urn","Peace Pipe","GremlinMask","Toolbox","SlaversCollar","Shovel"],"acts_visited":["Exordium","TheCity"],"potions_floor_usage":[6,16,23,24],"damage_taken":[{"damage":2,"enemies":"Jaw Worm","floor":1,"turns":3},{"damage":29,"enemies":"Gremlin Nob","floor":6,"turns":3},{"damage":15,"enemies":"Lagavulin","floor":8,"turns":7},{"damage":0,"enemies":"Small Slimes","floor":11,"turns":3},{"damage":13,"enemies":"The Guardian","floor":16,"turns":15},{"damage":22,"enemies":"Chosen","floor":18,"turns":5},{"damage":40,"enemies":"3 Byrds","floor":20,"turns":4},{"damage":0,"enemies":"Centurion and Healer","floor":22,"turns":3},{"damage":16,"enemies":"Book of Stabbing","floor":23,"turns":3},{"damage":0,"enemies":"Cultist and Chosen","floor":24,"turns":3},{"damage":11,"enemies":"Chosen and Byrds","floor":25,"turns":1}],"seed_played":"-6649889076459181274","potions_obtained":[{"floor":1,"key":"DistilledChaos"},{"floor":8,"key":"DistilledChaos"},{"floor":22,"key":"Explosive Potion"},{"floor":23,"key":"BottledMiracle"}],"is_trial":false,"path_per_floor":["M","?","?","?","?","E","R","E","T","?","M","$","R","$","R","B",null,"M","$","M","?","M","E","M","M"],"character_chosen":"WATCHER","items_purchased":["Toolbox","ClearTheMind","Crescendo","ForeignInfluence"],"campfire_rested":1,"item_purchase_floors":[12,12,12,19],"current_hp_per_floor":[70,63,63,68,68,39,39,24,24,24,28,28,28,28,51,42,77,55,55,19,19,19,5,5,0,0],"gold":200,"neow_bonus":"BOSS_RELIC","is_daily":false,"chose_seed":false,"campfire_upgraded":2,"win_rate":0.0,"timestamp":1614363948,"path_taken":["M","?","?","?","?","E","R","E","T","?","?","$","R","$","R","BOSS","M","$","M","?","?","E","M","M"],"items_purchased_type":["Relic","Card","Card","Card"],"build_version":"2020-12-22","purchased_purges":0,"victory":false,"max_hp_per_floor":[72,72,72,77,77,77,77,77,77,77,77,77,77,77,77,77,77,77,77,77,77,77,77,77,77,77],"relic_stats":{"Peace Pipe":0,"Dream Catcher":1,"Shovel":0,"counters":[11,50],"Bird Faced Urn":[16],"obtain_stats":[{"Peace Pipe":9,"SlaversCollar":17,"Dream Catcher":6,"Shovel":23,"Bird Faced Urn":8,"Toolbox":12,"Philosopher\u0027s Stone":0,"GremlinMask":10,"PureWater":0},{"Peace Pipe":3,"SlaversCollar":5,"Dream Catcher":2,"Shovel":9,"Bird Faced Urn":3,"Toolbox":4,"Philosopher\u0027s Stone":0,"GremlinMask":3,"PureWater":0},{"Peace Pipe":13,"SlaversCollar":31,"Dream Catcher":6,"Shovel":46,"Bird Faced Urn":13,"Toolbox":16,"Philosopher\u0027s Stone":0,"GremlinMask":13,"PureWater":0}]},"card_choices":[{"not_picked":["Fasting2","CarveReality"],"picked":"Consecrate","floor":1},{"not_picked":["Weave","Alpha"],"picked":"Study","floor":6},{"not_picked":["Evaluate","FlurryOfBlows"],"picked":"Adaptation","floor":8},{"not_picked":["Adaptation","ClearTheMind"],"picked":"ThirdEye","floor":11},{"not_picked":["Worship","WheelKick"],"picked":"EmptyFist","floor":15},{"not_picked":["PathToVictory","Protect+1"],"picked":"SignatureMove","floor":18},{"not_picked":["Prostrate","Perseverance"],"picked":"Halt","floor":20},{"not_picked":["Consecrate","SashWhip+1"],"picked":"WheelKick+1","floor":22},{"not_picked":["SandsOfTime","MentalFortress"],"picked":"Prostrate+1","floor":23},{"not_picked":["FollowUp","JustLucky"],"picked":"InnerPeace","floor":24}],"player_experience":61015,"relics_obtained":[{"floor":6,"key":"Dream Catcher"},{"floor":8,"key":"Bird Faced Urn"},{"floor":9,"key":"Peace Pipe"},{"floor":23,"key":"Shovel"}],"event_choices":[{"cards_removed":["Defend_P"],"damage_healed":0,"gold_gain":0,"player_choice":"Card Removal","damage_taken":7,"max_hp_gain":0,"max_hp_loss":0,"event_name":"Golden Wing","floor":2,"gold_loss":0},{"damage_healed":0,"gold_gain":175,"player_choice":"AGREE","damage_taken":0,"max_hp_gain":0,"max_hp_loss":0,"event_name":"Liars Game","floor":3,"gold_loss":0,"cards_obtained":["Doubt"]},{"damage_healed":0,"gold_gain":0,"player_choice":"Donut","damage_taken":0,"max_hp_gain":5,"max_hp_loss":0,"event_name":"Big Fish","floor":4,"gold_loss":0},{"cards_removed":["Strike_P"],"damage_healed":0,"gold_gain":0,"player_choice":"Card Removal","damage_taken":0,"max_hp_gain":0,"max_hp_loss":0,"event_name":"The Cleric","floor":5,"gold_loss":50},{"damage_healed":0,"gold_gain":0,"player_choice":"Trade","damage_taken":0,"relics_obtained":["GremlinMask"],"max_hp_gain":0,"max_hp_loss":0,"event_name":"FaceTrader","floor":10,"gold_loss":0},{"cards_removed":["Doubt"],"damage_healed":0,"gold_gain":0,"player_choice":"Removed Curses","damage_taken":0,"max_hp_gain":0,"max_hp_loss":0,"event_name":"Fountain of Cleansing","floor":21,"gold_loss":0}],"is_beta":false,"boss_relics":[{"not_picked":["Velvet Choker","Fusion Hammer"],"picked":"SlaversCollar"}],"items_purged_floors":[],"is_endless":false,"potions_floor_spawned":[1,8,22,23],"killed_by":"Chosen and Byrds","ascension_level":1}}