{"host":"dbkc9h3etq50r1dq","time":1614361957,"event":{"mods":["100% Spire Juice","AchievementEnabler","BaseMod","Block Reminder","Colored Powertips","Curses Come First","Dark Map","Minty Spire (QoL Compilation)","Permanent Neow","Potion Indicator Mod","Random Character Button","Rare Cards Sparkle","StSLib","SuperFastMode","Weighted Paths"],"gold_per_floor":[114,130,130,29,48,48,48,48,48,48,61,61,95,110,110,211,211,230,230,250,0,20,20,52,52,52,52,81,94,110,110,110,205,205,225,225,275,0,20,20,20,52,75,75,95,125,125,145,145,145],"floor_reached":51,"language":"ZHS","playtime":2499,"items_purged":["Moonworks:Strike","Moonworks:Strike"],"score":964,"play_id":"2a765763-1bcc-4193-a91e-9684c7c7a0e6","local_time":"20210227015237","is_ascension_mode":true,"campfire_choices":[{"floor":6.0,"key":"REST"},{"data":"Moonworks:IndiscriminateFireSupport","floor":8.0,"key":"SMITH"},{"data":"Moonworks:SakisCookie","floor":10.0,"key":"SMITH"},{"data":"Moonworks:Ambush","floor":12.0,"key":"SMITH"},{"data":"Moonworks:AccelHyper","floor":15.0,"key":"SMITH"},{"data":"Moonworks:Encore","floor":23.0,"key":"SMITH"},{"data":"Moonworks:SakisCookie","floor":25.0,"key":"SMITH"},{"data":"Moonworks:CrystalBarrier","floor":27.0,"key":"SMITH"},{"floor":32.0,"key":"REST"},{"data":"Moonworks:ShieldCounter","floor":40,"key":"SMITH"},{"data":"Moonworks:LulusLuckyEgg","floor":44,"key":"SMITH"},{"data":"Moonworks:LulusLuckyEgg","floor":47,"key":"SMITH"},{"data":"Moonworks:NicePresent","floor":49,"key":"SMITH"}],"circlet_count":0,"master_deck":["Moonworks:Strike","Moonworks:Defend","Moonworks:Defend","Moonworks:Defend","Moonworks:Defend","Moonworks:Ambush+1","Moonworks:LongDistanceShot+1","Moonworks:Dash+1","Moonworks:Bloodlust","Moonworks:IndiscriminateFireSupport+1","Moonworks:SakisCookie+1","Moonworks:NicePresent+1","Moonworks:AccelHyper+1","Moonworks:Encore+1","Moonworks:SakisCookie+1","Moonworks:LulusLuckyEgg+1","Moonworks:CrystalBarrier+1","Moonworks:LulusLuckyEgg+1","Moonworks:ShieldCounter+1","Moonworks:UnpaidWork+1","Moonworks:TreasureThief+1","Moonworks:LulusLuckyEgg+1","Moonworks:IntelligenceOfficer"],"relics":["Moonworks:SBBomb","Moonworks:Homemark","The Courier","Letter Opener","Bag of Preparation","Oddly Smooth Stone","White Beast Statue","Question Card","Singing Bowl","Busted Crown","Gambling Chip","Strange Spoon","Gremlin Horn","Bronze Scales","Strawberry"],"acts_visited":["Exordium","TheCity","TheBeyond"],"potions_floor_usage":[35,35,42,50,50,50],"damage_taken":[{"damage":5.0,"enemies":"Small Slimes","floor":1.0,"turns":4.0},{"damage":14.0,"enemies":"Jaw Worm","floor":2.0,"turns":3.0},{"damage":8.0,"enemies":"2 Louse","floor":4.0,"turns":3.0},{"damage":4.0,"enemies":"Exordium Thugs","floor":5.0,"turns":1.0},{"damage":4.0,"enemies":"2 Fungi Beasts","floor":11.0,"turns":1.0},{"damage":4.0,"enemies":"Gremlin Nob","floor":13.0,"turns":1.0},{"damage":0.0,"enemies":"Large Slime","floor":14.0,"turns":2.0},{"damage":34.0,"enemies":"Slime Boss","floor":16.0,"turns":9.0},{"damage":14.0,"enemies":"Chosen","floor":18.0,"turns":2.0},{"damage":18.0,"enemies":"Shell Parasite","floor":20.0,"turns":3.0},{"damage":4.0,"enemies":"Centurion and Healer","floor":22.0,"turns":4.0},{"damage":33.0,"enemies":"Gremlin Leader","floor":24.0,"turns":6.0},{"damage":22.0,"enemies":"Slavers","floor":28.0,"turns":4.0},{"damage":0.0,"enemies":"Cultist and Chosen","floor":29.0,"turns":3.0},{"damage":24.0,"enemies":"Snecko","floor":30.0,"turns":6.0},{"damage":4.0,"enemies":"Champ","floor":33.0,"turns":6.0},{"damage":15,"enemies":"3 Shapes","floor":35,"turns":2},{"damage":12,"enemies":"Mind Bloom Boss Battle","floor":37,"turns":6},{"damage":0,"enemies":"Orb Walker","floor":39,"turns":2},{"damage":4,"enemies":"Giant Head","floor":42,"turns":6},{"damage":0,"enemies":"3 Darklings","floor":45,"turns":1},{"damage":0,"enemies":"Reptomancer","floor":46,"turns":4},{"damage":10,"enemies":"4 Shapes","floor":48,"turns":2},{"damage":4,"enemies":"Time Eater","floor":50,"turns":8}],"seed_played":"757020564896892604","potions_obtained":[{"floor":4.0,"key":"LiquidBronze"},{"floor":5.0,"key":"FearPotion"},{"floor":11.0,"key":"Weak Potion"},{"floor":16.0,"key":"EssenceOfSteel"},{"floor":18.0,"key":"Weak Potion"},{"floor":20.0,"key":"BlessingOfTheForge"},{"floor":24.0,"key":"Dexterity Potion"},{"floor":28.0,"key":"Swift Potion"},{"floor":29.0,"key":"Dexterity Potion"},{"floor":30.0,"key":"AttackPotion"},{"floor":33.0,"key":"Block Potion"},{"floor":35,"key":"Fruit Juice"},{"floor":37,"key":"SpeedPotion"},{"floor":39,"key":"FearPotion"},{"floor":42,"key":"Ancient Potion"},{"floor":45,"key":"FearPotion"},{"floor":46,"key":"Strength Potion"},{"floor":48,"key":"Weak Potion"}],"is_trial":false,"path_per_floor":["M","M","?","M","M","R","T","R","T","R","M","R","E","M","R","B",null,"M","?","M","$","M","R","E","R","T","R","E","M","M","?","R","B",null,"M","?","?","$","M","R","?","E","T","R","M","E","R","M","R","B",null],"character_chosen":"THE_STARBREAKER","items_purchased":["Oddly Smooth Stone","Strange Spoon"],"campfire_rested":2,"item_purchase_floors":[21,38],"current_hp_per_floor":[61,47,34,34,34,53,53,53,53,53,51,51,53,56,56,39,66,58,58,49,49,61,61,49,49,49,49,49,61,47,47,68,72,72,67,67,75,75,79,79,79,81,81,81,83,92,92,90,90,94],"gold":145,"neow_bonus":"TEN_PERCENT_HP_BONUS","is_daily":false,"chose_seed":false,"campfire_upgraded":11,"win_rate":0.0,"timestamp":1614361957,"path_taken":["M","M","?","M","M","R","?","R","T","R","M","R","E","M","R","BOSS","M","?","M","$","M","R","E","R","T","R","E","M","?","?","R","BOSS","M","?","?","$","M","R","?","E","T","R","?","E","R","M","R","BOSS"],"items_purchased_type":["Relic","Relic"],"build_version":"2020-12-22","purchased_purges":2,"victory":true,"max_hp_per_floor":[66,66,66,66,66,66,66,66,66,66,66,66,66,66,66,66,66,66,66,66,66,66,66,66,66,66,66,68,70,70,70,70,72,72,79,79,79,79,79,79,79,81,81,81,83,92,92,94,94,94],"card_choices":[{"not_picked":["Moonworks:IndiscriminateFireSupport","Moonworks:CloudOfSeagulls"],"picked":"Moonworks:Dash","floor":1.0},{"not_picked":["Moonworks:CloudOfSeagulls","Moonworks:UnluckyCharm"],"picked":"Moonworks:Bloodlust","floor":2.0},{"not_picked":["Moonworks:CloudOfSeagulls","Moonworks:BigMagnum"],"picked":"Moonworks:IndiscriminateFireSupport","floor":4.0},{"not_picked":["Moonworks:IndiscriminateFireSupport","Moonworks:TreasureThief"],"picked":"Moonworks:SakisCookie","floor":5.0},{"not_picked":["Moonworks:Heat300Percent","Moonworks:RocketCannon"],"picked":"Moonworks:NicePresent","floor":11.0},{"not_picked":["Moonworks:EvilSpyWorkPreparation","Moonworks:LuckyCharm"],"picked":"Moonworks:AccelHyper","floor":13.0},{"not_picked":["Moonworks:UnluckyCharm","Moonworks:BigMagnum","Moonworks:ReproductionOfRecords"],"picked":"SKIP","floor":14.0},{"not_picked":["Moonworks:LeapThroughSpace","Moonworks:WeAreWaruda"],"picked":"Moonworks:Encore","floor":16.0},{"not_picked":["Moonworks:BigMagnum","Moonworks:TacticalRetreat"],"picked":"Moonworks:SakisCookie","floor":18.0},{"not_picked":["Moonworks:DeployBits","Moonworks:TreasureThief+1"],"picked":"Moonworks:LulusLuckyEgg","floor":20.0},{"not_picked":["Moonworks:Assault","Moonworks:Dinner","Moonworks:AwakeningOfTalent"],"picked":"SKIP","floor":22.0},{"not_picked":["Moonworks:JonathanRush+1","Moonworks:RagingMadness"],"picked":"Moonworks:ShieldCounter","floor":24.0},{"not_picked":["Moonworks:RedAndBlue","Moonworks:RagingMadness+1","Moonworks:Assault","Moonworks:IndiscriminateFireSupport"],"picked":"Singing Bowl","floor":28.0},{"not_picked":["Moonworks:TreasureThief","Moonworks:DevilHand","Moonworks:JonathanRush","Moonworks:Heat300Percent"],"picked":"Singing Bowl","floor":29.0},{"not_picked":["Moonworks:StiffCrystal","Moonworks:EvilSpyWorkPreparation","Moonworks:LulusLuckyEgg"],"picked":"Moonworks:UnpaidWork+1","floor":30.0},{"not_picked":["Moonworks:OutOfAmmo","Moonworks:Blazing","Moonworks:StarBlastingFuse","Moonworks:SinkOrSwim"],"picked":"Singing Bowl","floor":33.0},{"not_picked":["Moonworks:RagingMadness+1","Moonworks:ScrambledEve"],"picked":"Singing Bowl","floor":35},{"not_picked":["Moonworks:MiracleRedBeanIceCream"],"picked":"Moonworks:TreasureThief+1","floor":37},{"not_picked":["Moonworks:IndiscriminateFireSupport"],"picked":"Moonworks:LulusLuckyEgg+1","floor":39},{"not_picked":["Moonworks:Assault","Moonworks:EvilSpyWorkPreparation+1"],"picked":"Singing Bowl","floor":42},{"not_picked":["Moonworks:MixPhenomenon+1","Moonworks:CloudOfSeagulls"],"picked":"Singing Bowl","floor":45},{"not_picked":["Moonworks:MiracleRedBeanIceCream+1","Moonworks:ImmovableObject+1"],"picked":"Singing Bowl","floor":46},{"not_picked":["Moonworks:TreasureThief","Moonworks:LulusLuckyEgg+1"],"picked":"Singing Bowl","floor":48}],"player_experience":198905,"relics_obtained":[{"floor":7.0,"key":"The Courier"},{"floor":9.0,"key":"Letter Opener"},{"floor":13.0,"key":"Bag of Preparation"},{"floor":24.0,"key":"White Beast Statue"},{"floor":26.0,"key":"Question Card"},{"floor":28.0,"key":"Singing Bowl"},{"floor":37,"key":"Gambling Chip"},{"floor":42,"key":"Gremlin Horn"},{"floor":43,"key":"Bronze Scales"},{"floor":46,"key":"Strawberry"}],"event_choices":[{"damage_healed":0.0,"max_hp_gain":0.0,"max_hp_loss":0.0,"gold_gain":0.0,"event_name":"Shining Light","player_choice":"Entered Light","floor":3.0,"gold_loss":0.0,"damage_taken":13.0,"cards_upgraded":["Moonworks:Dash","Moonworks:LongDistanceShot"]},{"damage_healed":0.0,"max_hp_gain":0.0,"max_hp_loss":0.0,"gold_gain":0.0,"event_name":"Match and Keep!","player_choice":"2 cards matched","floor":19.0,"gold_loss":0.0,"damage_taken":0.0,"cards_obtained":["Moonworks:LulusLuckyEgg","Moonworks:CrystalBarrier"]},{"damage_healed":0.0,"max_hp_gain":0.0,"max_hp_loss":0.0,"gold_gain":0.0,"event_name":"Vampires","player_choice":"Ignored","floor":31.0,"gold_loss":0.0,"damage_taken":0.0},{"damage_healed":0,"gold_gain":0,"player_choice":"Ignored","damage_taken":0,"max_hp_gain":0,"max_hp_loss":0,"event_name":"Tomb of Lord Red Mask","floor":36,"gold_loss":0},{"damage_healed":0,"gold_gain":0,"player_choice":"Fight","damage_taken":0,"max_hp_gain":0,"max_hp_loss":0,"event_name":"MindBloom","floor":37,"gold_loss":0},{"damage_healed":0,"gold_gain":0,"cards_transformed":["Moonworks:Strike"],"player_choice":"Transformed","damage_taken":0,"max_hp_gain":0,"max_hp_loss":0,"event_name":"Transmorgrifier","floor":41,"gold_loss":0,"cards_obtained":["Moonworks:IntelligenceOfficer"]}],"is_beta":false,"boss_relics":[{"not_picked":["Tiny House","Astrolabe"],"picked":"Moonworks:SBBomb"},{"not_picked":["Cursed Key","Sozu"],"picked":"Busted Crown"}],"items_purged_floors":[21,38],"is_endless":false,"potions_floor_spawned":[4,5,11,13,16,18,20,24,28,29,30,33,35,37,39,42,45,46,48],"ascension_level":4}}