{"host":"okln270zkafj6dck","time":1614383974,"event":{"mods":["BaseMod","Minty Spire (QoL Compilation)","Permanent Neow","Quick Restart","Relic Stats","StSLib","SuperFastMode","UnlockEverythingMod"],"gold_per_floor":[119,65,85,95,114,114,142,142,142,142,156,185,110,110,110,110,110],"floor_reached":16,"language":"ENG","playtime":906,"items_purged":["Strike_G"],"score":220,"play_id":"9384b19d-98e2-49ea-9f0f-2c1c5b49b383","local_time":"20210226155934","is_ascension_mode":true,"campfire_choices":[{"floor":6.0,"key":"REST"},{"data":"Dagger Spray","floor":10,"key":"SMITH"},{"floor":15,"key":"REST"}],"circlet_count":0,"master_deck":["AscendersBane","Strike_G","Strike_G","Strike_G","Strike_G","Defend_G","Defend_G","Defend_G","Defend_G","Defend_G","Survivor","Neutralize","Adrenaline","Quick Slash","Dagger Throw","Blade Dance","Dagger Spray+1","Adrenaline"],"relics":["Ring of the Snake","Mummified Hand","Bottled Flame","Golden Idol"],"acts_visited":["Exordium"],"potions_floor_usage":[7,12,12],"damage_taken":[{"damage":0.0,"enemies":"Jaw Worm","floor":1.0,"turns":5.0},{"damage":6.0,"enemies":"Small Slimes","floor":3.0,"turns":4.0},{"damage":1.0,"enemies":"2 Louse","floor":4.0,"turns":3.0},{"damage":0.0,"enemies":"Looter","floor":5.0,"turns":4.0},{"damage":15,"enemies":"Lagavulin","floor":7,"turns":5},{"damage":1,"enemies":"Exordium Thugs","floor":11,"turns":4},{"damage":12,"enemies":"3 Sentries","floor":12,"turns":7},{"damage":60,"enemies":"Hexaghost","floor":16,"turns":11}],"seed_played":"8377541274960447403","potions_obtained":[{"floor":3.0,"key":"Explosive Potion"},{"floor":7,"key":"Block Potion"}],"is_trial":false,"path_per_floor":["M","$","M","M","M","R","E","?","T","R","M","E","$","?","R","B"],"character_chosen":"THE_SILENT","items_purchased":["FearPotion"],"campfire_rested":2,"item_purchase_floors":[2],"current_hp_per_floor":[44,44,38,37,37,56,41,46,46,46,45,33,33,33,52,0,0],"gold":110,"neow_bonus":"THREE_RARE_CARDS","is_daily":false,"chose_seed":false,"campfire_upgraded":1,"win_rate":0.0,"timestamp":1614383974,"path_taken":["M","$","M","M","M","R","E","?","T","R","M","E","$","?","R","BOSS"],"items_purchased_type":["Potion"],"build_version":"2020-12-22","purchased_purges":1,"victory":false,"max_hp_per_floor":[66,66,66,66,66,66,66,71,71,71,71,71,71,64,64,64,64],"relic_stats":{"counters":[8,43],"Mummified Hand":[0],"Golden Idol":0,"obtain_stats":[{"Bottled Flame":12,"Mummified Hand":7,"Golden Idol":14,"Ring of the Snake":0},{"Bottled Flame":7,"Mummified Hand":5,"Golden Idol":7,"Ring of the Snake":0},{"Bottled Flame":32,"Mummified Hand":21,"Golden Idol":32,"Ring of the Snake":0}],"Ring of the Snake":[16]},"card_choices":[{"not_picked":["Malaise","Tools of the Trade"],"picked":"Adrenaline","floor":0.0},{"not_picked":["Dodge and Roll","Acrobatics"],"picked":"Quick Slash","floor":1.0},{"not_picked":["Deflect","Slice"],"picked":"Dagger Throw","floor":3.0},{"not_picked":["Dodge and Roll","Flying Knee"],"picked":"Blade Dance","floor":4.0},{"not_picked":["Expertise","Underhanded Strike"],"picked":"Dagger Spray","floor":5.0},{"not_picked":["Tactician","Underhanded Strike"],"picked":"Adrenaline","floor":7},{"not_picked":["Outmaneuver","Bane","Heel Hook"],"picked":"SKIP","floor":11},{"not_picked":["Dagger Spray","Phantasmal Killer","Poisoned Stab"],"picked":"SKIP","floor":12}],"player_experience":67209,"relics_obtained":[{"floor":7,"key":"Mummified Hand"},{"floor":12,"key":"Bottled Flame"}],"event_choices":[{"damage_healed":0,"gold_gain":0,"player_choice":"Donut","damage_taken":0,"max_hp_gain":5,"max_hp_loss":0,"event_name":"Big Fish","floor":8,"gold_loss":0},{"damage_healed":0,"gold_gain":0,"player_choice":"Lose Max HP","damage_taken":0,"relics_obtained":["Golden Idol"],"max_hp_gain":0,"max_hp_loss":7,"event_name":"Golden Idol","floor":14,"gold_loss":0}],"is_beta":false,"boss_relics":[],"items_purged_floors":[13],"is_endless":false,"potions_floor_spawned":[3,5,7],"killed_by":"Hexaghost","ascension_level":20}}