{"host":"en4narc5947t7k9n","time":1614350076,"event":{"mods":["AchievementEnabler","BaseMod","Colored Map","Minty Spire (QoL Compilation)","SuperFastMode"],"gold_per_floor":[109,17,33,47,60,94,94,94,118,144,144,172,189,206,206,307,307,327,0,0,0,15,15,46,61,61,75,75,93,8,8,8,103,103,117,171,171,182,198,198,212,212,287,318,335,170,170,183,183,183,183],"floor_reached":50,"language":"KOR","playtime":2660,"items_purged":["Strike_R"],"score":539,"play_id":"33ace78d-2357-42a5-acbe-6c9b694b2cb7","local_time":"20210226233436","is_ascension_mode":false,"campfire_choices":[{"data":"Infernal Blade","floor":8,"key":"SMITH"},{"data":"Bandage Up","floor":11,"key":"SMITH"},{"data":"Flame Barrier","floor":15,"key":"SMITH"},{"data":"Limit Break","floor":23,"key":"SMITH"},{"floor":32,"key":"RECALL"},{"data":"Fiend Fire","floor":40,"key":"SMITH"},{"data":"Exhume","floor":42,"key":"SMITH"},{"data":"Limit Break","floor":49,"key":"SMITH"}],"circlet_count":0,"master_deck":["Strike_R","Strike_R","Strike_R","Defend_R","Defend_R","Defend_R","Defend_R","Bash","Inflame","Bandage Up+1","Thunderclap","Dual Wield","Infernal Blade+1","Spot Weakness","Battle Trance","Immolate+1","Flex","Flame Barrier+1","Limit Break+1","Rage","Shockwave","Anger","Clash+1","Intimidate","Impervious","Armaments+1","Fiend Fire+1","Bandage Up+1","Intimidate+1","Cleave+1","Exhume+1","Anger+1","Carnage+1","Panacea","Limit Break+1","Parasite","Whirlwind+1","Blood for Blood+1"],"relics":["Black Blood","Potion Belt","Centennial Puzzle","Orichalcum","Vajra","Runic Cube","Meat on the Bone","MutagenicStrength","Singing Bowl","Matryoshka","Gambling Chip","Torii","Regal Pillow","Molten Egg 2","Du-Vu Doll"],"acts_visited":["Exordium","TheCity","TheBeyond"],"potions_floor_usage":[10,10,16,24,33,33,38,44,44,44],"damage_taken":[{"damage":7,"enemies":"2 Louse","floor":1,"turns":3},{"damage":12,"enemies":"Small Slimes","floor":3,"turns":4},{"damage":5,"enemies":"Cultist","floor":4,"turns":4},{"damage":15,"enemies":"3 Louse","floor":5,"turns":3},{"damage":38,"enemies":"Gremlin Nob","floor":6,"turns":4},{"damage":10,"enemies":"3 Sentries","floor":10,"turns":4},{"damage":25,"enemies":"Lagavulin","floor":12,"turns":5},{"damage":4,"enemies":"Looter","floor":13,"turns":2},{"damage":6,"enemies":"2 Fungi Beasts","floor":14,"turns":2},{"damage":30,"enemies":"The Guardian","floor":16,"turns":10},{"damage":30,"enemies":"3 Byrds","floor":18,"turns":4},{"damage":4,"enemies":"Spheric Guardian","floor":22,"turns":3},{"damage":28,"enemies":"Slavers","floor":24,"turns":3},{"damage":10,"enemies":"3 Cultists","floor":25,"turns":5},{"damage":31,"enemies":"Chosen and Byrds","floor":27,"turns":6},{"damage":24,"enemies":"Snake Plant","floor":29,"turns":6},{"damage":65,"enemies":"Collector","floor":33,"turns":8},{"damage":1,"enemies":"3 Darklings","floor":35,"turns":3},{"damage":64,"enemies":"2 Orb Walkers","floor":36,"turns":5},{"damage":17,"enemies":"Orb Walker","floor":38,"turns":5},{"damage":23,"enemies":"Writhing Mass","floor":39,"turns":5},{"damage":24,"enemies":"Sphere and 2 Shapes","floor":41,"turns":4},{"damage":91,"enemies":"Reptomancer","floor":44,"turns":7},{"damage":62,"enemies":"Transient","floor":45,"turns":5},{"damage":1,"enemies":"3 Darklings","floor":48,"turns":5},{"damage":69,"enemies":"Time Eater","floor":50,"turns":5}],"seed_played":"-6987091563664772797","potions_obtained":[{"floor":3,"key":"Block Potion"},{"floor":4,"key":"FairyPotion"},{"floor":6,"key":"SkillPotion"},{"floor":10,"key":"Swift Potion"},{"floor":12,"key":"Dexterity Potion"},{"floor":22,"key":"SteroidPotion"},{"floor":27,"key":"SkillPotion"},{"floor":29,"key":"SneckoOil"},{"floor":36,"key":"Regen Potion"},{"floor":39,"key":"SteroidPotion"},{"floor":41,"key":"EssenceOfSteel"}],"is_trial":false,"path_per_floor":["M","$","M","M","M","E","?","R","T","E","R","E","M","M","R","B",null,"M","$","?","$","M","R","E","M","T","M","?","M","?","?","R","B",null,"M","?","?","M","M","R","M","R","T","E","M","$","?","M","R","B"],"character_chosen":"IRONCLAD","items_purchased":["Bandage Up","Shockwave","Meat on the Bone","Panacea"],"campfire_rested":0,"item_purchase_floors":[2,19,19,46],"current_hp_per_floor":[79,79,77,78,73,45,38,38,38,38,38,25,33,33,33,15,80,62,62,62,62,70,70,54,56,56,49,49,49,49,75,75,33,80,82,44,44,65,66,66,66,66,66,49,29,29,29,58,58,0,0],"gold":183,"neow_bonus":"RANDOM_COMMON_RELIC","is_daily":false,"chose_seed":false,"campfire_upgraded":7,"win_rate":0.0,"timestamp":1614350076,"path_taken":["M","$","M","M","M","E","?","R","T","E","R","E","M","M","R","BOSS","M","$","?","$","M","R","E","M","T","M","?","?","?","?","R","BOSS","M","?","?","M","?","R","M","R","T","E","M","$","?","?","R","BOSS"],"items_purchased_type":["Card","Card","Relic","Card"],"build_version":"2020-12-22","purchased_purges":1,"victory":false,"max_hp_per_floor":[80,80,80,80,80,80,80,80,80,80,80,80,80,80,80,80,80,80,80,80,80,80,80,80,80,80,80,80,80,80,80,80,80,80,82,84,84,84,84,84,84,84,84,84,84,84,84,84,84,84,84],"card_choices":[{"not_picked":["Twin Strike","Pommel Strike"],"picked":"Inflame","floor":1},{"not_picked":["Dual Wield","Cleave"],"picked":"Thunderclap","floor":3},{"not_picked":["Feel No Pain","Twin Strike"],"picked":"Dual Wield","floor":4},{"not_picked":["True Grit","Fire Breathing"],"picked":"Infernal Blade","floor":5},{"not_picked":["Pommel Strike","Rupture"],"picked":"Spot Weakness","floor":6},{"not_picked":["Body Slam","True Grit"],"picked":"Battle Trance","floor":10},{"not_picked":["Hemokinesis","Blood for Blood"],"picked":"Immolate","floor":12},{"not_picked":["Body Slam","Iron Wave"],"picked":"Flex","floor":13},{"not_picked":["Iron Wave","Wild Strike"],"picked":"Flame Barrier","floor":14},{"not_picked":["Immolate","Feed"],"picked":"Limit Break","floor":16},{"not_picked":["Flex","Pommel Strike"],"picked":"Rage","floor":18},{"not_picked":["Warcry","Wild Strike"],"picked":"Anger","floor":22},{"not_picked":["Sword Boomerang","Intimidate"],"picked":"Clash+1","floor":24},{"not_picked":["Entrench","Sword Boomerang"],"picked":"Intimidate","floor":25},{"not_picked":["Headbutt","Entrench"],"picked":"Impervious","floor":27},{"not_picked":["Sentinel+1","Clash+1"],"picked":"Armaments+1","floor":29},{"not_picked":["Impervious","Immolate"],"picked":"Fiend Fire","floor":33},{"not_picked":["Clash+1","Perfected Strike+1","Searing Blow"],"picked":"Singing Bowl","floor":35},{"not_picked":["Headbutt","Clothesline+1","Sword Boomerang"],"picked":"Singing Bowl","floor":36},{"not_picked":["Rampage+1","Flex"],"picked":"Intimidate+1","floor":38},{"not_picked":["Flex","Sword Boomerang+1"],"picked":"Cleave+1","floor":39},{"not_picked":["Clash","Pommel Strike"],"picked":"Exhume","floor":41},{"not_picked":["Sword Boomerang+1","Perfected Strike+1"],"picked":"Anger+1","floor":44},{"not_picked":["Cleave+1","Twin Strike+1"],"picked":"Carnage+1","floor":45},{"not_picked":["Twin Strike+1","Sentinel+1"],"picked":"Blood for Blood+1","floor":48}],"player_experience":231547,"relics_obtained":[{"floor":6,"key":"Centennial Puzzle"},{"floor":10,"key":"Orichalcum"},{"floor":12,"key":"Vajra"},{"floor":24,"key":"Singing Bowl"},{"floor":26,"key":"Matryoshka"},{"floor":36,"key":"Torii"},{"floor":43,"key":"Regal Pillow"},{"floor":43,"key":"Molten Egg 2"},{"floor":44,"key":"Du-Vu Doll"}],"event_choices":[{"cards_removed":["Strike_R"],"damage_healed":0,"gold_gain":0,"player_choice":"Card Removal","damage_taken":7,"max_hp_gain":0,"max_hp_loss":0,"event_name":"Golden Wing","floor":7,"gold_loss":0},{"damage_healed":0,"gold_gain":0,"player_choice":"Inject Mutagens","damage_taken":0,"relics_obtained":["MutagenicStrength"],"max_hp_gain":0,"max_hp_loss":0,"event_name":"Drug Dealer","floor":20,"gold_loss":0},{"damage_healed":0,"gold_gain":0,"player_choice":"Upgraded","damage_taken":0,"max_hp_gain":0,"max_hp_loss":0,"event_name":"Upgrade Shrine","floor":28,"gold_loss":0,"cards_upgraded":["Immolate"]},{"damage_healed":0,"gold_gain":0,"player_choice":"Obtained Relic","damage_taken":0,"relics_obtained":["Gambling Chip"],"max_hp_gain":0,"max_hp_loss":0,"event_name":"Addict","floor":30,"gold_loss":85},{"damage_healed":26,"gold_gain":0,"player_choice":"Heal","damage_taken":0,"max_hp_gain":0,"max_hp_loss":0,"event_name":"The Library","floor":31,"gold_loss":0},{"damage_healed":0,"gold_gain":0,"player_choice":"Fight","damage_taken":0,"max_hp_gain":0,"max_hp_loss":0,"event_name":"Mysterious Sphere","floor":36,"gold_loss":0},{"damage_healed":0,"gold_gain":0,"player_choice":"Copied","damage_taken":0,"max_hp_gain":0,"max_hp_loss":0,"event_name":"Duplicator","floor":37,"gold_loss":0,"cards_obtained":["Bandage Up"]},{"damage_healed":0,"gold_gain":0,"player_choice":"3 cards matched","damage_taken":0,"max_hp_gain":0,"max_hp_loss":0,"event_name":"Match and Keep!","floor":47,"gold_loss":0,"cards_obtained":["Limit Break","Parasite","Whirlwind"]}],"is_beta":false,"boss_relics":[{"not_picked":["Ectoplasm","Mark of Pain"],"picked":"Runic Cube"},{"not_picked":["Pandora\u0027s Box","Velvet Choker"],"picked":"Black Blood"}],"items_purged_floors":[46],"is_endless":false,"potions_floor_spawned":[3,4,6,10,12,22,27,29,36,39,41],"killed_by":"Time Eater","ascension_level":0}}