{"host":"4amcrcg6ktw8dbzk","time":1614345588,"event":{"mods":["Act Like it!","BaseMod","Dota2Spire","Gensokyo","Minty Spire (QoL Compilation)","MostiFishMod","Spicy Shops","StSLib","Waifu the Spire"],"gold_per_floor":[117,117,47,47,47,77,88,88,113,147,162,179,179,195,195,272,272,285,285,300,300,315,343,343,375,402,402,402,418,432,39,39,118,118,435,435,360,377,377,608,608,635,635,635,679,394,435,0,0,0,300],"floor_reached":52,"language":"ZHS","playtime":2984,"items_purged":["Survivor"],"score":2723,"play_id":"6b4a1021-5cad-4113-b2f5-70d6b132d7d8","local_time":"20210226211948","is_ascension_mode":true,"campfire_choices":[{"data":"Calculated Gamble","floor":8.0,"key":"SMITH"},{"floor":15.0,"key":"REST"},{"data":"MostiFishMod:Neurotoxin","floor":27,"key":"SMITH"},{"data":"Catalyst","floor":32,"key":"SMITH"},{"data":"Concentrate","floor":49,"key":"SMITH"}],"circlet_count":0,"master_deck":["AscendersBane","Strike_G","Strike_G","Defend_G","Defend_G","Defend_G","Defend_G+1","Defend_G","Neutralize","Backflip+1","Riddle With Holes","Reflex","Calculated Gamble+1","Backflip","Acrobatics","Dodge and Roll","MostiFishMod:Neurotoxin+1","Prepared","MostiFishMod:InvigoratingSolution","Catalyst+1","Grand Finale","Concentrate+1","Gensokyo:MorningStar+1","Acrobatics","Escape Plan+1","Gensokyo:Shovel"],"relics":["Ring of the Snake","DaveBox","RhineSuit","SynthV:TestCard","Mango","Regal Pillow","Oddly Smooth Stone","Bronze Scales","OneHitWonderSystem","Bottled Tornado","Gensokyo:SongOfSouls","Bottled Flame","Dota2Spire:BladeMail","Civilization","OrangePellets","Black Star","Snake Skull","Dota2Spire:MagicBottle","CeramicFish","Dota2Spire:ShivaGuard","Mummified Hand","Omamori","StrikeDummy","Dream Catcher","Orichalcum","Paper Crane","Dota2Spire:MantaStyle","Eternal Feather","SynthV:MejaisSoulstealer","Dota2Spire:Vanguard"],"acts_visited":["Exordium","Gensokyo:Gensokyo","Gensokyo:Gensokyoer"],"potions_floor_usage":[],"damage_taken":[{"damage":0.0,"enemies":"Gensokyo:Python","floor":1.0,"turns":2.0},{"damage":2.0,"enemies":"Gensokyo:Cirno","floor":6.0,"turns":7.0},{"damage":0.0,"enemies":"Gensokyo:2_Kodama","floor":7.0,"turns":2.0},{"damage":0.0,"enemies":"Gensokyo:Mamizou","floor":10.0,"turns":7.0},{"damage":0.0,"enemies":"Gensokyo:Gryphon","floor":11.0,"turns":2.0},{"damage":3.0,"enemies":"Gensokyo:3_Kodama","floor":12.0,"turns":3.0},{"damage":0.0,"enemies":"Gensokyo:LivingMonolith","floor":14.0,"turns":2.0},{"damage":4.0,"enemies":"Gensokyo:Kokoro","floor":16.0,"turns":9.0},{"damage":0.0,"enemies":"Gensokyo:AngelMirror","floor":18.0,"turns":2.0},{"damage":0,"enemies":"Gensokyo:Chomper","floor":20,"turns":3},{"damage":0,"enemies":"Gensokyo:Monolith_and_Dog","floor":22,"turns":4},{"damage":0,"enemies":"Gensokyo:Tenshi","floor":23,"turns":4},{"damage":0,"enemies":"Gensokyo:Koishi","floor":25,"turns":4},{"damage":0,"enemies":"Gensokyo:Slime_Group","floor":29,"turns":2},{"damage":0,"enemies":"Gensokyo:Chomper_and_Gloop","floor":30,"turns":3},{"damage":0,"enemies":"Gensokyo:Eternal_Rivals","floor":33,"turns":7},{"damage":0,"enemies":"Gensokyo:3_Bats","floor":35,"turns":3},{"damage":0,"enemies":"Gensokyo:AncientGuardian","floor":38,"turns":3},{"damage":0,"enemies":"Gensokyo:AncientGuardian","floor":39,"turns":5},{"damage":0,"enemies":"Gensokyo:Marisa","floor":40,"turns":3},{"damage":0,"enemies":"Gensokyo:Doremy","floor":42,"turns":3},{"damage":0,"enemies":"Gensokyo:Marisa","floor":45,"turns":3},{"damage":0,"enemies":"Gensokyo:Kasen","floor":47,"turns":4},{"damage":0,"enemies":"Gensokyo:Shinki","floor":50,"turns":9},{"damage":0,"enemies":"Gensokyo:Scarlet_Devils","floor":51,"turns":7}],"seed_played":"-7597675423748467929","potions_obtained":[{"floor":1.0,"key":"Swift Potion"},{"floor":14.0,"key":"GhostInAJar"}],"is_trial":false,"path_per_floor":["M","?","?","?","$","E","M","R","T","E","M","M","?","M","R","B",null,"M","?","M","?","M","E","?","E","T","R","?","M","M","COS","R","B",null,"M","?","$","M","?","E","?","E","T","?","E","$","E","COS","R","B","B",null],"character_chosen":"THE_SILENT","items_purchased":["Paper Crane"],"campfire_rested":1,"item_purchase_floors":[46],"current_hp_per_floor":[65,65,65,61,61,59,59,59,59,59,59,56,35,35,75,71,1,1,1,1,1,1,1,1,1,1,1,1,1,1,1,1,3,1,6,1,1,6,1,6,1,6,1,1,6,1,6,1,1,6,6],"gold":300,"neow_bonus":"TEN_PERCENT_HP_BONUS","is_daily":false,"chose_seed":false,"campfire_upgraded":4,"win_rate":0.0,"timestamp":1614345588,"path_taken":["M","?","?","?","$","E","M","R","T","E","M","M","?","?","R","BOSS","M","?","M","?","?","E","?","E","T","R","?","M","M","COS","R","BOSS","M","?","$","M","?","E","?","E","T","?","E","?","E","COS","R","BOSS","BOSS"],"items_purchased_type":["Relic"],"build_version":"2020-12-22","purchased_purges":1,"victory":true,"max_hp_per_floor":[72,72,72,86,86,86,86,86,86,86,86,86,86,86,86,86,1,1,1,1,1,1,1,1,1,1,1,1,1,1,1,1,3,1,6,1,1,6,1,6,1,6,1,1,6,1,6,1,1,6,6],"card_choices":[{"not_picked":["Concentrate","Well Laid Plans"],"picked":"Poisoned Stab","floor":1.0},{"not_picked":["Sucker Punch","Eviscerate","Heel Hook","Deflect"],"picked":"Backflip","floor":2.0},{"not_picked":["Dagger Spray","MostiFishMod:PreservedThorns","Footwork","Flechettes"],"picked":"Riddle With Holes","floor":2.0},{"not_picked":["Deflect","MostiFishMod:PreservedThorns","Blade Dance","Crippling Poison"],"picked":"Reflex","floor":6.0},{"not_picked":["Quick Slash","Choke","Blade Dance","Backflip"],"picked":"Calculated Gamble","floor":7.0},{"not_picked":["MostiFishMod:GrandStart","Endless Agony","Poisoned Stab","Concentrate"],"picked":"Backflip","floor":10.0},{"not_picked":["Bane","Catalyst","Dagger Spray","Deadly Poison"],"picked":"Acrobatics","floor":11.0},{"not_picked":["Sucker Punch","Backflip","Riddle With Holes","Predator","Corpse Explosion"],"picked":"SKIP","floor":12.0},{"not_picked":["Backflip","Flying Knee","Deadly Poison","Skewer"],"picked":"Dodge and Roll","floor":14.0},{"not_picked":["Venomology","Wraith Form v2","Malaise","A Thousand Cuts"],"picked":"MostiFishMod:Neurotoxin","floor":16.0},{"not_picked":["Flying Knee","Deadly Poison+1","Riddle With Holes+1","Deflect"],"picked":"Prepared","floor":18.0},{"not_picked":["MostiFishMod:InvigoratingSolution","Dagger Throw","Dodge and Roll","Infinite Blades","Leg Sweep+1"],"picked":"SKIP","floor":20},{"not_picked":["Blade Dance","Slice","Poisoned Stab","Flying Knee","Backflip"],"picked":"SKIP","floor":22},{"not_picked":["MostiFishMod:ShivMaster","Sucker Punch","Predator","Backstab","Catalyst"],"picked":"SKIP","floor":23},{"not_picked":["MostiFishMod:ShivMaster","Sucker Punch","Predator","Backstab"],"picked":"Catalyst","floor":23},{"not_picked":["Poisoned Stab","Dagger Throw","Bane","Flying Knee","Heel Hook+1"],"picked":"SKIP","floor":25},{"not_picked":["Underhanded Strike","Slice","Sucker Punch","Prepared","Outmaneuver"],"picked":"SKIP","floor":29},{"not_picked":["All Out Attack+1","Deflect","Prepared","Flechettes","Terror"],"picked":"SKIP","floor":30},{"not_picked":["Corpse Explosion","Doppelganger","Envenom","MostiFishMod:LethalBlade"],"picked":"Grand Finale","floor":33},{"not_picked":["Underhanded Strike","Backflip","Dagger Throw","MostiFishMod:PerfectParry"],"picked":"Concentrate","floor":35},{"not_picked":["Blade Dance","Poisoned Stab+1","Quick Slash","All Out Attack","PiercingWail"],"picked":"SKIP","floor":38},{"not_picked":["Gensokyo:Dawn+1","Gensokyo:RainbowDanmaku+1"],"picked":"Gensokyo:MorningStar+1","floor":39},{"not_picked":["Quick Slash","Riddle With Holes","Dagger Throw","Noxious Fumes+1","Slice"],"picked":"SKIP","floor":40},{"not_picked":["Quick Slash","Riddle With Holes","Dagger Throw","Noxious Fumes+1","Slice"],"picked":"SKIP","floor":40},{"not_picked":["Blade Dance","Flying Knee","Expertise","Cloak And Dagger","MostiFishMod:FrostNova+1"],"picked":"SKIP","floor":42},{"not_picked":["All Out Attack+1","MostiFishMod:LethalBlade","Setup","Cloak And Dagger"],"picked":"Acrobatics","floor":45},{"not_picked":["MostiFishMod:PreservedThorns","Dodge and Roll+1","Slice","Poisoned Stab"],"picked":"Escape Plan+1","floor":47}],"player_experience":421812,"relics_obtained":[{"floor":1.0,"key":"SynthV:TestCard"},{"floor":6.0,"key":"Regal Pillow"},{"floor":9.0,"key":"Oddly Smooth Stone"},{"floor":10.0,"key":"Bronze Scales"},{"floor":23,"key":"Bottled Tornado"},{"floor":25,"key":"Bottled Flame"},{"floor":40,"key":"Dota2Spire:MagicBottle"},{"floor":40,"key":"CeramicFish"},{"floor":42,"key":"Mummified Hand"},{"floor":42,"key":"Omamori"},{"floor":43,"key":"StrikeDummy"},{"floor":45,"key":"Dream Catcher"},{"floor":45,"key":"Orichalcum"},{"floor":47,"key":"Dota2Spire:MantaStyle"},{"floor":47,"key":"Eternal Feather"}],"event_choices":[],"is_beta":false,"boss_relics":[{"not_picked":["PatriotShield","SlaversCollar"],"picked":"OneHitWonderSystem"},{"not_picked":["TimeKeys","JellyFishMachine"],"picked":"Black Star"}],"items_purged_floors":[37],"is_endless":false,"potions_floor_spawned":[1,14,16,18,23,33,38,40,42,45],"ascension_level":20}}