{"host":"mgjbkrm6zb65cm01","time":1614348907,"event":{"mods":["ATMod(°¢èªMod)","Ascension Reborn","Aspiration","BaseMod","Energized Spire","Highlight Path","Minty Spire (QoL Compilation)","Quick Restart","Relic Stats","Replay The Spire","StSLib","Td1madao Mod","noobMod"],"gold_per_floor":[111,126,142,152,166,166,199,217,244,244,244,254,179,179,250,349,349,361,381,396,413,328,362,362,362,386,386,417,417,417,417,417,512,562,578,122,122,140,154,184,184,25,25,44,60,77,77,93,93,93,93,93,22,56,56,56],"floor_reached":55,"language":"ZHS","playtime":3383,"items_purged":["Strike_R","Overencumbered","Strike_R+1"],"score":966,"play_id":"8e4a447b-875b-4ccb-a53f-47e3c33a8837","local_time":"20210226221507","is_ascension_mode":true,"campfire_choices":[{"data":"AT_KneejerkReflex","floor":6.0,"key":"SMITH"},{"floor":24.0,"key":"REST"},{"data":"Barricade","floor":27.0,"key":"SMITH"},{"data":"Entrench","floor":29.0,"key":"SMITH"},{"floor":32.0,"key":"REST"},{"data":"Armaments","floor":41.0,"key":"SMITH"},{"floor":47.0,"key":"RECALL"},{"data":"Entrench","floor":52,"key":"SMITH"}],"circlet_count":0,"master_deck":["Defend_R+1","Defend_R+1","Defend_R+1","Defend_R+1","AT_KneejerkReflex+1","AT_BodySlamDance","AT_BodySlamDance","Thunderclap+1","Offering","Rage","Cleave","Neutralize","Entrench+1","Armaments+1","Barricade+1","Immolate+1","Cleave+1","Sword Boomerang+1","AT_BodySlamDance","Berserk+1","Combust","Entrench+1","Headbutt+1","Armaments+1","Double Tap","True Grit+1","Evolve","Pummel","Bloodletting+1"],"relics":["Burning Blood","ice","AT_ATBox","NeowsBlessing","Replay:Mystery Machine","Empty Cage","Pet Ghost","Replay:PocketPolymizer","AT_ArcaneBoots","Counterbalance","Mango","Tiny House","Bottled Lightning","ReplayTheSpireMod:Ninjato","Replay:Wax Seal","Sundial"],"acts_visited":["Exordium","TheCity","TheBeyond","TheEnding"],"potions_floor_usage":[55],"damage_taken":[{"damage":0.0,"enemies":"2 Louse","floor":1.0,"turns":1.0},{"damage":0.0,"enemies":"Jaw Worm","floor":2.0,"turns":1.0},{"damage":0.0,"enemies":"Small Slimes","floor":3.0,"turns":1.0},{"damage":19.0,"enemies":"Exordium Wildlife","floor":4.0,"turns":4.0},{"damage":11.0,"enemies":"3 Louse","floor":5.0,"turns":3.0},{"damage":21.0,"enemies":"Gremlin Nob","floor":7.0,"turns":4.0},{"damage":26.0,"enemies":"Exordium Thugs","floor":8.0,"turns":4.0},{"damage":0.0,"enemies":"Exordium Wildlife","floor":12.0,"turns":2.0},{"damage":26.0,"enemies":"Fading Forest","floor":16.0,"turns":11.0},{"damage":15.0,"enemies":"Chosen","floor":18.0,"turns":5.0},{"damage":22.0,"enemies":"2 Thieves","floor":19.0,"turns":4.0},{"damage":22.0,"enemies":"Snake Plant","floor":20.0,"turns":4.0},{"damage":6.0,"enemies":"Snecko","floor":21.0,"turns":4.0},{"damage":36.0,"enemies":"Slavers","floor":23.0,"turns":4.0},{"damage":24.0,"enemies":"Book of Stabbing","floor":28.0,"turns":5.0},{"damage":20.0,"enemies":"Pondfish","floor":33.0,"turns":6.0},{"damage":18.0,"enemies":"Orb Walker","floor":35.0,"turns":5.0},{"damage":55.0,"enemies":"3 Shapes","floor":38.0,"turns":4.0},{"damage":46.0,"enemies":"Transient","floor":39.0,"turns":5.0},{"damage":49.0,"enemies":"Nemesis","floor":40.0,"turns":7.0},{"damage":6.0,"enemies":"Jaw Worm Horde","floor":44.0,"turns":1.0},{"damage":22.0,"enemies":"Writhing Mass","floor":45.0,"turns":4.0},{"damage":24.0,"enemies":"Sphere and 2 Shapes","floor":46.0,"turns":4.0},{"damage":6.0,"enemies":"Jaw Worm Horde","floor":48.0,"turns":3.0},{"damage":46.0,"enemies":"Donu and Deca","floor":50.0,"turns":7.0},{"damage":38,"enemies":"Shield and Spear","floor":54,"turns":6},{"damage":93,"enemies":"The Heart","floor":55,"turns":9}],"seed_played":"2753133031269083050","potions_obtained":[{"floor":4.0,"key":"BloodPotion"},{"floor":5.0,"key":"Energy Potion"},{"floor":7.0,"key":"Fire Potion"},{"floor":16.0,"key":"Weak Potion"},{"floor":18.0,"key":"Fire Potion"},{"floor":20.0,"key":"GamblersBrew"},{"floor":21.0,"key":"FearPotion"},{"floor":28.0,"key":"SteroidPotion"},{"floor":34.0,"key":"Weak Potion"},{"floor":35.0,"key":"FearPotion"},{"floor":40.0,"key":"ElixirPotion"},{"floor":45.0,"key":"Strength Potion"}],"is_trial":false,"path_per_floor":["M","M","M","M","M","R","E","M","T","?","?","M","$","?","R","B",null,"M","M","M","M","?","E","R","?","T","R","E","R","?","?","R","B",null,"M","$","?","M","M","E","R","$","T","M","M","M","R","M","R","B",null,"R","$","E","B"],"character_chosen":"IRONCLAD","items_purchased":["Bottled Lightning","AT_BodySlamDance","Flex","Headbutt+1","Ancient Potion"],"campfire_rested":2,"item_purchase_floors":[36,36,36,42,53],"current_hp_per_floor":[80,80,80,67,62,62,63,43,43,43,27,33,33,33,33,23,80,71,55,39,39,39,9,33,33,33,33,15,15,15,29,57,43,99,87,87,109,60,20,74,74,74,74,74,58,40,40,40,77,37,125,125,125,93,0,0],"gold":56,"neow_bonus":"THREE_ENEMY_KILL","is_daily":false,"chose_seed":false,"campfire_upgraded":5,"win_rate":0.0,"timestamp":1614348907,"path_taken":["M","M","M","M","M","R","E","M","T","?","?","M","$","?","R","BOSS","M","M","M","M","?","E","R","?","T","R","E","R","?","?","R","BOSS","M","$","?","M","M","E","R","?","T","M","M","M","R","M","R","BOSS","R","$","E","BOSS"],"items_purchased_type":["Relic","Card","Card","Card","Potion"],"build_version":"2020-12-22","purchased_purges":3,"victory":false,"max_hp_per_floor":[80,80,80,80,80,80,80,80,80,80,80,80,80,80,80,80,80,80,80,80,80,80,80,80,80,80,80,80,80,80,94,94,94,99,99,99,109,109,109,116,116,116,116,116,121,125,125,125,125,125,125,125,125,125,125,125],"relic_stats":{"counters":[27,118],"Sundial":[2],"obtain_stats":[{"AT_ATBox":0,"Replay:PocketPolymizer":23,"Tiny House":34,"ReplayTheSpireMod:Ninjato":40,"NeowsBlessing":0,"Counterbalance":28,"Mango":31,"AT_ArcaneBoots":40,"ice":0,"Replay:Mystery Machine":7,"Empty Cage":17,"Burning Blood":0,"Pet Ghost":22,"AT_SpeedBoots":26,"Sundial":54,"Bottled Lightning":36,"Replay:Wax Seal":43},{"AT_ATBox":0,"Replay:PocketPolymizer":14,"Tiny House":16,"ReplayTheSpireMod:Ninjato":20,"NeowsBlessing":0,"Counterbalance":15,"Mango":15,"AT_ArcaneBoots":20,"ice":0,"Replay:Mystery Machine":6,"Empty Cage":9,"Burning Blood":0,"Pet Ghost":13,"AT_SpeedBoots":14,"Sundial":26,"Bottled Lightning":17,"Replay:Wax Seal":20},{"AT_ATBox":0,"Replay:PocketPolymizer":52,"Tiny House":63,"ReplayTheSpireMod:Ninjato":84,"NeowsBlessing":0,"Counterbalance":57,"Mango":57,"AT_ArcaneBoots":78,"ice":0,"Replay:Mystery Machine":14,"Empty Cage":31,"Burning Blood":0,"Pet Ghost":48,"AT_SpeedBoots":52,"Sundial":109,"Bottled Lightning":68,"Replay:Wax Seal":84}],"Burning Blood":138},"card_choices":[{"not_picked":["Body Slam","Run Through"],"picked":"AT_BodySlamDance","floor":1.0},{"not_picked":["Clothesline","Body Slam"],"picked":"AT_BodySlamDance","floor":2.0},{"not_picked":["Run Through","Twin Strike"],"picked":"Burning Pact","floor":3.0},{"not_picked":["Dark Embrace","Carnage"],"picked":"Thunderclap","floor":4.0},{"not_picked":["Carnage","Sword Boomerang"],"picked":"True Grit","floor":5.0},{"not_picked":["AT_ManFootWork","Shrug It Off"],"picked":"Offering","floor":7.0},{"not_picked":["Iron Wave","Second Wind"],"picked":"Rage","floor":8.0},{"not_picked":["Iron Wave","Evolve"],"picked":"Cleave","floor":12.0},{"not_picked":["Fiend Fire","Bludgeon"],"picked":"Brutality","floor":16.0},{"not_picked":["Rage+1","Havoc"],"picked":"Entrench","floor":18.0},{"not_picked":["Flex","Reckless Charge","ReplayTheSpireMod:Strike From Hell"],"picked":"SKIP","floor":19.0},{"not_picked":["Carnage","Fire Breathing"],"picked":"Armaments","floor":20.0},{"not_picked":["Wild Strike+1","Clash","Pommel Strike"],"picked":"SKIP","floor":21.0},{"not_picked":["Armaments+1","Havoc"],"picked":"Barricade","floor":23.0},{"not_picked":["Perfected Strike","Sword Boomerang","Havoc"],"picked":"SKIP","floor":28.0},{"not_picked":["Offering","Feed"],"picked":"Immolate","floor":33.0},{"not_picked":["Thunderclap","Pommel Strike"],"picked":"Cleave+1","floor":34.0},{"not_picked":["Flex","Spot Weakness+1"],"picked":"Sword Boomerang+1","floor":35.0},{"not_picked":["Body Slam","Second Wind+1"],"picked":"Berserk","floor":38.0},{"not_picked":["AT_BodySlamDance","Havoc"],"picked":"Combust","floor":39.0},{"not_picked":["Evolve","Fire Breathing","Reckless Charge+1"],"picked":"SKIP","floor":40.0},{"not_picked":["Clash+1","Burning Pact","AT_DrawKnifeCut"],"picked":"SKIP","floor":44.0},{"not_picked":["Clothesline","Abandon+1"],"picked":"Armaments+1","floor":45.0},{"not_picked":["True Grit+1","Body Slam","Warcry"],"picked":"SKIP","floor":46.0},{"not_picked":["Twin Strike","Cleave+1"],"picked":"True Grit+1","floor":48.0},{"not_picked":["Sword Boomerang","Headbutt+1"],"picked":"Bloodletting+1","floor":54}],"player_experience":181025,"relics_obtained":[{"floor":7.0,"key":"Replay:Mystery Machine"},{"floor":23.0,"key":"Replay:PocketPolymizer"},{"floor":26.0,"key":"AT_SpeedBoots"},{"floor":28.0,"key":"Counterbalance"},{"floor":40.0,"key":"ReplayTheSpireMod:Ninjato"},{"floor":43.0,"key":"Replay:Wax Seal"},{"floor":54,"key":"Sundial"}],"event_choices":[{"damage_healed":0.0,"max_hp_gain":0.0,"max_hp_loss":0.0,"gold_gain":0.0,"event_name":"Shining Light","player_choice":"Entered Light","floor":11.0,"gold_loss":0.0,"damage_taken":16.0,"cards_upgraded":["Thunderclap","Strike_R"]},{"damage_healed":0.0,"max_hp_gain":0.0,"max_hp_loss":0.0,"gold_gain":0.0,"event_name":"Addict","player_choice":"Obtained Relic","floor":22.0,"gold_loss":85.0,"damage_taken":0.0,"relics_obtained":["Pet Ghost"]},{"damage_healed":0.0,"max_hp_gain":0.0,"max_hp_loss":0.0,"gold_gain":0.0,"event_name":"Back to Basics","player_choice":"Simplicity","floor":25.0,"gold_loss":0.0,"damage_taken":0.0,"cards_upgraded":["Defend_R","Defend_R","Defend_R","Defend_R"]},{"cards_removed":["Brutality"],"damage_healed":12.0,"max_hp_gain":10.0,"max_hp_loss":0.0,"gold_gain":0.0,"event_name":"Bonfire Elementals","player_choice":"Offered Rare","floor":37.0,"gold_loss":0.0,"damage_taken":0.0}],"is_beta":false,"boss_relics":[{"not_picked":["Snecko Eye","aspiration:WatcherSkillbook"],"picked":"Empty Cage"},{"not_picked":["Runic Cube","energizedSpire:TabascoSauce"],"picked":"Tiny House"}],"items_purged_floors":[13,36,42],"is_endless":false,"potions_floor_spawned":[4,5,7,16,18,20,21,28,35,40,44,45],"killed_by":"The Heart","ascension_level":0}}