{"host":"5ffrjkuvgrxgllwx","time":1614319327,"event":{"mods":["AchievementEnabler","BaseMod","Colored Map","Colored Powertips","Minty Spire (QoL Compilation)","Quick Restart","Rare Cards Sparkle","StSLib","everything is the same but u backflip on backflip"],"gold_per_floor":[118,118,133,3,3,35,45,45,45,73,73,84,96,116,116,116,116],"floor_reached":16,"language":"ENG","playtime":578,"items_purged":["Strike_P"],"score":253,"play_id":"4426cc38-e34a-4239-8949-45795f443cbc","local_time":"20210226010207","is_ascension_mode":true,"campfire_choices":[{"floor":15,"key":"REST"}],"circlet_count":0,"master_deck":["AscendersBane","Strike_P","Strike_P","Strike_P","Defend_P","Defend_P","Defend_P","Defend_P","Eruption","Vigilance","Wallop","Tantrum","DevaForm","Vault","FlurryOfBlows","CrushJoints","Protect","Omniscience","Study"],"relics":["PureWater","NeowsBlessing","Thread and Needle","Calipers","Sundial"],"acts_visited":["Exordium"],"potions_floor_usage":[10,10,12],"damage_taken":[{"damage":0,"enemies":"2 Louse","floor":1,"turns":2},{"damage":0,"enemies":"Cultist","floor":3,"turns":1},{"damage":0,"enemies":"Gremlin Nob","floor":6,"turns":1},{"damage":0,"enemies":"Jaw Worm","floor":7,"turns":2},{"damage":17,"enemies":"Lagavulin","floor":10,"turns":8},{"damage":7,"enemies":"Exordium Thugs","floor":12,"turns":4},{"damage":9,"enemies":"Exordium Wildlife","floor":13,"turns":3},{"damage":11,"enemies":"Lots of Slimes","floor":14,"turns":5},{"damage":45,"enemies":"The Guardian","floor":16,"turns":10}],"seed_played":"-1522163883054825796","potions_obtained":[{"floor":7,"key":"StancePotion"},{"floor":10,"key":"Fire Potion"}],"is_trial":false,"path_per_floor":["M","?","M","$","?","E","M","?","T","E","$","M","M","M","R","B"],"character_chosen":"WATCHER","items_purchased":["SkillPotion"],"campfire_rested":1,"item_purchase_floors":[4],"current_hp_per_floor":[61,66,66,66,66,66,66,66,66,49,49,42,33,22,43,0,0],"gold":116,"neow_bonus":"THREE_ENEMY_KILL","is_daily":false,"chose_seed":false,"campfire_upgraded":0,"win_rate":0.0,"timestamp":1614319327,"path_taken":["M","?","M","$","?","E","?","?","T","E","?","M","M","M","R","BOSS"],"items_purchased_type":["Potion"],"build_version":"2020-12-22","purchased_purges":1,"victory":false,"max_hp_per_floor":[68,73,73,73,73,73,73,73,73,73,73,73,73,73,73,73,73],"card_choices":[{"not_picked":["Crescendo","FlurryOfBlows"],"picked":"Wallop","floor":1},{"not_picked":["EmptyFist","SashWhip"],"picked":"Tantrum","floor":3},{"not_picked":["Pray","ThirdEye"],"picked":"Vault","floor":6},{"not_picked":["ClearTheMind","PathToVictory"],"picked":"FlurryOfBlows","floor":7},{"not_picked":["Tantrum","FlurryOfBlows"],"picked":"CrushJoints","floor":10},{"not_picked":["SashWhip","Evaluate"],"picked":"Protect","floor":12},{"not_picked":["ClearTheMind","Worship"],"picked":"Omniscience","floor":13},{"not_picked":["FollowUp","EmptyFist"],"picked":"Study","floor":14}],"player_experience":1415941,"relics_obtained":[{"floor":6,"key":"Thread and Needle"},{"floor":9,"key":"Calipers"},{"floor":10,"key":"Sundial"}],"event_choices":[{"damage_healed":0,"gold_gain":0,"player_choice":"Donut","damage_taken":0,"max_hp_gain":5,"max_hp_loss":0,"event_name":"Big Fish","floor":2,"gold_loss":0},{"damage_healed":0,"gold_gain":0,"player_choice":"2 cards matched","damage_taken":0,"max_hp_gain":0,"max_hp_loss":0,"event_name":"Match and Keep!","floor":5,"gold_loss":0,"cards_obtained":["DevaForm","Regret"]},{"cards_removed":["Regret"],"damage_healed":0,"gold_gain":0,"player_choice":"Purged","damage_taken":0,"max_hp_gain":0,"max_hp_loss":0,"event_name":"Purifier","floor":8,"gold_loss":0}],"is_beta":false,"boss_relics":[],"items_purged_floors":[4],"is_endless":false,"potions_floor_spawned":[7,10],"killed_by":"The Guardian","ascension_level":17}}