{"host":"i29s15dsg0c43zmx","time":1614342870,"event":{"mods":["AchievementEnabler","BaseMod","Colored Map","Minty Spire (QoL Compilation)","StSLib"],"gold_per_floor":[112,128,142,142,22,22,35,60,106,6,23,87,121,133,133,237,237,250,250,270,290,145,172,172,206,253,253,267,293,293,305,305,405,405,417,431,235,254,272,52,52,52],"floor_reached":41,"language":"ENG","playtime":1768,"items_purged":["Strike_B","Strike_B","Strike_B"],"score":513,"play_id":"00e6dcb8-5e8d-4aae-abd7-8a8be517ba8e","local_time":"20210226133430","is_ascension_mode":true,"campfire_choices":[{"data":"Zap","floor":6,"key":"SMITH"},{"data":"Scrape","floor":15,"key":"SMITH"},{"data":"Redo","floor":24,"key":"SMITH"},{"data":"Redo","floor":27,"key":"SMITH"},{"floor":32,"key":"REST"}],"circlet_count":0,"master_deck":["Strike_B","Defend_B","Defend_B","Defend_B","Defend_B","Zap+1","Dualcast","Cold Snap","Redo+1","Gash","Beam Cell","Scrape+1","Self Repair","Loop","Gash","Genetic Algorithm","All For One+1","Gash","Gash","Redo+1","Rebound","Gash","Zap","Rebound","Self Repair","Parasite","Go for the Eyes","White Noise"],"relics":["Cracked Core","NeowsBlessing","StrikeDummy","Ancient Tea Set","Toy Ornithopter","Letter Opener","Akabeko","Busted Crown","Orrery","Pocketwatch","Pen Nib","Centennial Puzzle","Shovel","Sozu","Lantern"],"acts_visited":["Exordium","TheCity","TheBeyond"],"potions_floor_usage":[13,16,23],"damage_taken":[{"damage":0,"enemies":"Cultist","floor":1,"turns":1},{"damage":0,"enemies":"Jaw Worm","floor":2,"turns":1},{"damage":0,"enemies":"Small Slimes","floor":3,"turns":1},{"damage":3,"enemies":"Red Slaver","floor":7,"turns":3},{"damage":17,"enemies":"Lagavulin","floor":8,"turns":5},{"damage":2,"enemies":"3 Louse","floor":11,"turns":2},{"damage":19,"enemies":"Gremlin Nob","floor":12,"turns":4},{"damage":23,"enemies":"Gremlin Nob","floor":13,"turns":6},{"damage":2,"enemies":"Gremlin Gang","floor":14,"turns":3},{"damage":26,"enemies":"The Guardian","floor":16,"turns":9},{"damage":28,"enemies":"3 Byrds","floor":18,"turns":4},{"damage":0,"enemies":"Chosen","floor":20,"turns":2},{"damage":3,"enemies":"Centurion and Healer","floor":21,"turns":2},{"damage":24,"enemies":"Slavers","floor":23,"turns":4},{"damage":14,"enemies":"Gremlin Leader","floor":25,"turns":5},{"damage":0,"enemies":"Snecko","floor":28,"turns":3},{"damage":16,"enemies":"Book of Stabbing","floor":29,"turns":3},{"damage":7,"enemies":"3 Cultists","floor":31,"turns":3},{"damage":25,"enemies":"Collector","floor":33,"turns":4},{"damage":12,"enemies":"3 Shapes","floor":35,"turns":3},{"damage":27,"enemies":"3 Darklings","floor":36,"turns":4},{"damage":15,"enemies":"Writhing Mass","floor":38,"turns":4},{"damage":22,"enemies":"Sphere and 2 Shapes","floor":39,"turns":4},{"damage":25,"enemies":"Transient","floor":41,"turns":5}],"seed_played":"-246348510629997496","potions_obtained":[{"floor":1,"key":"LiquidMemories"},{"floor":2,"key":"BlessingOfTheForge"},{"floor":3,"key":"DuplicationPotion"},{"floor":13,"key":"FocusPotion"},{"floor":14,"key":"SteroidPotion"},{"floor":20,"key":"Fire Potion"},{"floor":25,"key":"CultistPotion"}],"is_trial":false,"path_per_floor":["M","M","M","?","$","R","M","E","T","$","M","?","E","M","R","B",null,"M","?","M","M","$","E","R","E","T","R","M","E","?","M","R","B",null,"M","M","$","M","M","$","M"],"character_chosen":"DEFECT","items_purchased":["Beam Cell","Orrery","Self Repair","White Noise","Lantern"],"campfire_rested":1,"item_purchase_floors":[5,22,37,40,40],"current_hp_per_floor":[75,75,75,75,75,75,72,55,55,55,53,41,30,35,35,21,75,54,54,61,58,58,46,46,39,39,39,46,37,37,37,59,34,75,63,43,43,35,20,20,0,0],"gold":52,"neow_bonus":"THREE_ENEMY_KILL","is_daily":false,"chose_seed":false,"campfire_upgraded":4,"win_rate":0.0,"timestamp":1614342870,"path_taken":["M","M","?","?","$","R","?","E","T","?","?","?","E","M","R","BOSS","M","?","?","M","$","E","R","E","T","R","M","E","?","M","R","BOSS","M","M","$","?","M","?","M"],"items_purchased_type":["Card","Relic","Card","Card","Relic"],"build_version":"2020-12-22","purchased_purges":3,"victory":false,"max_hp_per_floor":[75,75,75,75,75,75,75,75,75,75,75,75,75,75,75,75,75,75,75,75,75,75,75,75,75,75,75,75,75,75,75,75,75,75,75,75,75,75,75,75,75,75],"card_choices":[{"not_picked":["Aggregate","Doom and Gloom"],"picked":"Cold Snap","floor":1},{"not_picked":["Turbo","Ball Lightning"],"picked":"Redo","floor":2},{"not_picked":["Undo","Heatsinks"],"picked":"Gash","floor":3},{"not_picked":["Sweeping Beam","Stack","Coolheaded"],"picked":"SKIP","floor":7},{"not_picked":["Rip and Tear","Undo"],"picked":"Scrape","floor":8},{"not_picked":["Streamline","Thunder Strike"],"picked":"Self Repair","floor":11},{"not_picked":["Lockon","Leap"],"picked":"Loop","floor":12},{"not_picked":["Redo","Rebound"],"picked":"Gash","floor":13},{"not_picked":["Chill","Hologram"],"picked":"Genetic Algorithm","floor":14},{"not_picked":["Rainbow","Multi-Cast"],"picked":"All For One","floor":16},{"not_picked":["Redo"],"picked":"SKIP","floor":18},{"not_picked":[],"picked":"Gash","floor":20},{"not_picked":["Steam"],"picked":"SKIP","floor":21},{"not_picked":[],"picked":"Gash","floor":22},{"not_picked":[],"picked":"Redo","floor":22},{"not_picked":["Thunder Strike"],"picked":"SKIP","floor":23},{"not_picked":[],"picked":"Rebound","floor":25},{"not_picked":["Ball Lightning"],"picked":"SKIP","floor":28},{"not_picked":[],"picked":"Gash","floor":29},{"not_picked":["Steam+1"],"picked":"SKIP","floor":31},{"not_picked":[],"picked":"Rebound","floor":35},{"not_picked":["Coolheaded"],"picked":"SKIP","floor":36},{"not_picked":[],"picked":"Go for the Eyes","floor":38},{"not_picked":["Leap"],"picked":"SKIP","floor":39}],"player_experience":140638,"relics_obtained":[{"floor":8,"key":"Ancient Tea Set"},{"floor":9,"key":"Toy Ornithopter"},{"floor":12,"key":"Letter Opener"},{"floor":13,"key":"Akabeko"},{"floor":23,"key":"Pocketwatch"},{"floor":25,"key":"Pen Nib"},{"floor":26,"key":"Centennial Puzzle"},{"floor":29,"key":"Shovel"}],"event_choices":[{"damage_healed":0,"gold_gain":0,"player_choice":"Gave Potion","damage_taken":0,"relics_obtained":["StrikeDummy"],"max_hp_gain":0,"max_hp_loss":0,"event_name":"WeMeetAgain","floor":4,"gold_loss":0},{"damage_healed":0,"gold_gain":0,"player_choice":"Searched \u00271\u0027 times","damage_taken":0,"max_hp_gain":0,"max_hp_loss":0,"event_name":"Dead Adventurer","floor":12,"gold_loss":0},{"damage_healed":0,"gold_gain":0,"player_choice":"Upgraded","damage_taken":0,"max_hp_gain":0,"max_hp_loss":0,"event_name":"Upgrade Shrine","floor":19,"gold_loss":0,"cards_upgraded":["All For One"]},{"damage_healed":0,"gold_gain":0,"player_choice":"1 cards matched","damage_taken":0,"max_hp_gain":0,"max_hp_loss":0,"event_name":"Match and Keep!","floor":30,"gold_loss":0,"cards_obtained":["Zap"]}],"is_beta":false,"boss_relics":[{"not_picked":["SlaversCollar","Black Star"],"picked":"Busted Crown"},{"not_picked":["Coffee Dripper","Runic Dome"],"picked":"Sozu"}],"items_purged_floors":[5,10,37],"is_endless":false,"potions_floor_spawned":[1,2,3,13,14,20,25,29,36,38],"killed_by":"Transient","ascension_level":1}}