{"host":"bf5upntvbdompq33","time":1614304832,"event":{"mods":["BaseMod","Bestiary","Colored Map","Colored Powertips","Curses Come First","Highlight Path","Minty Spire (QoL Compilation)","StSLib","ojb\u0027s Info Mod"],"gold_per_floor":[116,133,143,293,109,140,152,185,185,185,185],"floor_reached":10,"language":"ENG","playtime":473,"items_purged":["Doubt"],"score":137,"play_id":"acd3d2da-1a1b-4fb2-8889-33da3c55c180","local_time":"20210225190032","is_ascension_mode":true,"campfire_choices":[],"circlet_count":0,"master_deck":["AscendersBane","Strike_R","Strike_R","Strike_R","Strike_R","Strike_R","Defend_R","Defend_R","Defend_R","Defend_R","Bash","Reckless Charge","Feel No Pain","Armaments","Fire Breathing","Seeing Red","Inflame","Havoc"],"relics":["Burning Blood","NeowsBlessing","Shovel","Mango","Darkstone Periapt"],"acts_visited":["Exordium"],"potions_floor_usage":[6,7,8],"damage_taken":[{"damage":0,"enemies":"Small Slimes","floor":1,"turns":1},{"damage":0,"enemies":"2 Louse","floor":2,"turns":1},{"damage":0,"enemies":"Cultist","floor":3,"turns":1},{"damage":53,"enemies":"Lagavulin","floor":6,"turns":11},{"damage":19,"enemies":"Lots of Slimes","floor":7,"turns":5},{"damage":14,"enemies":"3 Sentries","floor":8,"turns":7},{"damage":30,"enemies":"Gremlin Nob","floor":10,"turns":3}],"seed_played":"7008021088737052733","potions_obtained":[{"floor":1,"key":"FearPotion"},{"floor":3,"key":"HeartOfIron"},{"floor":6,"key":"AttackPotion"}],"is_trial":false,"path_per_floor":["M","M","M","?","$","E","M","E","T","E"],"character_chosen":"IRONCLAD","items_purchased":["Fire Breathing","Seeing Red"],"campfire_rested":0,"item_purchase_floors":[5,5],"current_hp_per_floor":[74,75,75,75,75,28,15,21,21,0,0],"gold":185,"neow_bonus":"THREE_ENEMY_KILL","is_daily":false,"chose_seed":false,"campfire_upgraded":0,"win_rate":0.0,"timestamp":1614304832,"path_taken":["M","M","M","?","$","E","M","E","T","E"],"items_purchased_type":["Card","Card"],"build_version":"2020-12-22","purchased_purges":1,"victory":false,"max_hp_per_floor":[75,75,75,75,75,75,75,89,89,89,89],"card_choices":[{"not_picked":["Flame Barrier","Clothesline"],"picked":"Reckless Charge","floor":1},{"not_picked":["Combust","Metallicize"],"picked":"Feel No Pain","floor":2},{"not_picked":["Sentinel","Ghostly Armor"],"picked":"Armaments","floor":3},{"not_picked":["Body Slam","Blood for Blood","Clash"],"picked":"SKIP","floor":6},{"not_picked":["Twin Strike","Sentinel"],"picked":"Inflame","floor":7},{"not_picked":["Fire Breathing","Anger"],"picked":"Havoc","floor":8}],"player_experience":1746103,"relics_obtained":[{"floor":6,"key":"Shovel"},{"floor":8,"key":"Mango"},{"floor":9,"key":"Darkstone Periapt"}],"event_choices":[{"damage_healed":0,"gold_gain":150,"player_choice":"AGREE","damage_taken":0,"max_hp_gain":0,"max_hp_loss":0,"event_name":"Liars Game","floor":4,"gold_loss":0,"cards_obtained":["Doubt"]}],"is_beta":false,"boss_relics":[],"items_purged_floors":[5],"is_endless":false,"potions_floor_spawned":[1,3,6],"killed_by":"Gremlin Nob","ascension_level":15}}