{"host":"ww12db68ec84yd8w","time":1614368581,"event":{"mods":["BaseMod","Colored Map","Minty Spire (QoL Compilation)","StSLib"],"gold_per_floor":[115,129,129,129,129,162,162,162,162],"floor_reached":8,"language":"ENG","playtime":300,"items_purged":[],"score":62,"play_id":"fefcc90e-3072-4302-8221-3c1166e3d491","local_time":"20210226114301","is_ascension_mode":true,"campfire_choices":[{"floor":7,"key":"REST"}],"circlet_count":0,"master_deck":["Strike_R","Strike_R","Strike_R","Strike_R","Defend_R","Defend_R","Defend_R+1","Defend_R","Bash","Shame","Offering+1","Shrug It Off","Cleave","True Grit"],"relics":["Burning Blood","Juzu Bracelet","WingedGreaves"],"acts_visited":["Exordium"],"potions_floor_usage":[8],"damage_taken":[{"damage":7,"enemies":"Cultist","floor":1,"turns":3},{"damage":15,"enemies":"Jaw Worm","floor":2,"turns":3},{"damage":36,"enemies":"3 Sentries","floor":6,"turns":10},{"damage":33,"enemies":"Lagavulin","floor":8,"turns":6}],"seed_played":"2216070550258415523","potions_obtained":[{"floor":6,"key":"DistilledChaos"}],"is_trial":false,"path_per_floor":["M","M","T","?","?","E","R","E"],"character_chosen":"IRONCLAD","items_purchased":[],"campfire_rested":1,"item_purchase_floors":[],"current_hp_per_floor":[79,70,70,54,47,17,41,8,8],"gold":162,"neow_bonus":"THREE_RARE_CARDS","is_daily":false,"chose_seed":false,"campfire_upgraded":0,"win_rate":0.0,"timestamp":1614368581,"path_taken":["M","M","?","?","?","E","R","E"],"items_purchased_type":[],"build_version":"2020-12-22","purchased_purges":0,"victory":false,"max_hp_per_floor":[80,80,80,80,80,80,80,80,80],"card_choices":[{"not_picked":["Double Tap","Exhume"],"picked":"Offering","floor":0},{"not_picked":["Havoc","Twin Strike"],"picked":"Shrug It Off","floor":1},{"not_picked":["Pummel","Clothesline"],"picked":"Cleave","floor":2},{"not_picked":["Exhume","Sentinel"],"picked":"True Grit","floor":6}],"player_experience":229442,"relics_obtained":[{"floor":3,"key":"Juzu Bracelet"},{"floor":6,"key":"WingedGreaves"}],"event_choices":[{"damage_healed":0,"gold_gain":0,"player_choice":"Entered Light","damage_taken":16,"max_hp_gain":0,"max_hp_loss":0,"event_name":"Shining Light","floor":4,"gold_loss":0,"cards_upgraded":["Offering","Defend_R"]},{"cards_removed":["Strike_R"],"damage_healed":0,"gold_gain":0,"player_choice":"Card Removal","damage_taken":7,"max_hp_gain":0,"max_hp_loss":0,"event_name":"Golden Wing","floor":5,"gold_loss":0}],"is_beta":false,"boss_relics":[],"items_purged_floors":[],"is_endless":false,"potions_floor_spawned":[6],"killed_by":"Lagavulin","ascension_level":3}}