{"host":"9gxprskaw0c5jpbt","time":1614381960,"event":{"mods":["AchievementEnabler","BaseMod","Colored Map","Highlight Path","KOR Keyword Fix","Minty Spire (QoL Compilation)","Rare Cards Sparkle","StSLib","SuperFastMode","everything is the same but u backflip on backflip"],"gold_per_floor":[115,134,55,55,55,55,88,98,177,102,102,49,49,69,69,69,69],"floor_reached":16,"language":"KOR","playtime":218,"items_purged":[],"score":246,"play_id":"e5d1ade9-d50f-4e21-aa3d-c1221749a3dd","local_time":"20210227082600","is_ascension_mode":true,"campfire_choices":[{"data":"Bash","floor":6,"key":"SMITH"},{"data":"Flame Barrier","floor":11,"key":"SMITH"},{"floor":15,"key":"REST"}],"circlet_count":0,"master_deck":["AscendersBane","Strike_R","Strike_R","Strike_R","Strike_R+1","Defend_R","Defend_R","Defend_R","Defend_R","Bash+1","Cleave","Inflame+1","Flame Barrier+1","True Grit+1","Armaments","Seeing Red"],"relics":["Burning Blood","NeowsBlessing","Bag of Marbles","Pear"],"acts_visited":["Exordium"],"potions_floor_usage":[16,16],"damage_taken":[{"damage":0,"enemies":"2 Louse","floor":1,"turns":1},{"damage":0,"enemies":"Jaw Worm","floor":2,"turns":1},{"damage":0,"enemies":"Gremlin Nob","floor":7,"turns":1},{"damage":3,"enemies":"Small Slimes","floor":8,"turns":3},{"damage":13,"enemies":"Blue Slaver","floor":14,"turns":4},{"damage":82,"enemies":"Hexaghost","floor":16,"turns":12}],"seed_played":"8041994307423764083","potions_obtained":[{"floor":1,"key":"FearPotion"},{"floor":8,"key":"Weak Potion"}],"is_trial":false,"path_per_floor":["M","M","$","?","$","R","E","M","T","?","R","$","?","M","R","B"],"character_chosen":"IRONCLAD","items_purchased":["Inflame","Armaments"],"campfire_rested":1,"item_purchase_floors":[3,12],"current_hp_per_floor":[74,75,75,75,75,75,75,75,85,85,85,85,59,52,77,0,0],"gold":69,"neow_bonus":"THREE_ENEMY_KILL","is_daily":false,"chose_seed":false,"campfire_upgraded":2,"win_rate":0.0,"timestamp":1614381960,"path_taken":["M","M","$","?","$","R","E","M","T","?","R","$","?","M","R","BOSS"],"items_purchased_type":["Card","Card"],"build_version":"2020-12-22","purchased_purges":0,"victory":false,"max_hp_per_floor":[75,75,75,75,75,75,75,75,85,85,85,85,85,85,85,85,85],"card_choices":[{"not_picked":["Blood for Blood","Body Slam"],"picked":"Cleave","floor":1},{"not_picked":["Headbutt","Clothesline","Havoc"],"picked":"SKIP","floor":2},{"not_picked":["Dark Embrace","Battle Trance"],"picked":"Flame Barrier","floor":7},{"not_picked":["Burning Pact","Headbutt"],"picked":"True Grit","floor":8},{"not_picked":["Wild Strike","Double Tap"],"picked":"Seeing Red","floor":14}],"player_experience":997316,"relics_obtained":[{"floor":7,"key":"Bag of Marbles"},{"floor":9,"key":"Pear"}],"event_choices":[{"damage_healed":0,"gold_gain":0,"player_choice":"Grow","damage_taken":0,"max_hp_gain":0,"max_hp_loss":0,"event_name":"Living Wall","floor":4,"gold_loss":0,"cards_upgraded":["Inflame"]},{"cards_removed":["Strike_R"],"damage_healed":0,"gold_gain":0,"player_choice":"Card Removal","damage_taken":0,"max_hp_gain":0,"max_hp_loss":0,"event_name":"The Cleric","floor":10,"gold_loss":75},{"damage_healed":0,"gold_gain":0,"player_choice":"Entered Light","damage_taken":26,"max_hp_gain":0,"max_hp_loss":0,"event_name":"Shining Light","floor":13,"gold_loss":0,"cards_upgraded":["True Grit","Strike_R"]}],"is_beta":false,"boss_relics":[],"items_purged_floors":[],"is_endless":false,"potions_floor_spawned":[1,8],"killed_by":"Hexaghost","ascension_level":20}}