{"host":"dkr0dog13pegamnp","time":1614353414,"event":{"mods":["AchievementEnabler","BaseMod","Minty Spire (QoL Compilation)","Rare Cards Sparkle","StSLib","SuperFastMode","everything is the same but u backflip on backflip"],"gold_per_floor":[109,129,141,157,174,174,204,214,288,288,321,339,339,215,215,289,289,304,315,51,51,71,71,96,96,96,115,133,133,33,46,46,118,118,133,133,13,23,38,38,64,81,105,105,140,140,140,158,158,158,158,158,33,66,66,66],"floor_reached":55,"language":"KOR","playtime":1780,"items_purged":["Strike_G","Strike_G","Terror","Pain"],"score":1379,"play_id":"c8950d1e-a409-4cc4-bdb9-cdfc696c2b13","local_time":"20210227003014","is_ascension_mode":true,"campfire_choices":[{"data":"Cloak And Dagger","floor":6.0,"key":"SMITH"},{"data":"Terror","floor":10.0,"key":"SMITH"},{"floor":15.0,"key":"REST"},{"data":"Phantasmal Killer","floor":23.0,"key":"SMITH"},{"data":"Cloak And Dagger","floor":25.0,"key":"SMITH"},{"floor":29.0,"key":"REST"},{"data":"A Thousand Cuts","floor":32.0,"key":"SMITH"},{"data":"Cloak And Dagger","floor":40.0,"key":"SMITH"},{"data":"Burst","floor":44.0,"key":"SMITH"},{"data":"Accuracy","floor":47.0,"key":"SMITH"},{"floor":49.0,"key":"RECALL"},{"data":"Neutralize","floor":52.0,"key":"SMITH"}],"circlet_count":0,"master_deck":["AscendersBane","Strike_G","Strike_G","Defend_G","Defend_G","Defend_G","Defend_G","Defend_G","Survivor","Neutralize+1","Cloak And Dagger+1","Terror+1","Blade Dance","Phantasmal Killer+1","Dagger Spray","Infinite Blades","Cloak And Dagger+1","Footwork","A Thousand Cuts+1","Blade Dance","Cloak And Dagger+1","Accuracy+1","After Image","Backflip+1","Prepared+1","Burst+1","PiercingWail","Blur","Backflip"],"relics":["Ring of the Serpent","NeowsBlessing","TungstenRod","Kunai","The Courier","Sozu","Happy Flower","Prayer Wheel","Bag of Preparation","WarpedTongs","Snake Skull","Bronze Scales","Vajra","Strawberry"],"acts_visited":["Exordium","TheCity","TheBeyond","TheEnding"],"potions_floor_usage":[],"damage_taken":[{"damage":0.0,"enemies":"Cultist","floor":1.0,"turns":1.0},{"damage":0.0,"enemies":"Small Slimes","floor":2.0,"turns":1.0},{"damage":0.0,"enemies":"Jaw Worm","floor":3.0,"turns":1.0},{"damage":11.0,"enemies":"Lots of Slimes","floor":4.0,"turns":9.0},{"damage":14.0,"enemies":"Gremlin Gang","floor":5.0,"turns":8.0},{"damage":11.0,"enemies":"3 Sentries","floor":7.0,"turns":9.0},{"damage":5.0,"enemies":"2 Fungi Beasts","floor":8.0,"turns":3.0},{"damage":16.0,"enemies":"Gremlin Nob","floor":11.0,"turns":4.0},{"damage":0.0,"enemies":"Blue Slaver","floor":12.0,"turns":4.0},{"damage":11.0,"enemies":"Slime Boss","floor":16.0,"turns":12.0},{"damage":0.0,"enemies":"3 Byrds","floor":18.0,"turns":4.0},{"damage":0.0,"enemies":"Spheric Guardian","floor":19.0,"turns":3.0},{"damage":0.0,"enemies":"Snecko","floor":22.0,"turns":4.0},{"damage":16.0,"enemies":"Slavers","floor":24.0,"turns":6.0},{"damage":4.0,"enemies":"Centurion and Healer","floor":27.0,"turns":5.0},{"damage":31.0,"enemies":"Cultist and Chosen","floor":28.0,"turns":7.0},{"damage":5.0,"enemies":"Snake Plant","floor":31.0,"turns":4.0},{"damage":0.0,"enemies":"Automaton","floor":33.0,"turns":8.0},{"damage":3.0,"enemies":"3 Darklings","floor":35.0,"turns":4.0},{"damage":0.0,"enemies":"3 Shapes","floor":38.0,"turns":2.0},{"damage":0.0,"enemies":"Sphere and 2 Shapes","floor":39.0,"turns":5.0},{"damage":0.0,"enemies":"Giant Head","floor":41.0,"turns":8.0},{"damage":0.0,"enemies":"Transient","floor":42.0,"turns":5.0},{"damage":0.0,"enemies":"Reptomancer","floor":45.0,"turns":5.0},{"damage":0.0,"enemies":"4 Shapes","floor":48.0,"turns":5.0},{"damage":24.0,"enemies":"Awakened One","floor":50.0,"turns":10.0},{"damage":38.0,"enemies":"Shield and Spear","floor":54.0,"turns":6.0},{"damage":25,"enemies":"The Heart","floor":55,"turns":3}],"seed_played":"-4897617919158718612","potions_obtained":[{"floor":1.0,"key":"LiquidBronze"},{"floor":2.0,"key":"Strength Potion"},{"floor":5.0,"key":"Energy Potion"},{"floor":7.0,"key":"AttackPotion"},{"floor":11.0,"key":"SteroidPotion"},{"floor":12.0,"key":"AttackPotion"}],"is_trial":false,"path_per_floor":["M","M","M","M","M","R","E","M","T","R","E","M","?","$","R","B",null,"M","M","$","?","M","R","E","R","T","M","M","R","$","M","R","B",null,"M","?","$","M","M","R","E","M","T","R","E","?","R","M","R","B",null,"R","$","E","B"],"character_chosen":"THE_SILENT","items_purchased":["Cloak And Dagger","Footwork","Happy Flower","Accuracy","Vajra"],"campfire_rested":2,"item_purchase_floors":[14,14,20,20,53],"current_hp_per_floor":[59,59,59,48,34,34,23,18,18,18,2,2,2,2,21,10,52,52,52,52,52,52,52,36,36,36,32,1,20,20,15,15,15,53,50,50,50,50,50,50,50,50,50,50,50,50,50,50,50,26,56,56,56,25,0,0],"gold":66,"neow_bonus":"THREE_ENEMY_KILL","is_daily":false,"chose_seed":false,"campfire_upgraded":9,"win_rate":0.0,"timestamp":1614353414,"path_taken":["M","M","M","M","M","R","E","M","T","R","E","?","?","$","R","BOSS","M","M","$","?","M","R","E","R","T","?","M","R","?","M","R","BOSS","M","?","$","?","M","R","E","?","T","R","E","?","R","M","R","BOSS","R","$","E","BOSS"],"items_purchased_type":["Card","Card","Relic","Card","Relic"],"build_version":"2020-12-22","purchased_purges":4,"victory":false,"max_hp_per_floor":[66,66,66,66,66,66,66,66,66,66,66,66,66,66,66,66,66,66,66,66,66,66,66,66,66,66,66,66,66,66,66,66,66,66,66,66,66,66,66,66,66,66,66,66,66,66,66,66,66,66,66,66,66,73,73,73],"card_choices":[{"not_picked":["Riddle With Holes","Acrobatics"],"picked":"Cloak And Dagger","floor":1.0},{"not_picked":["Distraction","Dagger Throw"],"picked":"Terror","floor":2.0},{"not_picked":["Distraction","Acrobatics","Terror"],"picked":"SKIP","floor":3.0},{"not_picked":["Terror","Distraction"],"picked":"Blade Dance","floor":4.0},{"not_picked":["Poisoned Stab","Deadly Poison"],"picked":"Backstab","floor":5.0},{"not_picked":["Flying Knee","Well Laid Plans"],"picked":"Phantasmal Killer","floor":7.0},{"not_picked":["Catalyst","Deadly Poison"],"picked":"Dagger Spray","floor":8.0},{"not_picked":["Dodge and Roll","Bane","Flechettes"],"picked":"SKIP","floor":11.0},{"not_picked":["Deadly Poison","Dagger Spray"],"picked":"Infinite Blades","floor":12.0},{"not_picked":["Unload","Doppelganger"],"picked":"A Thousand Cuts","floor":16.0},{"not_picked":["Quick Slash","Concentrate"],"picked":"Blade Dance","floor":18.0},{"not_picked":["Prepared","Blade Dance"],"picked":"Cloak And Dagger","floor":19.0},{"not_picked":["Blade Dance","Dagger Spray","Acrobatics"],"picked":"SKIP","floor":22.0},{"not_picked":["Dodge and Roll","Poisoned Stab"],"picked":"After Image","floor":24.0},{"not_picked":["Poisoned Stab","Corpse Explosion","Quick Slash"],"picked":"SKIP","floor":27.0},{"not_picked":["Blade Dance","Infinite Blades","Dagger Spray"],"picked":"SKIP","floor":27.0},{"not_picked":["Calculated Gamble","Quick Slash"],"picked":"Backflip+1","floor":28.0},{"not_picked":["Eviscerate","Backstab","Skewer"],"picked":"SKIP","floor":28.0},{"not_picked":["Dagger Spray","Dash"],"picked":"Prepared+1","floor":31.0},{"not_picked":["Cloak And Dagger","Deadly Poison","Sucker Punch"],"picked":"SKIP","floor":31.0},{"not_picked":["Grand Finale","Die Die Die"],"picked":"Burst","floor":33.0},{"not_picked":["Dagger Spray","Tactician"],"picked":"PiercingWail","floor":35.0},{"not_picked":["Bane","Poisoned Stab"],"picked":"Blur","floor":35.0},{"not_picked":["Well Laid Plans","Tactician","Expertise"],"picked":"SKIP","floor":38.0},{"not_picked":["Poisoned Stab","Deadly Poison","Corpse Explosion"],"picked":"SKIP","floor":38.0},{"not_picked":["Terror+1","Flying Knee","Footwork"],"picked":"SKIP","floor":39.0},{"not_picked":["Outmaneuver","Deflect","Poisoned Stab"],"picked":"SKIP","floor":39.0},{"not_picked":["Blade Dance","Backstab+1","Choke+1"],"picked":"SKIP","floor":41.0},{"not_picked":["Slice","Poisoned Stab+1"],"picked":"Backflip","floor":42.0},{"not_picked":["Glass Knife","Sucker Punch+1","Dagger Spray"],"picked":"SKIP","floor":42.0},{"not_picked":["Sucker Punch+1","Eviscerate","Masterful Stab"],"picked":"SKIP","floor":45.0},{"not_picked":["Bane","Backstab","Acrobatics"],"picked":"SKIP","floor":48.0},{"not_picked":["Tactician","Distraction","Poisoned Stab"],"picked":"SKIP","floor":48.0},{"not_picked":["Skewer","Venomology","Acrobatics"],"picked":"SKIP","floor":54.0}],"player_experience":122700,"relics_obtained":[{"floor":7.0,"key":"TungstenRod"},{"floor":9.0,"key":"Kunai"},{"floor":11.0,"key":"The Courier"},{"floor":24.0,"key":"Prayer Wheel"},{"floor":26.0,"key":"Bag of Preparation"},{"floor":41.0,"key":"Snake Skull"},{"floor":45.0,"key":"Bronze Scales"},{"floor":54.0,"key":"Strawberry"}],"event_choices":[{"damage_healed":0.0,"max_hp_gain":0.0,"max_hp_loss":0.0,"gold_gain":0.0,"event_name":"Liars Game","player_choice":"Ignored","floor":13.0,"gold_loss":0.0,"damage_taken":0.0},{"damage_healed":0.0,"max_hp_gain":0.0,"max_hp_loss":0.0,"gold_gain":0.0,"cards_transformed":["Strike_G"],"event_name":"Transmorgrifier","player_choice":"Transformed","floor":21.0,"gold_loss":0.0,"damage_taken":0.0,"cards_obtained":["Terror"]},{"damage_healed":0.0,"max_hp_gain":0.0,"max_hp_loss":0.0,"gold_gain":0.0,"event_name":"Accursed Blacksmith","player_choice":"Rummage","floor":36.0,"gold_loss":0.0,"damage_taken":0.0,"relics_obtained":["WarpedTongs"],"cards_obtained":["Pain"]},{"cards_removed":["Backstab"],"damage_healed":0.0,"max_hp_gain":0.0,"max_hp_loss":0.0,"gold_gain":0.0,"event_name":"Falling","player_choice":"Removed Attack","floor":46.0,"gold_loss":0.0,"damage_taken":0.0}],"is_beta":false,"boss_relics":[{"not_picked":["Calling Bell","Snecko Eye"],"picked":"Sozu"},{"not_picked":["Busted Crown","Cursed Key"],"picked":"Ring of the Serpent"}],"items_purged_floors":[14,20,30,37],"is_endless":false,"potions_floor_spawned":[1,2,5,7,11,12,19,24,28,33,35,42,48,54],"killed_by":"The Heart","ascension_level":14}}