{"host":"ggy1mjjy92c62u6a","time":1614318676,"event":{"mods":["10 clothes from DAL","ATMod(阿瑾Mod)","Act Like it!","BaseMod","Colored Powertips","GifTheSpireLib","Infinite Spire","Library of Ruina","Library of Ruina Extra","Lobotomy","LobotomyExtend","Marisa（F雨　魔理沙）","Minty Spire (QoL Compilation)","Quick Restart","Relic Filter Mod","Relic Stats","Reliquary","Remilia（蕾米莉亚）","Replay The Spire","RumiaBox-露米娅的神秘盒子","Shop Mod","Spicy Shops","StSLib","SuperFastMode","Youmu（魂魄妖梦）","[功能]功能增强和修复MOD","【功能Mod】混沌之环修复补丁","【遗物Mod】死灵法师NEW","【遗物卡牌】REMEMod"],"gold_per_floor":[113,113,288,301,21,21,56,56,82,142,181,181,181,181,181,302,302,302,18,11,39,56,56,66,66,66,66,79,97,22,22,22,22,22],"floor_reached":33,"language":"ZHS","playtime":1102,"items_purged":["Defend_RM"],"score":276,"play_id":"69c6dd8b-09bb-4fe4-9507-e71b17a92bc4","local_time":"20210226135116","is_ascension_mode":true,"campfire_choices":[{"data":"AT_SoftenMuscles","floor":6.0,"key":"SMITH"},{"data":"ReincarnationDial","floor":6.0,"key":"SMITH"},{"floor":8,"key":"REST"},{"floor":13,"key":"REST"},{"data":"BloodAndWine","floor":15,"key":"SMITH"},{"data":"RedMoon","floor":15,"key":"SMITH"},{"data":"ScarletMeister","floor":23,"key":"SMITH"},{"data":"ScarletShoot","floor":23,"key":"SMITH"},{"floor":25,"key":"REST"},{"data":"Strike_RM","floor":27,"key":"SMITH"},{"data":"Strike_RM","floor":27,"key":"SMITH"},{"data":"Strike_RM","floor":32,"key":"PURGE"}],"circlet_count":0,"master_deck":["Strike_RM+1","Strike_RM+1","Strike_RM","Defend_RM","Defend_RM+1","RedMoon+1","ScarletShoot+1","AT_SoftenMuscles+1","Defend_RM","ReincarnationDial+1","Defend_RM+1","BloodAndWine+1","ScarletMeister+1"],"relics":["ScarletHat","REME_ComplimentaryCards","AT_ATBox","CogitoBucket","Baka","LetterFromLob","Replay:Arrowhead","infinitespire:Golems Mask","Mummified Hand","GodSword6","Pet Ghost","AT_SunfireAegis","Runic Pyramid","MerchantsRug","reliquary:Sideboard","reliquary:FingerTrap","REME_CardOfGreed","Red Mask","AT_RabadonDeathcap"],"acts_visited":["Exordium","TheCity"],"potions_floor_usage":[7,33,33],"damage_taken":[{"damage":3.0,"enemies":"Small Slimes","floor":1.0,"turns":6.0},{"damage":21.0,"enemies":"Jaw Worm","floor":4.0,"turns":2.0},{"damage":38,"enemies":"3 Sentries","floor":7,"turns":13},{"damage":30,"enemies":"Gremlin Nob","floor":10,"turns":5},{"damage":0,"enemies":"Cultist","floor":11,"turns":5},{"damage":22,"enemies":"The Guardian","floor":16,"turns":10},{"damage":0,"enemies":"2 Thieves","floor":20,"turns":3},{"damage":44,"enemies":"Masked Bandits","floor":21,"turns":4},{"damage":10,"enemies":"Shell Parasite","floor":22,"turns":3},{"damage":0,"enemies":"Chosen and Byrds","floor":24,"turns":4},{"damage":0,"enemies":"Sentry and Sphere","floor":28,"turns":3},{"damage":15,"enemies":"Snecko","floor":29,"turns":6},{"damage":40,"enemies":"RedHoodMercenary","floor":33,"turns":7}],"seed_played":"6457029053251183683","potions_obtained":[{"floor":4.0,"key":"Venom Potion"},{"floor":10,"key":"DuplicationPotion"},{"floor":20,"key":"Regen Potion"}],"is_trial":false,"path_per_floor":["M","?","?","M","$","R","E","R","T","E","M","?","R","?","R","B",null,"M","$","M","?","M","R","M","R","T","R","M","M","?","?","R","B"],"character_chosen":"REMILIA","items_purchased":["infinitespire:Golems Mask","Mummified Hand","MerchantsRug","reliquary:Sideboard","reliquary:FingerTrap","REME_CardOfGreed"],"campfire_rested":3,"item_purchase_floors":[5,5,19,19,19,19],"current_hp_per_floor":[72,65,65,44,44,44,8,30,30,6,14,38,62,62,62,52,82,82,82,82,44,42,42,47,71,71,71,74,67,67,67,67,67,67],"gold":22,"neow_bonus":"","is_daily":false,"chose_seed":false,"campfire_upgraded":8,"win_rate":0.0,"timestamp":1614318676,"path_taken":["M","?","?","M","$","R","E","R","T","E","M","?","R","?","R","BOSS","M","$","?","?","M","R","M","R","T","R","M","M","?","?","R","BOSS"],"items_purchased_type":["Relic","Relic","Relic","Relic","Relic","Relic"],"build_version":"2020-12-22","purchased_purges":1,"victory":false,"max_hp_per_floor":[75,75,75,75,75,75,75,75,75,75,82,82,82,82,82,82,82,82,82,82,82,82,82,82,82,82,82,82,82,82,82,82,82,82],"relic_stats":{"counters":[15,73],"Mummified Hand":[10],"obtain_stats":[{"MerchantsRug":19,"AT_RabadonDeathcap":26,"AT_ATBox":0,"reliquary:Sideboard":19,"AT_MibuBalloonWealth":9,"Baka":1,"ScarletHat":0,"Replay:Arrowhead":4,"Pet Ghost":7,"CogitoBucket":0,"Mummified Hand":5,"Strawberry":11,"infinitespire:Golems Mask":5,"LetterFromLob":1,"GodSword6":7,"Red Mask":21,"reliquary:FingerTrap":19,"REME_CardOfGreed":19,"AT_SunfireAegis":10,"REME_ComplimentaryCards":0,"Runic Pyramid":17},{"MerchantsRug":6,"AT_RabadonDeathcap":11,"AT_ATBox":0,"reliquary:Sideboard":6,"AT_MibuBalloonWealth":3,"Baka":1,"ScarletHat":0,"Replay:Arrowhead":2,"Pet Ghost":3,"CogitoBucket":0,"Mummified Hand":2,"Strawberry":5,"infinitespire:Golems Mask":2,"LetterFromLob":1,"GodSword6":3,"Red Mask":9,"reliquary:FingerTrap":6,"REME_CardOfGreed":6,"AT_SunfireAegis":4,"REME_ComplimentaryCards":0,"Runic Pyramid":6},{"MerchantsRug":41,"AT_RabadonDeathcap":56,"AT_ATBox":0,"reliquary:Sideboard":41,"AT_MibuBalloonWealth":21,"Baka":6,"ScarletHat":0,"Replay:Arrowhead":8,"Pet Ghost":21,"CogitoBucket":0,"Mummified Hand":8,"Strawberry":31,"infinitespire:Golems Mask":8,"LetterFromLob":6,"GodSword6":21,"Red Mask":49,"reliquary:FingerTrap":41,"REME_CardOfGreed":41,"AT_SunfireAegis":26,"REME_ComplimentaryCards":0,"Runic Pyramid":41}]},"card_choices":[{"not_picked":["UnstableMagic","RedRainbow","NightDance"],"picked":"SKIP","floor":1.0},{"not_picked":["DiffusionOfMisfortune","BloodHunter"],"picked":"ReincarnationDial","floor":4.0},{"not_picked":["UnstableMagic","BombardNight","VampirishNight"],"picked":"SKIP","floor":7},{"not_picked":["ScarletImprint","HeartBreak","BlasphemousPunishment"],"picked":"SKIP","floor":10},{"not_picked":["StarOfDavid","RedRainbow"],"picked":"BloodAndWine","floor":11},{"not_picked":["TransientEternity","HellCatastrophe"],"picked":"ScarletMeister","floor":16},{"not_picked":["UnderTheZenith+1","CharismaGuard"],"picked":"ReincarnationDial","floor":20},{"not_picked":["FavorOfDestiny","EndlessAdversity"],"picked":"BloodHunter+1","floor":21},{"not_picked":["UnstableMagic+1","EternalNight"],"picked":"MiserableFate","floor":22},{"not_picked":["Ultimatum","BlasphemousPunishment"],"picked":"MastersStateliness","floor":24},{"not_picked":["ScarletDevil","ForbiddenFruit"],"picked":"ScarletImprint+1","floor":28},{"not_picked":["UnstableMagic","BloodHunter"],"picked":"GlobalNightmare+1","floor":29}],"player_experience":162545,"relics_obtained":[{"floor":1.0,"key":"Baka"},{"floor":1.0,"key":"LetterFromLob"},{"floor":4.0,"key":"Replay:Arrowhead"},{"floor":4.0,"key":"Replay:Arrowhead"},{"floor":7,"key":"GodSword6"},{"floor":7,"key":"Pet Ghost"},{"floor":9,"key":"AT_MibuBalloonWealth"},{"floor":10,"key":"AT_SunfireAegis"},{"floor":11,"key":"Strawberry"},{"floor":21,"key":"Red Mask"},{"floor":26,"key":"AT_RabadonDeathcap"}],"event_choices":[{"damage_healed":0.0,"max_hp_gain":0.0,"max_hp_loss":0.0,"gold_gain":175.0,"event_name":"Liars Game","player_choice":"AGREE","floor":3.0,"gold_loss":0.0,"damage_taken":0.0,"cards_obtained":["Doubt"]},{"cards_removed":["Doubt"],"damage_healed":0,"gold_gain":0,"player_choice":"Purged","damage_taken":0,"max_hp_gain":0,"max_hp_loss":0,"event_name":"Purifier","floor":14,"gold_loss":0},{"damage_healed":0,"gold_gain":0,"player_choice":"Fought Bandits","damage_taken":0,"max_hp_gain":0,"max_hp_loss":0,"event_name":"Masked Bandits","floor":21,"gold_loss":0},{"cards_removed":["Defend_RM"],"damage_healed":0,"gold_gain":0,"player_choice":"Gave Gold","damage_taken":0,"max_hp_gain":0,"max_hp_loss":0,"event_name":"Beggar","floor":30,"gold_loss":75},{"damage_healed":0,"gold_gain":0,"player_choice":"Upgraded","damage_taken":0,"max_hp_gain":0,"max_hp_loss":0,"event_name":"Upgrade Shrine","floor":31,"gold_loss":0,"cards_upgraded":["Defend_RM"]}],"is_beta":false,"boss_relics":[{"not_picked":["reliquary:KinkedSpring","Replay:Drink Me"],"picked":"Runic Pyramid"}],"items_purged_floors":[5],"is_endless":false,"potions_floor_spawned":[4,10,20,21,24,28],"killed_by":"RedHoodMercenary","ascension_level":2}}