{"host":"xsuxkwaivmtd234a","time":1614354045,"event":{"mods":["BaseMod","Bestiary","Colored Map","Minty Spire (QoL Compilation)","Relic Stats","StSLib"],"gold_per_floor":[113,123,141,141,141,141,167,167,192,207,282,282,310,325,325,325,325],"floor_reached":16,"language":"ENG","playtime":501,"items_purged":[],"score":165,"play_id":"d0f64fe9-e90f-43d2-aa1d-3ebbecc81290","local_time":"20210226104045","is_ascension_mode":true,"campfire_choices":[{"data":"Carnage","floor":6,"key":"SMITH"},{"data":"Inflame","floor":8,"key":"SMITH"},{"data":"Heavy Blade","floor":12,"key":"SMITH"},{"data":"Bash","floor":15,"key":"SMITH"}],"circlet_count":0,"master_deck":["AscendersBane","Strike_R","Strike_R","Strike_R","Strike_R","Strike_R","Defend_R","Defend_R","Defend_R","Defend_R","Bash+1","Carnage+1","Anger","Thunderclap","Inflame+1","Heavy Blade+1","True Grit","Twin Strike"],"relics":["Burning Blood","NeowsBlessing","Pen Nib","Akabeko","InkBottle"],"acts_visited":["Exordium"],"potions_floor_usage":[7,16],"damage_taken":[{"damage":0,"enemies":"Cultist","floor":1,"turns":1},{"damage":0,"enemies":"Small Slimes","floor":2,"turns":1},{"damage":0,"enemies":"2 Louse","floor":3,"turns":1},{"damage":40,"enemies":"3 Sentries","floor":7,"turns":7},{"damage":16,"enemies":"Blue Slaver","floor":10,"turns":3},{"damage":16,"enemies":"Gremlin Nob","floor":13,"turns":3},{"damage":0,"enemies":"3 Louse","floor":14,"turns":2},{"damage":26,"enemies":"The Guardian","floor":16,"turns":4}],"seed_played":"4135414703768725163","potions_obtained":[{"floor":1,"key":"Strength Potion"},{"floor":2,"key":"Energy Potion"},{"floor":3,"key":"Ancient Potion"}],"is_trial":false,"path_per_floor":["M","M","M","?","?","R","E","R","T","M","?","R","E","M","R","B"],"character_chosen":"IRONCLAD","items_purchased":[],"campfire_rested":0,"item_purchase_floors":[],"current_hp_per_floor":[78,80,80,80,85,85,51,51,51,41,30,30,20,26,26,0,0],"gold":325,"neow_bonus":"THREE_ENEMY_KILL","is_daily":false,"chose_seed":false,"campfire_upgraded":4,"win_rate":0.0,"timestamp":1614354045,"path_taken":["M","M","?","?","?","R","E","R","T","M","?","R","E","M","R","BOSS"],"items_purchased_type":[],"build_version":"2020-12-22","purchased_purges":0,"victory":false,"max_hp_per_floor":[80,80,80,80,85,85,85,85,85,85,85,85,85,85,85,85,85],"relic_stats":{"counters":[8,22],"Pen Nib":[1],"obtain_stats":[{"NeowsBlessing":0,"Pen Nib":7,"Burning Blood":0,"Akabeko":9,"InkBottle":13},{"NeowsBlessing":0,"Pen Nib":4,"Burning Blood":0,"Akabeko":4,"InkBottle":6},{"NeowsBlessing":0,"Pen Nib":10,"Burning Blood":0,"Akabeko":10,"InkBottle":16}],"Burning Blood":32,"InkBottle":[1]},"card_choices":[{"not_picked":["Dark Embrace","Clothesline"],"picked":"Carnage","floor":1},{"not_picked":["Body Slam","Heavy Blade"],"picked":"Anger","floor":2},{"not_picked":["Perfected Strike","Anger"],"picked":"Thunderclap","floor":3},{"not_picked":["Headbutt","Havoc"],"picked":"Inflame","floor":7},{"not_picked":["Havoc","Double Tap"],"picked":"Heavy Blade","floor":10},{"not_picked":["True Grit","Sever Soul","Rage"],"picked":"SKIP","floor":13},{"not_picked":["Sever Soul","Rage"],"picked":"True Grit","floor":13},{"not_picked":["Anger","Heavy Blade"],"picked":"Twin Strike","floor":14}],"player_experience":1386253,"relics_obtained":[{"floor":7,"key":"Pen Nib"},{"floor":9,"key":"Akabeko"},{"floor":13,"key":"InkBottle"}],"event_choices":[{"damage_healed":0,"gold_gain":0,"player_choice":"Leave","damage_taken":0,"max_hp_gain":0,"max_hp_loss":0,"event_name":"The Cleric","floor":4,"gold_loss":0},{"damage_healed":0,"gold_gain":0,"player_choice":"Donut","damage_taken":0,"max_hp_gain":5,"max_hp_loss":0,"event_name":"Big Fish","floor":5,"gold_loss":0},{"damage_healed":0,"gold_gain":75,"player_choice":"Gather Gold","damage_taken":11,"max_hp_gain":0,"max_hp_loss":0,"event_name":"World of Goop","floor":11,"gold_loss":0}],"is_beta":false,"boss_relics":[],"items_purged_floors":[],"is_endless":false,"potions_floor_spawned":[1,2,3],"killed_by":"The Guardian","ascension_level":10}}