{"host":"y9c31ugcc5enwcvp","time":1614377419,"event":{"mods":["Act Like it!","BaseMod","Better Match","Better Note","Colored Powertips","Downfall","Gremlin Skip","Minty Spire (QoL Compilation)","Rare Cards Sparkle","Smile Girya","Spire Arcade","StSLib","Unceasing Turn Reminder","Waifu the Spire"],"gold_per_floor":[99,109,122,122,122,151,151,151,165,315,315,65,65,165,178,281,281,281,296,307,232,63,80,106,122,137,137,137,137],"floor_reached":27,"language":"ENG","playtime":3317,"items_purged":[],"score":213,"play_id":"92ede5ae-69a3-4bc5-b271-826b3b15a6ca","local_time":"20210226161019","is_ascension_mode":false,"campfire_choices":[{"data":"bronze:Iterate","floor":1,"key":"SMITH"},{"data":"bronze:FineTuning","floor":11,"key":"SMITH"},{"floor":13,"key":"REST"},{"floor":18,"key":"RECALL"}],"circlet_count":0,"master_deck":["bronze:Strike","bronze:Strike","bronze:Strike","bronze:Defend","bronze:Defend","bronze:Defend","bronze:Defend","bronze:Replicate","bronze:Goto","bronze:Iterate+1","bronze:Iterate","bronze:FineTuning+1","bronze:Return","bronze:Separator","downfall:Icky","bronze:Iterate","bronze:Terminator","bronze:BronzeOrb","bronze:ClassDefault","bronze:Shell","bronze:DigitalCarnage","bronze:FineTuning","Finesse+1","bronze:Turbo+1","hexamod:TimeOfNeed","Aggregate","hexamod:Hexaguard"],"relics":["bronze:PlatinumCore","downfall:ShatteredFragment","Unceasing Top","PrismaticShard","Bag of Marbles"],"acts_visited":["Exordium","TheCity"],"potions_floor_usage":[16,16,22,23],"damage_taken":[{"damage":0,"enemies":"2 Louse","floor":2,"turns":3},{"damage":6,"enemies":"Jaw Worm","floor":3,"turns":2},{"damage":20,"enemies":"Gremlin Nob","floor":6,"turns":4},{"damage":0,"enemies":"Small Slimes","floor":9,"turns":2},{"damage":0,"enemies":"downfall:FleeingMerchant","floor":12,"turns":4},{"damage":0,"enemies":"downfall:LooterAlt","floor":15,"turns":2},{"damage":38,"enemies":"IC_STATUS_ARCHETYPE","floor":16,"turns":5},{"damage":0,"enemies":"Spheric Guardian","floor":19,"turns":3},{"damage":4,"enemies":"Chosen","floor":20,"turns":3},{"damage":9,"enemies":"downfall:FleeingMerchant","floor":22,"turns":4},{"damage":7,"enemies":"3 Cultists","floor":23,"turns":5},{"damage":22,"enemies":"Shelled Parasite and Fungi","floor":25,"turns":3},{"damage":20,"enemies":"Centurion and Healer","floor":26,"turns":3},{"damage":11,"enemies":"downfall:FleeingMerchant","floor":27,"turns":2}],"seed_played":"280392682974874151","potions_obtained":[{"floor":9,"key":"ColorlessPotion"},{"floor":15,"key":"PowerPotion"},{"floor":16,"key":"Block Potion"},{"floor":19,"key":"bronze:BurnAndBuffPotion"},{"floor":25,"key":"BlessingOfTheForge"}],"is_trial":false,"path_per_floor":["R","M","M","?","?","E","T","?","M","?","R","$","R","?","M","B",null,"R","M","M","?","$","M","T","M","M","$"],"character_chosen":"THE_AUTOMATON","items_purchased":["bronze:Terminator","bronze:BronzeOrb","bronze:ClassDefault","PrismaticShard"],"campfire_rested":1,"item_purchase_floors":[12,12,12,22],"current_hp_per_floor":[70,70,64,64,43,23,23,23,23,23,23,23,44,44,44,6,70,70,70,66,66,57,50,50,28,8,0,0,0],"gold":137,"neow_bonus":"TRANSFORM_CARD","is_daily":false,"chose_seed":false,"campfire_upgraded":2,"win_rate":0.0,"timestamp":1614377419,"path_taken":["R","M","M","?","?","E","T","?","M","?","R","$","R","?","M","BOSS","R","M","M","?","$","M","T","M","M","$"],"items_purchased_type":["Card","Card","Card","Relic"],"build_version":"2020-12-22","purchased_purges":0,"victory":false,"max_hp_per_floor":[70,70,70,70,70,70,70,70,70,70,70,70,70,70,70,70,70,70,70,70,70,70,70,70,70,70,70,70,70],"card_choices":[{"not_picked":["bronze:Turbo","bronze:WhirlingStrike"],"picked":"bronze:Iterate","floor":2},{"not_picked":["bronze:CutThrough","bronze:Flail"],"picked":"bronze:FineTuning","floor":3},{"not_picked":["bronze:OilSpill","bronze:Shield"],"picked":"bronze:Return","floor":6},{"not_picked":["bronze:Shield","bronze:Optimize"],"picked":"bronze:Separator","floor":9},{"not_picked":["bronze:Allocate","bronze:ForceShield"],"picked":"bronze:Iterate","floor":12},{"not_picked":["bronze:CutThrough","bronze:WildBeam"],"picked":"bronze:Shell","floor":15},{"not_picked":["bronze:Return","bronze:Backtrace"],"picked":"bronze:DigitalCarnage","floor":19},{"not_picked":["bronze:FollowUp","bronze:DelayedGuard"],"picked":"bronze:FineTuning","floor":20},{"not_picked":["Enlightenment+1","Impatience+1"],"picked":"Finesse+1","floor":21},{"not_picked":["bronze:OilSpill+1","bronze:Branch+1"],"picked":"bronze:Turbo+1","floor":21},{"not_picked":["bronze:HyperBeam","bronze:Safeguard","bronze:Separator+1"],"picked":"SKIP","floor":22},{"not_picked":["Guardian:ShieldCharger","Armaments"],"picked":"hexamod:TimeOfNeed","floor":23},{"not_picked":["Bouncing Flask+1","hexamod:BurningTouch"],"picked":"Aggregate","floor":25},{"not_picked":["Slimebound:RejuvenatingLick","Purity"],"picked":"hexamod:Hexaguard","floor":26}],"player_experience":163372,"relics_obtained":[{"floor":6,"key":"Unceasing Top"},{"floor":24,"key":"Bag of Marbles"}],"event_choices":[{"damage_healed":0,"gold_gain":0,"player_choice":"2","damage_taken":0,"max_hp_gain":0,"max_hp_loss":0,"event_name":"betterMatch:BetterMatch","floor":21,"gold_loss":0,"cards_obtained":["betterMatch:ColorlessUncommonCard","betterMatch:CommonCard"]}],"is_beta":false,"boss_relics":[{"not_picked":["Black Star","SlaversCollar"],"picked":"bronze:PlatinumCore"}],"items_purged_floors":[],"is_endless":false,"potions_floor_spawned":[9,15,16,19,25],"killed_by":"downfall:FleeingMerchant","ascension_level":0}}