{"host":"6uq6591iqph6da66","time":1614348620,"event":{"mods":["Act Like it!","BaseMod","CapriCore","Highlight Path","KomeijiMod","Library of Ruina","Library of Ruina Extra","Marisa£¨ìFÓê¡¡Ä§ÀíÉ³£©","Minty Spire (QoL Compilation)","Quick Restart","Reimu£¨²©ÀöÁéÃÎ£©","RumiaBox-Â¶Ã×æ«µÄÉñÃØºÐ×Ó","StSLib","TestMod","The Immortal","noobMod","¡¾¹¦ÄÜMod¡¿»ìãçÖ®»·ÐÞ¸´²¹¶¡"],"gold_per_floor":[119,119,119,119,119,159,159,195,195,195,220,236,251,426,426,550,550,569,604,126,0,0,40,58,93,119,119,153,153,169,169,169,289,289,309,323,348,348,12,12,52,68,91,136,177,223,223,243,243,267,287,287,287,142,180,203],"floor_reached":57,"language":"ZHS","playtime":2440,"items_purged":["Impatience+1"],"score":1784,"play_id":"b001bd7a-82aa-4b6b-be97-bb8a03a4b821","local_time":"20210226221020","is_ascension_mode":true,"campfire_choices":[{"floor":7,"key":"RECALL"},{"data":"ToWhereThePrescriptPoints","floor":10,"key":"SMITH"},{"data":"DegradedShockwave","floor":15,"key":"SMITH"},{"data":"Faith","floor":29,"key":"SMITH"},{"floor":32,"key":"REST"},{"floor":40,"key":"REST"},{"floor":47,"key":"REST"},{"data":"Faith","floor":49,"key":"SMITH"},{"floor":53,"key":"REST"}],"circlet_count":0,"master_deck":["DegradedFairy","DegradedFairy+1","DegradedChain","DegradedLock","DegradedPillar","DegradedPillar","DegradedShockwave+1","ToWhereThePrescriptPoints+1","Unlock1","ForTheFamily","Execute_lor","Doubt","Faith+1","testmod-ChaoticCore","EnergyCycle","TheWillOfTheCity+1","WillOfThePrescript","Multislash","BindingChains","FrontalAssault+1","RitualDagger","CrackOfDawn","JiaoTu+1","Slice_lor","TendonChords","testmod-PainDetonator","testmod-ChaoticCore","LoosenUp","PuppetBlockade","BindingArms","Faith+1","RulesOfTheBackstreets+1","BlindFaith+1","StartinOutLightly+1","FierceCharge","Collision+1","TheWillOfTheCity+1","GrazeTheGrass","Marionette"],"relics":["PageOfLibrarian","testmod-TestBox","ice","testmod-Prudence","Golden Idol","White Beast Statue","PageOfSnowWhitesApple","Red Mask","testmod-Nyarlathotep","Blood Vial","Dream Catcher","testmod-Maize","Lantern","Juzu Bracelet","Empty Cage","Turnip","testmod-Acrobat","War Paint","Orrery","testmod-OneHitWonder"],"acts_visited":["Exordium","TheCity","TheBeyond","TheEnding"],"potions_floor_usage":[16],"damage_taken":[{"damage":0,"enemies":"Small Slimes","floor":1,"turns":2},{"damage":0,"enemies":"3 Sentries","floor":6,"turns":2},{"damage":0,"enemies":"Lagavulin","floor":8,"turns":2},{"damage":0,"enemies":"2 Louse","floor":11,"turns":1},{"damage":0,"enemies":"Jaw Worm","floor":12,"turns":1},{"damage":0,"enemies":"3 Louse","floor":13,"turns":2},{"damage":4,"enemies":"The Guardian","floor":16,"turns":5},{"damage":0,"enemies":"3 Byrds","floor":18,"turns":3},{"damage":0,"enemies":"Masked Bandits","floor":19,"turns":1},{"damage":0,"enemies":"Gremlin Leader","floor":23,"turns":4},{"damage":0,"enemies":"Shell Parasite","floor":24,"turns":2},{"damage":20,"enemies":"Book of Stabbing","floor":25,"turns":4},{"damage":0,"enemies":"Gremlin Leader","floor":28,"turns":3},{"damage":0,"enemies":"Shelled Parasite and Fungi","floor":30,"turns":1},{"damage":50,"enemies":"Automaton","floor":33,"turns":7},{"damage":4,"enemies":"3 Darklings","floor":35,"turns":3},{"damage":10,"enemies":"3 Shapes","floor":36,"turns":3},{"damage":19,"enemies":"Spire Growth","floor":37,"turns":4},{"damage":16,"enemies":"Reptomancer","floor":41,"turns":4},{"damage":20,"enemies":"Sphere and 2 Shapes","floor":42,"turns":2},{"damage":24,"enemies":"Transient","floor":44,"turns":5},{"damage":26,"enemies":"Maw","floor":45,"turns":3},{"damage":17,"enemies":"Giant Head","floor":46,"turns":6},{"damage":28,"enemies":"4 Shapes","floor":48,"turns":3},{"damage":0,"enemies":"Awakened One","floor":50,"turns":4},{"damage":57,"enemies":"Awakened One","floor":51,"turns":5},{"damage":8,"enemies":"Shield and Spear","floor":55,"turns":3},{"damage":12,"enemies":"The Heart","floor":56,"turns":5}],"seed_played":"-2481743097949651132","potions_obtained":[{"floor":1,"key":"BlessingOfTheForge"},{"floor":8,"key":"FearPotion"},{"floor":11,"key":"Weak Potion"},{"floor":16,"key":"testmod-SpacePotion"},{"floor":18,"key":"ZuzhouPotion:ReiMu"},{"floor":19,"key":"BlessingOfTheForge"},{"floor":23,"key":"Energy Potion"},{"floor":24,"key":"Dexterity Potion"},{"floor":37,"key":"testmod-TestPotion"}],"is_trial":false,"path_per_floor":["M","?","$","?","?","E","R","E","T","R","M","M","M","?","R","B",null,"M","?","$","?","$","E","M","E","T","?","E","R","M","?","R","B",null,"M","M","M","?","$","R","E","M","T","M","M","E","R","M","R","B",null,null,"R","$","E","B",null],"character_chosen":"Librarian","items_purchased":["testmod-Nyarlathotep","testmod-ChaoticCore","testmod-ChaoticCore","LoosenUp","Orrery"],"campfire_rested":4,"item_purchase_floors":[20,20,39,39,54],"current_hp_per_floor":[60,38,38,20,35,35,35,35,35,35,35,35,35,35,35,31,90,90,90,90,90,90,90,90,70,70,70,72,72,74,68,90,40,90,86,78,61,61,61,88,77,62,62,43,19,4,31,90,90,91,37,104,104,104,96,92],"gold":203,"neow_bonus":"RANDOM_COLORLESS","is_daily":false,"chose_seed":false,"campfire_upgraded":4,"win_rate":0.0,"timestamp":1614348620,"path_taken":["M","?","$","?","?","E","R","E","T","R","?","M","M","?","R","BOSS","M","?","$","?","?","E","M","E","T","?","E","R","M","?","R","BOSS","M","M","M","?","$","R","E","M","T","M","M","E","R","M","R","BOSS","R","$","E","BOSS"],"items_purchased_type":["Relic","Card","Card","Card","Relic"],"build_version":"2020-12-22","purchased_purges":1,"victory":true,"max_hp_per_floor":[90,90,90,90,90,90,90,90,90,90,90,90,90,90,90,90,90,90,90,90,90,90,90,90,90,90,90,90,90,90,90,90,90,90,90,90,90,90,90,90,90,90,90,90,90,90,90,90,90,92,104,104,104,104,111,180],"card_choices":[{"not_picked":["testmod-DeathImprint","testmod-PocketStoneCalender"],"picked":"Impatience","floor":0},{"not_picked":["AlloutWar","MultiHit","ViolentFlame","DarkCloud","DefenseOrder","ICanCookAnything","Eliminate","QuickSuppression"],"picked":"ToWhereThePrescriptPoints","floor":1},{"not_picked":["IronWall","Multislash","FaintMemories","ScatteringSlash","Marionette","NightInTheBackstreets","FierceCharge","ForTheFamily"],"picked":"Unlock1","floor":6},{"not_picked":["EnergyShield","Reload","LossOfSenses","Ripple","Eradication","FeatherShield","ClassAndRespect","PinpointShot","Laceration"],"picked":"SKIP","floor":8},{"not_picked":["Outburst","PinpointShot","StrikeDown","BladeWhirl","CookingPrep","FaintMemories","GuidanceOfTheGears","SavageMode","DirtyBlow"],"picked":"SKIP","floor":11},{"not_picked":["AssaultOrder","MultiBlock","EnergyConversion","IronWall","ViolentFlame","SunsetBlade","TheArtOfRapidSteps","YouOnlyLiveOnce"],"picked":"ForTheFamily","floor":12},{"not_picked":["GrazeTheGrass","UpbeatPerformance","DarkCloud","SpearedSweep","QuickSuppression","GuidanceOfTheGears","Track","Endure"],"picked":"Execute_lor","floor":13},{"not_picked":["BiteOff","QuickSuppression","PreparedMind","DimensionalRift","VenomousFangs","Quickness","Eject+1","Brawl"],"picked":"Faith","floor":18},{"not_picked":["EnergyShield+1","BlowItUp","SetFire+1","RulesOfTheBackstreets","UnavoidableGaze+1","Unlock1","DefenseOrder+1","Reload"],"picked":"EnergyCycle","floor":21},{"not_picked":["DesperateStruggle+1","TendonChords","SmokingPipe","Rewind+1","ShockingBlow","PinpointShot+1","Standoff","FierceCharge"],"picked":"TheWillOfTheCity","floor":21},{"not_picked":["BoundaryOfDeath","SmokingPipe+1","ToOvercomeCrisis","Pound","DaringDecision","ElectricShock","Gigigig","TheWillOfTheCity+1"],"picked":"WillOfThePrescript","floor":23},{"not_picked":["EnergyStrike","EnergyShield+1","BlindFaith+1","StrongStrike","GuardingStance","Feast+1","Crush+1","HandleRequest","Leap_lor"],"picked":"SKIP","floor":24},{"not_picked":["SuppressingShot+1","MultiBlock+1","MultiHit","DaringDecision","ClassAndRespect","HighKick","QuickSuppression","ButterflySlash"],"picked":"Multislash","floor":25},{"not_picked":["Pound","ReadyUp","SpearedSweep","BoundaryOfDeath","HighSpeedStabbing+1","DevastatingThrash","PreemptiveStrike+1","FierceCharge"],"picked":"FrontalAssault","floor":28},{"not_picked":["UnavoidableGaze","Feast","SerpentSwordTechnique","Unlock1","MultiHit","EmotionalTurbulence","SerpentineBarrier+1","SparkingSpear","SpearedSweep"],"picked":"SKIP","floor":30},{"not_picked":["Disposal","BlazingStrike"],"picked":"CrackOfDawn","floor":33},{"not_picked":["MultiHit+1","SnakesPrey+1","Slice_lor+1","Unlock1","CumulusWall","EndlessBattle","PinpointShot","SinglePointStab"],"picked":"JiaoTu+1","floor":35},{"not_picked":["FaintMemories","Zzzzzap+1","FrontalAssault","EnergyCycle","MindWhip","InkOver","Parry2","Castigation"],"picked":"Slice_lor","floor":36},{"not_picked":["AsThePrescriptOrders","FleetFootsteps","ExtremeEdge+1","Parry","ICanCookAnything+1","Diversion","EnergyCycle","SuppressingShot+1"],"picked":"TendonChords","floor":37},{"not_picked":["EnergyCycle","StrongStrike+1","FlashOfSunup","MultiHit","SerpentineBarrier+1","Diversion+1","SmokingPipe","EnergyShield"],"picked":"PuppetBlockade","floor":40},{"not_picked":["FierceCharge","DirtyBlow","EndlessBattle","SenseQuarry","SinglePointStab+1","JiaoTu+1","Diversion","TraceOfFumes"],"picked":"BindingArms","floor":41},{"not_picked":["ICanCookAnything+1","CutIn","AsThePrescriptOrders+1","CoordinatedAssault+1","BiAn+1","AGoldenOpportunity+1","ToWhereThePrescriptPoints+1","FrontalAssault","Retaliate+1"],"picked":"SKIP","floor":42},{"not_picked":["GuidanceOfTheGears","SinglePointStab+1","InnerArdor","JiaoTu","FierceCharge","SerpentSwordTechnique+1","UncannyStrike+1","UnavoidableGaze","Leap_lor"],"picked":"SKIP","floor":44},{"not_picked":["SweepTheBackstreets+1","UpbeatPerformance","GuidanceOfTheGears+1","MirageStorm","AlloutWar+1","GuardingStance+1","FervidEmotions","GreatSerpentsImpact"],"picked":"Faith","floor":45},{"not_picked":["FrontalAssault+1","Endure","CoordinatedAssault+1","FlashingStrike","CumulusWall","YourShield","NightInTheBackstreets+1","TrimTheIngredients+1"],"picked":"RulesOfTheBackstreets+1","floor":46},{"not_picked":["StrikeDown+1","DarkCloud","Creak+1","ExtremeEdge","Outburst+1","WildCard","Unlock1","QuickSuppression"],"picked":"BlindFaith+1","floor":47},{"not_picked":["ClassAndRespect+1","TendonChords+1","MultiBlock+1","Standoff+1","DefenseOrder","GuardingStance+1","TheArtOfRapidSteps+1","Retaliate+1"],"picked":"StartinOutLightly+1","floor":48},{"not_picked":["EnergyShield+1","SnakesPrey","SunsetBlade","DesperateStruggle+1","Leap_lor+1","BlindFaith","FleetEdge+1","SinglePointStab"],"picked":"FierceCharge","floor":53},{"not_picked":["Mutilate","FleetFootsteps+1","QuickSuppression","SilentNight","HardRehearsal","BiAn","Outburst+1","CutIn+1"],"picked":"Collision+1","floor":54},{"not_picked":["InnerArdor+1","DesperateStruggle","IronWall","ExtremeEdge","Thrust","FervidEmotions+1","EnergyCycle","MultiBlock+1"],"picked":"TheWillOfTheCity+1","floor":54},{"not_picked":["SuppressingShot+1","DriedUp+1","CoordinatedAssault+1","ConcentratedFire","DarkCloud+1","BlazingStrike","SummaryJudgment","SinglePointStab+1"],"picked":"GrazeTheGrass","floor":54},{"not_picked":["Pound+1","Laceration","SunsetBlade","Wallop_lor","SuppressingShot+1","UnforgettableMelody","SharpSwipe+1","FieryDragonSlash"],"picked":"Marionette","floor":55}],"player_experience":651218,"relics_obtained":[{"floor":6,"key":"White Beast Statue"},{"floor":8,"key":"PageOfSnowWhitesApple"},{"floor":19,"key":"Red Mask"},{"floor":21,"key":"Blood Vial"},{"floor":23,"key":"Dream Catcher"},{"floor":25,"key":"testmod-Maize"},{"floor":26,"key":"Lantern"},{"floor":28,"key":"Juzu Bracelet"},{"floor":41,"key":"Turnip"},{"floor":43,"key":"testmod-Acrobat"},{"floor":46,"key":"War Paint"},{"floor":55,"key":"testmod-OneHitWonder"}],"event_choices":[{"damage_healed":0,"gold_gain":0,"player_choice":"Take Damage","damage_taken":22,"relics_obtained":["Golden Idol"],"max_hp_gain":0,"max_hp_loss":0,"event_name":"Golden Idol","floor":2,"gold_loss":0},{"damage_healed":0,"gold_gain":0,"player_choice":"Entered Light","damage_taken":18,"max_hp_gain":0,"max_hp_loss":0,"event_name":"Shining Light","floor":4,"gold_loss":0,"cards_upgraded":["Impatience","DegradedFairy"]},{"damage_healed":0,"gold_gain":175,"player_choice":"AGREE","damage_taken":0,"max_hp_gain":0,"max_hp_loss":0,"event_name":"Liars Game","floor":14,"gold_loss":0,"cards_obtained":["Doubt"]},{"damage_healed":0,"gold_gain":0,"player_choice":"Fought Bandits","damage_taken":0,"max_hp_gain":0,"max_hp_loss":0,"event_name":"Masked Bandits","floor":19,"gold_loss":0},{"damage_healed":0,"gold_gain":0,"player_choice":"Read","damage_taken":0,"max_hp_gain":0,"max_hp_loss":0,"event_name":"The Library","floor":27,"gold_loss":0,"cards_obtained":["BindingChains"]},{"damage_healed":0,"gold_gain":0,"player_choice":"Joined the Cult","damage_taken":6,"max_hp_gain":0,"max_hp_loss":0,"event_name":"Nest","floor":31,"gold_loss":0,"cards_obtained":["RitualDagger"]},{"damage_healed":0,"gold_gain":0,"player_choice":"1 cards matched","damage_taken":0,"max_hp_gain":0,"max_hp_loss":0,"event_name":"Match and Keep!","floor":38,"gold_loss":0,"cards_obtained":["testmod-PainDetonator"]}],"is_beta":false,"boss_relics":[{"not_picked":["testmod-GoldenSoul","RedLine:ReiMu","Busted Crown"]},{"not_picked":["testmod-Nine","testmod-StringDisintegrator"],"picked":"Empty Cage"}],"items_purged_floors":[39],"is_endless":false,"potions_floor_spawned":[1,8,11,12,13,16,18,19,23,24,25,28,30,33,35,36,37,41,42,44,45,46,48,51,55],"ascension_level":4}}