{"host":"5ueuk67tsx07ylcu","time":1614369916,"event":{"mods":["BaseMod","Colored Map","Colored Powertips","Downfall","Duelist Mod","GifTheSpireLib","Hermit","Infinite Spire","Lobotomy","Minty Spire (QoL Compilation)","StSLib","The Animator"],"gold_per_floor":[130,305,305,75,87,87,107,133,212,249,207,247,265,293,293,293,293],"floor_reached":16,"language":"ENG","playtime":1633,"items_purged":["animator:Defend"],"score":139,"play_id":"cee70113-38da-4582-b45e-d7d47d1cf5c8","local_time":"20210226150516","is_ascension_mode":true,"campfire_choices":[{"data":"animator:Sora","floor":6,"key":"SMITH"},{"floor":15,"key":"REST"}],"circlet_count":0,"master_deck":["animator:Strike_Konosuba","animator:Defend_Konosuba","animator:Strike","animator:Strike","animator:Strike","animator:Defend","animator:Defend","animator:Kazuma","animator:Aqua","animator:Sora+1","animator:DolaCouronne","Doubt","animator:FielNirvalen","animator:IzunaHatsuse","animator:Megumin+3","animator:ChlammyZell","animator:YunYun"],"relics":["animator:LivingPicture","animator:TheMissingPiece","Blood Vial","Sling","Odd Mushroom","TungstenRod","infinitespire:Satchel","Tiny Chest","animator:BattleDrones"],"acts_visited":["Exordium"],"potions_floor_usage":[8,12,12],"damage_taken":[{"damage":6,"enemies":"Jaw Worm","floor":1,"turns":5},{"damage":4,"enemies":"Small Slimes","floor":5,"turns":5},{"damage":18,"enemies":"The Mushroom Lair","floor":7,"turns":5},{"damage":18,"enemies":"Lagavulin","floor":8,"turns":8},{"damage":31,"enemies":"3 Sentries","floor":10,"turns":10},{"damage":10,"enemies":"Lagavulin","floor":12,"turns":5},{"damage":3,"enemies":"Cultist","floor":13,"turns":3},{"damage":13,"enemies":"3 Sentries","floor":14,"turns":8},{"damage":43,"enemies":"Slime Boss","floor":16,"turns":7}],"seed_played":"-3295783179032528097","potions_obtained":[{"floor":7,"key":"hexamod:SoulburnPotion"},{"floor":8,"key":"FearPotion"},{"floor":10,"key":"ColorlessPotion"}],"is_trial":false,"path_per_floor":["M","?","?","$","M","R","?","E","T","E","?","E","M","E","R","B"],"character_chosen":"THE_ANIMATOR","items_purchased":["Sling"],"campfire_rested":1,"item_purchase_floors":[4],"current_hp_per_floor":[62,62,59,59,60,60,46,32,32,5,5,11,17,14,34,0,0],"gold":293,"neow_bonus":"ONE_RANDOM_RARE_CARD","is_daily":false,"chose_seed":false,"campfire_upgraded":1,"win_rate":0.0,"timestamp":1614369916,"path_taken":["M","?","?","$","M","R","?","E","T","E","?","E","M","E","R","BOSS"],"items_purchased_type":["Relic"],"build_version":"2020-12-22","purchased_purges":1,"victory":false,"max_hp_per_floor":[66,66,66,66,67,67,67,67,67,67,67,67,68,69,69,69,69],"card_choices":[{"not_picked":["animator:Sonic","animator:Alexander"],"picked":"animator:DolaCouronne","floor":1},{"not_picked":["animator:ChlammyZell","animator:Mitsurugi"],"picked":"animator:FielNirvalen","floor":5},{"not_picked":["animator:Pride","animator:Rider","animator:Geryuganshoop"],"picked":"SKIP","floor":8},{"not_picked":["animator:FielNirvalen","animator:DolaSchwi"],"picked":"animator:IzunaHatsuse","floor":10},{"not_picked":["animator:ChaikaTrabant","animator:Cocytus"],"picked":"animator:Megumin","floor":12},{"not_picked":["animator:Illya","animator:Sebas"],"picked":"animator:ChlammyZell","floor":13},{"not_picked":["animator:DolaSchwi","animator:Verdia"],"picked":"animator:YunYun","floor":14}],"player_experience":349583,"relics_obtained":[{"floor":7,"key":"Odd Mushroom"},{"floor":8,"key":"TungstenRod"},{"floor":10,"key":"infinitespire:Satchel"},{"floor":12,"key":"Tiny Chest"},{"floor":14,"key":"animator:BattleDrones"}],"event_choices":[{"damage_healed":0,"gold_gain":175,"player_choice":"AGREE","damage_taken":0,"max_hp_gain":0,"max_hp_loss":0,"event_name":"Liars Game","floor":2,"gold_loss":0,"cards_obtained":["Doubt"]},{"damage_healed":0,"gold_gain":0,"player_choice":"Success","damage_taken":3,"relics_obtained":["Blood Vial"],"max_hp_gain":0,"max_hp_loss":0,"event_name":"Scrap Ooze","floor":3,"gold_loss":0},{"damage_healed":0,"gold_gain":0,"player_choice":"Fought Mushrooms","damage_taken":0,"max_hp_gain":0,"max_hp_loss":0,"event_name":"Mushrooms","floor":7,"gold_loss":0},{"damage_healed":0,"gold_gain":0,"player_choice":"Left Gold","damage_taken":0,"max_hp_gain":0,"max_hp_loss":0,"event_name":"World of Goop","floor":11,"gold_loss":42}],"is_beta":false,"boss_relics":[],"items_purged_floors":[4],"is_endless":false,"potions_floor_spawned":[7,8,10],"killed_by":"Slime Boss","ascension_level":2}}