{"host":"j0lq4v91luowxwha","time":1614352836,"event":{"mods":["BaseMod","Colored Powertips","Downfall","Hermit","Minty Spire (QoL Compilation)","Quick Restart","Replay The Spire","StSLib","SuperFastMode","The Cursed"],"gold_per_floor":[99,114,126,138,154,12,12,25,125,138,151,166,166,182,200,303,303,303,319,329,329,347,358,358,358,369,369,383,383,401,386,397,397,397,397],"floor_reached":33,"language":"ENG","playtime":1435,"items_purged":[],"score":276,"play_id":"9dd56b8c-ebdd-42a9-8045-a8016f1de09b","local_time":"20210226102036","is_ascension_mode":false,"campfire_choices":[{"data":"bronze:Goto","floor":1,"key":"SMITH"},{"data":"bronze:Iterate","floor":13,"key":"SMITH"},{"data":"bronze:Iterate","floor":18,"key":"SMITH"},{"floor":27,"key":"REST"}],"circlet_count":0,"master_deck":["bronze:Defend","bronze:Defend","bronze:Defend","bronze:Defend","bronze:Replicate","bronze:Goto+1","bronze:Iterate+1","bronze:Iterate+1","Panache","Discovery","Bandage Up","bronze:OilSpill","bronze:GetLatest","bronze:Deprecate","CurseOfTheBell","bronze:Repair","Bite","Bite","Bite","Bite","Bite","bronze:InfiniteBeams+1","Pride","bronze:Virus","bronze:MaxOutput+1"],"relics":["bronze:BronzeCore","Boot","ReplayTheSpireMod:ShopPack","Calling Bell","Pen Nib","ReplayTheSpireMod:Ninjato","Unceasing Top","Bottled Lightning","Nilry\u0027s Codex","Frozen Egg 2"],"acts_visited":["Exordium","TheCity"],"potions_floor_usage":[16,33],"damage_taken":[{"damage":1,"enemies":"Jaw Worm","floor":2,"turns":3},{"damage":1,"enemies":"Small Slimes","floor":3,"turns":2},{"damage":0,"enemies":"2 Louse","floor":4,"turns":1},{"damage":15,"enemies":"Exordium Thugs","floor":5,"turns":3},{"damage":10,"enemies":"downfall:FleeingMerchant","floor":6,"turns":4},{"damage":4,"enemies":"2 Fungi Beasts","floor":8,"turns":2},{"damage":1,"enemies":"Red Slaver","floor":10,"turns":2},{"damage":0,"enemies":"3 Louse","floor":11,"turns":2},{"damage":0,"enemies":"downfall:LooterAlt","floor":12,"turns":1},{"damage":7,"enemies":"Blue Slaver","floor":14,"turns":2},{"damage":11,"enemies":"Exordium Wildlife","floor":15,"turns":3},{"damage":52,"enemies":"WA_ARCHETYPE_RETAIN","floor":16,"turns":7},{"damage":7,"enemies":"Shell Parasite","floor":19,"turns":2},{"damage":11,"enemies":"Spheric Guardian","floor":20,"turns":4},{"damage":33,"enemies":"Shelled Parasite and Fungi","floor":22,"turns":5},{"damage":6,"enemies":"Cultist and Chosen","floor":23,"turns":4},{"damage":28,"enemies":"Snecko","floor":26,"turns":6},{"damage":33,"enemies":"Shelled Parasite and Fungi","floor":28,"turns":4},{"damage":52,"enemies":"Centurion and Healer","floor":30,"turns":7},{"damage":7,"enemies":"downfall:FleeingMerchant","floor":31,"turns":4},{"damage":17,"enemies":"Sentry and Sphere","floor":32,"turns":4},{"damage":46,"enemies":"SI_MIRROR_ARCHETYPE","floor":33,"turns":4}],"seed_played":"-5249234222129360208","potions_obtained":[{"floor":2,"key":"Dexterity Potion"},{"floor":8,"key":"Swift Potion"},{"floor":12,"key":"Ancient Potion"},{"floor":19,"key":"bronze:FreeFunctionsPotion"},{"floor":22,"key":"bronze:BuildAFunctionPotion"},{"floor":30,"key":"Milkshake"}],"is_trial":false,"path_per_floor":["R","M","M","M","M","$","T","M","?","M","M","M","R","M","M","B",null,"R","M","M","?","M","M","T","?","M","R","M","?","M","$","M","B"],"character_chosen":"THE_AUTOMATON","items_purchased":["ReplayTheSpireMod:ShopPack"],"campfire_rested":1,"item_purchase_floors":[6],"current_hp_per_floor":[70,69,68,68,53,43,43,45,45,50,52,54,54,53,48,2,70,70,63,65,65,54,69,69,53,38,59,43,43,12,26,26,0,0,0],"gold":397,"neow_bonus":"RANDOM_COMMON_RELIC","is_daily":false,"chose_seed":false,"campfire_upgraded":3,"win_rate":0.0,"timestamp":1614352836,"path_taken":["R","M","M","M","M","$","T","M","?","M","M","M","R","M","M","BOSS","R","M","M","?","M","M","T","?","M","R","M","?","M","$","M","BOSS"],"items_purchased_type":["Relic"],"build_version":"2020-12-22","purchased_purges":0,"victory":false,"max_hp_per_floor":[70,70,70,70,70,70,70,70,70,70,70,70,70,70,70,70,70,70,70,70,70,70,70,70,70,70,70,70,70,70,70,70,70,70,70],"card_choices":[{"not_picked":["bronze:Shield","bronze:Flail"],"picked":"bronze:Iterate","floor":2},{"not_picked":["bronze:Frontload","bronze:BronzeOrb"],"picked":"bronze:Iterate","floor":3},{"not_picked":["bronze:Flail","bronze:FineTuning","bronze:CutThrough"],"picked":"SKIP","floor":4},{"not_picked":["bronze:Turbo","bronze:Shield","bronze:BuggyMess"],"picked":"SKIP","floor":5},{"not_picked":["bronze:CutThrough","bronze:Separator","bronze:Branch"],"picked":"SKIP","floor":6},{"not_picked":["HandOfGreed","Metamorphosis"],"picked":"Panache","floor":6},{"not_picked":["Transmutation","Specialist"],"picked":"Discovery","floor":6},{"not_picked":["Replay:Sssssssssshield","ReplayTheSpireMod:Necrogeddon"],"picked":"Bandage Up","floor":6},{"not_picked":["bronze:WhirlingStrike","bronze:Refactor"],"picked":"bronze:OilSpill","floor":8},{"not_picked":["bronze:DelayedGuard","bronze:BugBarrage"],"picked":"bronze:GetLatest","floor":10},{"not_picked":["bronze:Philosophize","bronze:Constructor","bronze:DelayedGuard"],"picked":"SKIP","floor":11},{"not_picked":["bronze:Shell","bronze:WildBeam","bronze:OilSpill"],"picked":"SKIP","floor":12},{"not_picked":["bronze:Iterate","bronze:ItsAFeature","bronze:Backtrace"],"picked":"SKIP","floor":14},{"not_picked":["bronze:Refactor","bronze:Constructor"],"picked":"bronze:Deprecate","floor":15},{"not_picked":["bronze:BugBarrage","bronze:ForceShield"],"picked":"bronze:Repair","floor":19},{"not_picked":["bronze:BuggyMess+1","bronze:Branch","bronze:WhirlingStrike"],"picked":"SKIP","floor":20},{"not_picked":["bronze:Backtrace","bronze:BitShift"],"picked":"bronze:InfiniteBeams+1","floor":22},{"not_picked":["bronze:Invalidate","bronze:CutThrough","bronze:Shield"],"picked":"SKIP","floor":23},{"not_picked":["bronze:InfiniteLoop","bronze:Separator","bronze:DelayedSlice+1"],"picked":"SKIP","floor":26},{"not_picked":["bronze:OilSpill","bronze:BronzeOrb","bronze:Shield"],"picked":"SKIP","floor":28},{"not_picked":["bronze:Refactor+1","bronze:Iterate","bronze:FineTuning"],"picked":"SKIP","floor":30},{"not_picked":["bronze:Flail","bronze:Turbo+1"],"picked":"bronze:Virus","floor":31},{"not_picked":["bronze:ChosenStrike","bronze:ForceShield"],"picked":"bronze:MaxOutput+1","floor":32}],"player_experience":259238,"relics_obtained":[{"floor":7,"key":"Blood Vial"},{"floor":17,"key":"Pen Nib"},{"floor":17,"key":"ReplayTheSpireMod:Ninjato"},{"floor":17,"key":"Unceasing Top"},{"floor":24,"key":"Bottled Lightning"},{"floor":25,"key":"Nilry\u0027s Codex"}],"event_choices":[{"damage_healed":0,"gold_gain":0,"player_choice":"Became a vampire (Vial)","damage_taken":0,"max_hp_gain":0,"max_hp_loss":0,"event_name":"Vampires","floor":21,"relics_lost":["Blood Vial"],"gold_loss":0,"cards_obtained":["Bite","Bite","Bite","Bite","Bite"]},{"damage_healed":0,"gold_gain":0,"player_choice":"Stole Relic","damage_taken":0,"relics_obtained":["Frozen Egg 2"],"max_hp_gain":0,"max_hp_loss":0,"event_name":"Addict","floor":29,"gold_loss":0,"cards_obtained":["Pride"]}],"is_beta":false,"boss_relics":[{"not_picked":["Replay:Drink Me","Runic Dome"],"picked":"Calling Bell"}],"items_purged_floors":[],"is_endless":false,"potions_floor_spawned":[2,4,8,12,14,15,19,20,22,30],"killed_by":"SI_MIRROR_ARCHETYPE","ascension_level":0}}