{"host":"x05n69rv5q9mps34","time":1614299269,"event":{"mods":["AchievementEnabler","BaseMod","Colored Map","Minty Spire (QoL Compilation)","SuperFastMode"],"gold_per_floor":[119,137,148,0,0,0,18,18,65,82,98,98,98,124,124,124,124],"floor_reached":16,"language":"ENG","playtime":474,"items_purged":[],"score":102,"play_id":"6a1df08e-75db-45ce-9e90-101ad068aa2b","local_time":"20210225212749","is_ascension_mode":false,"campfire_choices":[{"data":"Chill","floor":6,"key":"SMITH"},{"data":"Coolheaded","floor":8,"key":"SMITH"},{"data":"Zap","floor":15,"key":"SMITH"}],"circlet_count":0,"master_deck":["Strike_B","Strike_B","Strike_B","Strike_B","Defend_B","Defend_B","Defend_B","Defend_B+1","Zap+1","Dualcast","Gash","Coolheaded","Beam Cell","Ball Lightning","Chill+1","Coolheaded+1","Beam Cell","Self Repair+1"],"relics":["Cracked Core","Smiling Mask"],"acts_visited":["Exordium"],"potions_floor_usage":[14],"damage_taken":[{"damage":1,"enemies":"Jaw Worm","floor":1,"turns":3},{"damage":1,"enemies":"2 Louse","floor":2,"turns":2},{"damage":10,"enemies":"Small Slimes","floor":3,"turns":3},{"damage":2,"enemies":"2 Fungi Beasts","floor":7,"turns":3},{"damage":6,"enemies":"Red Slaver","floor":10,"turns":3},{"damage":3,"enemies":"Blue Slaver","floor":11,"turns":3},{"damage":21,"enemies":"Gremlin Nob","floor":14,"turns":5},{"damage":0,"enemies":"Hexaghost","floor":16,"turns":1}],"seed_played":"7055403697684107269","potions_obtained":[{"floor":1,"key":"FairyPotion"},{"floor":2,"key":"SpeedPotion"},{"floor":7,"key":"SmokeBomb"},{"floor":11,"key":"ColorlessPotion"}],"is_trial":false,"path_per_floor":["M","M","M","$","?","R","M","R","T","M","M","?","?","E","R","B"],"character_chosen":"DEFECT","items_purchased":["Beam Cell","Ball Lightning","Chill"],"campfire_rested":0,"item_purchase_floors":[4,4,4],"current_hp_per_floor":[81,80,70,70,70,70,68,68,68,62,59,59,43,32,32,32,32],"gold":124,"neow_bonus":"TEN_PERCENT_HP_BONUS","is_daily":false,"chose_seed":false,"campfire_upgraded":3,"win_rate":0.0,"timestamp":1614299269,"path_taken":["M","M","M","$","?","R","M","R","T","M","M","?","?","E","R","BOSS"],"items_purchased_type":["Card","Card","Card"],"build_version":"2020-12-22","purchased_purges":0,"victory":false,"max_hp_per_floor":[82,82,82,82,82,82,82,82,82,82,82,82,82,82,82,82,82],"card_choices":[{"not_picked":["Doom and Gloom","Turbo"],"picked":"Gash","floor":1},{"not_picked":["Barrage","Stack","Heatsinks"],"picked":"SKIP","floor":2},{"not_picked":["BootSequence","Steam"],"picked":"Coolheaded","floor":3},{"not_picked":["Go for the Eyes","Hologram"],"picked":"Coolheaded","floor":7},{"not_picked":["Aggregate","Force Field"],"picked":"Beam Cell","floor":10},{"not_picked":["Loop","Redo"],"picked":"Self Repair","floor":11},{"not_picked":["FTL","Coolheaded","Meteor Strike"],"picked":"SKIP","floor":14}],"player_experience":1033726,"relics_obtained":[{"floor":14,"key":"Smiling Mask"}],"event_choices":[{"damage_healed":0,"gold_gain":0,"player_choice":"Ignored","damage_taken":0,"max_hp_gain":0,"max_hp_loss":0,"event_name":"Golden Idol","floor":5,"gold_loss":0},{"damage_healed":0,"gold_gain":0,"player_choice":"Fled","damage_taken":0,"max_hp_gain":0,"max_hp_loss":0,"event_name":"Scrap Ooze","floor":12,"gold_loss":0},{"damage_healed":0,"gold_gain":0,"player_choice":"Entered Light","damage_taken":16,"max_hp_gain":0,"max_hp_loss":0,"event_name":"Shining Light","floor":13,"gold_loss":0,"cards_upgraded":["Self Repair","Defend_B"]}],"is_beta":false,"boss_relics":[],"items_purged_floors":[],"is_endless":false,"potions_floor_spawned":[1,2,7,11],"killed_by":"Hexaghost","ascension_level":0}}