{"host":"684z1xpuwaoqmmh1","time":1614344302,"event":{"mods":["BaseMod","CatGirl Mod","Downfall","Hermit","Jorbs\u0027s Wanderer Trilogy","Marisa????????","Minty Spire (QoL Compilation)","Robot Space Explorer","Shade Mod","Shapeshifter Mod","StSLib","The Bug Knight","The Clintock","The Dragon Tamer","The Elementalist","The Hayseed","The Hierophant","The Marked","The Mystic","The Poker Player","The Runesmith","The Sage","The Saiyan","The Showman","The Spell Scribe","The Valiant","The Vixen","TheBandit","TheFirefly","TheVacant"],"gold_per_floor":[112,122,122,139,165,165,196,240,240,240,240,281,281,330,330,355,355],"floor_reached":16,"language":"ENG","playtime":784,"items_purged":[],"score":174,"play_id":"7fcdec38-f946-4285-a0a6-25068f9b1711","local_time":"20210226145822","is_ascension_mode":true,"campfire_choices":[{"data":"StSShapeShifter:EmbraceTheCycle","floor":13,"key":"SMITH"},{"data":"StSShapeShifter:BearForm","floor":15,"key":"SMITH"}],"circlet_count":0,"master_deck":["StSShapeShifter:ShapeShifter_Strike+1","StSShapeShifter:ShapeShifter_Strike","StSShapeShifter:ShapeShifter_Strike","StSShapeShifter:ShapeShifter_Strike","StSShapeShifter:ShapeShifter_Strike","StSShapeShifter:ShapeShifter_Defend","StSShapeShifter:ShapeShifter_Defend","StSShapeShifter:ShapeShifter_Defend","StSShapeShifter:ShapeShifter_Defend","StSShapeShifter:ShapeShifter_Defend","StSShapeShifter:Tortoise_Form","StSShapeShifter:Lynx_Form+1","StSShapeShifter:OakBlade","StSShapeShifter:MooseForm","StSShapeShifter:FoxForm+1","StSShapeShifter:FallingLeaves","StSShapeShifter:DeerForm","StSShapeShifter:EmbraceTheCycle+1","StSShapeShifter:ShiftingStrike","StSShapeShifter:BearForm+1"],"relics":["StSShapeShifter:AnimalHeart","StSShapeShifter:TheShapeShiftersMagnolia","Pen Nib","HollowMod:LifeEnderRelic","Golden Idol","PreservedInsect","Incense Burner"],"acts_visited":["Exordium"],"potions_floor_usage":[8,12,12,14,16],"damage_taken":[{"damage":0,"enemies":"Jaw Worm","floor":1,"turns":4},{"damage":0,"enemies":"Cultist","floor":2,"turns":3},{"damage":0,"enemies":"2 Louse","floor":4,"turns":3},{"damage":2,"enemies":"Looter","floor":5,"turns":4},{"damage":2,"enemies":"Large Slime","floor":7,"turns":7},{"damage":42,"enemies":"Lagavulin","floor":8,"turns":12},{"damage":5,"enemies":"3 Sentries","floor":12,"turns":7},{"damage":0,"enemies":"Lagavulin","floor":14,"turns":5},{"damage":29,"enemies":"Hexaghost","floor":16,"turns":13}],"seed_played":"-6392150821489084555","potions_obtained":[{"floor":2,"key":"SkillPotion"},{"floor":3,"key":"DuplicationPotion"},{"floor":3,"key":"Explosive Potion"},{"floor":12,"key":"Regen Potion"},{"floor":14,"key":"SpeedPotion"}],"is_trial":false,"path_per_floor":["M","M","?","M","M","?","M","E","T","?","?","E","R","E","R","B"],"character_chosen":"SHAPESHIFTER","items_purchased":[],"campfire_rested":0,"item_purchase_floors":[],"current_hp_per_floor":[78,78,78,78,76,76,74,32,32,32,18,13,13,27,27,0,0],"gold":355,"neow_bonus":"UPGRADE_CARD","is_daily":false,"chose_seed":false,"campfire_upgraded":2,"win_rate":0.0,"timestamp":1614344302,"path_taken":["M","M","?","?","M","?","M","E","T","?","?","E","R","E","R","BOSS"],"items_purchased_type":[],"build_version":"2020-12-22","purchased_purges":0,"victory":false,"max_hp_per_floor":[78,78,78,78,78,78,78,78,78,72,72,72,72,72,72,72,72],"card_choices":[{"not_picked":["StSShapeShifter:PoisonIvy","StSShapeShifter:Guard"],"picked":"StSShapeShifter:OakBlade","floor":1},{"not_picked":["StSShapeShifter:SquirrelForm","StSShapeShifter:Roar"],"picked":"StSShapeShifter:MooseForm","floor":2},{"not_picked":["StSShapeShifter:Sapling","StSShapeShifter:VineHandcuffs"],"picked":"StSShapeShifter:FoxForm","floor":4},{"not_picked":["StSShapeShifter:ThrashAbout","StSShapeShifter:SquirrelForm"],"picked":"StSShapeShifter:FallingLeaves","floor":5},{"not_picked":["StSShapeShifter:Guard","StSShapeShifter:Flourish"],"picked":"StSShapeShifter:DeerForm","floor":7},{"not_picked":["StSShapeShifter:RatForm","StSShapeShifter:EagleForm"],"picked":"StSShapeShifter:EmbraceTheCycle","floor":8},{"not_picked":["StSShapeShifter:Guard","StSShapeShifter:OpportuneSwoop"],"picked":"StSShapeShifter:ShiftingStrike","floor":12},{"not_picked":["StSShapeShifter:Guard","StSShapeShifter:HippoForm"],"picked":"StSShapeShifter:BearForm","floor":14}],"player_experience":3183517,"relics_obtained":[{"floor":8,"key":"Pen Nib"},{"floor":9,"key":"HollowMod:LifeEnderRelic"},{"floor":12,"key":"PreservedInsect"},{"floor":14,"key":"Incense Burner"}],"event_choices":[{"damage_healed":0,"gold_gain":0,"player_choice":"Got Potions","damage_taken":0,"max_hp_gain":0,"max_hp_loss":0,"event_name":"Lab","floor":3,"gold_loss":0},{"damage_healed":0,"gold_gain":0,"player_choice":"Ignored","damage_taken":0,"max_hp_gain":0,"max_hp_loss":0,"event_name":"Liars Game","floor":6,"gold_loss":0},{"damage_healed":0,"gold_gain":0,"player_choice":"Lose Max HP","damage_taken":0,"relics_obtained":["Golden Idol"],"max_hp_gain":0,"max_hp_loss":6,"event_name":"Golden Idol","floor":10,"gold_loss":0},{"damage_healed":0,"gold_gain":0,"player_choice":"Entered Light","damage_taken":14,"max_hp_gain":0,"max_hp_loss":0,"event_name":"Shining Light","floor":11,"gold_loss":0,"cards_upgraded":["StSShapeShifter:FoxForm","StSShapeShifter:ShapeShifter_Strike"]}],"is_beta":false,"boss_relics":[],"items_purged_floors":[],"is_endless":false,"potions_floor_spawned":[2,7,12,14],"killed_by":"Hexaghost","ascension_level":4}}