{"host":"Garrett","time":1614304084,"event":{"mods":["AchievementEnabler","BaseMod","Hubris","Minty Spire (QoL Compilation)","Permanent Neow","Replay The Spire","StSLib","The Disciple","The Mystic"],"gold_per_floor":[118,68,68,80,94,94,110,130,130,130,181,198,218,235,235,336,336,355,355,280,300,315,349,93,93,93,93,118,137,137,157,157,262,262,276,276,288,288],"floor_reached":37,"language":"ENG","playtime":2077,"items_purged":["Strike_P"],"score":383,"play_id":"eaadf490-67f2-4ead-956b-448814b55fd1","local_time":"20210225194804","is_ascension_mode":false,"campfire_choices":[{"floor":6,"key":"REST"},{"data":"Alpha","floor":15,"key":"SMITH"},{"floor":25,"key":"REST"},{"floor":27,"key":"REST"},{"floor":30,"key":"REST"},{"floor":32,"key":"REST"}],"circlet_count":0,"master_deck":["Strike_P","Strike_P+1","Defend_P+1","Defend_P+1","Defend_P+1","Eruption+1","Vigilance+1","LessonLearned+1","FollowUp","PathToVictory+1","PathToVictory","LikeWater","Protect+1","Replay:AtTheReady+1","Alpha+1","SpiritShield","Protect","ThirdEye","DeceiveReality","PathToVictory","SpiritShield"],"relics":["PureWater","MawBank"],"acts_visited":["Exordium","TheCity","TheBeyond"],"potions_floor_usage":[14,22,22,23,33,33,33],"damage_taken":[{"damage":0,"enemies":"Small Slimes","floor":1,"turns":3},{"damage":0,"enemies":"2 Louse","floor":4,"turns":2},{"damage":0,"enemies":"Jaw Worm","floor":5,"turns":1},{"damage":5,"enemies":"Looter","floor":7,"turns":5},{"damage":0,"enemies":"Blue Slaver","floor":8,"turns":4},{"damage":13,"enemies":"Red Slaver","floor":12,"turns":6},{"damage":0,"enemies":"Looter","floor":13,"turns":4},{"damage":3,"enemies":"Large Slime","floor":14,"turns":7},{"damage":36,"enemies":"Hexaghost","floor":16,"turns":9},{"damage":15,"enemies":"3 Byrds","floor":18,"turns":10},{"damage":0,"enemies":"Chosen","floor":21,"turns":7},{"damage":6,"enemies":"3 Cultists","floor":22,"turns":3},{"damage":42,"enemies":"Slavers","floor":23,"turns":4},{"damage":23,"enemies":"Cultist and Chosen","floor":29,"turns":5},{"damage":9,"enemies":"Snake Plant","floor":31,"turns":5},{"damage":20,"enemies":"hubris:MusketHawk","floor":33,"turns":7},{"damage":9,"enemies":"3 Darklings","floor":35,"turns":6},{"damage":0,"enemies":"3 Shapes","floor":37,"turns":1}],"seed_played":"-4650360496814779344","potions_obtained":[{"floor":1,"key":"BlessingOfTheForge"},{"floor":4,"key":"Elixir"},{"floor":7,"key":"Toxic Potion"},{"floor":18,"key":"Swift Potion"},{"floor":21,"key":"PowerPotion"},{"floor":29,"key":"Energy Potion"},{"floor":31,"key":"PowerPotion"},{"floor":35,"key":"LiquidBronze"}],"is_trial":false,"path_per_floor":["M","?","?","M","M","R","M","M","T","?","T","M","M","M","R","B",null,"M","?","?","M","M","E","$","R","T","R","T","M","R","M","R","B",null,"M","?","M"],"character_chosen":"WATCHER","items_purchased":["ThirdEye","DeceiveReality","PowerPotion"],"campfire_rested":5,"item_purchase_floors":[24,24,24],"current_hp_per_floor":[51,51,44,44,44,65,60,60,60,72,72,59,59,56,56,20,72,57,57,57,57,51,9,9,29,29,49,49,26,46,37,57,37,69,60,60,60,60],"gold":288,"neow_bonus":"THREE_RARE_CARDS","is_daily":false,"chose_seed":false,"campfire_upgraded":1,"win_rate":0.0,"timestamp":1614304084,"path_taken":["M","?","?","M","M","R","M","M","T","?","?","M","?","M","R","BOSS","M","?","?","M","M","E","$","R","T","R","?","?","R","M","R","BOSS","M","?","M"],"items_purchased_type":["Card","Card","Potion"],"build_version":"2020-12-18","purchased_purges":1,"victory":false,"max_hp_per_floor":[72,72,72,72,72,72,72,72,72,72,72,72,72,72,72,72,72,72,72,69,69,69,69,69,69,69,69,69,69,69,69,69,69,69,69,69,69,69],"card_choices":[{"not_picked":["Replay:LoomingThreat","Blasphemy"],"picked":"LessonLearned","floor":0},{"not_picked":["LikeWater","Crescendo"],"picked":"FollowUp","floor":1},{"not_picked":["Swivel","ForeignInfluence"],"picked":"PathToVictory","floor":4},{"not_picked":["Collect","BowlingBash"],"picked":"PathToVictory","floor":5},{"not_picked":["CrushJoints","Weave"],"picked":"LikeWater","floor":7},{"not_picked":["ThirdEye","Halt"],"picked":"Protect","floor":8},{"not_picked":["Replay:Battleflow","CutThroughFate","Adaptation"],"picked":"SKIP","floor":12},{"not_picked":["BattleHymn","CutThroughFate"],"picked":"Replay:AtTheReady","floor":13},{"not_picked":["EmptyFist","Crescendo"],"picked":"Alpha","floor":14},{"not_picked":["Scrawl","DeusExMachina"],"picked":"SpiritShield","floor":16},{"not_picked":["FollowUp","EmptyFist"],"picked":"Protect","floor":18},{"not_picked":["BowlingBash","Replay:DivineShield","FlyingSleeves"],"picked":"SKIP","floor":21},{"not_picked":["Indignation+1","SandsOfTime","Replay:ManipulateFuture"],"picked":"SKIP","floor":22},{"not_picked":["EmptyBody","FlyingSleeves","Study"],"picked":"SKIP","floor":23},{"not_picked":["Brilliance","CutThroughFate+1"],"picked":"PathToVictory","floor":29},{"not_picked":["Vengeance","Crescendo","Replay:ManipulateFuture+1"],"picked":"SKIP","floor":31},{"not_picked":["Establishment","Omniscience"],"picked":"SpiritShield","floor":33},{"not_picked":["Crescendo","FearNoEvil","Replay:ManipulateFuture"],"picked":"SKIP","floor":35}],"player_experience":819395,"relics_obtained":[],"event_choices":[{"cards_removed":["Defend_P"],"damage_healed":0,"gold_gain":0,"player_choice":"Card Removal","damage_taken":0,"max_hp_gain":0,"max_hp_loss":0,"event_name":"The Cleric","floor":2,"gold_loss":50},{"cards_removed":["Strike_P"],"damage_healed":0,"gold_gain":0,"player_choice":"Card Removal","damage_taken":7,"max_hp_gain":0,"max_hp_loss":0,"event_name":"Golden Wing","floor":3,"gold_loss":0},{"damage_healed":18,"gold_gain":0,"player_choice":"Healed and dodged fight","damage_taken":0,"max_hp_gain":0,"max_hp_loss":0,"event_name":"Mushrooms","floor":10,"gold_loss":0,"cards_obtained":["Parasite"]},{"damage_healed":0,"gold_gain":0,"player_choice":"Ignored","damage_taken":0,"max_hp_gain":0,"max_hp_loss":0,"event_name":"Ghosts","floor":19,"gold_loss":0},{"cards_removed":["Parasite"],"damage_healed":0,"gold_gain":0,"player_choice":"Gave Gold","damage_taken":0,"max_hp_gain":0,"max_hp_loss":0,"event_name":"Beggar","floor":20,"gold_loss":75},{"damage_healed":0,"gold_gain":0,"player_choice":"Gave Potion","damage_taken":0,"relics_obtained":["MawBank"],"max_hp_gain":0,"max_hp_loss":0,"event_name":"WeMeetAgain","floor":36,"gold_loss":0}],"is_beta":true,"boss_relics":[{"not_picked":["Runic Pyramid","SacredBark","Replay:Wanted Poster"]},{"not_picked":["Fusion Hammer","Black Star","hubris:ScarierMask"]}],"items_purged_floors":[24],"is_endless":false,"potions_floor_spawned":[1,4,7,18,21,29,31,35],"killed_by":"3 Shapes","ascension_level":0}}