{"host":"pzi5ngddyemmtlbx","time":1614342699,"event":{"mods":["AchievementEnabler","BaseMod","Googly Eyes","Highlight Path","Minty Spire (QoL Compilation)","Permanent Neow"],"gold_per_floor":[111,111,111,124,124,124,137,60,85,104,104,129,147,167,167,167,167],"floor_reached":16,"language":"ENG","playtime":459,"items_purged":[],"score":146,"play_id":"6f56ebb1-9e76-4f84-b202-7490bcc73527","local_time":"20210226073139","is_ascension_mode":true,"campfire_choices":[{"data":"Backflip","floor":6,"key":"SMITH"},{"data":"Burst","floor":11,"key":"SMITH"},{"data":"Noxious Fumes","floor":15,"key":"SMITH"}],"circlet_count":0,"master_deck":["AscendersBane","Strike_G","Strike_G","Strike_G","Strike_G","Strike_G","Defend_G","Defend_G","Defend_G","Defend_G","Defend_G","Survivor","Neutralize","Dagger Spray+1","Backflip+1","Noxious Fumes+1","Caltrops","Burst+1","Escape Plan"],"relics":["Coffee Dripper","Golden Idol"],"acts_visited":["Exordium"],"potions_floor_usage":[16,16],"damage_taken":[{"damage":11,"enemies":"Jaw Worm","floor":1,"turns":6},{"damage":3,"enemies":"Small Slimes","floor":4,"turns":2},{"damage":0,"enemies":"2 Louse","floor":7,"turns":2},{"damage":3,"enemies":"Looter","floor":10,"turns":4},{"damage":0,"enemies":"Lots of Slimes","floor":12,"turns":2},{"damage":9,"enemies":"Blue Slaver","floor":13,"turns":4},{"damage":6,"enemies":"3 Louse","floor":14,"turns":1},{"damage":24,"enemies":"Slime Boss","floor":16,"turns":3}],"seed_played":"-2199017592791448837","potions_obtained":[{"floor":1,"key":"EssenceOfSteel"},{"floor":13,"key":"LiquidBronze"},{"floor":14,"key":"Explosive Potion"}],"is_trial":false,"path_per_floor":["M","?","?","M","?","R","M","$","T","M","R","M","M","M","R","B"],"character_chosen":"THE_SILENT","items_purchased":["Caltrops"],"campfire_rested":0,"item_purchase_floors":[8],"current_hp_per_floor":[52,35,35,32,37,37,37,37,37,34,34,34,25,19,19,0,0],"gold":167,"neow_bonus":"BOSS_RELIC","is_daily":false,"chose_seed":false,"campfire_upgraded":3,"win_rate":0.0,"timestamp":1614342699,"path_taken":["M","?","?","M","?","R","M","$","T","?","R","M","M","M","R","BOSS"],"items_purchased_type":["Card"],"build_version":"2020-12-22","purchased_purges":0,"victory":false,"max_hp_per_floor":[70,70,70,70,75,75,75,75,75,75,75,75,75,75,75,75,75],"card_choices":[{"not_picked":["Crippling Poison","Quick Slash"],"picked":"Dagger Spray","floor":1},{"not_picked":["Slice","Bouncing Flask"],"picked":"Backflip","floor":4},{"not_picked":["Dagger Throw","Blade Dance"],"picked":"Noxious Fumes","floor":7},{"not_picked":["Bane","Dagger Spray"],"picked":"Burst","floor":10},{"not_picked":["Acrobatics","Poisoned Stab"],"picked":"Escape Plan","floor":12},{"not_picked":["Masterful Stab","Outmaneuver","Dash"],"picked":"SKIP","floor":13},{"not_picked":["Sucker Punch","Choke","Masterful Stab"],"picked":"SKIP","floor":14}],"player_experience":565416,"relics_obtained":[],"event_choices":[{"damage_healed":0,"gold_gain":0,"player_choice":"Take Damage","damage_taken":17,"relics_obtained":["Golden Idol"],"max_hp_gain":0,"max_hp_loss":0,"event_name":"Golden Idol","floor":2,"gold_loss":0},{"damage_healed":0,"gold_gain":0,"player_choice":"Grow","damage_taken":0,"max_hp_gain":0,"max_hp_loss":0,"event_name":"Living Wall","floor":3,"gold_loss":0,"cards_upgraded":["Dagger Spray"]},{"damage_healed":0,"gold_gain":0,"player_choice":"Donut","damage_taken":0,"max_hp_gain":5,"max_hp_loss":0,"event_name":"Big Fish","floor":5,"gold_loss":0}],"is_beta":false,"boss_relics":[],"items_purged_floors":[],"is_endless":false,"potions_floor_spawned":[1,13,14],"killed_by":"Slime Boss","ascension_level":11}}