{"host":"ylc7rmysbrk5cxws","time":1614356008,"event":{"mods":["100% Spire Juice","ATMod(°¢èªMod)","Act Like it!","Arknights","BaseMod","Friendly Minions","Gensokyo","Koishi","Minty Spire (QoL Compilation)","Spicy Shops","StSLib","The Animator","The Construct","UnlockEverythingMod","Waifu the Spire","noobMod","¡¾¹¦ÄÜMod¡¿»ìãçÖ®»·ÐÞ¸´²¹¶¡"],"gold_per_floor":[119,119,160,179,211,243,243,173,173,185,113,125,125,125,125,220,220,257,257,268,278,294,326,339,339,387,387,387,387],"floor_reached":28,"language":"ZHS","playtime":2462,"items_purged":[],"score":300,"play_id":"87bba44c-bdfb-456c-9511-db0810e6cc37","local_time":"20210227001328","is_ascension_mode":false,"campfire_choices":[{"data":"animator:Yuuichirou","floor":13.0,"key":"SMITH"},{"floor":15.0,"key":"RECALL"},{"data":"animator:HiiragiShinya","floor":25,"key":"SMITH"},{"data":"animator:CrowleyEusford","floor":27,"key":"SMITH"}],"circlet_count":0,"master_deck":["animator:Strike_OwariNoSeraph+1","animator:Defend_OwariNoSeraph","animator:Strike","animator:Strike","animator:Strike","animator:Defend","animator:Defend","animator:Defend","animator:Shinoa","animator:Mikaela","AT_ShadowStep","animator:DolaSchwi","animator:Mitsuba","animator:KrulTepes+1","animator:Yuuichirou+1","animator:Yoichi","animator:DolaSchwi","animator:Yuuichirou","animator:Saber","animator:Shigure","animator:CrowleyEusford+1","animator:HiiragiShinya+1"],"relics":["animator:LivingPicture","animator:TheMissingPiece","AT_ATBox","ice","Gensokyo:CelestialsFlawlessClothing","Tiny Chest","Blood Vial","Gremlin Horn","construct:FoamFinger","animator:HolyGrailRelic","PreservedInsect","Vajra"],"acts_visited":["Gensokyo:Gensokyo","Gensokyo:Gensokyoer"],"potions_floor_usage":[],"damage_taken":[{"damage":6.0,"enemies":"Gensokyo:Gryphon","floor":1.0,"turns":4.0},{"damage":8.0,"enemies":"Gensokyo:Mamizou","floor":3.0,"turns":9.0},{"damage":0.0,"enemies":"Gensokyo:Python","floor":4.0,"turns":4.0},{"damage":0.0,"enemies":"Gensokyo:3_Fairies","floor":5.0,"turns":5.0},{"damage":13.0,"enemies":"Gensokyo:Mamizou","floor":6.0,"turns":8.0},{"damage":5.0,"enemies":"Gensokyo:2_Rabbits","floor":10.0,"turns":5.0},{"damage":9.0,"enemies":"Gensokyo:Python_and_Kodama","floor":12.0,"turns":6.0},{"damage":76.0,"enemies":"Gensokyo:Reimu","floor":16.0,"turns":12.0},{"damage":35.0,"enemies":"Gensokyo:3_Dogs","floor":18.0,"turns":6.0},{"damage":34.0,"enemies":"Gensokyo:2_Gloops","floor":20.0,"turns":5.0},{"damage":53.0,"enemies":"Gensokyo:Monolith_and_Dog","floor":21.0,"turns":6.0},{"damage":13.0,"enemies":"Gensokyo:Slime_Group","floor":22.0,"turns":3.0},{"damage":75,"enemies":"Gensokyo:Koishi","floor":23,"turns":7},{"damage":38,"enemies":"Gensokyo:3_Gloops","floor":24,"turns":5},{"damage":0,"enemies":"Gensokyo:Monolith_and_Dog","floor":28,"turns":1}],"seed_played":"-7335518426567544944","potions_obtained":[{"floor":0.0,"key":"animator:FalseLifePotion"},{"floor":0.0,"key":"SneckoOil"},{"floor":0.0,"key":"AttackPotion"}],"is_trial":false,"path_per_floor":["M","?","?","M","M","E","COS","?","T","M","$","M","R","T","R","B",null,"M","$","M","M","M","E","M","R","T","R","M"],"character_chosen":"THE_ANIMATOR","items_purchased":["animator:Yuuichirou"],"campfire_rested":0,"item_purchase_floors":[11],"current_hp_per_floor":[66,66,66,67,67,68,68,68,68,68,68,68,68,68,68,68,76,73,73,41,66,55,63,29,29,29,29,31,31],"gold":387,"neow_bonus":"THREE_SMALL_POTIONS","is_daily":false,"chose_seed":false,"campfire_upgraded":3,"win_rate":0.0,"timestamp":1614356008,"path_taken":["M","?","?","M","M","E","COS","?","T","?","?","M","R","?","R","BOSS","M","$","M","M","?","E","M","R","T","R","M"],"items_purchased_type":["Card"],"build_version":"2020-12-22","purchased_purges":0,"victory":false,"max_hp_per_floor":[66,66,66,67,67,68,68,68,68,68,68,68,68,68,68,68,76,73,73,75,79,79,85,90,90,90,90,90,90],"card_choices":[{"not_picked":["animator:Shuna","animator:GazelDwargon"],"picked":"animator:DolaSchwi","floor":1.0},{"not_picked":["animator:Rena","animator:SilverFang"],"picked":"animator:Mitsuba","floor":3.0},{"not_picked":["animator:Cocytus","animator:DolaCouronne"],"picked":"animator:KrulTepes","floor":4.0},{"not_picked":["animator:HiiragiShinya","animator:KrulTepes"],"picked":"animator:Yuuichirou","floor":5.0},{"not_picked":["animator:Sora","animator:MumenRider"],"picked":"animator:Yoichi","floor":6.0},{"not_picked":["animator:DolaCouronne","animator:Millim"],"picked":"animator:DolaSchwi","floor":10.0},{"not_picked":["animator:FielNirvalen","animator:Laby","animator:DolaRiku"],"picked":"SKIP","floor":12.0},{"not_picked":["animator:Gilgamesh","animator:Sora"],"picked":"animator:Saber","floor":16.0},{"not_picked":["animator:Yoichi","animator:Mitsuba"],"picked":"animator:Shigure","floor":18.0},{"not_picked":["animator:Benimaru","animator:Lancer","animator:DolaCouronne"],"picked":"SKIP","floor":20.0},{"not_picked":["animator:Raven","animator:Rider","animator:Elsword"],"picked":"SKIP","floor":21.0},{"not_picked":["animator:Boros","animator:Rena","animator:Mikaela+1"],"picked":"SKIP","floor":22.0},{"not_picked":["animator:Yoichi","animator:Mitsuba"],"picked":"animator:CrowleyEusford","floor":23},{"not_picked":["animator:DolaRiku","animator:Souei"],"picked":"animator:HiiragiShinya","floor":24}],"player_experience":86409,"relics_obtained":[{"floor":3.0,"key":"Tiny Chest"},{"floor":6.0,"key":"Blood Vial"},{"floor":6.0,"key":"Gremlin Horn"},{"floor":14.0,"key":"construct:FoamFinger"},{"floor":23,"key":"PreservedInsect"},{"floor":26,"key":"Vajra"}],"event_choices":[],"is_beta":false,"boss_relics":[{"not_picked":["animator:RacePiece","SlaversCollar"],"picked":"animator:HolyGrailRelic"}],"items_purged_floors":[],"is_endless":false,"potions_floor_spawned":[1,5,6,21,22,23],"killed_by":"Gensokyo:Monolith_and_Dog","ascension_level":0}}