{"host":"5ueuk67tsx07ylcu","time":1614377443,"event":{"mods":["Act Like it!","BaseMod","Colored Map","Colored Powertips","Downfall","Duelist Mod","GifTheSpireLib","GungeonMod","Hallownest","Hermit","Infinite Spire","Library of Ruina","Lobotomy","Minty Spire (QoL Compilation)","Reliquary","Ruina","StSLib","The Animator"],"gold_per_floor":[117,117,137,38,38,38,63,63,141,159,159,178,178,189,189,189,189],"floor_reached":16,"language":"ENG","playtime":802,"items_purged":["Strike_B"],"score":110,"play_id":"afc0f8ab-a5ac-4e32-86e2-f3a54d5d8724","local_time":"20210226171043","is_ascension_mode":true,"campfire_choices":[{"floor":6,"key":"RECALL"},{"data":"Dualcast","floor":8,"key":"SMITH"},{"data":"Electrodynamics","floor":15,"key":"SMITH"}],"circlet_count":0,"master_deck":["Strike_B","Strike_B","Defend_B","Defend_B","Defend_B","Defend_B","Zap","Dualcast+1","Gash","Skim","Leap","Chill","Decay","Electrodynamics+1"],"relics":["Cracked Core","PageOfSpiderBud","FossilizedHelix"],"acts_visited":["Exordium"],"potions_floor_usage":[7,16],"damage_taken":[{"damage":1,"enemies":"Cultist","floor":1,"turns":3},{"damage":1,"enemies":"Jaw Worm","floor":3,"turns":3},{"damage":25,"enemies":"3 Sentries","floor":7,"turns":10},{"damage":0,"enemies":"Small Slimes","floor":10,"turns":3},{"damage":0,"enemies":"2 Fungi Beasts","floor":12,"turns":5},{"damage":0,"enemies":"Red Slaver","floor":14,"turns":3},{"damage":49,"enemies":"Hexaghost","floor":16,"turns":11}],"seed_played":"-5394702306813153538","potions_obtained":[{"floor":1,"key":"FocusPotion"},{"floor":3,"key":"SteroidPotion"},{"floor":14,"key":"GamblersBrew"}],"is_trial":false,"path_per_floor":["M","?","M","$","?","R","E","R","T","M","?","M","?","M","R","B"],"character_chosen":"DEFECT","items_purchased":["Leap"],"campfire_rested":0,"item_purchase_floors":[4],"current_hp_per_floor":[74,74,73,73,73,73,48,48,48,48,48,48,48,48,48,0,0],"gold":189,"neow_bonus":"REMOVE_CARD","is_daily":false,"chose_seed":false,"campfire_upgraded":2,"win_rate":0.0,"timestamp":1614377443,"path_taken":["M","?","M","$","?","R","E","R","T","?","?","M","?","M","R","BOSS"],"items_purchased_type":["Card"],"build_version":"2020-12-22","purchased_purges":1,"victory":false,"max_hp_per_floor":[75,75,75,75,75,75,75,75,75,75,75,75,75,75,75,75,75],"card_choices":[{"not_picked":["Darkness","Turbo"],"picked":"Gash","floor":1},{"not_picked":["Fission","Streamline"],"picked":"Skim","floor":3},{"not_picked":["Coolheaded","Double Energy","Compile Driver"],"picked":"SKIP","floor":7},{"not_picked":["Capacitor","Cold Snap"],"picked":"Chill","floor":10},{"not_picked":["Hologram","Conserve Battery","Force Field"],"picked":"SKIP","floor":12},{"not_picked":["Heatsinks","Compile Driver"],"picked":"Electrodynamics","floor":14}],"player_experience":356379,"relics_obtained":[{"floor":7,"key":"FossilizedHelix"}],"event_choices":[{"damage_healed":0,"gold_gain":0,"player_choice":"Gave Potion","damage_taken":0,"relics_obtained":["PageOfSpiderBud"],"max_hp_gain":0,"max_hp_loss":0,"event_name":"WeMeetAgain","floor":5,"gold_loss":0},{"damage_healed":0,"gold_gain":0,"player_choice":"Ignored","damage_taken":0,"max_hp_gain":0,"max_hp_loss":0,"event_name":"Liars Game","floor":11,"gold_loss":0},{"damage_healed":0,"gold_gain":0,"player_choice":"Cursed","damage_taken":0,"max_hp_gain":0,"max_hp_loss":0,"event_name":"Wheel of Change","floor":13,"gold_loss":0,"cards_obtained":["Decay"]}],"is_beta":false,"boss_relics":[],"items_purged_floors":[4],"is_endless":false,"potions_floor_spawned":[1,3,14],"killed_by":"Hexaghost","ascension_level":2}}