{"host":"d9tpyi6mde8z2n96","time":1614373955,"event":{"mods":["100% Spire Juice","2.2 Compatiblity","A Penny For Your Troubles","AchievementEnabler","Act Like it!","AlwaysNeverKeys","Aspiration","BaseMod","Beaked The Cultist","Better Altar","Better Note","Bossed Relics","CapriCore","Challenge The Spire","Colored Map","Colored Powertips","Conspire","Dark Map","Defuse TimeMaze Blight","Dota2Spire","Elementarium","Energized Spire","Fox Events","Friendly Minions","Gensokyo","GifTheSpireLib","Gold Saver","Halation","Hermit","HololiveMod","Hubris","Hyrulean Relics","Infinite Spire","Jess\u0027s Bottle","Jorbs\u0027s Wanderer Trilogy","Library of Ruina","Library of Ruina Extra","Marisa????????","Melee Mod","Minty Spire (QoL Compilation)","MostiFishMod","Pale of the Ancients","Permanent Neow","Potionbrewer","Quick Restart","Railgun Mod","Reimu??????","Reliquary","Replay The Spire","Robot Space Explorer","Ruina","RumiaBox-????????","Shop Mod","Spikes Relics","StS++","StSLib","SuperFastMode","TestMod","The Alterego","The Animator","The Blue Laboratory","The Cursed","The Death Knight","The Fake Hero","The Gatherer","The Jungle","The Marked","The Servant 0.9.4","The Spell Scribe","Trackpad","Transform Curses","Uncapped","Virulent Crown","Waifu the Spire","Wandering Minibosses","WarShipGirlsR/????R mod","Wide Potions","Yakumo Yukari mod"],"gold_per_floor":[3116,3116,3128,3078,3059,3059,3059],"floor_reached":6,"language":"ENG","playtime":616,"items_purged":[],"score":88,"play_id":"0392f17b-9930-4bf8-b10d-0b77a342d6a1","local_time":"20210226161235","is_ascension_mode":true,"campfire_choices":[],"circlet_count":0,"master_deck":["conspire:GhostlyStrike","conspire:GhostlyStrike","conspire:GhostlyStrike","conspire:GhostlyStrike","conspire:GhostlyDefend","conspire:GhostlyDefend","conspire:GhostlyDefend","conspire:GhostlyDefend","alterego_mod:Impale","alterego_mod:BigMeatyClaws","alterego_mod:BrynhildrsRune","alterego_mod:Lift","alterego_mod:GoddessCore","alterego_mod:Stockings","alterego_mod:GoddessCore","alterego_mod:Swimsuit","alterego_mod:Bloomers","alterego_mod:GachaTicket","alterego_mod:Lingerie","alterego_mod:InsideBaseball","alterego_mod:Valentines"],"relics":["alterego_mod:MasochisticConstitution","testmod-TestBox","DaveBox","testmod-BatchProcessingSystem","EGODaCapo","SynthV:TestCard"],"acts_visited":["Exordium"],"potions_floor_usage":[],"damage_taken":[{"damage":3,"enemies":"2 Louse","floor":1,"turns":5},{"damage":9,"enemies":"conspire:RoseBush","floor":3,"turns":6},{"damage":54,"enemies":"infinitespire:Voidling","floor":5,"turns":6},{"damage":14,"enemies":"Replay:BlueRogue","floor":6,"turns":3}],"seed_played":"-5487312025316885915","potions_obtained":[{"floor":3,"key":"potionbrewer:CleansingPotion"}],"is_trial":false,"path_per_floor":["M","?","M","?","M","E"],"character_chosen":"The_Alterego","items_purchased":[],"campfire_rested":0,"item_purchase_floors":[],"current_hp_per_floor":[71,71,63,63,10,0,0],"gold":3059,"neow_bonus":"ONE_RANDOM_RARE_CARD","is_daily":false,"chose_seed":false,"campfire_upgraded":0,"win_rate":0.0,"timestamp":1614373955,"path_taken":["M","?","M","?","M","E"],"items_purchased_type":[],"build_version":"2020-12-22","purchased_purges":0,"victory":false,"max_hp_per_floor":[71,71,72,72,73,73,73],"card_choices":[{"not_picked":["alterego_mod:SuperDuperMasochism","alterego_mod:Lingerie"],"picked":"alterego_mod:GoddessCore","floor":1},{"not_picked":["alterego_mod:TrashNCrash","alterego_mod:DeftHands","alterego_mod:DiscoLights","alterego_mod:PerceptionDisorder"],"picked":"alterego_mod:Stockings","floor":3},{"not_picked":[],"picked":"alterego_mod:GoddessCore","floor":4},{"not_picked":[],"picked":"alterego_mod:Swimsuit","floor":4},{"not_picked":[],"picked":"alterego_mod:Bloomers","floor":4},{"not_picked":[],"picked":"alterego_mod:GachaTicket","floor":4},{"not_picked":[],"picked":"alterego_mod:Lingerie","floor":4},{"not_picked":[],"picked":"alterego_mod:InsideBaseball","floor":4},{"not_picked":["alterego_mod:Skirt","alterego_mod:AlterEgo","alterego_mod:GachaTicket","alterego_mod:DeftHands"],"picked":"alterego_mod:Valentines","floor":5}],"player_experience":1142847,"relics_obtained":[{"floor":1,"key":"SynthV:TestCard"}],"event_choices":[{"damage_healed":0,"gold_gain":0,"player_choice":"Agree","damage_taken":0,"max_hp_gain":0,"max_hp_loss":0,"event_name":"conspire:LoneGhost","floor":2,"gold_loss":0}],"is_beta":false,"boss_relics":[],"items_purged_floors":[],"is_endless":false,"potions_floor_spawned":[3],"killed_by":"Replay:BlueRogue","ascension_level":1}}