{"host":"y087t2reloz9bi43","time":1614365744,"event":{"mods":["2.2 Compatiblity","AchievementEnabler","Aspiration","BaseMod","Bestiary","Better Note","Better Vampires","BetterRewards","ChefMod","Colored Map","Colored Powertips","Conspire","Downfall","GifTheSpireLib","Gold Saver","Halation","Hubris","Infinite Spire","Jedi Mod","Mimic Mod","Minty Spire (QoL Compilation)","Permanent Neow","Rare Cards Sparkle","Relic Stats","Reliquary","Replay The Spire","Shop Mod","StSLib","The Runesmith","The Servant 0.9.4","TheFirefly","Transform Curses","Uncapped","everything is the same but u backflip on backflip"],"gold_per_floor":[114,126,146,161,161,161,180,180,180,180,180],"floor_reached":10,"language":"ENG","playtime":517,"items_purged":[],"score":60,"play_id":"86b4857d-ac64-4ef8-a343-91a1f6a0c711","local_time":"20210226185544","is_ascension_mode":false,"campfire_choices":[{"data":"thefirefly:ArtillleryBeam","floor":6,"key":"SMITH"},{"data":"thefirefly:Kugelblitz","floor":8,"key":"SMITH"}],"circlet_count":0,"master_deck":["thefirefly:Strike","thefirefly:Strike","thefirefly:Strike","thefirefly:Defend","thefirefly:Defend","thefirefly:Defend","thefirefly:Defend","thefirefly:StealthMode","thefirefly:PhotonBlast","thefirefly:Distort","thefirefly:ArtillleryBeam+1","thefirefly:PotentAmmunition","thefirefly:Distort","thefirefly:Kugelblitz+1"],"relics":["thefirefly:StealthSystem","infinitespire:BottledMercury"],"acts_visited":["Exordium"],"potions_floor_usage":[],"damage_taken":[{"damage":13,"enemies":"Cultist","floor":1,"turns":6},{"damage":0,"enemies":"2 Louse","floor":2,"turns":2},{"damage":0,"enemies":"conspire:RoseBush","floor":3,"turns":4},{"damage":1,"enemies":"Lots of Slimes","floor":4,"turns":3},{"damage":0,"enemies":"3 Louse","floor":7,"turns":3},{"damage":43,"enemies":"Gremlin Nob","floor":10,"turns":4}],"seed_played":"-3607247166604162749","potions_obtained":[{"floor":3,"key":"Doom Potion"},{"floor":4,"key":"GamblersBrew"}],"is_trial":false,"path_per_floor":["M","M","M","M","?","R","M","R","T","E"],"character_chosen":"THE_FIREFLY","items_purchased":[],"campfire_rested":0,"item_purchase_floors":[],"current_hp_per_floor":[42,42,42,41,41,41,41,41,41,0,0],"gold":180,"neow_bonus":"THREE_CARDS","is_daily":false,"chose_seed":false,"campfire_upgraded":2,"win_rate":0.0,"timestamp":1614365744,"path_taken":["M","?","M","M","?","R","M","R","T","E"],"items_purchased_type":[],"build_version":"2020-12-22","purchased_purges":0,"victory":false,"max_hp_per_floor":[55,55,55,55,55,55,55,55,55,55,55],"relic_stats":{"counters":[6,22],"obtain_stats":[{"thefirefly:StealthSystem":0,"infinitespire:BottledMercury":9},{"thefirefly:StealthSystem":0,"infinitespire:BottledMercury":5},{"thefirefly:StealthSystem":0,"infinitespire:BottledMercury":18}]},"card_choices":[{"not_picked":["thefirefly:FlakCannon","thefirefly:InterceptingShot"],"picked":"thefirefly:Distort","floor":0},{"not_picked":["thefirefly:RollBack","thefirefly:Preload","thefirefly:QuantumTunneling"],"picked":"SKIP","floor":1},{"not_picked":["thefirefly:ShieldArray","thefirefly:Exile"],"picked":"thefirefly:ArtillleryBeam","floor":2},{"not_picked":["thefirefly:AutoTargeting","thefirefly:ShieldArray"],"picked":"thefirefly:PotentAmmunition","floor":3},{"not_picked":["thefirefly:MirrorShield","thefirefly:Ruminate"],"picked":"thefirefly:Distort","floor":4},{"not_picked":["thefirefly:EMP","thefirefly:Boost"],"picked":"thefirefly:Kugelblitz","floor":7}],"player_experience":382958,"relics_obtained":[{"floor":9,"key":"infinitespire:BottledMercury"}],"event_choices":[{"cards_removed":["thefirefly:Strike"],"damage_healed":0,"gold_gain":0,"player_choice":"Offered Basic","damage_taken":0,"max_hp_gain":0,"max_hp_loss":0,"event_name":"Bonfire Elementals","floor":5,"gold_loss":0}],"is_beta":false,"boss_relics":[],"items_purged_floors":[],"is_endless":false,"potions_floor_spawned":[3,4],"killed_by":"Gremlin Nob","ascension_level":0}}