{"host":"nsc6ozq3atyrdr3m","time":1614378238,"event":{"mods":["BaseMod","Colored Map","Minty Spire (QoL Compilation)"],"gold_per_floor":[116,181,181,112,135,135,161,161,187,187,206,206,3,103,103,199,199,216,232,232,250,250,281,292,311,336,316,231,231,264,276,276,380,380,397,397,397,407,420,420,0,25,25,60,34,34,47,47,47],"floor_reached":48,"language":"FRA","playtime":1282,"items_purged":[],"score":864,"play_id":"20eb0880-40eb-4ce1-bea0-1e8b8e70d185","local_time":"20210226232358","is_ascension_mode":true,"campfire_choices":[{"data":"Streamline","floor":6,"key":"SMITH"},{"floor":8,"key":"REST"},{"data":"Hologram","floor":12,"key":"SMITH"},{"data":"Static Discharge","floor":15,"key":"SMITH"},{"data":"Sunder","floor":32,"key":"SMITH"},{"data":"Meteor Strike","floor":40,"key":"SMITH"}],"circlet_count":0,"master_deck":["Zap","Dualcast","White Noise","Buffer","Stack","Streamline+1","Sunder+1","Meteor Strike","Doom and Gloom+1","BootSequence","Hologram+1","Forethought","Static Discharge+1","Doom and Gloom","Electrodynamics","Sunder+1","Conserve Battery","Glacier+1","Doom and Gloom","Steam+1","Meteor Strike+1","Creative AI","Streamline","Beam Cell","Darkness+1","Rainbow+1"],"relics":["Pandora\u0027s Box","Oddly Smooth Stone","Juzu Bracelet","Happy Flower","Membership Card","Snecko Eye","Toy Ornithopter","Strawberry","Toxic Egg 2","Shuriken","SacredBark","TheAbacus","Pear","Cables","Symbiotic Virus","Letter Opener","PreservedInsect"],"acts_visited":["Exordium","TheCity","TheBeyond"],"potions_floor_usage":[16,42,48],"damage_taken":[{"damage":0,"enemies":"Cultist","floor":1,"turns":3},{"damage":20,"enemies":"Gremlin Nob","floor":7,"turns":4},{"damage":0,"enemies":"2 Louse","floor":11,"turns":2},{"damage":0,"enemies":"Slime Boss","floor":16,"turns":4},{"damage":5,"enemies":"3 Byrds","floor":18,"turns":3},{"damage":0,"enemies":"Spheric Guardian","floor":19,"turns":2},{"damage":21,"enemies":"Shelled Parasite and Fungi","floor":21,"turns":3},{"damage":21,"enemies":"Book of Stabbing","floor":23,"turns":3},{"damage":0,"enemies":"Snecko","floor":24,"turns":3},{"damage":7,"enemies":"Chosen and Byrds","floor":25,"turns":3},{"damage":0,"enemies":"Gremlin Leader","floor":30,"turns":4},{"damage":0,"enemies":"3 Cultists","floor":31,"turns":2},{"damage":26,"enemies":"Champ","floor":33,"turns":7},{"damage":12,"enemies":"3 Darklings","floor":35,"turns":4},{"damage":0,"enemies":"Orb Walker","floor":38,"turns":3},{"damage":0,"enemies":"Sphere and 2 Shapes","floor":39,"turns":2},{"damage":40,"enemies":"Nemesis","floor":42,"turns":7},{"damage":28,"enemies":"Reptomancer","floor":44,"turns":4},{"damage":0,"enemies":"Spire Growth","floor":47,"turns":4},{"damage":60,"enemies":"Giant Head","floor":48,"turns":6}],"seed_played":"4397045736535894993","potions_obtained":[{"floor":1,"key":"AttackPotion"},{"floor":7,"key":"Fire Potion"},{"floor":19,"key":"BlessingOfTheForge"},{"floor":23,"key":"Dexterity Potion"},{"floor":24,"key":"LiquidBronze"},{"floor":25,"key":"Regen Potion"}],"is_trial":false,"path_per_floor":["M","?","?","$","T","R","E","R","T","?","M","R","$","?","R","B",null,"M","M","?","M","?","E","M","M","T","$","?","?","E","M","R","B",null,"M","?","?","M","M","R","$","E","T","E","$","?","M","E"],"character_chosen":"DEFECT","items_purchased":["BootSequence","Membership Card","Static Discharge","Doom and Gloom","Doom and Gloom","Creative AI","Streamline","Beam Cell","TheAbacus","Pear","Cables","SpeedPotion"],"campfire_rested":1,"item_purchase_floors":[4,13,13,13,27,41,41,41,41,41,41,45],"current_hp_per_floor":[68,68,53,53,53,53,33,55,55,55,55,55,55,55,55,55,70,65,65,65,44,49,28,28,21,28,28,28,55,55,55,55,29,69,57,57,57,57,57,57,67,66,66,38,38,38,38,0,0],"gold":47,"neow_bonus":"BOSS_RELIC","is_daily":false,"chose_seed":false,"campfire_upgraded":5,"win_rate":0.0,"timestamp":1614378238,"path_taken":["M","?","?","$","?","R","E","R","T","?","M","R","?","?","R","BOSS","M","M","?","M","?","E","M","M","T","$","?","?","E","M","R","BOSS","M","?","?","M","M","R","$","E","T","E","$","?","M","E"],"items_purchased_type":["Card","Relic","Card","Card","Card","Card","Card","Card","Relic","Relic","Relic","Potion"],"build_version":"2020-12-22","purchased_purges":0,"victory":false,"max_hp_per_floor":[75,75,75,75,75,75,75,75,75,75,75,75,75,75,75,75,75,75,75,75,75,75,75,75,75,82,82,82,82,82,82,82,82,82,82,82,82,82,82,82,92,92,92,92,92,92,92,92,92],"card_choices":[{"not_picked":["Ball Lightning","Conserve Battery"],"picked":"Doom and Gloom","floor":1},{"not_picked":["Fusion","Heatsinks"],"picked":"Hologram","floor":7},{"not_picked":["Go for the Eyes","Ball Lightning"],"picked":"Hologram","floor":11},{"not_picked":["Multi-Cast","Echo Form"],"picked":"Electrodynamics","floor":16},{"not_picked":["Go for the Eyes","Conserve Battery+1","Coolheaded"],"picked":"SKIP","floor":18},{"not_picked":["Conserve Battery","Barrage+1"],"picked":"Sunder","floor":19},{"not_picked":["Stack","Static Discharge"],"picked":"Conserve Battery","floor":21},{"not_picked":["Coolheaded","All For One","Leap"],"picked":"SKIP","floor":23},{"not_picked":["Sweeping Beam+1","Compile Driver+1","Tempest"],"picked":"SKIP","floor":24},{"not_picked":["Gash","Consume"],"picked":"Glacier+1","floor":25},{"not_picked":["Conserve Battery+1","Double Energy+1","Consume+1"],"picked":"SKIP","floor":30},{"not_picked":["Go for the Eyes+1","Ball Lightning"],"picked":"Steam+1","floor":31},{"not_picked":["Reboot+1","Amplify+1"],"picked":"Meteor Strike","floor":33},{"not_picked":["Steam+1","Chaos+1","Hologram+1"],"picked":"SKIP","floor":35},{"not_picked":["Steam+1","Ball Lightning+1","BootSequence+1"],"picked":"SKIP","floor":38},{"not_picked":["Stack+1","Gash","Sweeping Beam+1"],"picked":"SKIP","floor":39},{"not_picked":["Leap+1","Steam Power+1"],"picked":"Darkness+1","floor":42},{"not_picked":["Gash+1","Coolheaded+1"],"picked":"Rainbow+1","floor":44},{"not_picked":["Storm","Cold Snap+1","Hello World"],"picked":"SKIP","floor":47}],"player_experience":448267,"relics_obtained":[{"floor":5,"key":"Oddly Smooth Stone"},{"floor":7,"key":"Juzu Bracelet"},{"floor":9,"key":"Happy Flower"},{"floor":23,"key":"Toy Ornithopter"},{"floor":26,"key":"Strawberry"},{"floor":30,"key":"Shuriken"},{"floor":42,"key":"Symbiotic Virus"},{"floor":43,"key":"Letter Opener"},{"floor":44,"key":"PreservedInsect"}],"event_choices":[{"damage_healed":0,"gold_gain":65,"player_choice":"Gained Gold","damage_taken":0,"max_hp_gain":0,"max_hp_loss":0,"event_name":"Golden Wing","floor":2,"gold_loss":0},{"damage_healed":0,"gold_gain":0,"player_choice":"Entered Light","damage_taken":15,"max_hp_gain":0,"max_hp_loss":0,"event_name":"Shining Light","floor":3,"gold_loss":0,"cards_upgraded":["Doom and Gloom","Sunder"]},{"damage_healed":0,"gold_gain":0,"player_choice":"1 cards matched","damage_taken":0,"max_hp_gain":0,"max_hp_loss":0,"event_name":"Match and Keep!","floor":10,"gold_loss":0,"cards_obtained":["Forethought"]},{"damage_healed":0,"gold_gain":100,"player_choice":"Gold","damage_taken":0,"max_hp_gain":0,"max_hp_loss":0,"event_name":"Wheel of Change","floor":14,"gold_loss":0},{"damage_healed":0,"gold_gain":0,"player_choice":"Ignored","damage_taken":0,"max_hp_gain":0,"max_hp_loss":0,"event_name":"Beggar","floor":20,"gold_loss":0},{"cards_removed":["Hologram"],"damage_healed":5,"gold_gain":0,"player_choice":"Offered Common","damage_taken":0,"max_hp_gain":0,"max_hp_loss":0,"event_name":"Bonfire Elementals","floor":22,"gold_loss":0},{"cards_removed":["Hologram"],"damage_healed":5,"gold_gain":0,"player_choice":"Offered Special","damage_taken":0,"max_hp_gain":0,"max_hp_loss":0,"event_name":"Bonfire Elementals","floor":22,"gold_loss":0},{"damage_healed":0,"gold_gain":0,"player_choice":"Obtained Relic","damage_taken":0,"relics_obtained":["Toxic Egg 2"],"max_hp_gain":0,"max_hp_loss":0,"event_name":"Addict","floor":28,"gold_loss":85},{"damage_healed":27,"gold_gain":0,"player_choice":"Heal","damage_taken":0,"max_hp_gain":0,"max_hp_loss":0,"event_name":"The Library","floor":29,"gold_loss":0},{"damage_healed":0,"gold_gain":0,"player_choice":"Ignored","damage_taken":0,"max_hp_gain":0,"max_hp_loss":0,"event_name":"Tomb of Lord Red Mask","floor":36,"gold_loss":0},{"cards_removed":["Ball Lightning"],"damage_healed":0,"gold_gain":0,"player_choice":"Purged","damage_taken":0,"max_hp_gain":0,"max_hp_loss":0,"event_name":"Purifier","floor":37,"gold_loss":0},{"cards_removed":["Recycle"],"damage_healed":0,"gold_gain":0,"player_choice":"Removed Skill","damage_taken":0,"max_hp_gain":0,"max_hp_loss":0,"event_name":"Falling","floor":46,"gold_loss":0}],"is_beta":false,"boss_relics":[{"not_picked":["Nuclear Battery","Coffee Dripper"],"picked":"Snecko Eye"},{"not_picked":["Sozu","Cursed Key"],"picked":"SacredBark"}],"items_purged_floors":[],"is_endless":false,"potions_floor_spawned":[1,7,19,23,24,25,38,47],"killed_by":"Giant Head","ascension_level":8}}