{"host":"d7qmn60fs48wu5y6","time":1614300318,"event":{"mods":["BaseMod","Downfall","Marisa????????","Minty Spire (QoL Compilation)","Shade Mod","StSLib","The Bug Knight","The Cursed","The Necromancer","The Servant 0.9.4"],"gold_per_floor":[113,128,140,140,140,140,160,160,160,160,189,189,33,74,74,176,176,203,99,99,99,99,99,128,163,163,181,208,66,90,100,100,211,261,282,40,40,59,72,72,105,133,158,158,174,174,187,213,213,213,213,213,12,52,52,52],"floor_reached":55,"language":"ENG","playtime":4522,"items_purged":["Defend_W","Strike_W","Defend_W"],"score":815,"play_id":"04982bb8-076e-4daa-b60b-cfc7a8b69afb","local_time":"20210225164518","is_ascension_mode":true,"campfire_choices":[{"data":"Negative_Energy_Arrows","floor":6,"key":"SMITH"},{"data":"Bone_Wall","floor":8,"key":"SMITH"},{"data":"Slay_Living","floor":10,"key":"SMITH"},{"floor":12,"key":"REST"},{"floor":15,"key":"REST"},{"floor":23,"key":"RECALL"},{"data":"Bones_to_Steel","floor":32,"key":"SMITH"},{"floor":40,"key":"REST"},{"data":"Shade_Step","floor":44,"key":"SMITH"},{"data":"Summon_Lich","floor":49,"key":"SMITH"},{"data":"Negative_Energy_Shield","floor":52,"key":"SMITH"}],"circlet_count":0,"master_deck":["Strike_W","Strike_W","Defend_W","Defend_W+1","Negative_Energy_Arrows+1","Bone_Wall+1","Enlightenment","Bone_Prison","Slay_Living+1","Summon_Lich+1","Bone_Armory","Negative_Energy_Javelin","Bones_to_Steel+1","Bone_Armor+1","Summon_Vampire_Lady","Bone_Shift","Negative_Energy_Shield+1","Bone_Armory","Bone_Prison","Bone_Shift","Bone_Bullets+1","Grasp_Heart","Shade_Step+1","Bone_Armory","Bone_Armor","Shade_Step+1","Toxic_Smoke_Screen+1","Stop_Heart+1","Stop_Heart+1","Plague_Bolt+1"],"relics":["Vampire_Amulet","Kunai","CeramicFish","Velvet Choker","Blue Candle","Singing Bowl","Tiny House","Mummified Hand","Omamori","HollowMod:StagPassRelic","DollysMirror","Orichalcum"],"acts_visited":["Exordium","TheCity","TheBeyond","TheEnding"],"potions_floor_usage":[14,24,28,31,38,38,39,48,50,54],"damage_taken":[{"damage":5,"enemies":"Cultist","floor":1,"turns":4},{"damage":2,"enemies":"2 Louse","floor":2,"turns":3},{"damage":10,"enemies":"Jaw Worm","floor":3,"turns":4},{"damage":3,"enemies":"3 Louse","floor":7,"turns":5},{"damage":33,"enemies":"Lagavulin","floor":11,"turns":10},{"damage":19,"enemies":"3 Sentries","floor":14,"turns":7},{"damage":49,"enemies":"The Guardian","floor":16,"turns":15},{"damage":0,"enemies":"Chosen","floor":18,"turns":4},{"damage":20,"enemies":"3 Byrds","floor":24,"turns":6},{"damage":60,"enemies":"Slavers","floor":25,"turns":8},{"damage":13,"enemies":"Sentry and Sphere","floor":27,"turns":10},{"damage":27,"enemies":"Centurion and Healer","floor":28,"turns":20},{"damage":8,"enemies":"Shelled Parasite and Fungi","floor":30,"turns":11},{"damage":26,"enemies":"Snecko","floor":31,"turns":8},{"damage":36,"enemies":"Collector","floor":33,"turns":18},{"damage":12,"enemies":"Orb Walker","floor":35,"turns":5},{"damage":20,"enemies":"3 Darklings","floor":38,"turns":11},{"damage":46,"enemies":"Spire Growth","floor":39,"turns":9},{"damage":0,"enemies":"Giant Head","floor":41,"turns":11},{"damage":39,"enemies":"Sphere and 2 Shapes","floor":42,"turns":13},{"damage":6,"enemies":"Transient","floor":45,"turns":5},{"damage":5,"enemies":"Maw","floor":47,"turns":9},{"damage":10,"enemies":"Sphere and 2 Shapes","floor":48,"turns":8},{"damage":57,"enemies":"Donu and Deca","floor":50,"turns":18},{"damage":57,"enemies":"Shield and Spear","floor":54,"turns":11},{"damage":94,"enemies":"The Heart","floor":55,"turns":10}],"seed_played":"-4839214221214455616","potions_obtained":[{"floor":7,"key":"sneckomod:MuddlingPotion"},{"floor":11,"key":"hexamod:SoulburnPotion"},{"floor":25,"key":"EssenceOfSteel"},{"floor":30,"key":"Swift Potion"},{"floor":33,"key":"EntropicBrew"},{"floor":34,"key":"EntropicBrew"},{"floor":48,"key":"Fruit Juice"}],"is_trial":false,"path_per_floor":["M","M","M","?","?","R","M","R","T","R","E","R","$","E","R","B",null,"M","$","?","?","?","R","M","E","T","M","M","$","M","M","R","B",null,"M","$","?","M","M","R","E","M","T","R","M","?","M","M","R","B",null,"R","$","E","B"],"character_chosen":"NECROMANCER","items_purchased":["Bone_Armory","Negative_Energy_Javelin","Summon_Vampire_Lady","Bone_Shift","Bone_Shift","Bone_Armory","Bone_Armor","Stop_Heart","DollysMirror"],"campfire_rested":3,"item_purchase_floors":[13,13,19,19,29,36,36,53,53],"current_hp_per_floor":[72,74,66,71,64,64,67,67,67,67,36,60,60,47,71,24,80,80,80,80,80,80,80,72,33,33,53,82,82,82,75,75,84,91,87,87,89,94,58,87,99,96,96,96,100,100,103,108,108,100,108,108,108,79,0,0],"gold":52,"neow_bonus":"RANDOM_COLORLESS","is_daily":false,"chose_seed":false,"campfire_upgraded":7,"win_rate":0.0,"timestamp":1614300318,"path_taken":["M","?","M","?","?","R","M","R","T","R","E","R","$","E","R","BOSS","M","$","?","?","?","R","M","E","T","M","M","$","M","M","R","BOSS","M","$","?","M","M","R","E","M","T","R","M","?","M","?","R","BOSS","R","$","E","BOSS"],"items_purchased_type":["Card","Card","Card","Card","Card","Card","Card","Card","Relic"],"build_version":"2020-12-22","purchased_purges":3,"victory":false,"max_hp_per_floor":[75,75,75,80,80,80,80,80,80,80,80,80,80,80,80,80,80,80,80,80,80,80,80,80,80,80,82,82,82,82,84,84,84,91,91,91,93,95,97,97,99,99,99,99,101,101,103,108,108,108,108,108,108,108,108,108],"card_choices":[{"not_picked":["Trip","Bandage Up"],"picked":"Enlightenment","floor":0},{"not_picked":["Strike_from_Beyond","Life_Tap","Chill_Blood"],"picked":"SKIP","floor":1},{"not_picked":["Shackles_Of_Pain","Necromantic_Selection"],"picked":"Bone_Prison","floor":2},{"not_picked":["Chill_Blood","Scare"],"picked":"Slay_Living","floor":3},{"not_picked":["Vampiric_Strike","Chill_Blood","Blood_Whip"],"picked":"SKIP","floor":7},{"not_picked":["Reap_The_Weak","Epidemic"],"picked":"Summon_Lich","floor":11},{"not_picked":["Toxic_Smoke_Screen","Blood_Whip"],"picked":"Bones_to_Steel","floor":14},{"not_picked":["Bone_Bullets+1","Shackles_Of_Pain"],"picked":"Bone_Armor+1","floor":18},{"not_picked":["Corrupt+1","Negative_Energy_Mist+1"],"picked":"Negative_Energy_Shield","floor":24},{"not_picked":["Chill_Blood","Summon_Undead"],"picked":"Bone_Armory","floor":25},{"not_picked":["Vampiric_Strike","Negative_Energy_Mist+1","Negative_Energy_Javelin+1"],"picked":"Singing Bowl","floor":27},{"not_picked":["Blood_Whip","Death_Coil"],"picked":"Bone_Prison","floor":28},{"not_picked":["Bone_Shift","Negative_Energy_Mist+1"],"picked":"Bone_Bullets+1","floor":30},{"not_picked":["Violent_Necrosis+1","Uncharnel+1","Death_March_Dance"],"picked":"Singing Bowl","floor":31},{"not_picked":["Blood_Magic","Cloudkill"],"picked":"Grasp_Heart","floor":33},{"not_picked":["Blood_Curse","Finger_Of_Death","Chill_Blood"],"picked":"Singing Bowl","floor":34},{"not_picked":["Bone_Spikes+1","Blood_Curse"],"picked":"Shade_Step+1","floor":35},{"not_picked":["Enlightenment","Sadistic Nature","Panacea"],"picked":"Singing Bowl","floor":37},{"not_picked":["Shackles_Of_Pain","Corrupt","Bone_Shift"],"picked":"Singing Bowl","floor":38},{"not_picked":["Necromantic_Selection+1","Bones_to_Steel","Scare"],"picked":"Singing Bowl","floor":39},{"not_picked":["Thousand_Bone_Knives","Negative_Energy_Javelin+1","Corrupt"],"picked":"Singing Bowl","floor":41},{"not_picked":["Bone_Shift","Negative_Energy_Burst"],"picked":"Shade_Step","floor":42},{"not_picked":["Plague_Bolt+1","Negative_Energy_Javelin+1","Death_Knell"],"picked":"Singing Bowl","floor":45},{"not_picked":["Blood_Curse","Bones_to_Steel","Bone_Armor"],"picked":"Singing Bowl","floor":47},{"not_picked":["Acid_Javelin+1","Blood_Curse+1"],"picked":"Toxic_Smoke_Screen+1","floor":48},{"not_picked":["Acid_Javelin+1","Life_Drain+1"],"picked":"Plague_Bolt+1","floor":54}],"player_experience":968045,"relics_obtained":[{"floor":11,"key":"Kunai"},{"floor":14,"key":"CeramicFish"},{"floor":25,"key":"Blue Candle"},{"floor":26,"key":"Singing Bowl"},{"floor":41,"key":"Mummified Hand"},{"floor":43,"key":"Omamori"},{"floor":54,"key":"Orichalcum"}],"event_choices":[{"damage_healed":0,"gold_gain":0,"player_choice":"Donut","damage_taken":0,"max_hp_gain":5,"max_hp_loss":0,"event_name":"Big Fish","floor":4,"gold_loss":0},{"cards_removed":["Strike_W"],"damage_healed":0,"gold_gain":0,"player_choice":"Card Removal","damage_taken":7,"max_hp_gain":0,"max_hp_loss":0,"event_name":"Golden Wing","floor":5,"gold_loss":0},{"damage_healed":0,"gold_gain":0,"player_choice":"Ignored","damage_taken":0,"max_hp_gain":0,"max_hp_loss":0,"event_name":"The Mausoleum","floor":20,"gold_loss":0},{"damage_healed":0,"gold_gain":0,"player_choice":"Ignored","damage_taken":0,"max_hp_gain":0,"max_hp_loss":0,"event_name":"Cursed Tome","floor":21,"gold_loss":0},{"damage_healed":0,"gold_gain":0,"player_choice":"Memory 1","damage_taken":0,"max_hp_gain":0,"max_hp_loss":0,"event_name":"SensoryStone","floor":37,"gold_loss":0},{"damage_healed":0,"gold_gain":0,"player_choice":"Gave Potion","damage_taken":0,"relics_obtained":["HollowMod:StagPassRelic"],"max_hp_gain":0,"max_hp_loss":0,"event_name":"WeMeetAgain","floor":46,"gold_loss":0}],"is_beta":false,"boss_relics":[{"not_picked":["SacredBark","Philosopher\u0027s Stone"],"picked":"Velvet Choker"},{"not_picked":["Snecko Eye","bronze:MakeshiftBattery"],"picked":"Tiny House"}],"items_purged_floors":[13,29,36],"is_endless":false,"potions_floor_spawned":[7,11,25,30,33,41,45,48],"killed_by":"The Heart","ascension_level":1}}