{"host":"d3b2x3wue20uj2ir","time":1614343983,"event":{"mods":["AchievementEnabler","BaseMod","Better Third Choice","BetterRewards","Exacting","FTL Soundtrack","Minty Spire (QoL Compilation)","Shop Mod","StSLib"],"gold_per_floor":[119,146,158,173,0,26,40,93,93,93,123,123,123,153,153,257,257,273,273,38,54,27,27,55,55,137,147,198,198,231,251,251,351,351,370,370,404,433,466,466,481,17,17,97,123,123,139,155,155,155,155,155,25,57,102],"floor_reached":56,"language":"ENG","playtime":9056,"items_purged":[],"score":1420,"play_id":"3cc252f1-1edd-4549-93fb-c3bf4e35fe2e","local_time":"20210226225303","is_ascension_mode":true,"campfire_choices":[{"floor":10,"key":"RECALL"},{"floor":12,"key":"REST"},{"floor":15,"key":"REST"},{"floor":23,"key":"REST"},{"floor":25,"key":"REST"},{"floor":32,"key":"REST"},{"floor":40,"key":"REST"},{"data":"1","floor":46,"key":"LIFT"},{"data":"2","floor":49,"key":"LIFT"},{"data":"3","floor":52,"key":"LIFT"}],"circlet_count":0,"master_deck":["Strike_G+1","Strike_G","Defend_G","Defend_G","Defend_G","Defend_G","Defend_G","Survivor","Neutralize+1","Cloak And Dagger","Dodge and Roll","Blade Dance","Blur","Enlightenment","Blade Dance","Slice","Corpse Explosion","After Image","Distraction","Venomology","Distraction+1","Envenom+1","Bane+1","PiercingWail+1","Mayhem","Backflip","Endless Agony","Deadly Poison","Footwork+1","Adrenaline","After Image","Choke+1","Footwork","Bullet Time","Bane+1","Concentrate+1","Deflect+1","Dagger Spray+1","Parasite","A Thousand Cuts","PiercingWail+1","Deadly Poison","Blur+1","Outmaneuver+1"],"relics":["Fusion Hammer","Anchor","Vajra","Odd Mushroom","Astrolabe","Nloth\u0027s Gift","Paper Crane","Letter Opener","Centennial Puzzle","Question Card","HoveringKite","Oddly Smooth Stone","Lee\u0027s Waffle","CaptainsWheel","Girya","Calipers","Whetstone","Nunchaku"],"acts_visited":["Exordium","TheCity","TheBeyond","TheEnding"],"potions_floor_usage":[6,8,8,16,18,24,27,28,30,30,30,30,30,30,33,33,33,37,39,41,41,41,44,48,50,50,54,54,54,55],"damage_taken":[{"damage":0,"enemies":"2 Louse","floor":1,"turns":4},{"damage":0,"enemies":"Small Slimes","floor":2,"turns":4},{"damage":0,"enemies":"Cultist","floor":3,"turns":4},{"damage":9,"enemies":"Large Slime","floor":4,"turns":9},{"damage":3,"enemies":"3 Sentries","floor":6,"turns":12},{"damage":0,"enemies":"Looter","floor":7,"turns":3},{"damage":21,"enemies":"Lagavulin","floor":8,"turns":6},{"damage":1,"enemies":"3 Sentries","floor":11,"turns":7},{"damage":0,"enemies":"The Mushroom Lair","floor":14,"turns":4},{"damage":20,"enemies":"Hexaghost","floor":16,"turns":10},{"damage":0,"enemies":"Chosen","floor":18,"turns":6},{"damage":25,"enemies":"Spheric Guardian","floor":21,"turns":6},{"damage":43,"enemies":"Slavers","floor":24,"turns":5},{"damage":14,"enemies":"Shelled Parasite and Fungi","floor":27,"turns":5},{"damage":5,"enemies":"Book of Stabbing","floor":28,"turns":5},{"damage":0,"enemies":"Gremlin Leader","floor":30,"turns":7},{"damage":0,"enemies":"Snake Plant","floor":31,"turns":5},{"damage":8,"enemies":"Automaton","floor":33,"turns":7},{"damage":1,"enemies":"Orb Walker","floor":35,"turns":3},{"damage":0,"enemies":"3 Shapes","floor":37,"turns":5},{"damage":27,"enemies":"Jaw Worm Horde","floor":38,"turns":4},{"damage":25,"enemies":"3 Darklings","floor":39,"turns":4},{"damage":7,"enemies":"Writhing Mass","floor":41,"turns":8},{"damage":0,"enemies":"Mind Bloom Boss Battle","floor":44,"turns":6},{"damage":7,"enemies":"Sphere and 2 Shapes","floor":47,"turns":4},{"damage":0,"enemies":"Maw","floor":48,"turns":7},{"damage":3,"enemies":"Awakened One","floor":50,"turns":16},{"damage":4,"enemies":"Shield and Spear","floor":54,"turns":6},{"damage":38,"enemies":"The Heart","floor":55,"turns":14}],"seed_played":"580155388018585419","potions_obtained":[{"floor":4,"key":"LiquidMemories"},{"floor":6,"key":"Poison Potion"},{"floor":7,"key":"GamblersBrew"},{"floor":8,"key":"LiquidBronze"},{"floor":24,"key":"Energy Potion"},{"floor":27,"key":"SkillPotion"},{"floor":33,"key":"Swift Potion"},{"floor":35,"key":"Swift Potion"},{"floor":38,"key":"PowerPotion"},{"floor":44,"key":"GhostInAJar"},{"floor":47,"key":"PowerPotion"}],"is_trial":false,"path_per_floor":["M","M","M","M","?","E","M","E","T","R","E","R","?","?","R","B",null,"M","?","$","M","$","R","E","R","T","M","E","?","E","M","R","B",null,"M","?","M","M","M","R","M","$","T","?","T","R","M","M","R","B",null,"R","$","E","B",null],"character_chosen":"THE_SILENT","items_purchased":["Mayhem","Backflip","Deadly Poison","Lee\u0027s Waffle","CaptainsWheel","DistilledChaos","ColorlessPotion"],"campfire_rested":6,"item_purchase_floors":[20,20,22,42,42,53,53],"current_hp_per_floor":[70,70,70,67,73,70,70,49,49,49,48,70,75,75,81,61,81,81,81,81,56,56,80,37,61,61,47,42,42,54,54,78,70,81,80,80,80,53,28,52,45,88,88,88,88,88,81,88,88,85,88,88,88,84,46],"gold":102,"neow_bonus":"BOSS_RELIC","is_daily":false,"chose_seed":false,"campfire_upgraded":0,"win_rate":0.0,"timestamp":1614343983,"path_taken":["M","M","M","M","?","E","M","E","T","R","E","R","?","?","R","BOSS","M","?","$","M","?","R","E","R","T","M","E","?","E","M","R","BOSS","M","?","?","M","M","R","M","$","T","?","?","R","?","M","R","BOSS","R","$","E","BOSS"],"items_purchased_type":["Card","Card","Card","Relic","Relic","Potion","Potion"],"build_version":"2020-12-22","purchased_purges":0,"victory":true,"max_hp_per_floor":[70,70,70,70,76,76,76,76,76,76,76,76,81,81,81,81,81,81,81,81,81,81,81,81,81,81,81,81,81,81,81,81,81,81,81,81,81,81,81,81,81,88,88,88,88,88,88,88,88,88,88,88,88,88,88],"card_choices":[{"not_picked":["PiercingWail","Backflip"],"picked":"Cloak And Dagger","floor":1},{"not_picked":["Tactician","Prepared"],"picked":"Dodge and Roll","floor":2},{"not_picked":["Outmaneuver","All Out Attack"],"picked":"Blade Dance","floor":3},{"not_picked":["Dagger Throw","Sucker Punch"],"picked":"Blur","floor":4},{"not_picked":["Caltrops","Bane"],"picked":"Blade Dance","floor":6},{"not_picked":["Prepared","Dagger Throw"],"picked":"Slice","floor":7},{"not_picked":["Phantasmal Killer","Poisoned Stab"],"picked":"Corpse Explosion","floor":8},{"not_picked":["Blade Dance","Riddle With Holes"],"picked":"After Image","floor":11},{"not_picked":["Infinite Blades","Dagger Throw"],"picked":"Distraction","floor":14},{"not_picked":["Storm of Steel","Grand Finale"],"picked":"Venomology","floor":16},{"not_picked":["Eviscerate","Deflect+1"],"picked":"PiercingWail+1","floor":18},{"not_picked":["Quick Slash","Acrobatics"],"picked":"Endless Agony","floor":21},{"not_picked":["Flechettes","Quick Slash+1"],"picked":"Footwork+1","floor":24},{"not_picked":["Concentrate","Outmaneuver"],"picked":"Adrenaline","floor":27},{"not_picked":["Unload","Dodge and Roll"],"picked":"After Image","floor":28},{"not_picked":["Predator+1","Finisher+1"],"picked":"Choke+1","floor":30},{"not_picked":["Choke+1","Predator","Tactician"],"picked":"Footwork","floor":31},{"not_picked":["Malaise","Phantasmal Killer","Doppelganger"],"picked":"Bullet Time","floor":33},{"not_picked":["Dash+1","Backflip","Dagger Spray"],"picked":"Bane+1","floor":35},{"not_picked":["Backflip","Eviscerate+1","PiercingWail+1"],"picked":"Concentrate+1","floor":37},{"not_picked":["Poisoned Stab+1","Bane","Backflip"],"picked":"Deflect+1","floor":38},{"not_picked":["Acrobatics","PiercingWail+1","Choke"],"picked":"Dagger Spray+1","floor":39},{"not_picked":["Predator","Dagger Spray","Sucker Punch+1"],"picked":"A Thousand Cuts","floor":41},{"not_picked":["Bane+1","Cloak And Dagger","Acrobatics"],"picked":"PiercingWail+1","floor":44},{"not_picked":["Outmaneuver+1","Unload","Dagger Throw"],"picked":"Deadly Poison","floor":47},{"not_picked":["Reflex+1","Deflect","Dodge and Roll+1"],"picked":"Blur+1","floor":48},{"not_picked":["Malaise","Grand Finale","Concentrate+1"],"picked":"Outmaneuver+1","floor":54}],"player_experience":736526,"relics_obtained":[{"floor":6,"key":"Anchor"},{"floor":8,"key":"Vajra"},{"floor":11,"key":"Blue Candle"},{"floor":14,"key":"Odd Mushroom"},{"floor":24,"key":"Paper Crane"},{"floor":26,"key":"Letter Opener"},{"floor":28,"key":"Centennial Puzzle"},{"floor":30,"key":"Question Card"},{"floor":43,"key":"Girya"},{"floor":44,"key":"Calipers"},{"floor":45,"key":"Whetstone"},{"floor":54,"key":"Nunchaku"}],"event_choices":[{"damage_healed":0,"gold_gain":0,"player_choice":"RENOUNCE","damage_taken":173,"max_hp_gain":0,"max_hp_loss":0,"event_name":"betterThird:BetterSerpent","floor":5,"gold_loss":173,"cards_obtained":["Enlightenment"]},{"damage_healed":0,"gold_gain":0,"player_choice":"Donut","damage_taken":0,"max_hp_gain":5,"max_hp_loss":0,"event_name":"Big Fish","floor":13,"gold_loss":0},{"damage_healed":0,"gold_gain":0,"player_choice":"Fought Mushrooms","damage_taken":0,"max_hp_gain":0,"max_hp_loss":0,"event_name":"Mushrooms","floor":14,"gold_loss":0},{"damage_healed":0,"gold_gain":0,"player_choice":"Traded Relic","damage_taken":0,"relics_obtained":["Nloth\u0027s Gift"],"max_hp_gain":0,"max_hp_loss":0,"event_name":"N\u0027loth","floor":19,"relics_lost":["Blue Candle"],"gold_loss":0},{"damage_healed":0,"gold_gain":0,"player_choice":"Ignored","damage_taken":0,"max_hp_gain":0,"max_hp_loss":0,"event_name":"Beggar","floor":29,"gold_loss":0},{"damage_healed":0,"gold_gain":0,"player_choice":"Gave Potion","damage_taken":0,"relics_obtained":["Oddly Smooth Stone"],"max_hp_gain":0,"max_hp_loss":0,"event_name":"WeMeetAgain","floor":36,"gold_loss":0},{"damage_healed":0,"gold_gain":0,"player_choice":"Fight","damage_taken":0,"max_hp_gain":0,"max_hp_loss":0,"event_name":"MindBloom","floor":44,"gold_loss":0}],"is_beta":false,"boss_relics":[{"not_picked":["Empty Cage","Velvet Choker"],"picked":"Astrolabe"},{"not_picked":["Philosopher\u0027s Stone","Snecko Eye"],"picked":"HoveringKite"}],"items_purged_floors":[],"is_endless":false,"potions_floor_spawned":[4,6,7,8,24,27,28,33,35,38,44,47],"ascension_level":3}}