{"host":"jfbxozwcdml1wai5","time":1614323334,"event":{"mods":["BaseMod","Colored Map","Downfall","Minty Spire (QoL Compilation)","StSLib"],"gold_per_floor":[99,116,129,31,31,64,87,87,162,188,212,252,264,289,317,432,444,356,382,394,406,432,40,40,40,52,62,42,42,42,72,86,184,184,84,94,94,94,94,105,177,211,223,233,133,56,91,105,117,117,117,145,24,24,24,24,24,24],"floor_reached":56,"language":"ENG","playtime":4749,"items_purged":["Slimebound:Strike_Slimebound","Slimebound:Defend_Slimebound"],"score":926,"play_id":"58ce1a91-70c8-4c0c-8f5e-c1ab0e06a829","local_time":"20210226010854","is_ascension_mode":true,"campfire_choices":[{"data":"Slimebound:Split","floor":1,"key":"SMITH"},{"floor":13,"key":"RECALL"},{"data":"Slimebound:Repurpose","floor":18,"key":"SMITH"},{"data":"Slimebound:Schlurp","floor":25,"key":"SMITH"},{"data":"Slimebound:SlimeBarrage","floor":29,"key":"SMITH"},{"data":"Slimebound:SlimeTap","floor":35,"key":"SMITH"},{"data":"Slimebound:OneTwoCombo","floor":45,"key":"SMITH"},{"data":"Slimebound:Schlurp","floor":54,"key":"SMITH"}],"circlet_count":0,"master_deck":["Slimebound:Tackle","Slimebound:Defend_Slimebound","Slimebound:Defend_Slimebound","Slimebound:Defend_Slimebound+1","Slimebound:Split+1","Slimebound:CorrosiveSpit","Slimebound:SplitBruiser+1","Slimebound:GoopTackle","Slimebound:ForwardTackle","Slimebound:SplitAcid","Slimebound:SlimeBrawl","Slimebound:PressTheAttack","Slimebound:SplitMire","Slimebound:Schlurp+1","Slimebound:Repurpose+1","Slimebound:LeechEnergy","Slimebound:Schlurp+1","Slimebound:SlimeSpikes","Slimebound:SlimeTap+1","Slimebound:SlimeBarrage+1","Slimebound:Schlurp","Slimebound:LeadByExample+1","Slimebound:SplitMire+1","Slimebound:Nibble","Slimebound:MinionMaster","Slimebound:HauntingLick+1","Slimebound:Darklings+1","expansioncontent:AwakenDeath","expansioncontent:Hexaburn","expansioncontent:YouAreMine+1","Slimebound:DivideAndConquer","Slimebound:Nibble","Slimebound:OneTwoCombo+1","Slimebound:Schlurp+1","Slimebound:MegaLick+1","Slimebound:OozeBath+1","Slimebound:Schlurp+1","Slimebound:SamplingLick+1","Slimebound:Dissolve+1","Slimebound:Dissolve+1"],"relics":["Slimebound:AbsorbEndCombat","Dead Branch","Toy Ornithopter","War Paint","MawBank","Orichalcum","Coffee Dripper","downfall:HeartBlessingRed","Art of War","Slimebound:MaxSlimesRelic","Toxic Egg 2","Blue Candle","Bag of Marbles","SacredBark","downfall:HeartBlessingBlue","Bottled Tornado","Bottled Flame","downfall:HeartBlessingGreen","Molten Egg 2","Slimebound:AggressiveSlimeRelic"],"acts_visited":["Exordium","TheCity","TheBeyond","TheEnding"],"potions_floor_usage":[6,12,14,26,50,56,56,56],"damage_taken":[{"damage":3,"enemies":"Jaw Worm","floor":2,"turns":4},{"damage":12,"enemies":"Small Slimes","floor":3,"turns":5},{"damage":28,"enemies":"downfall:FleeingMerchant","floor":4,"turns":4},{"damage":20,"enemies":"Lagavulin","floor":6,"turns":5},{"damage":8,"enemies":"2 Louse","floor":11,"turns":3},{"damage":17,"enemies":"Gremlin Nob","floor":12,"turns":3},{"damage":1,"enemies":"Blue Slaver","floor":14,"turns":4},{"damage":5,"enemies":"Gremlin Gang","floor":15,"turns":3},{"damage":16,"enemies":"WA_ARCHETYPE_RETAIN","floor":16,"turns":9},{"damage":24,"enemies":"Shell Parasite","floor":19,"turns":3},{"damage":10,"enemies":"Chosen","floor":22,"turns":3},{"damage":0,"enemies":"downfall:FleeingMerchant","floor":23,"turns":4},{"damage":6,"enemies":"Snecko","floor":26,"turns":2},{"damage":6,"enemies":"Centurion and Healer","floor":27,"turns":3},{"damage":8,"enemies":"downfall:FleeingMerchant","floor":28,"turns":3},{"damage":0,"enemies":"Gremlin Leader","floor":31,"turns":2},{"damage":4,"enemies":"Cultist and Chosen","floor":32,"turns":3},{"damage":28,"enemies":"SI_MIRROR_ARCHETYPE","floor":33,"turns":7},{"damage":7,"enemies":"3 Shapes","floor":36,"turns":2},{"damage":0,"enemies":"3 Darklings","floor":40,"turns":2},{"damage":19,"enemies":"Giant Head","floor":42,"turns":5},{"damage":8,"enemies":"Jaw Worm Horde","floor":43,"turns":3},{"damage":19,"enemies":"Maw","floor":44,"turns":3},{"damage":19,"enemies":"Nemesis","floor":47,"turns":3},{"damage":0,"enemies":"Spire Growth","floor":48,"turns":3},{"damage":15,"enemies":"4 Shapes","floor":49,"turns":3},{"damage":42,"enemies":"DF_ARCHETYPE_ORBS","floor":50,"turns":4},{"damage":25,"enemies":"downfall:CharBossMerchant","floor":52,"turns":4},{"damage":39,"enemies":"downfall:NeowBoss","floor":55,"turns":11},{"damage":88,"enemies":"downfall:NeowBossFinal","floor":56,"turns":8}],"seed_played":"6019415901218057093","potions_obtained":[{"floor":2,"key":"BlessingOfTheForge"},{"floor":3,"key":"Swift Potion"},{"floor":6,"key":"Slimebound:SpawnSlimePotion"},{"floor":16,"key":"BlessingOfTheForge"},{"floor":19,"key":"Block Potion"},{"floor":22,"key":"bronze:BurnAndBuffPotion"},{"floor":31,"key":"hexamod:SoulburnPotion"},{"floor":32,"key":"GamblersBrew"}],"is_trial":false,"path_per_floor":["R","M","M","$","?","E","T","?","?","T","M","E","R","M","M","B",null,"R","M","?","?","M","$","T","R","M","M","$","R","?","E","M","B",null,"R","M","?","$","?","M","T","E","M","M","R","$","E","M","M","B",null,"E","$","R","B","B"],"character_chosen":"SLIMEBOUND","items_purchased":["Slimebound:SplitAcid","Slimebound:SlimeBrawl","Slimebound:MaxSlimesRelic","Slimebound:SlimeTap","Toxic Egg 2","Slimebound:MegaLick+1","Slimebound:Dissolve+1","ColorlessPotion"],"campfire_rested":0,"item_purchase_floors":[4,4,23,23,28,46,53,53],"current_hp_per_floor":[71,71,63,41,34,22,22,22,22,22,16,6,6,14,11,3,71,71,54,54,54,50,58,58,58,57,57,57,57,52,52,56,36,71,81,80,80,80,70,74,74,63,61,46,46,46,35,39,30,1,81,56,56,56,25,0,0,0],"gold":24,"neow_bonus":"TEN_PERCENT_HP_BONUS","is_daily":false,"chose_seed":false,"campfire_upgraded":7,"win_rate":0.0,"timestamp":1614323334,"path_taken":["R","M","M","$","?","E","T","?","?","?","?","E","R","?","M","BOSS","R","M","?","?","M","$","T","R","M","M","$","R","?","E","M","BOSS","R","M","?","$","?","M","T","E","M","M","R","?","E","M","M","BOSS","E","$","R","BOSS","BOSS"],"items_purchased_type":["Card","Card","Relic","Card","Relic","Card","Card","Potion"],"build_version":"2020-12-22","purchased_purges":2,"victory":false,"max_hp_per_floor":[71,71,71,71,71,71,71,71,71,71,71,71,71,71,71,71,71,71,71,71,71,71,71,71,71,71,71,71,71,71,71,71,71,71,81,81,81,81,81,81,81,81,81,81,81,81,81,81,81,81,81,81,81,81,81,81,81,81],"card_choices":[{"not_picked":["Slimebound:DisruptingSlam","Slimebound:PressTheAttack"],"picked":"Slimebound:SplitBruiser","floor":2},{"not_picked":["Slimebound:AcidTongue","Slimebound:SplitBruiser"],"picked":"Slimebound:GoopTackle","floor":3},{"not_picked":["Slimebound:HauntingLick","Slimebound:AcidTongue"],"picked":"Slimebound:ForwardTackle","floor":4},{"not_picked":["Slimebound:SpikyOuterGoop","Slimebound:ComboTackle"],"picked":"Slimebound:PressTheAttack","floor":6},{"not_picked":["Slimebound:Chomp","Slimebound:PrepareCrush"],"picked":"Slimebound:SplitMire","floor":11},{"not_picked":["Slimebound:LeechEnergy","Slimebound:Prepare"],"picked":"Slimebound:Schlurp","floor":12},{"not_picked":["Slimebound:DivideAndConquer","Slimebound:FormOfPuddle"],"picked":"Slimebound:Repurpose","floor":14},{"not_picked":["Slimebound:FinishingTackle","Slimebound:LevelUp"],"picked":"Slimebound:LeechEnergy","floor":15},{"not_picked":["Slimebound:OneTwoCombo","Slimebound:Overexert"],"picked":"Slimebound:TagTeam","floor":16},{"not_picked":["Slimebound:LeechingTouch","Slimebound:SplitAcid"],"picked":"Slimebound:Schlurp","floor":19},{"not_picked":["Slimebound:AcidTongue","Slimebound:LevelUp","Slimebound:FlameTackle"],"picked":"SKIP","floor":22},{"not_picked":["Slimebound:ServeAndProtect+1","Slimebound:PressTheAttack"],"picked":"Slimebound:SlimeSpikes","floor":23},{"not_picked":["Slimebound:PressTheAttack","Slimebound:FinishingTackle+1"],"picked":"Slimebound:SlimeBarrage","floor":26},{"not_picked":["Slimebound:LeechingTouch+1","Slimebound:ItLooksTasty"],"picked":"Slimebound:Schlurp","floor":27},{"not_picked":["Slimebound:SplitBruiser+1","Slimebound:SplitAcid+1"],"picked":"Slimebound:LeadByExample+1","floor":28},{"not_picked":["Slimebound:LeadByExample","Slimebound:MegaLick+1"],"picked":"Slimebound:SplitMire+1","floor":31},{"not_picked":["Slimebound:SlimeSpikes+1","Slimebound:DivideAndConquer"],"picked":"Slimebound:Nibble","floor":32},{"not_picked":["Slimebound:TagTeam","Slimebound:SelfFormingGoo"],"picked":"Slimebound:MinionMaster","floor":33},{"not_picked":["Slimebound:ComboTackle","Slimebound:FormOfPuddle+1"],"picked":"Slimebound:HauntingLick+1","floor":36},{"not_picked":["expansioncontent:HyperBeam","expansioncontent:YouAreMine"],"picked":"expansioncontent:AwakenDeath","floor":39},{"not_picked":["expansioncontent:GuardianWhirl","expansioncontent:LastStand"],"picked":"expansioncontent:Hexaburn","floor":39},{"not_picked":["expansioncontent:LastStand","expansioncontent:PolyBeam"],"picked":"expansioncontent:YouAreMine","floor":39},{"not_picked":["Slimebound:DisruptingSlam","Slimebound:SplitBruiser+1"],"picked":"Slimebound:DivideAndConquer","floor":40},{"not_picked":["Slimebound:ItLooksTasty","Slimebound:SplitAcid+1"],"picked":"Slimebound:Nibble","floor":42},{"not_picked":["Slimebound:FormOfPuddle+1","Slimebound:RainOfGoop+1"],"picked":"Slimebound:OneTwoCombo","floor":43},{"not_picked":["Slimebound:LeechEnergy","Slimebound:SlimeBrawl+1"],"picked":"Slimebound:Schlurp+1","floor":44},{"not_picked":["Slimebound:Gluttony+1","Slimebound:LivingWall+1"],"picked":"Slimebound:OozeBath+1","floor":47},{"not_picked":["Slimebound:Chomp+1","Slimebound:LivingWall+1"],"picked":"Slimebound:Schlurp+1","floor":48},{"not_picked":["Slimebound:RollThrough+1","Slimebound:LeechingTouch+1"],"picked":"Slimebound:SamplingLick+1","floor":49},{"not_picked":["Slimebound:RainOfGoop+1","Slimebound:Chomp+1"],"picked":"Slimebound:Dissolve+1","floor":52}],"player_experience":604772,"relics_obtained":[{"floor":6,"key":"Toy Ornithopter"},{"floor":7,"key":"War Paint"},{"floor":10,"key":"MawBank"},{"floor":12,"key":"Orichalcum"},{"floor":31,"key":"Bag of Marbles"},{"floor":41,"key":"Bottled Tornado"},{"floor":42,"key":"Bottled Flame"},{"floor":47,"key":"Molten Egg 2"},{"floor":52,"key":"Slimebound:AggressiveSlimeRelic"}],"event_choices":[{"damage_healed":0,"gold_gain":0,"player_choice":"Success","damage_taken":7,"relics_obtained":["Dead Branch"],"max_hp_gain":0,"max_hp_loss":0,"event_name":"Scrap Ooze","floor":5,"gold_loss":0}],"is_beta":false,"boss_relics":[{"not_picked":["Empty Cage","Velvet Choker"],"picked":"Coffee Dripper"},{"not_picked":["Slimebound:TarBlob","Runic Dome"],"picked":"SacredBark"}],"items_purged_floors":[23,28],"is_endless":false,"potions_floor_spawned":[2,3,6,16,19,22,31,32,43,47,48],"killed_by":"downfall:NeowBossFinal","ascension_level":1}}