{"host":"mr1ctipv0dcr6y8g","time":1614355572,"event":{"mods":["BaseMod","Beaked The Cultist","DeckTracker","Downfall","Energized Spire","Minty Spire (QoL Compilation)","READ ME - Guardian Mod","Shop Mod","StSLib","The Construct"],"gold_per_floor":[99,111,111,123,123,123,177,77,94,94,123,133,37,56,72,177,177,77,89,89,103,303,303,303,303,203,234,234,3,0,25,45,149,149,149,169,278,294,304,304,372,400,418,51,51,71,71,85,104,104,104,104,104,104],"floor_reached":52,"language":"ENG","playtime":4987,"items_purged":["downfall:Haunted"],"score":727,"play_id":"3c56b771-b963-4f48-84cd-24e4afd3de6e","local_time":"20210226090612","is_ascension_mode":false,"campfire_choices":[{"data":"bronze:Replicate","floor":1,"key":"SMITH"},{"data":"bronze:Branch","floor":6,"key":"SMITH"},{"floor":8,"key":"RECALL"},{"data":"bronze:Goto","floor":10,"key":"SMITH"},{"data":"bronze:Format","floor":18,"key":"SMITH"},{"data":"bronze:Repulsor","floor":26,"key":"SMITH"},{"data":"expansioncontent:QuickStudy","floor":35,"key":"SMITH"},{"data":"bronze:FollowUp","floor":45,"key":"SMITH"}],"circlet_count":0,"master_deck":["bronze:Defend","bronze:Defend","bronze:Defend","bronze:Replicate+1","bronze:Goto+1","bronze:Branch+1","bronze:DelayedSlice","bronze:Shell","bronze:ShipIt","bronze:Iterate","bronze:Repulsor+1","bronze:Format+1","bronze:ForceShield","bronze:Format","CurseOfTheBell","bronze:Invalidate+1","bronze:Constructor+1","bronze:Optimize","bronze:Iterate+1","bronze:Return+1","Bite","Bite","Bite","Bite","Bite","bronze:ClassDefault+1","expansioncontent:QuickStudy+1","bronze:Constructor","bronze:Frontload+1","bronze:Constructor","bronze:ThunderWave","bronze:WildBeam+1","bronze:WhirlingStrike+1","bronze:BuggyMess","bronze:Turbo+1","bronze:BuggyMess","bronze:BitShift+1","expansioncontent:GuardianWhirl","bronze:Boost+1","bronze:FollowUp+1","bronze:Repulsor","bronze:Branch+1","bronze:BronzeOrb+1","bronze:Branch+1"],"relics":["bronze:BronzeCore","downfall:HeartBlessingBlue","White Beast Statue","Calling Bell","Guardian:PocketSentry","Kunai","Prayer Wheel","downfall:HeartBlessingRed","Gremlin Horn","downfall:HeartBlessingGreen","Darkstone Periapt","Bronze Scales","bronze:MakeshiftBattery","MealTicket","Letter Opener","bronze:SilverBullet","Calipers"],"acts_visited":["Exordium","TheCity","TheBeyond","TheEnding"],"potions_floor_usage":[14,27,33,33,37,39,43],"damage_taken":[{"damage":0,"enemies":"2 Louse","floor":2,"turns":3},{"damage":0,"enemies":"Jaw Worm","floor":4,"turns":3},{"damage":0,"enemies":"Cultist","floor":9,"turns":3},{"damage":12,"enemies":"Gremlin Nob","floor":11,"turns":4},{"damage":0,"enemies":"2 Fungi Beasts","floor":12,"turns":2},{"damage":0,"enemies":"downfall:FleeingMerchant","floor":13,"turns":4},{"damage":9,"enemies":"3 Louse","floor":14,"turns":6},{"damage":1,"enemies":"Large Slime","floor":15,"turns":5},{"damage":16,"enemies":"SI_SHIV_ARCHETYPE","floor":16,"turns":12},{"damage":0,"enemies":"downfall:LooterAlt2","floor":19,"turns":3},{"damage":12,"enemies":"Spheric Guardian","floor":21,"turns":4},{"damage":23,"enemies":"Book of Stabbing","floor":27,"turns":5},{"damage":3,"enemies":"downfall:FleeingMerchant","floor":29,"turns":4},{"damage":0,"enemies":"downfall:FleeingMerchant","floor":30,"turns":4},{"damage":0,"enemies":"Shelled Parasite and Fungi","floor":32,"turns":3},{"damage":20,"enemies":"WA_ARCHETYPE_CALM","floor":33,"turns":8},{"damage":0,"enemies":"3 Darklings","floor":36,"turns":4},{"damage":0,"enemies":"downfall:FleeingMerchant","floor":37,"turns":4},{"damage":0,"enemies":"Orb Walker","floor":38,"turns":3},{"damage":4,"enemies":"3 Darklings","floor":39,"turns":4},{"damage":15,"enemies":"Reptomancer","floor":42,"turns":6},{"damage":5,"enemies":"Spire Growth","floor":43,"turns":3},{"damage":0,"enemies":"Maw","floor":46,"turns":8},{"damage":8,"enemies":"4 Shapes","floor":48,"turns":4},{"damage":0,"enemies":"Spire Growth","floor":49,"turns":5},{"damage":28,"enemies":"DF_ARCHETYPE_ORBS","floor":50,"turns":12},{"damage":101,"enemies":"downfall:CharBossMerchant","floor":52,"turns":8}],"seed_played":"451495951215728330","potions_obtained":[{"floor":11,"key":"construct:ShiftPotion"},{"floor":12,"key":"Regen Potion"},{"floor":13,"key":"ColorlessPotion"},{"floor":14,"key":"ColorlessPotion"},{"floor":15,"key":"DuplicationPotion"},{"floor":16,"key":"Ancient Potion"},{"floor":19,"key":"Guardian:BlockOnCardUsePotion"},{"floor":27,"key":"AttackPotion"},{"floor":30,"key":"SkillPotion"},{"floor":32,"key":"Strength Potion"},{"floor":33,"key":"Fruit Juice"},{"floor":36,"key":"Weak Potion"},{"floor":37,"key":"SkillPotion"},{"floor":39,"key":"Weak Potion"},{"floor":42,"key":"ColorlessPotion"},{"floor":43,"key":"ColorlessPotion"},{"floor":48,"key":"SpeedPotion"}],"is_trial":false,"path_per_floor":["R","M","?","M","?","R","T","R","M","R","E","M","$","M","M","B",null,"R","M","?","M","?","?","T","?","R","E","?","$","$","T","M","B",null,"R","M","$","M","M","?","T","E","M","$","R","M","?","M","M","B",null,"E"],"character_chosen":"THE_AUTOMATON","items_purchased":["bronze:Repulsor","expansioncontent:QuickStudy","bronze:Constructor","MealTicket","Calipers","bronze:Repulsor"],"campfire_rested":0,"item_purchase_floors":[13,29,29,37,44,44],"current_hp_per_floor":[77,77,82,82,82,82,82,92,92,92,80,80,80,86,85,69,92,92,92,92,80,80,62,62,62,62,39,39,44,48,48,52,42,67,67,67,67,67,68,68,68,55,52,67,67,72,72,64,68,50,72,0,0,0],"gold":104,"neow_bonus":"TEN_PERCENT_HP_BONUS","is_daily":false,"chose_seed":false,"campfire_upgraded":7,"win_rate":0.0,"timestamp":1614355572,"path_taken":["R","M","?","M","?","R","T","R","?","R","E","M","?","M","M","BOSS","R","M","?","M","?","?","T","?","R","E","?","?","$","?","M","BOSS","R","M","$","M","M","?","T","E","M","$","R","M","?","M","M","BOSS","E"],"items_purchased_type":["Card","Card","Card","Relic","Relic","Card"],"build_version":"2020-12-22","purchased_purges":1,"victory":false,"max_hp_per_floor":[77,77,82,82,82,82,82,92,92,92,92,92,92,92,92,92,92,92,92,92,92,92,97,97,97,97,97,67,67,67,67,67,67,67,67,67,67,67,72,72,72,72,72,72,72,72,72,72,72,72,72,72,72,72],"card_choices":[{"not_picked":["bronze:CutThrough","bronze:WhirlingStrike"],"picked":"bronze:Branch","floor":2},{"not_picked":["bronze:Shield","bronze:OilSpill"],"picked":"bronze:DelayedSlice","floor":4},{"not_picked":["bronze:DarkDash","bronze:BitShift"],"picked":"bronze:Shell","floor":9},{"not_picked":["bronze:DigitalCarnage","bronze:BugBarrage","bronze:FineTuning"],"picked":"SKIP","floor":11},{"not_picked":["bronze:WildBeam","bronze:Separator"],"picked":"bronze:ShipIt","floor":12},{"not_picked":["bronze:BuggyMess","bronze:WhirlingStrike"],"picked":"bronze:Iterate","floor":13},{"not_picked":["bronze:Separator","bronze:DarkDash"],"picked":"bronze:Format","floor":14},{"not_picked":["bronze:BitShift","bronze:OilSpill"],"picked":"bronze:ForceShield","floor":15},{"not_picked":["bronze:RecursiveStrike","bronze:CleanCode"],"picked":"bronze:Format","floor":16},{"not_picked":["bronze:GetLatest+1","bronze:Backtrace"],"picked":"bronze:Invalidate+1","floor":19},{"not_picked":["bronze:Iterate","bronze:Invalidate"],"picked":"bronze:Constructor+1","floor":19},{"not_picked":["bronze:Deprecate","bronze:FineTuning"],"picked":"bronze:Iterate+1","floor":21},{"not_picked":["bronze:Separator","bronze:BitShift+1"],"picked":"bronze:Return+1","floor":21},{"not_picked":["bronze:CleanCode","bronze:Optimize+1","bronze:Iterate"],"picked":"SKIP","floor":27},{"not_picked":["bronze:NullPointer","bronze:Fortify"],"picked":"bronze:ClassDefault+1","floor":29},{"not_picked":["bronze:DelayedSlice+1","bronze:Deprecate+1"],"picked":"bronze:Frontload+1","floor":30},{"not_picked":["bronze:DelayedGuard","bronze:Deprecate"],"picked":"bronze:Constructor","floor":32},{"not_picked":["bronze:Separator","bronze:Iterate","bronze:Overheat"],"picked":"SKIP","floor":32},{"not_picked":["bronze:Separator","bronze:Iterate","bronze:Overheat"],"picked":"SKIP","floor":32},{"not_picked":["bronze:Virus","bronze:Format"],"picked":"bronze:ThunderWave","floor":33},{"not_picked":["bronze:Invalidate+1","bronze:Frontload+1"],"picked":"bronze:WildBeam+1","floor":36},{"not_picked":["bronze:FineTuning","bronze:Backtrace"],"picked":"bronze:WhirlingStrike+1","floor":36},{"not_picked":["bronze:DelayedSlice","bronze:FineTuning"],"picked":"bronze:BuggyMess","floor":37},{"not_picked":["bronze:ForLoop+1","bronze:Flail+1"],"picked":"bronze:Turbo+1","floor":38},{"not_picked":["bronze:WildBeam+1","bronze:FindAndReplace"],"picked":"bronze:BuggyMess","floor":38},{"not_picked":["bronze:Turbo+1","bronze:OilSpill"],"picked":"bronze:BitShift+1","floor":39},{"not_picked":["bronze:WildBeam+1","bronze:ClassDefault","bronze:CutThrough"],"picked":"SKIP","floor":39},{"not_picked":["expansioncontent:InvincibleStrength","expansioncontent:YouAreMine"],"picked":"expansioncontent:GuardianWhirl","floor":40},{"not_picked":["bronze:Turbo","bronze:Terminator+1"],"picked":"bronze:Boost+1","floor":42},{"not_picked":["bronze:DelayedSlice+1","bronze:BronzeArmor"],"picked":"bronze:FollowUp","floor":43},{"not_picked":["bronze:ItsAFeature","bronze:Overheat","bronze:Branch"],"picked":"SKIP","floor":43},{"not_picked":["bronze:Shield+1","bronze:Return+1"],"picked":"bronze:Branch+1","floor":46},{"not_picked":["bronze:BuggyMess","bronze:CleanCode","bronze:OilSpill"],"picked":"SKIP","floor":46},{"not_picked":["bronze:OilSpill","bronze:Iterate"],"picked":"bronze:BronzeOrb+1","floor":48},{"not_picked":["bronze:Overheat+1","bronze:DigitalCarnage+1","bronze:OilSpill+1"],"picked":"SKIP","floor":48},{"not_picked":["bronze:WildBeam","bronze:BugBarrage+1"],"picked":"bronze:Branch+1","floor":49},{"not_picked":["bronze:BronzeOrb","bronze:ClassDefault+1","bronze:Terminator"],"picked":"SKIP","floor":49}],"player_experience":1859190,"relics_obtained":[{"floor":11,"key":"White Beast Statue"},{"floor":17,"key":"Guardian:PocketSentry"},{"floor":17,"key":"Kunai"},{"floor":17,"key":"Prayer Wheel"},{"floor":24,"key":"Gremlin Horn"},{"floor":27,"key":"Darkstone Periapt"},{"floor":31,"key":"Bronze Scales"},{"floor":41,"key":"Letter Opener"},{"floor":42,"key":"bronze:SilverBullet"}],"event_choices":[{"damage_healed":0,"gold_gain":0,"player_choice":"Donut","damage_taken":0,"max_hp_gain":5,"max_hp_loss":0,"event_name":"Big Fish","floor":3,"gold_loss":0},{"cards_removed":["bronze:Strike"],"damage_healed":0,"gold_gain":0,"player_choice":"Card Removal","damage_taken":0,"max_hp_gain":0,"max_hp_loss":0,"event_name":"The Cleric","floor":5,"gold_loss":0},{"damage_healed":0,"gold_gain":0,"player_choice":"Read","damage_taken":0,"max_hp_gain":0,"max_hp_loss":0,"event_name":"The Library","floor":20,"gold_loss":0,"cards_obtained":["bronze:Optimize"]},{"damage_healed":0,"gold_gain":0,"player_choice":"Ignored","damage_taken":0,"max_hp_gain":0,"max_hp_loss":0,"event_name":"Ghosts","floor":25,"gold_loss":0},{"damage_healed":0,"gold_gain":0,"player_choice":"Became a vampire","damage_taken":0,"max_hp_gain":0,"max_hp_loss":30,"event_name":"Vampires","floor":28,"gold_loss":0,"cards_obtained":["Bite","Bite","Bite","Bite","Bite"]},{"cards_removed":["bronze:Defend"],"damage_healed":0,"gold_gain":0,"player_choice":"Removed Skill","damage_taken":0,"max_hp_gain":0,"max_hp_loss":0,"event_name":"Falling","floor":47,"gold_loss":0}],"is_beta":false,"boss_relics":[{"not_picked":["Fusion Hammer","Coffee Dripper"],"picked":"Calling Bell"},{"not_picked":["energizedSpire:SpiderWeb","Runic Pyramid"],"picked":"bronze:MakeshiftBattery"}],"items_purged_floors":[37],"is_endless":false,"potions_floor_spawned":[11,12,13,14,15,16,19,21,27,29,30,32,33,36,37,38,39,42,43,46,48,49],"killed_by":"downfall:CharBossMerchant","ascension_level":0}}