{"host":"bf5upntvbdompq33","time":1614308252,"event":{"mods":["BaseMod","Bestiary","Colored Map","Colored Powertips","Curses Come First","Highlight Path","Minty Spire (QoL Compilation)","StSLib","ojb\u0027s Info Mod"],"gold_per_floor":[118,128,128,128,128,153,173,183,251,251,279,323,345,365,365,475,475,499,496,496,521,548,548,548,548],"floor_reached":24,"language":"ENG","playtime":2001,"items_purged":[],"score":379,"play_id":"0c9f697a-cb25-4ce7-b785-eae00194ddfb","local_time":"20210225195732","is_ascension_mode":true,"campfire_choices":[{"floor":10,"key":"DIG"},{"floor":15,"key":"REST"},{"floor":23,"key":"REST"}],"circlet_count":0,"master_deck":["AscendersBane","Strike_B","Strike_B","Strike_B","Defend_B","Defend_B","Defend_B","Defend_B","Zap+1","Dualcast","Ball Lightning","Ball Lightning","BootSequence","Conserve Battery","Darkness","Hologram","Skim","Turbo","Compile Driver","Creative AI","Hologram+1","Consume","Compile Driver","Coolheaded"],"relics":["Cracked Core","NeowsBlessing","Shovel","Bottled Lightning","CeramicFish","Dead Branch","Fusion Hammer"],"acts_visited":["Exordium","TheCity"],"potions_floor_usage":[6,7,14,18,19,21],"damage_taken":[{"damage":0,"enemies":"Cultist","floor":1,"turns":1},{"damage":0,"enemies":"2 Louse","floor":2,"turns":1},{"damage":0,"enemies":"3 Sentries","floor":6,"turns":1},{"damage":0,"enemies":"Small Slimes","floor":7,"turns":3},{"damage":0,"enemies":"Red Slaver","floor":8,"turns":2},{"damage":5,"enemies":"Exordium Thugs","floor":11,"turns":4},{"damage":33,"enemies":"Lagavulin","floor":12,"turns":6},{"damage":2,"enemies":"3 Louse","floor":13,"turns":3},{"damage":11,"enemies":"Gremlin Gang","floor":14,"turns":4},{"damage":26,"enemies":"Hexaghost","floor":16,"turns":9},{"damage":27,"enemies":"3 Byrds","floor":18,"turns":5},{"damage":22,"enemies":"2 Thieves","floor":19,"turns":4},{"damage":5,"enemies":"Chosen and Byrds","floor":21,"turns":5},{"damage":14,"enemies":"Centurion and Healer","floor":22,"turns":7},{"damage":40,"enemies":"Gremlin Leader","floor":24,"turns":4}],"seed_played":"520661182909061663","potions_obtained":[{"floor":2,"key":"FocusPotion"},{"floor":5,"key":"DuplicationPotion"},{"floor":5,"key":"Explosive Potion"},{"floor":6,"key":"DistilledChaos"},{"floor":7,"key":"Fruit Juice"},{"floor":12,"key":"DistilledChaos"},{"floor":14,"key":"Regen Potion"},{"floor":19,"key":"EssenceOfSteel"},{"floor":22,"key":"Swift Potion"}],"is_trial":false,"path_per_floor":["M","M","?","?","?","E","M","M","T","R","M","E","M","M","R","B",null,"M","M","T","M","M","R","E"],"character_chosen":"DEFECT","items_purchased":[],"campfire_rested":2,"item_purchase_floors":[],"current_hp_per_floor":[68,68,68,61,61,61,66,66,66,66,61,28,26,15,39,13,63,36,26,26,21,7,31,0,0],"gold":548,"neow_bonus":"THREE_ENEMY_KILL","is_daily":false,"chose_seed":false,"campfire_upgraded":0,"win_rate":0.0,"timestamp":1614308252,"path_taken":["M","M","?","?","?","E","M","M","T","R","M","E","M","M","R","BOSS","M","M","?","M","M","R","E"],"items_purchased_type":[],"build_version":"2020-12-22","purchased_purges":0,"victory":false,"max_hp_per_floor":[75,75,75,75,75,75,80,80,80,80,80,80,80,80,80,80,80,80,80,80,80,80,80,80,80],"card_choices":[{"not_picked":["Sweeping Beam","Melter"],"picked":"Ball Lightning","floor":1},{"not_picked":["Rip and Tear","Coolheaded"],"picked":"Ball Lightning","floor":2},{"not_picked":["Compile Driver","Streamline"],"picked":"BootSequence","floor":6},{"not_picked":["Redo","Multi-Cast"],"picked":"Conserve Battery","floor":7},{"not_picked":["Leap","Rebound"],"picked":"Darkness","floor":8},{"not_picked":["Gash","Leap"],"picked":"Hologram","floor":11},{"not_picked":["Coolheaded","Turbo"],"picked":"Skim","floor":12},{"not_picked":["Go for the Eyes","Ball Lightning"],"picked":"Turbo","floor":13},{"not_picked":["Hologram","Rip and Tear"],"picked":"Compile Driver","floor":14},{"not_picked":["Biased Cognition","All For One"],"picked":"Creative AI","floor":16},{"not_picked":["Streamline","Barrage"],"picked":"Hologram+1","floor":18},{"not_picked":["Conserve Battery","Coolheaded"],"picked":"Consume","floor":19},{"not_picked":["Rebound","Skim"],"picked":"Compile Driver","floor":21},{"not_picked":["Leap","Thunder Strike"],"picked":"Coolheaded","floor":22}],"player_experience":1747972,"relics_obtained":[{"floor":6,"key":"Shovel"},{"floor":9,"key":"Bottled Lightning"},{"floor":10,"key":"CeramicFish"},{"floor":12,"key":"Dead Branch"}],"event_choices":[{"damage_healed":0,"gold_gain":0,"player_choice":"Grow","damage_taken":0,"max_hp_gain":0,"max_hp_loss":0,"event_name":"Living Wall","floor":3,"gold_loss":0,"cards_upgraded":["Zap"]},{"cards_removed":["Strike_B"],"damage_healed":0,"gold_gain":0,"player_choice":"Card Removal","damage_taken":7,"max_hp_gain":0,"max_hp_loss":0,"event_name":"Golden Wing","floor":4,"gold_loss":0},{"damage_healed":0,"gold_gain":0,"player_choice":"Got Potions","damage_taken":0,"max_hp_gain":0,"max_hp_loss":0,"event_name":"Lab","floor":5,"gold_loss":0}],"is_beta":false,"boss_relics":[{"not_picked":["FrozenCore","Calling Bell"],"picked":"Fusion Hammer"}],"items_purged_floors":[],"is_endless":false,"potions_floor_spawned":[2,6,7,12,14,19,22],"killed_by":"Gremlin Leader","ascension_level":12}}