{"host":"7wi4qgm5yw4j7oz0","time":1614344875,"event":{"mods":["AchievementEnabler","BaseMod","Block Reminder","Colored Map","Colored Powertips","Highlight Path","Minty Spire (QoL Compilation)","Permanent Neow","Random Character Button","StSLib","SuperFastMode","everything is the same but u backflip on backflip"],"gold_per_floor":[111,111,124,49,60,60,90,90,90,15,34,34,34,47,47,121,121,131,1,48,65,81,81,81,81],"floor_reached":24,"language":"KOR","playtime":772,"items_purged":["Strike_R"],"score":372,"play_id":"28a1ae0f-c515-4549-a99e-eb7e205ddca5","local_time":"20210226220755","is_ascension_mode":true,"campfire_choices":[{"data":"Wild Strike","floor":6.0,"key":"SMITH"},{"data":"Rage","floor":8.0,"key":"SMITH"},{"data":"Pommel Strike","floor":13.0,"key":"SMITH"},{"data":"Fire Breathing","floor":15.0,"key":"SMITH"},{"floor":23,"key":"REST"}],"circlet_count":0,"master_deck":["AscendersBane","Strike_R","Strike_R","Strike_R","Strike_R","Defend_R","Defend_R","Defend_R","Defend_R","Bash","Shrug It Off+1","Fire Breathing+1","Wild Strike+1","Rage+1","Inflame","Pommel Strike+1","Body Slam","Offering","Cleave","Rage","Second Wind","Doubt"],"relics":["Burning Blood","NeowsBlessing","Ice Cream","Letter Opener","Cursed Key","Akabeko"],"acts_visited":["Exordium","TheCity"],"potions_floor_usage":[22,24],"damage_taken":[{"damage":0.0,"enemies":"2 Louse","floor":1.0,"turns":1.0},{"damage":0.0,"enemies":"Cultist","floor":3.0,"turns":1.0},{"damage":0.0,"enemies":"Jaw Worm","floor":5.0,"turns":1.0},{"damage":49.0,"enemies":"Gremlin Nob","floor":7.0,"turns":5.0},{"damage":3.0,"enemies":"Lots of Slimes","floor":11.0,"turns":4.0},{"damage":8.0,"enemies":"Blue Slaver","floor":14.0,"turns":3.0},{"damage":14.0,"enemies":"Slime Boss","floor":16.0,"turns":7.0},{"damage":18,"enemies":"2 Thieves","floor":18,"turns":3},{"damage":8,"enemies":"Shell Parasite","floor":21,"turns":3},{"damage":39,"enemies":"Centurion and Healer","floor":22,"turns":7},{"damage":49,"enemies":"Slavers","floor":24,"turns":4}],"seed_played":"6695560607001388200","potions_obtained":[{"floor":1.0,"key":"PowerPotion"},{"floor":7.0,"key":"Weak Potion"},{"floor":12.0,"key":"Fruit Juice"},{"floor":12.0,"key":"ColorlessPotion"},{"floor":18,"key":"Swift Potion"}],"is_trial":false,"path_per_floor":["M","?","M","$","M","R","E","R","T","$","M","?","R","M","R","B",null,"M","$","T","M","M","R","E"],"character_chosen":"IRONCLAD","items_purchased":["Inflame","Rage","Second Wind"],"campfire_rested":1,"item_purchase_floors":[10,19,19],"current_hp_per_floor":[74,74,75,75,75,75,32,32,32,32,35,40,40,38,38,30,68,56,56,56,54,21,45,0,0],"gold":81,"neow_bonus":"THREE_ENEMY_KILL","is_daily":false,"chose_seed":false,"campfire_upgraded":4,"win_rate":0.0,"timestamp":1614344875,"path_taken":["M","?","?","$","M","R","E","R","T","$","M","?","R","M","R","BOSS","M","$","?","M","M","R","E"],"items_purchased_type":["Card","Card","Card"],"build_version":"2020-12-22","purchased_purges":1,"victory":false,"max_hp_per_floor":[75,75,75,75,75,75,75,75,75,75,75,80,80,80,80,80,80,80,80,80,80,80,80,80,80],"card_choices":[{"not_picked":["Ghostly Armor","True Grit"],"picked":"Shrug It Off","floor":1.0},{"not_picked":["Havoc","True Grit"],"picked":"Fire Breathing","floor":3.0},{"not_picked":["Sword Boomerang","True Grit"],"picked":"Wild Strike","floor":5.0},{"not_picked":["Perfected Strike","Dual Wield"],"picked":"Rage","floor":7.0},{"not_picked":["Dropkick","Dual Wield"],"picked":"Pommel Strike","floor":11.0},{"not_picked":["Carnage","Pommel Strike"],"picked":"Body Slam","floor":14.0},{"not_picked":["Reaper","Feed"],"picked":"Offering","floor":16.0},{"not_picked":["Thunderclap+1","Perfected Strike"],"picked":"Cleave","floor":18},{"not_picked":["Searing Blow","Perfected Strike","Thunderclap+1"],"picked":"SKIP","floor":21},{"not_picked":["Searing Blow","Perfected Strike","Thunderclap+1"],"picked":"SKIP","floor":21},{"not_picked":["Cleave","Sword Boomerang","Combust"],"picked":"SKIP","floor":22}],"player_experience":378531,"relics_obtained":[{"floor":7.0,"key":"Ice Cream"},{"floor":9.0,"key":"Letter Opener"},{"floor":20,"key":"Akabeko"}],"event_choices":[{"damage_healed":0.0,"max_hp_gain":0.0,"max_hp_loss":0.0,"gold_gain":0.0,"event_name":"Upgrade Shrine","player_choice":"Upgraded","floor":2.0,"gold_loss":0.0,"damage_taken":0.0,"cards_upgraded":["Shrug It Off"]},{"damage_healed":0.0,"max_hp_gain":0.0,"max_hp_loss":0.0,"gold_gain":0.0,"event_name":"Lab","player_choice":"Got Potions","floor":12.0,"gold_loss":0.0,"damage_taken":0.0}],"is_beta":false,"boss_relics":[{"not_picked":["SlaversCollar","Calling Bell"],"picked":"Cursed Key"}],"items_purged_floors":[4],"is_endless":false,"potions_floor_spawned":[1,7,18,21],"killed_by":"Slavers","ascension_level":18}}