{"host":"1n4zh8skucxnzijq","time":1614332881,"event":{"mods":["AchievementEnabler","BaseMod","Minty Spire (QoL Compilation)","Quick Restart"],"gold_per_floor":[11,27,27,102,102,102,102,127,127,151,151,106,31,102,102,102,102],"floor_reached":16,"language":"ENG","playtime":412,"items_purged":["Strike_G"],"score":180,"play_id":"9c2f0266-ee63-4598-bcd4-906635628b3b","local_time":"20210226094801","is_ascension_mode":true,"campfire_choices":[{"data":"Defend_G","floor":6.0,"key":"PURGE"},{"floor":11,"key":"REST"},{"floor":15,"key":"REST"}],"circlet_count":0,"master_deck":["AscendersBane","Strike_G","Strike_G","Strike_G","Defend_G","Defend_G","Defend_G","Defend_G","Survivor","Neutralize","Acrobatics","All Out Attack","Acrobatics","Eviscerate"],"relics":["Ring of the Snake","Peace Pipe","Golden Idol","Kunai","Paper Crane"],"acts_visited":["Exordium"],"potions_floor_usage":[],"damage_taken":[{"damage":12.0,"enemies":"Cultist","floor":1.0,"turns":6.0},{"damage":2.0,"enemies":"2 Louse","floor":2.0,"turns":3.0},{"damage":2.0,"enemies":"Jaw Worm","floor":8.0,"turns":4.0},{"damage":4,"enemies":"3 Louse","floor":10,"turns":3},{"damage":20,"enemies":"Exordium Thugs","floor":12,"turns":6},{"damage":48,"enemies":"The Guardian","floor":16,"turns":8}],"seed_played":"5148140780599202806","potions_obtained":[{"floor":10,"key":"Ancient Potion"},{"floor":12,"key":"SmokeBomb"}],"is_trial":false,"path_per_floor":["M","M","?","?","?","R","?","M","T","M","R","M","$","T","R","B"],"character_chosen":"THE_SILENT","items_purchased":[],"campfire_rested":2,"item_purchase_floors":[],"current_hp_per_floor":[47,45,22,11,11,11,11,9,9,5,24,4,4,4,23,0,0],"gold":102,"neow_bonus":"ONE_RARE_RELIC","is_daily":false,"chose_seed":false,"campfire_upgraded":0,"win_rate":0.0,"timestamp":1614332881,"path_taken":["M","M","?","?","?","R","?","?","T","M","R","M","$","?","R","BOSS"],"items_purchased_type":[],"build_version":"2020-12-22","purchased_purges":1,"victory":false,"max_hp_per_floor":[66,66,66,66,66,66,66,66,66,66,66,66,66,66,66,66,66],"card_choices":[{"not_picked":["Backflip","Flying Knee"],"picked":"Acrobatics","floor":1.0},{"not_picked":["Infinite Blades","PiercingWail"],"picked":"All Out Attack","floor":2.0},{"not_picked":["Crippling Poison","Bouncing Flask"],"picked":"Acrobatics","floor":8.0},{"not_picked":["Acrobatics","Setup","Leg Sweep"],"picked":"SKIP","floor":10},{"not_picked":["Calculated Gamble","Dodge and Roll"],"picked":"Eviscerate","floor":12}],"player_experience":1185656,"relics_obtained":[{"floor":9.0,"key":"Kunai"},{"floor":14,"key":"Paper Crane"}],"event_choices":[{"damage_healed":0.0,"max_hp_gain":0.0,"max_hp_loss":0.0,"gold_gain":0.0,"event_name":"Golden Idol","player_choice":"Take Damage","floor":3.0,"gold_loss":0.0,"damage_taken":23.0,"relics_obtained":["Golden Idol"]},{"damage_healed":0.0,"max_hp_gain":0.0,"max_hp_loss":0.0,"gold_gain":75.0,"event_name":"World of Goop","player_choice":"Gather Gold","floor":4.0,"gold_loss":0.0,"damage_taken":11.0},{"cards_removed":["Strike_G"],"damage_healed":0.0,"max_hp_gain":0.0,"max_hp_loss":0.0,"gold_gain":0.0,"event_name":"Living Wall","player_choice":"Forget","floor":5.0,"gold_loss":0.0,"damage_taken":0.0},{"damage_healed":0.0,"max_hp_gain":0.0,"max_hp_loss":0.0,"gold_gain":0.0,"event_name":"Dead Adventurer","player_choice":"Searched \u00270\u0027 times","floor":7.0,"gold_loss":0.0,"damage_taken":0.0}],"is_beta":false,"boss_relics":[],"items_purged_floors":[13],"is_endless":false,"potions_floor_spawned":[10,12],"killed_by":"The Guardian","ascension_level":20}}