{"host":"jyt8vqv30ansoqx1","time":1614383700,"event":{"mods":["BaseMod","Colored Map","DeckTracker","Highlight Path","Minty Spire (QoL Compilation)","Relic Stats","StSLib","SuperFastMode"],"gold_per_floor":[114,129,129,153,218,253,277,277,277,297,297,341,341,362,362,455,455,476,476,497,497,33,33,52,52,52,92,92,92,92,92],"floor_reached":30,"language":"ENG","playtime":1283,"items_purged":["Defend_G"],"score":541,"play_id":"80da8dbe-61e2-4e14-b073-e49f29eff922","local_time":"20210226185500","is_ascension_mode":true,"campfire_choices":[{"data":"Dash","floor":8,"key":"SMITH"},{"data":"Neutralize","floor":11,"key":"SMITH"},{"data":"Survivor","floor":13,"key":"SMITH"},{"data":"Bouncing Flask","floor":15,"key":"SMITH"},{"data":"Burst","floor":23,"key":"SMITH"},{"data":"Catalyst","floor":25,"key":"SMITH"}],"circlet_count":0,"master_deck":["AscendersBane","Defend_G","Defend_G","Survivor+1","Neutralize+1","Predator","Dagger Throw","Dash+1","Bouncing Flask+1","Underhanded Strike","Adrenaline","Reflex","Corpse Explosion","Burst+1","Catalyst+1","Bite+1","Bite+1","Bite","Bite","Bite","Deflect","Noxious Fumes","Footwork","Leg Sweep","Reflex"],"relics":["Ring of the Snake","NeowsBlessing","Golden Idol","The Courier","Question Card","Nunchaku","Philosopher\u0027s Stone","OrangePellets","Whetstone","Strawberry","Thread and Needle"],"acts_visited":["Exordium","TheCity"],"potions_floor_usage":[6,12,12,18],"damage_taken":[{"damage":0,"enemies":"2 Louse","floor":1,"turns":1},{"damage":0,"enemies":"Jaw Worm","floor":2,"turns":1},{"damage":0,"enemies":"Cultist","floor":4,"turns":1},{"damage":12,"enemies":"3 Sentries","floor":6,"turns":10},{"damage":4,"enemies":"2 Fungi Beasts","floor":7,"turns":4},{"damage":15,"enemies":"Large Slime","floor":10,"turns":7},{"damage":7,"enemies":"Lagavulin","floor":12,"turns":7},{"damage":5,"enemies":"3 Louse","floor":14,"turns":3},{"damage":13,"enemies":"Hexaghost","floor":16,"turns":9},{"damage":18,"enemies":"Spheric Guardian","floor":18,"turns":5},{"damage":4,"enemies":"Chosen","floor":20,"turns":4},{"damage":21,"enemies":"Sentry and Sphere","floor":24,"turns":5},{"damage":41,"enemies":"Slavers","floor":27,"turns":4},{"damage":29,"enemies":"Book of Stabbing","floor":30,"turns":4}],"seed_played":"1678191491298581327","potions_obtained":[{"floor":1,"key":"Block Potion"},{"floor":2,"key":"LiquidBronze"},{"floor":10,"key":"Block Potion"},{"floor":14,"key":"Weak Potion"},{"floor":18,"key":"SteroidPotion"}],"is_trial":false,"path_per_floor":["M","M","?","M","?","E","M","R","T","M","R","E","R","M","R","B",null,"M","?","M","?","$","R","M","R","T","E","?","?","E"],"character_chosen":"THE_SILENT","items_purchased":["OrangePellets","Whetstone","Footwork","FairyPotion"],"campfire_rested":0,"item_purchase_floors":[22,22,22,22],"current_hp_per_floor":[59,59,59,59,59,47,43,43,43,28,28,21,21,16,16,3,46,28,28,32,32,32,32,21,21,28,19,19,19,0,0],"gold":92,"neow_bonus":"THREE_ENEMY_KILL","is_daily":false,"chose_seed":false,"campfire_upgraded":6,"win_rate":0.0,"timestamp":1614383700,"path_taken":["M","M","?","M","?","E","M","R","T","M","R","E","R","M","R","BOSS","M","?","M","?","$","R","?","R","T","E","?","?","E"],"items_purchased_type":["Relic","Relic","Card","Potion"],"build_version":"2020-12-22","purchased_purges":1,"victory":false,"max_hp_per_floor":[66,66,60,60,60,60,60,60,60,60,60,60,60,60,60,60,60,60,42,42,42,42,42,42,42,49,49,49,49,49,49],"relic_stats":{"OrangePellets":[1],"Nunchaku":[5],"counters":[14,65],"Golden Idol":73,"Whetstone":["Bite","Bite"],"Question Card":8,"obtain_stats":[{"OrangePellets":22,"Nunchaku":12,"NeowsBlessing":0,"Golden Idol":3,"Strawberry":26,"Philosopher\u0027s Stone":17,"Thread and Needle":27,"The Courier":6,"Whetstone":22,"Question Card":9,"Ring of the Snake":0},{"OrangePellets":11,"Nunchaku":7,"NeowsBlessing":0,"Golden Idol":2,"Strawberry":12,"Philosopher\u0027s Stone":9,"Thread and Needle":13,"The Courier":4,"Whetstone":11,"Question Card":5,"Ring of the Snake":0},{"OrangePellets":52,"Nunchaku":31,"NeowsBlessing":0,"Golden Idol":2,"Strawberry":57,"Philosopher\u0027s Stone":43,"Thread and Needle":61,"The Courier":13,"Whetstone":52,"Question Card":17,"Ring of the Snake":0}],"Ring of the Snake":[28]},"card_choices":[{"not_picked":["Terror","Tactician"],"picked":"Predator","floor":1},{"not_picked":["Catalyst","Outmaneuver"],"picked":"Dagger Throw","floor":2},{"not_picked":["Underhanded Strike","Catalyst"],"picked":"Dash","floor":4},{"not_picked":["Underhanded Strike","Distraction"],"picked":"Bouncing Flask","floor":6},{"not_picked":["Flying Knee","Dodge and Roll"],"picked":"Underhanded Strike","floor":7},{"not_picked":["Accuracy","Predator","Underhanded Strike"],"picked":"Adrenaline","floor":10},{"not_picked":["Poisoned Stab","Prepared","Quick Slash"],"picked":"Reflex","floor":12},{"not_picked":["Prepared","Finisher","Crippling Poison"],"picked":"Corpse Explosion","floor":14},{"not_picked":["Tools of the Trade","A Thousand Cuts","Envenom"],"picked":"Burst","floor":16},{"not_picked":["Bane","Riddle With Holes","Dagger Spray+1"],"picked":"Catalyst","floor":18},{"not_picked":["Distraction","Blade Dance","Cloak And Dagger"],"picked":"Deflect","floor":20},{"not_picked":["Deadly Poison","Dash","Dagger Spray"],"picked":"Leg Sweep","floor":24},{"not_picked":["Deflect","Outmaneuver+1","Storm of Steel"],"picked":"Reflex","floor":27}],"player_experience":1713312,"relics_obtained":[{"floor":6,"key":"The Courier"},{"floor":9,"key":"Question Card"},{"floor":12,"key":"Nunchaku"},{"floor":26,"key":"Strawberry"},{"floor":27,"key":"Thread and Needle"}],"event_choices":[{"damage_healed":0,"gold_gain":0,"player_choice":"Lose Max HP","damage_taken":0,"relics_obtained":["Golden Idol"],"max_hp_gain":0,"max_hp_loss":6,"event_name":"Golden Idol","floor":3,"gold_loss":0},{"damage_healed":0,"gold_gain":65,"player_choice":"Gained Gold","damage_taken":0,"max_hp_gain":0,"max_hp_loss":0,"event_name":"Golden Wing","floor":5,"gold_loss":0},{"damage_healed":0,"gold_gain":0,"player_choice":"Became a vampire","damage_taken":0,"max_hp_gain":0,"max_hp_loss":18,"event_name":"Vampires","floor":19,"gold_loss":0,"cards_obtained":["Bite","Bite","Bite","Bite","Bite"]},{"damage_healed":0,"gold_gain":0,"cards_transformed":["Defend_G"],"player_choice":"Transformed","damage_taken":0,"max_hp_gain":0,"max_hp_loss":0,"event_name":"Transmorgrifier","floor":21,"gold_loss":0,"cards_obtained":["Noxious Fumes"]},{"cards_removed":["Defend_G"],"damage_healed":0,"gold_gain":0,"player_choice":"Elegance","damage_taken":0,"max_hp_gain":0,"max_hp_loss":0,"event_name":"Back to Basics","floor":28,"gold_loss":0},{"damage_healed":0,"gold_gain":0,"player_choice":"Ignored","damage_taken":0,"max_hp_gain":0,"max_hp_loss":0,"event_name":"The Mausoleum","floor":29,"gold_loss":0}],"is_beta":false,"boss_relics":[{"not_picked":["SlaversCollar","Cursed Key"],"picked":"Philosopher\u0027s Stone"}],"items_purged_floors":[22],"is_endless":false,"potions_floor_spawned":[1,2,10,14,18],"killed_by":"Book of Stabbing","ascension_level":20}}