{"host":"phapnj0danpxvjlm","time":1614366302,"event":{"mods":["Act Like it!","BaseMod","Better Note","Better Third Choice","Bossed Relics","Colored Powertips","Downfall","Hermit","Lobotomy","Marisa????????","Minty Spire (QoL Compilation)","Permanent Neow","Quick Restart","Rare Cards Sparkle","Ruina","Spire Arcade","StSLib","The Animator","The Necromancer","The Wild Card"],"gold_per_floor":[118,128,203,203,217,242,259,259,286,286,312,312,328,344,344,441,441,460,460,487,487,500,533,533,533],"floor_reached":24,"language":"ENG","playtime":637,"items_purged":[],"score":266,"play_id":"847de1dc-2dc1-4628-9b0e-73799e96ccd3","local_time":"20210226200502","is_ascension_mode":false,"campfire_choices":[{"floor":8,"key":"REST"},{"data":"theWildCard:SeveringSlash","floor":10,"key":"SMITH"},{"data":"theWildCard:Michael","floor":15,"key":"SMITH"}],"circlet_count":0,"master_deck":["theWildCard:BasicStrike","theWildCard:BasicStrike","theWildCard:BasicStrike","theWildCard:BasicStrike","theWildCard:BasicDefend","theWildCard:BasicDefend","theWildCard:BasicDefend","theWildCard:BasicDefend","theWildCard:Arsene+1","theWildCard:SeveringSlash+1","theWildCard:SeveringSlash","theWildCard:ArcaneArts","theWildCard:Michael+1","theWildCard:BladeOfGenerations","theWildCard:BladeOfGenerations+1","theWildCard:SeveringSlash+1","theWildCard:Overwhelm+1","theWildCard:StingingStrike+1","theWildCard:PowerOfTheArcana+1","theWildCard:ArcanaArtistry+1"],"relics":["theWildCard:VelvetContract","Regal Pillow","Tiny Chest","Guardian:PocketSentry","Odd Mushroom","Molten Egg 2","Black Star","Nunchaku","Pear","Toxic Egg 2"],"acts_visited":["Exordium","Exordium"],"potions_floor_usage":[6,11,16,16,16,23,24],"damage_taken":[{"damage":0.0,"enemies":"Jaw Worm","floor":1.0,"turns":4.0},{"damage":0.0,"enemies":"2 Louse","floor":2.0,"turns":2.0},{"damage":0.0,"enemies":"Small Slimes","floor":5.0,"turns":2.0},{"damage":8,"enemies":"Gremlin Nob","floor":6,"turns":4},{"damage":4,"enemies":"3 Louse","floor":7,"turns":2},{"damage":0,"enemies":"The Mushroom Lair","floor":11,"turns":1},{"damage":5,"enemies":"Blue Slaver","floor":13,"turns":2},{"damage":6,"enemies":"Large Slime","floor":14,"turns":3},{"damage":0,"enemies":"Hexaghost","floor":16,"turns":6},{"damage":6,"enemies":"ruina:Nosferatu","floor":18,"turns":4},{"damage":6,"enemies":"ruina:3_Bats","floor":22,"turns":2},{"damage":35,"enemies":"ruina:RoadHome","floor":23,"turns":3},{"damage":24,"enemies":"ruina:KingOfGreed","floor":24,"turns":3}],"seed_played":"7197763796680258979","potions_obtained":[{"floor":2.0,"key":"Swift Potion"},{"floor":6,"key":"Guardian:BlockOnCardUsePotion"},{"floor":7,"key":"DistilledChaos"},{"floor":13,"key":"Ancient Potion"},{"floor":14,"key":"SpeedPotion"},{"floor":18,"key":"Guardian:BlockOnCardUsePotion"},{"floor":23,"key":"BlessingOfTheForge"}],"is_trial":false,"path_per_floor":["M","M","?","?","M","E","M","R","T","R","?","?","M","M","R","B",null,"M","?","T","?","M","E","M"],"character_chosen":"THE_WILD_CARD","items_purchased":[],"campfire_rested":1,"item_purchase_floors":[],"current_hp_per_floor":[60,60,49,37,37,29,25,58,58,58,58,58,53,47,47,47,60,54,54,54,54,48,23,0,0],"gold":533,"neow_bonus":"UPGRADE_CARD","is_daily":false,"chose_seed":false,"campfire_upgraded":2,"win_rate":0.0,"timestamp":1614366302,"path_taken":["M","M","?","?","M","E","M","R","T","R","?","?","M","M","R","BOSS","M","?","?","?","M","E","M"],"items_purchased_type":[],"build_version":"2020-12-22","purchased_purges":0,"victory":false,"max_hp_per_floor":[60,60,60,60,60,60,60,60,60,60,60,60,60,60,60,60,60,60,60,60,60,60,70,70,70],"card_choices":[{"not_picked":["theWildCard:EnergizedStroke","theWildCard:SacrificialStroke"],"picked":"theWildCard:SeveringSlash","floor":1.0},{"not_picked":["theWildCard:StalwartBlade","theWildCard:MagicMettle"],"picked":"theWildCard:SeveringSlash","floor":2.0},{"not_picked":["theWildCard:Proficiency","theWildCard:StalwartBlade"],"picked":"theWildCard:ArcaneArts","floor":5.0},{"not_picked":["theWildCard:Deicide","theWildCard:ShieldOfMany"],"picked":"theWildCard:Michael","floor":6},{"not_picked":["theWildCard:Patience","theWildCard:Sakuya"],"picked":"theWildCard:BladeOfGenerations","floor":7},{"not_picked":["theWildCard:ShieldOfMany","theWildCard:MagicMettle"],"picked":"theWildCard:BladeOfGenerations+1","floor":13},{"not_picked":["theWildCard:IdentityTheft+1","theWildCard:PaleRider"],"picked":"theWildCard:SeveringSlash+1","floor":14},{"not_picked":["theWildCard:Thanatos","theWildCard:Desolation+1"],"picked":"theWildCard:Overwhelm+1","floor":16},{"not_picked":["theWildCard:BladeOfGenerations+1","theWildCard:ShieldOfMany"],"picked":"theWildCard:StingingStrike+1","floor":18},{"not_picked":["theWildCard:ArcanaArtistry+1","theWildCard:ArcaneArts"],"picked":"theWildCard:PowerOfTheArcana+1","floor":22},{"not_picked":["theWildCard:ArchaicAssault+1","theWildCard:StalwartBlade+1"],"picked":"theWildCard:ArcanaArtistry+1","floor":23}],"player_experience":585031,"relics_obtained":[{"floor":6,"key":"Tiny Chest"},{"floor":9,"key":"Guardian:PocketSentry"},{"floor":11,"key":"Odd Mushroom"},{"floor":20,"key":"Nunchaku"},{"floor":23,"key":"Pear"},{"floor":23,"key":"Toxic Egg 2"}],"event_choices":[{"damage_healed":0.0,"max_hp_gain":0.0,"max_hp_loss":0.0,"gold_gain":75.0,"event_name":"betterThird:BetterGoop","player_choice":"Gold","floor":3.0,"gold_loss":0.0,"damage_taken":11.0},{"damage_healed":0.0,"max_hp_gain":0.0,"max_hp_loss":0.0,"gold_gain":0.0,"event_name":"betterThird:BetterScrap","player_choice":"Relic ","floor":4.0,"gold_loss":0.0,"damage_taken":12.0,"cards_obtained":["Endless Agony"]},{"damage_healed":0,"gold_gain":0,"player_choice":"Fought Mushrooms","damage_taken":0,"max_hp_gain":0,"max_hp_loss":0,"event_name":"Mushrooms","floor":11,"gold_loss":0}],"is_beta":false,"boss_relics":[{"not_picked":["theWildCard:FigureOfDeath","bronze:MakeshiftBattery"],"picked":"Black Star"}],"items_purged_floors":[],"is_endless":false,"potions_floor_spawned":[2,6,7,13,14,18,23],"killed_by":"ruina:KingOfGreed","ascension_level":0}}