{"host":"wbn3xdfsa5pc2kse","time":1614345518,"event":{"mods":["AchievementEnabler","BaseMod","Bestiary","Colored Map","Colored Powertips","Curses Come First","Highlight Path","Minty Spire (QoL Compilation)","Permanent Neow","Rare Cards Sparkle","Relic Stats","StSLib"],"gold_per_floor":[20,39,52,65,80,108,108,122,148,148,160,29,63,80,80,156,156,176,176,190,25,39,71,71,97,178,207,222,222,253,3,3,81,81,97,116,42,55,380,409,409,409,457,457,472,472,503,503,503,503,503,503,96,129,129],"floor_reached":56,"language":"ZHT","playtime":2259,"items_purged":["Strike_R","Defend_R+1"],"score":2345,"play_id":"4abbc860-ee91-431d-ab5e-c9ca5f0b4e30","local_time":"20210226211838","is_ascension_mode":true,"campfire_choices":[{"data":"Blood for Blood","floor":7.0,"key":"SMITH"},{"data":"Bash","floor":10.0,"key":"SMITH"},{"data":"Bludgeon","floor":15.0,"key":"SMITH"},{"data":"True Grit","floor":29,"key":"SMITH"},{"data":"Disarm","floor":32,"key":"SMITH"},{"floor":42,"key":"RECALL"},{"data":"Feel No Pain","floor":44,"key":"SMITH"},{"data":"Feel No Pain","floor":46,"key":"SMITH"},{"data":"Brutality","floor":49,"key":"SMITH"},{"data":"Heavy Blade","floor":52,"key":"SMITH"}],"circlet_count":0,"master_deck":["AscendersBane","Defend_R+1","Bash+1","Thunderclap","Heavy Blade+1","Shrug It Off","Blood for Blood+1","Wild Strike","Anger","True Grit+1","Bludgeon+1","Offering","Shrug It Off","Fire Breathing","Exhume","Offering","Disarm+1","Uppercut+1","Bludgeon","Rupture+1","Intimidate+1","Fire Breathing+1","Shrug It Off+1","Burning Pact+1","Feel No Pain+1","Hemokinesis+1","Feel No Pain+1","Reaper","Infernal Blade","Brutality+1","Sentinel","Shockwave"],"relics":["Burning Blood","Paper Frog","Toy Ornithopter","White Beast Statue","Snecko Eye","PreservedInsect","Bag of Preparation","Blood Vial","Meat on the Bone","Regal Pillow","CaptainsWheel","Potion Belt","Astrolabe","Old Coin","Sundial","Question Card","Lee\u0027s Waffle","Vajra"],"acts_visited":["Exordium","TheCity","TheBeyond","TheEnding"],"potions_floor_usage":[33,33,40,47,50,54,55,55,55,55,55,55],"damage_taken":[{"damage":1.0,"enemies":"Cultist","floor":1.0,"turns":4.0},{"damage":11.0,"enemies":"Jaw Worm","floor":2.0,"turns":4.0},{"damage":7.0,"enemies":"2 Louse","floor":3.0,"turns":2.0},{"damage":17.0,"enemies":"2 Fungi Beasts","floor":4.0,"turns":4.0},{"damage":8.0,"enemies":"Looter","floor":5.0,"turns":5.0},{"damage":22.0,"enemies":"Lagavulin","floor":6.0,"turns":6.0},{"damage":0.0,"enemies":"Exordium Wildlife","floor":8.0,"turns":3.0},{"damage":5.0,"enemies":"Gremlin Gang","floor":11.0,"turns":3.0},{"damage":0.0,"enemies":"Gremlin Nob","floor":13.0,"turns":2.0},{"damage":10.0,"enemies":"Large Slime","floor":14.0,"turns":3.0},{"damage":10.0,"enemies":"Slime Boss","floor":16.0,"turns":7.0},{"damage":4.0,"enemies":"Spheric Guardian","floor":18.0,"turns":3.0},{"damage":11.0,"enemies":"2 Thieves","floor":20.0,"turns":3.0},{"damage":0.0,"enemies":"Snecko","floor":22.0,"turns":3.0},{"damage":0.0,"enemies":"Gremlin Leader","floor":23.0,"turns":3.0},{"damage":6,"enemies":"Book of Stabbing","floor":25,"turns":2},{"damage":2,"enemies":"Gremlin Leader","floor":27,"turns":2},{"damage":6,"enemies":"Chosen and Byrds","floor":28,"turns":5},{"damage":35,"enemies":"Slavers","floor":30,"turns":6},{"damage":27,"enemies":"Collector","floor":33,"turns":7},{"damage":3,"enemies":"Orb Walker","floor":35,"turns":2},{"damage":20,"enemies":"3 Shapes","floor":36,"turns":4},{"damage":13,"enemies":"Spire Growth","floor":38,"turns":3},{"damage":2,"enemies":"Mind Bloom Boss Battle","floor":39,"turns":7},{"damage":6,"enemies":"Reptomancer","floor":40,"turns":3},{"damage":16,"enemies":"Maw","floor":45,"turns":5},{"damage":10,"enemies":"Giant Head","floor":47,"turns":5},{"damage":79,"enemies":"Awakened One","floor":50,"turns":10},{"damage":30,"enemies":"Shield and Spear","floor":54,"turns":3},{"damage":60,"enemies":"The Heart","floor":55,"turns":7}],"seed_played":"-5569227321758704027","potions_obtained":[{"floor":1.0,"key":"DistilledChaos"},{"floor":5.0,"key":"PowerPotion"},{"floor":13.0,"key":"EntropicBrew"},{"floor":14.0,"key":"FairyPotion"},{"floor":16.0,"key":"Fire Potion"},{"floor":18.0,"key":"BlessingOfTheForge"},{"floor":20.0,"key":"EssenceOfSteel"},{"floor":23.0,"key":"Energy Potion"},{"floor":25,"key":"DistilledChaos"},{"floor":30,"key":"LiquidMemories"},{"floor":33,"key":"Strength Potion"},{"floor":35,"key":"SteroidPotion"},{"floor":36,"key":"Block Potion"},{"floor":38,"key":"ColorlessPotion"},{"floor":39,"key":"EntropicBrew"},{"floor":40,"key":"AttackPotion"},{"floor":45,"key":"BloodPotion"},{"floor":47,"key":"Swift Potion"},{"floor":54,"key":"HeartOfIron"}],"is_trial":false,"path_per_floor":["M","M","M","M","M","E","R","M","T","R","M","$","E","M","R","B",null,"M","?","M","$","M","E","?","E","T","E","M","R","E","$","R","B",null,"M","M","$","M","?","E","?","R","T","R","M","R","E","?","R","B",null,"R","$","E","B",null],"character_chosen":"IRONCLAD","items_purchased":["ColorlessPotion","PreservedInsect","Potion Belt","LiquidMemories","Feel No Pain","Lee\u0027s Waffle","BloodPotion","Sentinel"],"campfire_rested":0,"item_purchase_floors":[12,21,31,31,37,53,53,53],"current_hp_per_floor":[73,68,67,56,54,38,38,44,44,44,45,45,56,52,52,48,68,75,75,70,70,75,75,75,75,75,75,75,75,46,46,46,49,69,74,61,61,56,62,69,69,69,69,69,61,61,75,75,75,47,68,68,82,76,77],"gold":129,"neow_bonus":"REMOVE_TWO","is_daily":false,"chose_seed":false,"campfire_upgraded":9,"win_rate":0.0,"timestamp":1614345518,"path_taken":["M","M","M","M","?","E","R","M","T","R","M","$","E","M","R","BOSS","M","?","M","$","M","E","?","E","T","E","M","R","E","$","R","BOSS","M","M","$","M","?","E","?","R","T","R","?","R","E","?","R","BOSS","R","$","E","BOSS"],"items_purchased_type":["Potion","Relic","Relic","Potion","Card","Relic","Potion","Card"],"build_version":"2020-12-22","purchased_purges":2,"victory":true,"max_hp_per_floor":[75,75,75,75,75,75,75,75,75,75,75,75,75,75,75,75,75,75,75,75,75,75,75,75,75,75,75,75,75,75,75,75,75,75,75,75,75,75,75,75,75,75,75,75,75,75,75,75,75,75,75,75,82,82,82],"relic_stats":{"Regal Pillow":0,"Lee\u0027s Waffle":14,"counters":[30,126],"Astrolabe":["Rupture","Intimidate","Fire Breathing"],"PreservedInsect":450,"Bag of Preparation":[30],"Question Card":1,"Burning Blood":169,"Blood Vial":17,"Sundial":[6],"Snecko Eye":[175,164,174,172],"obtain_stats":[{"Potion Belt":31,"Regal Pillow":27,"Lee\u0027s Waffle":53,"Astrolabe":34,"Vajra":54,"PreservedInsect":21,"Bag of Preparation":23,"Question Card":47,"Burning Blood":0,"White Beast Statue":13,"Old Coin":39,"Blood Vial":25,"CaptainsWheel":30,"Sundial":40,"Snecko Eye":17,"Toy Ornithopter":9,"Paper Frog":6,"Meat on the Bone":26},{"Potion Belt":19,"Regal Pillow":17,"Lee\u0027s Waffle":28,"Astrolabe":20,"Vajra":29,"PreservedInsect":13,"Bag of Preparation":15,"Question Card":27,"Burning Blood":0,"White Beast Statue":9,"Old Coin":24,"Blood Vial":16,"CaptainsWheel":19,"Sundial":25,"Snecko Eye":11,"Toy Ornithopter":7,"Paper Frog":6,"Meat on the Bone":16},{"Potion Belt":70,"Regal Pillow":59,"Lee\u0027s Waffle":116,"Astrolabe":77,"Vajra":119,"PreservedInsect":49,"Bag of Preparation":55,"Question Card":106,"Burning Blood":0,"White Beast Statue":33,"Old Coin":93,"Blood Vial":57,"CaptainsWheel":70,"Sundial":96,"Snecko Eye":43,"Toy Ornithopter":28,"Paper Frog":25,"Meat on the Bone":57}],"Toy Ornithopter":61,"Meat on the Bone":24},"card_choices":[{"not_picked":["Cleave","Body Slam"],"picked":"Thunderclap","floor":1.0},{"not_picked":["Perfected Strike","Sentinel"],"picked":"Heavy Blade","floor":2.0},{"not_picked":["Heavy Blade","Bloodletting"],"picked":"Shrug It Off","floor":3.0},{"not_picked":["Rupture","Havoc"],"picked":"Blood for Blood","floor":4.0},{"not_picked":["Power Through","Whirlwind"],"picked":"Wild Strike","floor":5.0},{"not_picked":["Whirlwind","Havoc"],"picked":"Anger","floor":6.0},{"not_picked":["Flex","Perfected Strike"],"picked":"True Grit","floor":8.0},{"not_picked":["Heavy Blade","Headbutt"],"picked":"Bludgeon","floor":11.0},{"not_picked":["Thunderclap","Havoc","Searing Blow"],"picked":"SKIP","floor":13.0},{"not_picked":["True Grit","Disarm","Hemokinesis"],"picked":"SKIP","floor":14.0},{"not_picked":["Impervious","Reaper"],"picked":"Offering","floor":16.0},{"not_picked":["Armaments","Perfected Strike"],"picked":"Shrug It Off","floor":18.0},{"not_picked":["True Grit","Dropkick+1","Armaments"],"picked":"SKIP","floor":20.0},{"not_picked":["True Grit","Dropkick+1","Armaments"],"picked":"SKIP","floor":20.0},{"not_picked":["Wild Strike","Twin Strike"],"picked":"Fire Breathing","floor":22.0},{"not_picked":["Bloodletting","Entrench","Reckless Charge"],"picked":"SKIP","floor":23.0},{"not_picked":["Wild Strike","Bloodletting"],"picked":"Exhume","floor":25},{"not_picked":["Flex","Havoc"],"picked":"Offering","floor":27},{"not_picked":["Thunderclap","Reckless Charge"],"picked":"Disarm","floor":28},{"not_picked":["Havoc","Bloodletting"],"picked":"Uppercut+1","floor":30},{"not_picked":["Feed","Reaper"],"picked":"Bludgeon","floor":33},{"not_picked":["Clothesline","Shockwave"],"picked":"Shrug It Off+1","floor":35},{"not_picked":["Warcry+1","Cleave+1"],"picked":"Burning Pact+1","floor":36},{"not_picked":["Seeing Red+1","Headbutt"],"picked":"Hemokinesis+1","floor":38},{"not_picked":["Sentinel","Wild Strike","Iron Wave"],"picked":"SKIP","floor":40},{"not_picked":["Sentinel","Wild Strike","Iron Wave"],"picked":"SKIP","floor":40},{"not_picked":["Pommel Strike+1","Cleave"],"picked":"Feel No Pain","floor":45},{"not_picked":["Body Slam","Twin Strike"],"picked":"Reaper","floor":47},{"not_picked":["Armaments+1","Fire Breathing","Clothesline"],"picked":"Shockwave","floor":54}],"player_experience":901859,"relics_obtained":[{"floor":6.0,"key":"Paper Frog"},{"floor":9.0,"key":"Toy Ornithopter"},{"floor":13.0,"key":"White Beast Statue"},{"floor":23.0,"key":"Bag of Preparation"},{"floor":25,"key":"Blood Vial"},{"floor":26,"key":"Meat on the Bone"},{"floor":27,"key":"Regal Pillow"},{"floor":30,"key":"CaptainsWheel"},{"floor":39,"key":"Old Coin"},{"floor":40,"key":"Sundial"},{"floor":47,"key":"Question Card"},{"floor":54,"key":"Vajra"}],"event_choices":[{"damage_healed":0.0,"max_hp_gain":0.0,"max_hp_loss":0.0,"gold_gain":0.0,"event_name":"Back to Basics","player_choice":"Simplicity","floor":19.0,"gold_loss":0.0,"damage_taken":0.0,"cards_upgraded":["Strike_R","Strike_R","Strike_R","Defend_R","Defend_R","Defend_R"]},{"damage_healed":0,"gold_gain":0,"player_choice":"Fight","damage_taken":0,"max_hp_gain":0,"max_hp_loss":0,"event_name":"MindBloom","floor":39,"gold_loss":0},{"cards_removed":["Defend_R"],"damage_healed":0,"gold_gain":0,"player_choice":"Removed Skill","damage_taken":0,"max_hp_gain":0,"max_hp_loss":0,"event_name":"Falling","floor":41,"gold_loss":0},{"damage_healed":0,"gold_gain":0,"player_choice":"2 cards matched","damage_taken":0,"max_hp_gain":0,"max_hp_loss":0,"event_name":"Match and Keep!","floor":48,"gold_loss":0,"cards_obtained":["Infernal Blade","Brutality"]}],"is_beta":false,"boss_relics":[{"not_picked":["Fusion Hammer","Black Star"],"picked":"Snecko Eye"},{"not_picked":["Calling Bell","Tiny House"],"picked":"Astrolabe"}],"items_purged_floors":[12,53],"is_endless":false,"potions_floor_spawned":[1,5,13,14,16,18,20,22,23,25,27,28,30,33,35,36,38,39,40,45,47,54],"ascension_level":16}}