{"host":"dbkc9h3etq50r1dq","time":1614351823,"event":{"mods":["AchievementEnabler","BaseMod","Block Reminder","Colored Powertips","Curses Come First","Dark Map","Minty Spire (QoL Compilation)","Permanent Neow","Potion Indicator Mod","Random Character Button","Rare Cards Sparkle","StSLib","SuperFastMode","Weighted Paths"],"gold_per_floor":[359,359,378,18,18,18,58,58,83,117,117,117,117,161,161,280,280,294,313,136,136,157,157,157,157],"floor_reached":24,"language":"ZHS","playtime":1104,"items_purged":["Regret","Strike_G"],"score":294,"play_id":"6238b444-6d40-4fd6-8f18-403a0331a199","local_time":"20210226230343","is_ascension_mode":true,"campfire_choices":[{"data":"Neutralize","floor":6.0,"key":"SMITH"},{"floor":12.0,"key":"REST"},{"floor":15.0,"key":"REST"},{"floor":23,"key":"REST"}],"circlet_count":0,"master_deck":["Strike_G","Strike_G","Strike_G","Defend_G","Defend_G","Defend_G","Defend_G","Defend_G","Survivor","Neutralize+1","Reflex","Footwork","Footwork","Dodge and Roll","Prepared","Dodge and Roll","Tactician","Calculated Gamble","Backflip"],"relics":["Ring of the Serpent","Lizard Tail","Shuriken","Golden Idol","Matryoshka","Omamori","PreservedInsect","Frozen Egg 2","Boot"],"acts_visited":["Exordium","TheCity"],"potions_floor_usage":[],"damage_taken":[{"damage":1.0,"enemies":"2 Louse","floor":1.0,"turns":4.0},{"damage":7.0,"enemies":"Jaw Worm","floor":3.0,"turns":7.0},{"damage":30.0,"enemies":"Gremlin Nob","floor":7.0,"turns":7.0},{"damage":3.0,"enemies":"Lagavulin","floor":10.0,"turns":8.0},{"damage":14.0,"enemies":"3 Sentries","floor":14.0,"turns":13.0},{"damage":14.0,"enemies":"The Guardian","floor":16.0,"turns":18.0},{"damage":19,"enemies":"3 Byrds","floor":18,"turns":10},{"damage":26,"enemies":"Chosen","floor":19,"turns":13},{"damage":33,"enemies":"Snecko","floor":22,"turns":21},{"damage":22,"enemies":"Gremlin Leader","floor":24,"turns":8}],"seed_played":"-2703143805714197086","potions_obtained":[{"floor":1.0,"key":"BlessingOfTheForge"},{"floor":10.0,"key":"DistilledChaos"},{"floor":22,"key":"GamblersBrew"}],"is_trial":false,"path_per_floor":["M","?","M","$","?","R","E","?","T","E","?","R","?","E","R","B",null,"M","M","$","?","M","R","E"],"character_chosen":"THE_SILENT","items_purchased":["Footwork","Shuriken","Calculated Gamble"],"campfire_rested":3,"item_purchase_floors":[4,4,20],"current_hp_per_floor":[62,62,55,55,55,55,25,25,25,22,22,39,39,25,42,28,51,32,6,6,58,25,42,20,20],"gold":157,"neow_bonus":"TWO_FIFTY_GOLD","is_daily":false,"chose_seed":false,"campfire_upgraded":1,"win_rate":0.0,"timestamp":1614351823,"path_taken":["M","?","M","$","?","R","E","?","T","E","?","R","?","E","R","BOSS","M","M","$","?","?","R","E"],"items_purchased_type":["Card","Relic","Card"],"build_version":"2020-12-22","purchased_purges":2,"victory":false,"max_hp_per_floor":[63,63,63,63,58,58,58,58,58,58,58,58,58,58,58,58,58,58,58,58,58,58,58,58,58],"card_choices":[{"not_picked":["Expertise","Accuracy"],"picked":"Reflex","floor":1.0},{"not_picked":["Cloak And Dagger","Endless Agony"],"picked":"Footwork","floor":3.0},{"not_picked":["Doppelganger","Slice"],"picked":"Heel Hook","floor":7.0},{"not_picked":["Finisher","Dodge and Roll","Choke"],"picked":"SKIP","floor":10.0},{"not_picked":["Finisher","Choke"],"picked":"Dodge and Roll","floor":10.0},{"not_picked":["Well Laid Plans+1","Flying Knee"],"picked":"Dodge and Roll","floor":14.0},{"not_picked":["Backflip","Underhanded Strike+1"],"picked":"Tactician","floor":18},{"not_picked":["Acrobatics","Leg Sweep","Caltrops+1"],"picked":"SKIP","floor":19},{"not_picked":["Bouncing Flask+1","Slice"],"picked":"Backflip","floor":22}],"player_experience":173979,"relics_obtained":[{"floor":7.0,"key":"Matryoshka"},{"floor":9.0,"key":"Omamori"},{"floor":9.0,"key":"PreservedInsect"},{"floor":10.0,"key":"Frozen Egg 2"},{"floor":14.0,"key":"Boot"}],"event_choices":[{"damage_healed":0.0,"max_hp_gain":0.0,"max_hp_loss":0.0,"gold_gain":0.0,"event_name":"Big Fish","player_choice":"Box","floor":2.0,"gold_loss":0.0,"damage_taken":0.0,"relics_obtained":["Lizard Tail"],"cards_obtained":["Regret"]},{"damage_healed":0.0,"max_hp_gain":0.0,"max_hp_loss":5.0,"gold_gain":0.0,"event_name":"Golden Idol","player_choice":"Lose Max HP","floor":5.0,"gold_loss":0.0,"damage_taken":0.0,"relics_obtained":["Golden Idol"]},{"damage_healed":0.0,"max_hp_gain":0.0,"max_hp_loss":0.0,"gold_gain":0.0,"event_name":"Shining Light","player_choice":"Ignored","floor":8.0,"gold_loss":0.0,"damage_taken":0.0},{"damage_healed":0.0,"max_hp_gain":0.0,"max_hp_loss":0.0,"gold_gain":0.0,"event_name":"Scrap Ooze","player_choice":"Fled","floor":11.0,"gold_loss":0.0,"damage_taken":0.0},{"damage_healed":0.0,"max_hp_gain":0.0,"max_hp_loss":0.0,"gold_gain":0.0,"cards_transformed":["Strike_G"],"event_name":"Living Wall","player_choice":"Change","floor":13.0,"gold_loss":0.0,"damage_taken":0.0,"cards_obtained":["Prepared"]},{"cards_removed":["Heel Hook"],"damage_healed":52,"gold_gain":0,"player_choice":"Offered Uncommon","damage_taken":0,"max_hp_gain":0,"max_hp_loss":0,"event_name":"Bonfire Elementals","floor":21,"gold_loss":0}],"is_beta":false,"boss_relics":[{"not_picked":["Coffee Dripper","Astrolabe"],"picked":"Ring of the Serpent"}],"items_purged_floors":[4,20],"is_endless":false,"potions_floor_spawned":[1,10,22],"killed_by":"Gremlin Leader","ascension_level":8}}