{"host":"qyicbro3v73hr90o","time":1614309689,"event":{"mods":["2.2 Compatiblity","AchievementEnabler","Bartender","BaseMod","CapriCore","Colored Map","Colored Powertips","Conspire","Downfall","Energized Spire","Friendly Minions","Hermit","Jorbs\u0027s Wanderer Trilogy","Mad Scientist","Minty Spire (QoL Compilation)","Shade Mod","Shapeshifter Mod","StSLib","The Administrix","The Adventurer","The Construct","The Cursed","The Disciple","The Spell Scribe","The Wild Card","TheBandit","TheFirefly","TheSwordswoman","TheVacant","Unceasing Turn Reminder"],"gold_per_floor":[99,112,131,23,39,39,39,39,39,39,58,71,83,102,121,218,218,218,233,333,350,363,428,453,453,503,503,63,83,3,16,34,130,80,80,93,198,123,173,273,298,350,350],"floor_reached":42,"language":"ENG","playtime":3810,"items_purged":["hermit:Strike_Hermit"],"score":467,"play_id":"931ff86f-2748-4371-866b-eef6ff79e070","local_time":"20210225212129","is_ascension_mode":false,"campfire_choices":[{"floor":1,"key":"RECALL"},{"data":"hermit:Adapt","floor":6,"key":"SMITH"},{"data":"expansioncontent:YouAreMine","floor":10,"key":"SMITH"},{"data":"hermit:EternalForm","floor":18,"key":"SMITH"},{"floor":25,"key":"REST"},{"floor":27,"key":"REST"},{"data":"hermit:FromBeyond","floor":35,"key":"SMITH"}],"circlet_count":0,"master_deck":["conspire:GhostlyStrike","conspire:GhostlyStrike","conspire:GhostlyStrike","conspire:GhostlyDefend","conspire:GhostlyDefend","conspire:GhostlyDefend+1","conspire:GhostlyDefend","hermit:Snapshot","hermit:Covet","hermit:CursedWeapon","hermit:FullyLoaded","hermit:Quickdraw","hermit:Adapt+1","hermit:LuckOfTheDraw","hermit:Magnum","hermit:GoldenBullet+1","hermit:EternalForm+1","CurseOfTheBell","hermit:Brawl+1","hermit:GoldenBullet+1","hermit:Combo","hermit:Deadeye+1","hermit:DeadMansHand+2","expansioncontent:HyperBeam","expansioncontent:QuickStudy","hermit:CalledShot","hermit:EyeOfTheStorm","hermit:RoundhouseKick","hermit:TrackingShot+1","hermit:Ricochet","hermit:FromBeyond+1","hermit:WideOpen","hermit:Deadeye","hermit:TrackingShot+1","hermit:FlashPowder"],"relics":["hermit:Momento","Calling Bell","Bag of Marbles","Mummified Hand","conspire:InfiniteJournal","downfall:CloakOfManyFaces","CultistMask","FaceOfCleric","NlothsMask","GremlinMask","SsserpentHead","Bag of Preparation","Lantern","hermit:PetGhost","energizedSpire:HugeHouse","Choco_Feather","hermit:CharredGlove","War Paint"],"acts_visited":["Exordium","TheCity","TheBeyond"],"potions_floor_usage":[5,13,16,21,22,28,31,33],"damage_taken":[{"damage":4,"enemies":"conspire:RoseBush","floor":2,"turns":3},{"damage":5,"enemies":"2 Louse","floor":3,"turns":3},{"damage":2,"enemies":"downfall:FleeingMerchant","floor":4,"turns":4},{"damage":2,"enemies":"Cultist","floor":5,"turns":1},{"damage":9,"enemies":"Large Slime","floor":11,"turns":3},{"damage":4,"enemies":"Exordium Thugs","floor":12,"turns":4},{"damage":4,"enemies":"Exordium Wildlife","floor":13,"turns":3},{"damage":2,"enemies":"Large Slime","floor":14,"turns":5},{"damage":4,"enemies":"3 Louse","floor":15,"turns":3},{"damage":12,"enemies":"SI_SHIV_ARCHETYPE","floor":16,"turns":4},{"damage":0,"enemies":"Spheric Guardian","floor":19,"turns":3},{"damage":18,"enemies":"downfall:FaceTrader","floor":20,"turns":6},{"damage":19,"enemies":"Shell Parasite","floor":21,"turns":4},{"damage":33,"enemies":"Snake Plant","floor":22,"turns":4},{"damage":0,"enemies":"Cultist and Chosen","floor":23,"turns":3},{"damage":2,"enemies":"downfall:FleeingMerchant","floor":28,"turns":4},{"damage":2,"enemies":"Chosen and Byrds","floor":29,"turns":4},{"damage":2,"enemies":"downfall:FleeingMerchant","floor":30,"turns":3},{"damage":13,"enemies":"Snake Plant","floor":31,"turns":3},{"damage":5,"enemies":"conspire:HollyBat","floor":32,"turns":6},{"damage":39,"enemies":"WA_ARCHETYPE_CALM","floor":33,"turns":11},{"damage":9,"enemies":"3 Shapes","floor":36,"turns":2},{"damage":60,"enemies":"2 Orb Walkers","floor":37,"turns":5},{"damage":16,"enemies":"2 Orb Walkers","floor":40,"turns":7},{"damage":100023,"enemies":"conspire:MimicChest","floor":42,"turns":4}],"seed_played":"2653618957816121530","potions_obtained":[{"floor":2,"key":"FearPotion"},{"floor":11,"key":"SkillPotion"},{"floor":13,"key":"SmokeBomb"},{"floor":15,"key":"Explosive Potion"},{"floor":20,"key":"Block Potion"},{"floor":21,"key":"Strength Potion"},{"floor":23,"key":"hermit:Tonic"},{"floor":29,"key":"LiquidMemories"},{"floor":32,"key":"Block Potion"}],"is_trial":false,"path_per_floor":["R","M","M","$","M","R","T","?","?","R","M","M","M","M","M","B",null,"R","M","?","M","M","M","T","R","?","R","$","M","$","M","M","B",null,"R","M","?","$","?","?","T","?"],"character_chosen":"HERMIT","items_purchased":["expansioncontent:YouAreMine","expansioncontent:HyperBeam","expansioncontent:QuickStudy","Bag of Preparation","Lantern","hermit:PetGhost","hermit:RoundhouseKick"],"campfire_rested":2,"item_purchase_floors":[4,28,28,28,30,30,30],"current_hp_per_floor":[82,78,73,71,69,69,69,69,69,69,60,56,52,50,46,34,82,82,82,64,46,14,15,15,40,32,57,56,55,54,42,38,2,86,86,78,19,19,19,4,4,0,0],"gold":350,"neow_bonus":"TEN_PERCENT_HP_BONUS","is_daily":false,"chose_seed":false,"campfire_upgraded":4,"win_rate":0.0,"timestamp":1614309689,"path_taken":["R","M","M","$","M","R","T","?","?","R","M","M","M","M","M","BOSS","R","M","?","M","M","?","T","R","?","R","$","M","?","M","M","BOSS","R","M","?","$","?","?","T","?"],"items_purchased_type":["Card","Card","Card","Relic","Relic","Relic","Card"],"build_version":"2020-12-22","purchased_purges":1,"victory":false,"max_hp_per_floor":[82,82,82,82,82,82,82,82,82,82,82,82,82,82,82,82,82,82,82,82,83,84,85,85,85,85,85,86,87,88,89,90,91,86,86,87,88,88,88,89,89,89,89],"card_choices":[{"not_picked":["hermit:BigShot","hermit:LowProfile"],"picked":"hermit:CursedWeapon","floor":2},{"not_picked":["hermit:Vantage","hermit:Deadeye"],"picked":"hermit:FullyLoaded","floor":3},{"not_picked":["hermit:PistolWhip","hermit:HighCaliber"],"picked":"hermit:Quickdraw","floor":4},{"not_picked":["hermit:TakeCover","hermit:Ricochet"],"picked":"hermit:Adapt","floor":5},{"not_picked":["hermit:FlashPowder","hermit:Glare","hermit:BigShot"],"picked":"SKIP","floor":11},{"not_picked":["hermit:CursedWeapon","hermit:HighCaliber"],"picked":"hermit:LuckOfTheDraw","floor":12},{"not_picked":["hermit:Manifest","hermit:LowProfile"],"picked":"hermit:Magnum","floor":13},{"not_picked":["hermit:Deadeye","hermit:Spite"],"picked":"hermit:GoldenBullet","floor":14},{"not_picked":["hermit:Desperado","hermit:SprayPray","hermit:Vantage"],"picked":"SKIP","floor":15},{"not_picked":["hermit:FatalDesire","hermit:BlackWind"],"picked":"hermit:EternalForm","floor":16},{"not_picked":["hermit:HoleUp+1","hermit:Ricochet"],"picked":"hermit:Brawl+1","floor":19},{"not_picked":["hermit:PistolWhip","hermit:WideOpen+1"],"picked":"hermit:GoldenBullet+1","floor":20},{"not_picked":["hermit:Cheat","hermit:HighCaliber"],"picked":"hermit:Combo","floor":21},{"not_picked":["hermit:BodyArmor+1","hermit:Brawl+1"],"picked":"hermit:LowProfile+1","floor":22},{"not_picked":["hermit:Misfire","hermit:HighCaliber"],"picked":"hermit:Deadeye+1","floor":23},{"not_picked":["hermit:Headshot","hermit:Vantage"],"picked":"hermit:DeadMansHand+1","floor":28},{"not_picked":["hermit:Manifest","hermit:Maintenance"],"picked":"hermit:CalledShot","floor":29},{"not_picked":["hermit:Brawl","hermit:Dissolve"],"picked":"hermit:EyeOfTheStorm","floor":30},{"not_picked":["hermit:ItchyTrigger","hermit:Misfire+1"],"picked":"hermit:TrackingShot+1","floor":31},{"not_picked":["hermit:Dive","hermit:HighCaliber"],"picked":"hermit:Ricochet","floor":32},{"not_picked":["hermit:OverwhelmingPower","hermit:Magnum"],"picked":"hermit:FromBeyond","floor":33},{"not_picked":["hermit:GoldenBullet+1","hermit:Spite+1"],"picked":"hermit:Deadeye","floor":36},{"not_picked":["hermit:Glare+1","hermit:Dive+1"],"picked":"hermit:TrackingShot+1","floor":37},{"not_picked":["hermit:Manifest+1","hermit:ItchyTrigger+1"],"picked":"hermit:FlashPowder","floor":40}],"player_experience":180150,"relics_obtained":[{"floor":17,"key":"Bag of Marbles"},{"floor":17,"key":"Mummified Hand"},{"floor":17,"key":"conspire:InfiniteJournal"},{"floor":20,"key":"downfall:CloakOfManyFaces"},{"floor":37,"key":"Choco_Feather"},{"floor":40,"key":"hermit:CharredGlove"},{"floor":41,"key":"War Paint"}],"event_choices":[{"damage_healed":0,"gold_gain":0,"player_choice":"Agree","damage_taken":0,"max_hp_gain":0,"max_hp_loss":0,"event_name":"conspire:LoneGhost","floor":9,"gold_loss":0},{"damage_healed":0,"gold_gain":0,"player_choice":"Fight","damage_taken":0,"max_hp_gain":0,"max_hp_loss":0,"event_name":"Mysterious Sphere","floor":37,"gold_loss":0},{"cards_removed":["expansioncontent:YouAreMine"],"damage_healed":0,"gold_gain":0,"player_choice":"Removed Skill","damage_taken":0,"max_hp_gain":0,"max_hp_loss":0,"event_name":"Falling","floor":39,"gold_loss":0}],"is_beta":false,"boss_relics":[{"not_picked":["Busted Crown","energizedSpire:DeadBattery"],"picked":"Calling Bell"},{"not_picked":["conspire:RoyalGoblet","Astrolabe"],"picked":"energizedSpire:HugeHouse"}],"items_purged_floors":[38],"is_endless":false,"potions_floor_spawned":[2,11,13,15,20,21,23,29,32],"killed_by":"conspire:MimicChest","ascension_level":0}}