{"host":"3sqvgza1l4ip9ny1","time":1614368237,"event":{"mods":["BaseMod","Minty Spire (QoL Compilation)"],"gold_per_floor":[111,131,144,144,159,186,186,186,264,290,290,319,337,363,363,459,459,478,511,511,528,544,579,579,599,623,643,643,677,677,677,677,781,781,796,344,362,380,399,431,431,451,474,474,474],"floor_reached":44,"language":"ENG","playtime":3388,"items_purged":["Strike_B"],"score":730,"play_id":"bd3e3e3c-79be-4a79-8356-db8e908edb7f","local_time":"20210226193717","is_ascension_mode":true,"campfire_choices":[{"floor":8,"key":"REST"},{"data":"Hologram","floor":11,"key":"SMITH"},{"data":"Redo","floor":15,"key":"SMITH"},{"data":"Chill","floor":24,"key":"SMITH"},{"floor":28,"key":"REST"},{"floor":32,"key":"REST"},{"floor":41,"key":"REST"}],"circlet_count":0,"master_deck":["Defend_B","Defend_B","Defend_B","Zap+1","Dualcast","Lockon","Lockon","Fusion+1","Doom and Gloom","Conserve Battery+1","Meteor Strike","Hologram+1","Consume","Multi-Cast","Coolheaded","Redo+1","Rainbow+1","Hologram+1","Barrage+1","Chill+1","Turbo+1","BootSequence+1","Fusion+1","White Noise","Electrodynamics","Buffer","Static Discharge","Creative AI","Compile Driver","Storm","Sunder+1","Capacitor","Redo","Defragment+1"],"relics":["Cracked Core","FossilizedHelix","Ornamental Fan","PreservedInsect","Bag of Marbles","Pen Nib","Inserter","Red Mask","Mercury Hourglass","Boot","Nunchaku","Girya","Black Star","Lizard Tail","Juzu Bracelet","Lantern","Bronze Scales"],"acts_visited":["Exordium","TheCity","TheBeyond"],"potions_floor_usage":[6,10,12,16,19,27,33,38,38,38,38,38,39,44],"damage_taken":[{"damage":0,"enemies":"Cultist","floor":1,"turns":2},{"damage":7,"enemies":"Jaw Worm","floor":2,"turns":3},{"damage":4,"enemies":"2 Louse","floor":3,"turns":2},{"damage":0,"enemies":"Large Slime","floor":5,"turns":4},{"damage":8,"enemies":"3 Sentries","floor":6,"turns":3},{"damage":5,"enemies":"Lagavulin","floor":10,"turns":4},{"damage":0,"enemies":"Gremlin Nob","floor":12,"turns":3},{"damage":0,"enemies":"Exordium Wildlife","floor":13,"turns":3},{"damage":0,"enemies":"Lagavulin","floor":14,"turns":5},{"damage":0,"enemies":"Slime Boss","floor":16,"turns":3},{"damage":0,"enemies":"Spheric Guardian","floor":18,"turns":5},{"damage":30,"enemies":"Masked Bandits","floor":19,"turns":5},{"damage":14,"enemies":"3 Byrds","floor":21,"turns":4},{"damage":0,"enemies":"Centurion and Healer","floor":22,"turns":5},{"damage":0,"enemies":"Gremlin Leader","floor":23,"turns":4},{"damage":10,"enemies":"Snake Plant","floor":25,"turns":4},{"damage":11,"enemies":"Sentry and Sphere","floor":27,"turns":6},{"damage":9,"enemies":"Book of Stabbing","floor":29,"turns":4},{"damage":28,"enemies":"Champ","floor":33,"turns":10},{"damage":28,"enemies":"3 Darklings","floor":35,"turns":5},{"damage":0,"enemies":"3 Shapes","floor":37,"turns":4},{"damage":0,"enemies":"Jaw Worm Horde","floor":38,"turns":3},{"damage":0,"enemies":"Spire Growth","floor":39,"turns":5},{"damage":77,"enemies":"Reptomancer","floor":40,"turns":6},{"damage":0,"enemies":"4 Shapes","floor":42,"turns":3},{"damage":69,"enemies":"Nemesis","floor":44,"turns":6}],"seed_played":"3509185541571174325","potions_obtained":[{"floor":2,"key":"DuplicationPotion"},{"floor":5,"key":"Strength Potion"},{"floor":6,"key":"Weak Potion"},{"floor":13,"key":"Weak Potion"},{"floor":14,"key":"FearPotion"},{"floor":19,"key":"Ancient Potion"},{"floor":21,"key":"EssenceOfSteel"},{"floor":22,"key":"Weak Potion"},{"floor":33,"key":"Regen Potion"},{"floor":37,"key":"EntropicBrew"},{"floor":40,"key":"Regen Potion"}],"is_trial":false,"path_per_floor":["M","M","M","?","M","E","?","R","T","E","R","E","M","E","R","B",null,"M","?","T","M","M","E","R","M","T","M","R","E","?","?","R","B",null,"M","$","M","M","M","E","R","M","T","E"],"character_chosen":"DEFECT","items_purchased":["Storm","Lizard Tail"],"campfire_rested":4,"item_purchase_floors":[36,36],"current_hp_per_floor":[54,47,43,43,43,35,20,42,42,37,37,37,37,37,37,37,75,75,45,45,31,31,31,31,21,21,10,32,23,23,23,45,17,75,47,47,47,52,52,16,38,38,38,0,0],"gold":474,"neow_bonus":"TRANSFORM_TWO_CARDS","is_daily":false,"chose_seed":false,"campfire_upgraded":3,"win_rate":0.0,"timestamp":1614368237,"path_taken":["M","M","?","?","M","E","?","R","T","E","R","E","M","E","R","BOSS","M","?","?","M","M","E","R","M","T","?","R","E","?","?","R","BOSS","M","?","M","M","M","E","R","M","T","E"],"items_purchased_type":["Card","Relic"],"build_version":"2020-12-22","purchased_purges":1,"victory":false,"max_hp_per_floor":[75,75,75,75,75,75,75,75,75,75,75,75,75,75,75,75,75,75,75,75,75,75,75,75,75,75,75,75,75,75,75,75,75,75,75,75,75,75,75,75,75,75,75,75,75],"card_choices":[{"not_picked":["Steam","Leap"],"picked":"Fusion","floor":1},{"not_picked":["Chill","Loop"],"picked":"Doom and Gloom","floor":2},{"not_picked":["Heatsinks","Steam Power"],"picked":"Conserve Battery","floor":3},{"not_picked":["Streamline","Beam Cell"],"picked":"Meteor Strike","floor":5},{"not_picked":["Rebound","Turbo"],"picked":"Hologram","floor":6},{"not_picked":["Ball Lightning","Turbo"],"picked":"Consume","floor":10},{"not_picked":["Lockon","Coolheaded"],"picked":"Multi-Cast","floor":12},{"not_picked":["Barrage","Stack"],"picked":"Coolheaded","floor":13},{"not_picked":["Go for the Eyes","Cold Snap"],"picked":"Redo","floor":14},{"not_picked":["Meteor Strike","Buffer"],"picked":"Rainbow","floor":16},{"not_picked":["White Noise+1","Leap+1"],"picked":"Hologram+1","floor":18},{"not_picked":["Go for the Eyes","Melter+1"],"picked":"Barrage+1","floor":19},{"not_picked":["Self Repair+1","Go for the Eyes"],"picked":"Chill","floor":21},{"not_picked":["Darkness","Beam Cell"],"picked":"Turbo+1","floor":22},{"not_picked":["Stack+1","Hologram"],"picked":"BootSequence+1","floor":23},{"not_picked":["Force Field","Recycle"],"picked":"Fusion+1","floor":25},{"not_picked":["Ball Lightning","Stack+1"],"picked":"White Noise","floor":27},{"not_picked":["Lockon","Ball Lightning"],"picked":"Electrodynamics","floor":29},{"not_picked":["Reboot","Core Surge"],"picked":"Creative AI","floor":33},{"not_picked":["Steam","Hologram"],"picked":"Compile Driver","floor":35},{"not_picked":["Sweeping Beam","Steam Power+1","FTL"],"picked":"SKIP","floor":37},{"not_picked":["Gash","Compile Driver"],"picked":"Sunder+1","floor":38},{"not_picked":["Force Field","Consume+1"],"picked":"Capacitor","floor":39},{"not_picked":["Compile Driver+1","Gash"],"picked":"Redo","floor":40},{"not_picked":["Barrage+1","Rebound"],"picked":"Defragment+1","floor":42}],"player_experience":235360,"relics_obtained":[{"floor":6,"key":"FossilizedHelix"},{"floor":9,"key":"Ornamental Fan"},{"floor":10,"key":"PreservedInsect"},{"floor":12,"key":"Bag of Marbles"},{"floor":14,"key":"Pen Nib"},{"floor":19,"key":"Red Mask"},{"floor":20,"key":"Mercury Hourglass"},{"floor":23,"key":"Boot"},{"floor":26,"key":"Nunchaku"},{"floor":29,"key":"Girya"},{"floor":40,"key":"Juzu Bracelet"},{"floor":40,"key":"Lantern"},{"floor":43,"key":"Bronze Scales"}],"event_choices":[{"damage_healed":0,"gold_gain":0,"player_choice":"Grow","damage_taken":0,"max_hp_gain":0,"max_hp_loss":0,"event_name":"Living Wall","floor":4,"gold_loss":0,"cards_upgraded":["Fusion"]},{"damage_healed":0,"gold_gain":0,"player_choice":"Entered Light","damage_taken":15,"max_hp_gain":0,"max_hp_loss":0,"event_name":"Shining Light","floor":7,"gold_loss":0,"cards_upgraded":["Conserve Battery","Zap"]},{"damage_healed":0,"gold_gain":0,"player_choice":"Fought Bandits","damage_taken":0,"max_hp_gain":0,"max_hp_loss":0,"event_name":"Masked Bandits","floor":19,"gold_loss":0},{"damage_healed":0,"gold_gain":0,"cards_transformed":["Strike_B","Strike_B"],"player_choice":"Became Test Subject","damage_taken":0,"max_hp_gain":0,"max_hp_loss":0,"event_name":"Drug Dealer","floor":30,"gold_loss":0,"cards_obtained":["Buffer","Static Discharge"]},{"damage_healed":0,"gold_gain":0,"player_choice":"Forge","damage_taken":0,"max_hp_gain":0,"max_hp_loss":0,"event_name":"Accursed Blacksmith","floor":31,"gold_loss":0,"cards_upgraded":["Rainbow"]}],"is_beta":false,"boss_relics":[{"not_picked":["SacredBark","SlaversCollar"],"picked":"Inserter"},{"not_picked":["Pandora\u0027s Box","FrozenCore"],"picked":"Black Star"}],"items_purged_floors":[36],"is_endless":false,"potions_floor_spawned":[2,5,6,13,14,19,21,22,33,37,40],"killed_by":"Nemesis","ascension_level":3}}