{"host":"nc5h38ikqn8wm1xg","time":1614340985,"event":{"mods":["Act Like it!","BaseMod","BetterRewards","Colored Map","Colored Powertips","Downfall","Gensokyo","Hallownest","Highlight Path","Koishi","Marisa£®ÏF”Í°°ƒß¿Ì…≥£©","Minty Spire (QoL Compilation)","Quick Restart","READ ME - Guardian Mod","READ ME - Snecko Mod","Reimu£®≤©¿ˆ¡È√Œ£©","Remilia£®¿Ÿ√◊¿Ú—«£©","Replay The Spire","StSLib","The Administrix","The Animator","The Construct","The Servant 0.9.4","Waifu the Spire","Youmu£®ªÍ∆«—˝√Œ£©"],"gold_per_floor":[118,131,143,318,237,237,237],"floor_reached":6,"language":"ZHS","playtime":199,"items_purged":[],"score":36,"play_id":"1d44aef9-4fbb-4ef3-9948-1090def77764","local_time":"20210226200305","is_ascension_mode":false,"campfire_choices":[],"circlet_count":0,"master_deck":["Strike_YM","Strike_YM","Strike_YM","Strike_YM","Defend_YM","Defend_YM","Defend_YM","Defend_YM","SlashOfPresentWorld","WheelOfPainOfLivingAndDead","TransmigrationSlash","CrescentMoonSlash","SanzenSekai","Doubt","SpiritMediumsBind","DispleasureOfTheSevenHakus"],"relics":["HalfPhantom","NeowsBlessing"],"acts_visited":["Exordium"],"potions_floor_usage":[],"damage_taken":[{"damage":0.0,"enemies":"2 Louse","floor":1.0,"turns":1.0},{"damage":0.0,"enemies":"Cultist","floor":2.0,"turns":1.0},{"damage":0.0,"enemies":"Jaw Worm","floor":3.0,"turns":1.0},{"damage":0,"enemies":"3 Sentries","floor":6,"turns":1}],"seed_played":"4335086238929165556","potions_obtained":[{"floor":3.0,"key":"Swift Potion"}],"is_trial":false,"path_per_floor":["M","M","M","?","$","E"],"character_chosen":"YOUMU","items_purchased":["SpiritMediumsBind","DispleasureOfTheSevenHakus"],"campfire_rested":0,"item_purchase_floors":[5,5],"current_hp_per_floor":[75,75,75,75,75,75,75],"gold":237,"neow_bonus":"THREE_ENEMY_KILL","is_daily":false,"chose_seed":false,"campfire_upgraded":0,"win_rate":0.0,"timestamp":1614340985,"path_taken":["M","M","M","?","$","E"],"items_purchased_type":["Card","Card"],"build_version":"2020-12-22","purchased_purges":0,"victory":false,"max_hp_per_floor":[75,75,75,75,75,75,75],"card_choices":[{"not_picked":["CrescentMoonSlash","HumanKnowledgeSword"],"picked":"TransmigrationSlash","floor":1.0},{"not_picked":["SlashOfMeditation","SwordExtraction"],"picked":"CrescentMoonSlash","floor":2.0},{"not_picked":["SwordOfBindingDesires","LowerRealmReflectionSlash"],"picked":"SanzenSekai","floor":3.0}],"player_experience":88520,"relics_obtained":[],"event_choices":[{"damage_healed":0.0,"max_hp_gain":0.0,"max_hp_loss":0.0,"gold_gain":175.0,"event_name":"Liars Game","player_choice":"AGREE","floor":4.0,"gold_loss":0.0,"damage_taken":0.0,"cards_obtained":["Doubt"]}],"is_beta":false,"boss_relics":[],"items_purged_floors":[],"is_endless":false,"potions_floor_spawned":[3],"killed_by":"3 Sentries","ascension_level":0}}