{"host":"wq5h7jomr5a1xww7","time":1614353188,"event":{"mods":["BaseMod","Highlight Path","Minty Spire (QoL Compilation)","Monster List Patch","Relic Stats","StSLib","The Hierophant"],"gold_per_floor":[110,125,148,148,162,196,196,196,196,215,240,258,258,258,258,354,354,322,322,335,22,49,45,45],"floor_reached":23,"language":"ENG","playtime":1376,"items_purged":["hierophant:Strike_Hierophant"],"score":253,"play_id":"e0f28c24-7b11-410c-acea-e4d7e554b336","local_time":"20210226092628","is_ascension_mode":false,"campfire_choices":[{"data":"hierophant:FlamingChariot","floor":7.0,"key":"SMITH"},{"floor":15.0,"key":"REST"}],"circlet_count":0,"master_deck":["hierophant:Strike_Hierophant","hierophant:Strike_Hierophant+1","hierophant:Strike_Hierophant","hierophant:Punish","hierophant:Defend_Hierophant","hierophant:Defend_Hierophant","hierophant:Defend_Hierophant","hierophant:Defend_Hierophant","hierophant:ChurchCoffers","hierophant:FieryStrike","hierophant:Doubloon","hierophant:ConvertCurrency","hierophant:DeathKnell","hierophant:FlamingChariot+1","hierophant:ArchangelShield+1","hierophant:FlamingChariot+1","hierophant:Kindle","hierophant:Patience","Purity","hierophant:AuricBeam","hierophant:Repentance","HandOfGreed","hierophant:Determination+1"],"relics":["hierophant:PropheticMaskRelic","Pen Nib","Frozen Egg 2","Blood Vial","Bottled Tornado","Black Star"],"acts_visited":["Exordium","TheCity"],"potions_floor_usage":[20,20,22],"damage_taken":[{"damage":0.0,"enemies":"Small Slimes","floor":1.0,"turns":2.0},{"damage":8.0,"enemies":"Jaw Worm","floor":2.0,"turns":3.0},{"damage":0.0,"enemies":"2 Louse","floor":3.0,"turns":1.0},{"damage":3.0,"enemies":"2 Fungi Beasts","floor":5.0,"turns":3.0},{"damage":20.0,"enemies":"3 Sentries","floor":6.0,"turns":7.0},{"damage":2.0,"enemies":"Exordium Wildlife","floor":10.0,"turns":4.0},{"damage":0.0,"enemies":"Lagavulin","floor":11.0,"turns":4.0},{"damage":13.0,"enemies":"Lots of Slimes","floor":12.0,"turns":2.0},{"damage":16.0,"enemies":"The Guardian","floor":16.0,"turns":5.0},{"damage":25.0,"enemies":"2 Thieves","floor":18.0,"turns":3.0},{"damage":25,"enemies":"3 Byrds","floor":20,"turns":5},{"damage":25,"enemies":"3 Cultists","floor":22,"turns":4},{"damage":20,"enemies":"Book of Stabbing","floor":23,"turns":2}],"seed_played":"2059247732423993733","potions_obtained":[{"floor":3.0,"key":"EssenceOfSteel"},{"floor":6.0,"key":"FearPotion"},{"floor":10.0,"key":"DuplicationPotion"},{"floor":12.0,"key":"Energy Potion"},{"floor":16.0,"key":"DuplicationPotion"},{"floor":18.0,"key":"Explosive Potion"}],"is_trial":false,"path_per_floor":["M","M","M","?","M","E","R","?","T","M","E","M","?","?","R","B",null,"M","?","M","$","M","E"],"character_chosen":"HIEROPHANT","items_purchased":["hierophant:Repentance","HandOfGreed"],"campfire_rested":1,"item_purchase_floors":[21,21],"current_hp_per_floor":[82,74,74,79,76,56,56,44,44,44,46,35,18,18,44,30,87,62,62,39,39,16,0,0],"gold":45,"neow_bonus":"TEN_PERCENT_HP_BONUS","is_daily":false,"chose_seed":false,"campfire_upgraded":1,"win_rate":0.0,"timestamp":1614353188,"path_taken":["M","M","M","?","M","E","R","?","T","M","E","M","?","?","R","BOSS","M","?","M","$","M","E"],"items_purchased_type":["Card","Card"],"build_version":"2020-12-22","purchased_purges":1,"victory":false,"max_hp_per_floor":[82,82,82,87,87,87,87,87,87,87,87,87,87,87,87,87,87,87,87,87,87,87,87,87],"relic_stats":{"Blood Vial":14,"counters":[13,45],"Pen Nib":[3],"Black Star":0,"obtain_stats":[{"Blood Vial":9,"hierophant:PropheticMaskRelic":0,"Pen Nib":6,"Black Star":17,"Frozen Egg 2":8,"Bottled Tornado":11},{"Blood Vial":5,"hierophant:PropheticMaskRelic":0,"Pen Nib":5,"Black Star":9,"Frozen Egg 2":5,"Bottled Tornado":7},{"Blood Vial":16,"hierophant:PropheticMaskRelic":0,"Pen Nib":16,"Black Star":31,"Frozen Egg 2":16,"Bottled Tornado":24}]},"card_choices":[{"not_picked":["hierophant:RustyCrate","hierophant:Sermon"],"picked":"hierophant:FieryStrike","floor":1.0},{"not_picked":["hierophant:ThreeLashes","hierophant:SealAway"],"picked":"hierophant:ConvertCurrency","floor":2.0},{"not_picked":["hierophant:RepressedViolence","hierophant:Doubloon"],"picked":"hierophant:DeathKnell","floor":3.0},{"not_picked":["hierophant:SecretStash","hierophant:DisplayOfPower"],"picked":"hierophant:FlamingChariot","floor":5.0},{"not_picked":["hierophant:RecallFunds","hierophant:SecretStash"],"picked":"hierophant:ArchangelShield+1","floor":10.0},{"not_picked":["hierophant:Sermon","hierophant:PassingBell","hierophant:Charity+1"],"picked":"SKIP","floor":11.0},{"not_picked":["hierophant:MirrorShield","hierophant:Blessing"],"picked":"hierophant:FlamingChariot","floor":12.0},{"not_picked":["hierophant:Cornucopia","hierophant:MintersHammer"],"picked":"hierophant:Kindle","floor":16.0},{"not_picked":["hierophant:Zeal+1","hierophant:HammerAndAnvil"],"picked":"hierophant:Patience","floor":18.0},{"not_picked":["hierophant:RepressedViolence","hierophant:Flagellation+1"],"picked":"hierophant:AuricBeam","floor":20},{"not_picked":["hierophant:FlamingChariot","hierophant:ThreeLashes"],"picked":"hierophant:Determination+1","floor":22}],"player_experience":139731,"relics_obtained":[{"floor":6.0,"key":"Pen Nib"},{"floor":9.0,"key":"Blood Vial"},{"floor":11.0,"key":"Bottled Tornado"}],"event_choices":[{"damage_healed":0.0,"max_hp_gain":5.0,"max_hp_loss":0.0,"gold_gain":0.0,"event_name":"Big Fish","player_choice":"Donut","floor":4.0,"gold_loss":0.0,"damage_taken":0.0},{"damage_healed":0.0,"max_hp_gain":0.0,"max_hp_loss":0.0,"gold_gain":0.0,"event_name":"Scrap Ooze","player_choice":"Success","floor":8.0,"gold_loss":0.0,"damage_taken":12.0,"relics_obtained":["Frozen Egg 2"]},{"damage_healed":0.0,"max_hp_gain":0.0,"max_hp_loss":0.0,"gold_gain":0.0,"event_name":"Shining Light","player_choice":"Entered Light","floor":13.0,"gold_loss":0.0,"damage_taken":17.0,"cards_upgraded":["hierophant:Strike_Hierophant","hierophant:FlamingChariot"]},{"damage_healed":0.0,"max_hp_gain":0.0,"max_hp_loss":0.0,"gold_gain":0.0,"event_name":"Liars Game","player_choice":"Ignored","floor":14.0,"gold_loss":0.0,"damage_taken":0.0},{"damage_healed":0.0,"max_hp_gain":0.0,"max_hp_loss":0.0,"gold_gain":0.0,"event_name":"Match and Keep!","player_choice":"1 cards matched","floor":19.0,"gold_loss":0.0,"damage_taken":0.0,"cards_obtained":["Purity"]}],"is_beta":false,"boss_relics":[{"not_picked":["Empty Cage","Tiny House"],"picked":"Black Star"}],"items_purged_floors":[21],"is_endless":false,"potions_floor_spawned":[3,6,10,12,16,18],"killed_by":"Book of Stabbing","ascension_level":0}}