{"host":"64qzurqwi0x0qgxo","time":1614321153,"event":{"mods":["ATMod(°¢èªMod)","Act Like it!","BaseMod","Colored Map","Colored Powertips","Googly Eyes","Keyboard Shortcuts","Library of Ruina","Library of Ruina Extra","Lobotomy","LobotomyExtend","Minty Spire (QoL Compilation)","MostiFishMod","Rare Cards Sparkle","Relic Stats","Remove Card Discount Mod","Replay The Spire","StSLib","The Animator","noobMod"],"gold_per_floor":[117,122289,122317,122331,122347,122380,122473,122473,122498,122498,122535,122535,122535,122535,122535,122658,122658,122700,121934,122027,122130,122130,122130,122211,122211,122288,122313,122313,122381,122526,122225,122225,122430,122430,122478,122478,122568,122057,122093,122144,122144,122144,122444,122501,122546,122546,122589,122811,122811,122836,122911,122911,122911,999,999,999],"floor_reached":55,"language":"ZHS","playtime":3134,"items_purged":["animator:Strike","animator:Strike","animator:Strike","animator:Defend","animator:Defend","animator:Defend","animator:Defend_NoGameNoLife","AT_CaressingTears","animator:DolaCouronne","Bloodbath","Freischutz","GalaxyChild","Funeral","PunishingBird","Wellcheers","Laetitia","Murderer","GreedKing","SnowQueen","animator:Strike_NoGameNoLife"],"score":1158,"play_id":"f6baae54-909b-4c44-995c-2c8c66a216e3","local_time":"20210226143233","is_ascension_mode":false,"campfire_choices":[{"floor":8,"key":"RECALL"},{"data":"animator:DolaSchwi","floor":12,"key":"SMITH"},{"data":"animator:AcuraTooru","floor":15,"key":"SMITH"},{"data":"animator:AcuraTooru","floor":23,"key":"SMITH"},{"data":"animator:AcuraShin","floor":32,"key":"SMITH"},{"data":"animator:Viivi","floor":42,"key":"SMITH"},{"data":"animator:Hakurou","floor":46,"key":"SMITH"},{"data":"animator:Scar","floor":49,"key":"SMITH"},{"data":"Panache","floor":53,"key":"SMITH"}],"circlet_count":0,"master_deck":["animator:DolaSchwi","animator:Benimaru","animator:Pride","animator:ChaikaBohdan","animator:Hakurou","animator:Scar","animator:Shion","animator:Hakurou","animator:YunYun+1","animator:Viivi","animator:AcuraTooru","animator:AcuraTooru","animator:AcuraShin+1","CUTE","animator:Tyuule","Storm","RitualDagger","animator:Assassin","animator:Viivi","HereticApostle","animator:ChaikaTrabant","animator:Shizu","animator:Yoichi","animator:ElricEdward","animator:Saber","animator:Magilou","BlackArmy","SinglePointStab+1","WhitesApple","animator:AcuraTooru","animator:Jibril","Pot Of Greed","Pot Of Greed","Pot Of Greed","SinglePointStab","Sword Boomerang","LittlePrince","CUTE","Pot Of Greed"],"relics":["animator:TheEruzaStone","animator:AncientMedallion"],"acts_visited":["Exordium","TheCity","TheBeyond","TheEnding","EYB:TheUnnamedReign"],"potions_floor_usage":[],"damage_taken":[{"damage":10,"enemies":"Small Slimes","floor":1,"turns":5},{"damage":9,"enemies":"2 Louse","floor":3,"turns":1},{"damage":16,"enemies":"Jaw Worm","floor":4,"turns":2},{"damage":15,"enemies":"Exordium Wildlife","floor":5,"turns":3},{"damage":13,"enemies":"Lagavulin","floor":6,"turns":4},{"damage":34,"enemies":"Large Slime","floor":7,"turns":3},{"damage":17,"enemies":"Looter","floor":11,"turns":2},{"damage":20,"enemies":"The Guardian","floor":16,"turns":4},{"damage":11,"enemies":"Chosen","floor":18,"turns":2},{"damage":5,"enemies":"3 Byrds","floor":20,"turns":1},{"damage":10,"enemies":"Masked Bandits","floor":21,"turns":2},{"damage":5,"enemies":"Gremlin Leader","floor":24,"turns":2},{"damage":5,"enemies":"Book of Stabbing","floor":29,"turns":2},{"damage":5,"enemies":"Snake Plant","floor":30,"turns":2},{"damage":40,"enemies":"Pondfish","floor":33,"turns":3},{"damage":5,"enemies":"Orb Walker","floor":35,"turns":1},{"damage":30,"enemies":"3 Shapes","floor":37,"turns":4},{"damage":0,"enemies":"Transient","floor":39,"turns":2},{"damage":0,"enemies":"Nemesis","floor":40,"turns":1},{"damage":0,"enemies":"3 Darklings","floor":44,"turns":1},{"damage":0,"enemies":"Maw","floor":47,"turns":1},{"damage":0,"enemies":"Donu and Deca","floor":50,"turns":3},{"damage":80,"enemies":"animator:TRIPLE_SHAPES_WEAK","floor":55,"turns":5}],"seed_played":"8887043471416716517","potions_obtained":[{"floor":1,"key":"Reflective Coating"},{"floor":3,"key":"Adrenaline Potion"},{"floor":5,"key":"LiquidMemories"},{"floor":29,"key":"Energy Potion"}],"is_trial":false,"path_per_floor":["M","$","M","M","M","E","M","R","T","?","M","R","T","E","R","B",null,"M","$","M","?","?","R","E","?","T","T","?","E","M","$","R","B",null,"M","?","M","$","M","E","?","R","T","M","?","R","M","?","R","B",null,null,"R","??","M"],"character_chosen":"THE_ANIMATOR","items_purchased":["InkBottle","PageOfFairyFestival","Dodecahedron","animator:Pride","animator:ChaikaBohdan","animator:Hakurou","PageOfHappyTeddyBear","AT_ArchangelStaff","PrismaticShard","animator:AcuraShin","AT_EbonyIvory","PageOfSpiderBud","PageOfNothingThere","TimeFreeze","animator:Magilou"],"campfire_rested":0,"item_purchase_floors":[2,2,2,2,2,2,19,19,19,19,31,31,38,38,38],"current_hp_per_floor":[56,56,47,32,17,66,33,33,33,33,13,13,13,13,13,67,84,37,37,28,14,14,14,17,17,27,27,21,18,84,84,84,93,94,96,96,87,87,110,112,112,112,112,116,87,87,112,112,112,166,227,227,227,98,0,0],"gold":999,"neow_bonus":"","is_daily":false,"chose_seed":false,"campfire_upgraded":8,"win_rate":0.0,"timestamp":1614321153,"path_taken":["M","$","M","M","M","E","M","R","T","?","M","R","?","E","R","BOSS","M","$","M","?","?","R","E","?","T","?","?","E","?","$","R","BOSS","M","?","M","$","M","E","?","R","T","?","?","R","M","?","R","BOSS","R","??","M"],"items_purchased_type":["Relic","Relic","Relic","Card","Card","Card","Relic","Relic","Relic","Card","Relic","Relic","Relic","Relic","Card"],"build_version":"2020-12-22","purchased_purges":20,"victory":false,"max_hp_per_floor":[66,66,66,66,66,66,74,74,74,74,77,77,77,77,77,84,84,45,45,47,49,49,49,51,51,61,61,61,65,84,84,84,94,94,96,96,99,99,110,112,112,112,112,116,116,116,118,118,118,200,227,227,227,98,98,98],"relic_stats":{"counters":[29,65],"obtain_stats":[{"Ice Cream":41,"AT_ATBox":0,"DaveBox":0,"animator:TheMissingPiece":0,"AT_MibuBalloonWealth":6,"LuminousBracelet":30,"PageOfNothingThere":38,"ice":0,"Bag of Preparation":24,"SkinProphecy":7,"AT_ArchangelStaff":19,"PrismaticShard":19,"SynthV:C4":0,"PageOfSpiderBud":31,"Old Coin":43,"Sozu":34,"CogitoBucket":0,"PageOfFairyFestival":2,"animator:PurgingStone":0,"animator:AncientMedallion":54,"Philosopher\u0027s Stone":18,"Red Mask":21,"InkBottle":2,"Potion Belt":29,"BackwardClock":44,"Pear":26,"Dodecahedron":2,"Quantum Egg":13,"Replay:Grab Bag":34,"Astrolabe":34,"AT_EbonyIvory":31,"animator:TheEruzaStone":54,"TimeFreeze":38,"PageOfHappyTeddyBear":19,"SynthV:TestCard":1,"AtMidnight":44,"ChewingGum":34,"animator:LivingPicture":0,"Mark of Pain":17,"LetterFromLob":1,"Bag of Marbles":27,"Art of War":40,"Grinning Jar":45},{"Ice Cream":21,"AT_ATBox":0,"DaveBox":0,"animator:TheMissingPiece":0,"AT_MibuBalloonWealth":5,"LuminousBracelet":16,"PageOfNothingThere":19,"ice":0,"Bag of Preparation":13,"SkinProphecy":7,"AT_ArchangelStaff":10,"PrismaticShard":10,"SynthV:C4":0,"PageOfSpiderBud":16,"Old Coin":21,"Sozu":17,"CogitoBucket":0,"PageOfFairyFestival":1,"animator:PurgingStone":0,"animator:AncientMedallion":27,"Philosopher\u0027s Stone":10,"Red Mask":12,"InkBottle":1,"Potion Belt":14,"BackwardClock":23,"Pear":13,"Dodecahedron":1,"Quantum Egg":8,"Replay:Grab Bag":17,"Astrolabe":17,"AT_EbonyIvory":16,"animator:TheEruzaStone":27,"TimeFreeze":19,"PageOfHappyTeddyBear":10,"SynthV:TestCard":1,"AtMidnight":23,"ChewingGum":17,"animator:LivingPicture":0,"Mark of Pain":9,"LetterFromLob":1,"Bag of Marbles":13,"Art of War":21,"Grinning Jar":23},{"Ice Cream":48,"AT_ATBox":0,"DaveBox":0,"animator:TheMissingPiece":0,"AT_MibuBalloonWealth":15,"LuminousBracelet":37,"PageOfNothingThere":45,"ice":0,"Bag of Preparation":32,"SkinProphecy":19,"AT_ArchangelStaff":27,"PrismaticShard":27,"SynthV:C4":0,"PageOfSpiderBud":37,"Old Coin":48,"Sozu":40,"CogitoBucket":0,"PageOfFairyFestival":5,"animator:PurgingStone":0,"animator:AncientMedallion":58,"Philosopher\u0027s Stone":26,"Red Mask":30,"InkBottle":5,"Potion Belt":34,"BackwardClock":50,"Pear":32,"Dodecahedron":5,"Quantum Egg":21,"Replay:Grab Bag":40,"Astrolabe":40,"AT_EbonyIvory":37,"animator:TheEruzaStone":58,"TimeFreeze":45,"PageOfHappyTeddyBear":27,"SynthV:TestCard":5,"AtMidnight":50,"ChewingGum":40,"animator:LivingPicture":0,"Mark of Pain":25,"LetterFromLob":5,"Bag of Marbles":32,"Art of War":48,"Grinning Jar":50}]},"card_choices":[{"not_picked":["MHz","Variant"],"picked":"LittleHelper","floor":1},{"not_picked":["animator:Mikaela","animator:Shinoa"],"picked":"animator:Benimaru","floor":1},{"not_picked":["BeautyBeast","Wellcheers"],"picked":"Bloodbath","floor":3},{"not_picked":["animator:Verdia","animator:CrowleyEusford","animator:Arpeggio","animator:Mitsuba"],"picked":"animator:Scar","floor":3},{"not_picked":["LaLuna","RedShoes"],"picked":"OldLady","floor":4},{"not_picked":["animator:Chung","animator:ShinjiMatou","animator:Assassin","animator:FielNirvalen"],"picked":"animator:Shion","floor":4},{"not_picked":["WallGazer","Scorched"],"picked":"CrumblingArmor","floor":5},{"not_picked":["animator:GazelDwargon","animator:Souei","animator:Shion","animator:Shuna"],"picked":"animator:Hakurou","floor":5},{"not_picked":["CherryBlossoms","WallGazer"],"picked":"PunishingBird","floor":6},{"not_picked":["animator:HiiragiShinya","animator:Mikaela","animator:Viivi","animator:Eve"],"picked":"animator:YunYun","floor":6},{"not_picked":["Wellcheers","WallGazer"],"picked":"GalaxyChild","floor":7},{"not_picked":["animator:Shuna","animator:HiiragiShinya","animator:Lancer","animator:Shinoa"],"picked":"animator:Viivi","floor":7},{"not_picked":["FairyFestival","Alriune"],"picked":"Freischutz","floor":11},{"not_picked":["animator:Arpeggio","animator:Shigure","animator:LeleiLaLalena","animator:Ain"],"picked":"animator:AcuraTooru","floor":11},{"not_picked":["SilentOrchestra","FairyFestival"],"picked":"Funeral","floor":16},{"not_picked":["animator:AcuraShin","animator:Elesis","animator:Sora","animator:ChaikaTrabant"],"picked":"animator:Father","floor":16},{"not_picked":["SpiderBud","Woodsman"],"picked":"LaLuna","floor":18},{"not_picked":["animator:Gillette","animator:ChaikaBohdan","animator:AcuraAkari","animator:Fredrika"],"picked":"animator:AcuraTooru","floor":18},{"not_picked":["OldLady","MeatLantern"],"picked":"Alriune","floor":20},{"not_picked":["Noise","animator:Shinoa","RushDown","Flying Knee"],"picked":"CUTE+1","floor":20},{"not_picked":["MeatLantern","Freischutz"],"picked":"Woodsman","floor":21},{"not_picked":["Biased Cognition","Underhanded Strike","WaveOfTheHand","StayCalm"],"picked":"animator:Tyuule+1","floor":21},{"not_picked":["QueenBee","UniverseFragment"],"picked":"Mercenary","floor":24},{"not_picked":["Wingbeat","animator:UneriGinkaku","animator:SakuraMatou","Dramatic Entrance"],"picked":"Storm+1","floor":24},{"not_picked":["BeautyBeast","SpiderBud"],"picked":"Wellcheers","floor":29},{"not_picked":["JiaoTu+1","Faith","Parry","Loneliness"],"picked":"animator:Assassin","floor":29},{"not_picked":["Freischutz","FairyFestival"],"picked":"Laetitia","floor":30},{"not_picked":["animator:AcuraTooru","animator:Gillette","animator:Layla","animator:ChaikaBohdan"],"picked":"animator:Viivi","floor":30},{"not_picked":["CENSORED","Freischutz"],"picked":"Murderer","floor":33},{"not_picked":["Demonic Infusion","animator:Guren","Wraith Form v2","MostiFishMod:WingOfPhoenix"],"picked":"Panache","floor":33},{"not_picked":["BigBird","OldLady"],"picked":"GreedKing","floor":35},{"not_picked":["PreemptiveStrike","PathToVictory","ViolentFlame","RushDown"],"picked":"animator:ElricEdward","floor":35},{"not_picked":["Mercenary","Variant"],"picked":"SnowQueen","floor":37},{"not_picked":["animator:Verdia+1","Backflip","AsThePrescriptOrders","BayonetCombat+1"],"picked":"animator:Saber","floor":37},{"not_picked":["BlackSwan","Freischutz"],"picked":"BlackArmy","floor":39},{"not_picked":["Fusion","Blood for Blood","Cold Snap","FlashOfSunup"],"picked":"SinglePointStab","floor":39},{"not_picked":["PunishingBird","DespairKnight"],"picked":"WhitesApple","floor":40},{"not_picked":["animator:Gillette","animator:Layla","animator:Guy","animator:ChaikaBohdan"],"picked":"animator:AcuraTooru","floor":40},{"not_picked":["BigBird","Funeral"],"picked":"PlagueDoctor","floor":44},{"not_picked":["MostiFishMod:PerfectParry","Secret Technique","Calculated Gamble","FlyingSleeves+1"],"picked":"animator:Jibril+1","floor":44},{"not_picked":["InhaleSmoke","Outmaneuver+1","Fasting2+1","animator:Alexander"],"picked":"SinglePointStab","floor":45},{"not_picked":["ReadyUp","Headbutt","Replay:BluntJabs","animator:Bozes"],"picked":"Sword Boomerang+1","floor":45},{"not_picked":["MeltingLove","WallGazer"],"picked":"LittlePrince","floor":47},{"not_picked":["AutonomousRush","Moonlight+1","ReplayTheSpireMod:Necrogeddon","animator:Alexander+1"],"picked":"CUTE+1","floor":47}],"player_experience":113677,"relics_obtained":[{"floor":1,"key":"SynthV:TestCard"},{"floor":1,"key":"LetterFromLob"},{"floor":6,"key":"AT_MibuBalloonWealth"},{"floor":13,"key":"Quantum Egg"},{"floor":21,"key":"Red Mask"},{"floor":24,"key":"Bag of Preparation"},{"floor":26,"key":"Pear"},{"floor":27,"key":"Bag of Marbles"},{"floor":29,"key":"Potion Belt"},{"floor":40,"key":"Art of War"},{"floor":43,"key":"Old Coin"},{"floor":44,"key":"AtMidnight"},{"floor":45,"key":"Grinning Jar"},{"floor":54,"key":"animator:TheEruzaStone"},{"floor":54,"key":"animator:AncientMedallion"}],"event_choices":[{"damage_healed":0,"gold_gain":0,"player_choice":"Fought Bandits","damage_taken":0,"max_hp_gain":0,"max_hp_loss":0,"event_name":"Masked Bandits","floor":21,"gold_loss":0},{"cards_removed":["LaLuna"],"damage_healed":0,"gold_gain":0,"player_choice":"Elegance","damage_taken":0,"max_hp_gain":0,"max_hp_loss":0,"event_name":"Back to Basics","floor":22,"gold_loss":0},{"damage_healed":0,"gold_gain":0,"player_choice":"Joined the Cult","damage_taken":6,"max_hp_gain":0,"max_hp_loss":0,"event_name":"Nest","floor":28,"gold_loss":0,"cards_obtained":["RitualDagger"]},{"cards_removed":["Alriune"],"damage_healed":0,"gold_gain":0,"player_choice":"Removed Skill","damage_taken":0,"max_hp_gain":0,"max_hp_loss":0,"event_name":"Falling","floor":36,"gold_loss":0},{"damage_healed":0,"gold_gain":0,"player_choice":"Gave Potion","damage_taken":0,"relics_obtained":["Ice Cream"],"max_hp_gain":0,"max_hp_loss":0,"event_name":"WeMeetAgain","floor":41,"gold_loss":0},{"damage_healed":0,"gold_gain":222,"player_choice":"Wore Mask","damage_taken":0,"max_hp_gain":0,"max_hp_loss":0,"event_name":"Tomb of Lord Red Mask","floor":48,"gold_loss":0}],"is_beta":false,"boss_relics":[{"not_picked":["animator:RacePiece","SacredBark"],"picked":"Mark of Pain"},{"not_picked":["Calling Bell","animator:VividPicture"],"picked":"Replay:Grab Bag"},{"not_picked":["Fusion Hammer","SlaversCollar"],"picked":"ChewingGum"},{"not_picked":["Coffee Dripper","Velvet Choker"],"picked":"Sozu"},{"not_picked":["Empty Cage","Kintsugi"],"picked":"Astrolabe"}],"items_purged_floors":[2,2,2,2,2,2,2,2,2,19,19,19,19,19,38,38,38,38,38,38],"is_endless":false,"potions_floor_spawned":[1,3,5,11,16,29,35,37,39],"killed_by":"animator:TRIPLE_SHAPES_WEAK","ascension_level":0}}