{"host":"ymrxmazrubg7ht5t","time":1614368309,"event":{"mods":["2.2 Compatiblity","Act Like it!","Arknights","BaseMod","Better Match","Better Note","Colored Powertips","Conspire","Evolution","Gensokyo","HololiveMod","Infinite Spire","Jorbs\u0027s Wanderer Trilogy","Library of Ruina","Library of Ruina Extra","Marisa????????","Minty Spire (QoL Compilation)","Relic Stats","Replay The Spire","Ruina","SacredBarkPlus","StSLib","The Cursed","The Marked"],"gold_per_floor":[114,114,33,44,44,70,70,0,0,0,0,0,25,44,44,146,146,161,171,171,120,136,136,171,171,239,239,239],"floor_reached":27,"language":"ENG","playtime":3034,"items_purged":[],"score":337,"play_id":"2c0710e3-0991-46fc-97bf-225f524d402b","local_time":"20210226153829","is_ascension_mode":false,"campfire_choices":[{"data":"CleanUp","floor":7,"key":"SMITH"},{"data":"FendThisOffIfYouCan","floor":12,"key":"SMITH"},{"floor":15,"key":"REST"},{"data":"Duel_lor","floor":23,"key":"SMITH"},{"data":"BattleCommand","floor":25,"key":"SMITH"}],"circlet_count":0,"master_deck":["Dodge+1","AsThePrescriptOrders","DesperateStruggle","LightAttack","LightAttack","LightDefense","LightDefense","ChargeAndCover","FocusedStrikes","Cruelty","FendThisOffIfYouCan+1","SomberProcuration+1","CleanUp+1","Gensokyo:AllTheWorldsEvil","Duel_lor+1","ConcentratedFire","Deflect_lor","EnergyConversion","SilentMist+1","FrontalAssault+1","Parry2","GrazeTheGrass","BattleCommand+1"],"relics":["PageOfLibrarian","EVO:Axolotl","Boot","PageOfTheKnightOfDespair","Gensokyo:Mercy","ReplayTheSpireMod:Ring of Collecting","Ring of Panic","PageOfTheQueenOfHatred","Ring of Chaos","PageOfGreed","Ring of Fury","PageOfWrath"],"acts_visited":["Gensokyo:Gensokyo","ruina:Briah"],"potions_floor_usage":[22,24,27],"damage_taken":[{"damage":2,"enemies":"Gensokyo:3_Fairies","floor":1,"turns":5},{"damage":0,"enemies":"Gensokyo:Gryphon","floor":4,"turns":3},{"damage":3,"enemies":"Gensokyo:Aya","floor":6,"turns":4},{"damage":5,"enemies":"Gensokyo:Cirno","floor":13,"turns":5},{"damage":0,"enemies":"Gensokyo:Python","floor":14,"turns":2},{"damage":2,"enemies":"Gensokyo:Reimu","floor":16,"turns":3},{"damage":0,"enemies":"ruina:BadWolf","floor":18,"turns":1},{"damage":0,"enemies":"ruina:2_Scarecrows","floor":19,"turns":2},{"damage":5,"enemies":"ruina:Woodsman","floor":22,"turns":2},{"damage":0,"enemies":"ruina:ServantOfWrath","floor":24,"turns":3},{"damage":102,"enemies":"ruina:KingOfGreed","floor":27,"turns":4}],"seed_played":"3160923708820171809","potions_obtained":[{"floor":4,"key":"AttackPotion"},{"floor":13,"key":"ColorlessPotion"},{"floor":18,"key":"infinitespire:BlackPotion"},{"floor":24,"key":"Energy Potion"}],"is_trial":false,"path_per_floor":["M","?","$","M","?","E","R","?","T","?","?","R","E","M","R","B",null,"M","M","?","$","M","R","E","R","T","M"],"character_chosen":"Librarian","items_purchased":["SomberProcuration","Parry2"],"campfire_rested":1,"item_purchase_floors":[3,21],"current_hp_per_floor":[58,58,58,58,58,47,47,47,47,47,47,47,42,48,70,76,84,84,84,84,84,84,84,84,84,84,0,0],"gold":239,"neow_bonus":"ONE_RANDOM_RARE_CARD","is_daily":false,"chose_seed":false,"campfire_upgraded":4,"win_rate":0.0,"timestamp":1614368309,"path_taken":["M","?","$","M","?","E","R","?","T","?","?","R","E","?","R","BOSS","M","M","?","$","?","R","E","R","T","M"],"items_purchased_type":["Card","Card"],"build_version":"2020-12-22","purchased_purges":0,"victory":false,"max_hp_per_floor":[63,63,63,201,201,201,201,201,201,201,201,201,76,76,76,84,84,84,84,84,84,84,84,84,84,84,84,84],"relic_stats":{"counters":[12,34],"Boot":[8],"obtain_stats":[{"PageOfTheQueenOfHatred":13,"Ring of Chaos":17,"EVO:Axolotl":0,"Boot":6,"PageOfLibrarian":0,"PageOfGreed":24,"PageOfWrath":26,"Frozen Eye":19,"Gensokyo:Mercy":10,"PageOfTheKnightOfDespair":9,"ReplayTheSpireMod:Ring of Collecting":11,"Ring of Fury":26,"Ring of Panic":11},{"PageOfTheQueenOfHatred":4,"Ring of Chaos":6,"EVO:Axolotl":0,"Boot":3,"PageOfLibrarian":0,"PageOfGreed":10,"PageOfWrath":10,"Frozen Eye":7,"Gensokyo:Mercy":3,"PageOfTheKnightOfDespair":3,"ReplayTheSpireMod:Ring of Collecting":3,"Ring of Fury":10,"Ring of Panic":3},{"PageOfTheQueenOfHatred":17,"Ring of Chaos":22,"EVO:Axolotl":0,"Boot":12,"PageOfLibrarian":0,"PageOfGreed":30,"PageOfWrath":30,"Frozen Eye":23,"Gensokyo:Mercy":12,"PageOfTheKnightOfDespair":12,"ReplayTheSpireMod:Ring of Collecting":12,"Ring of Fury":30,"Ring of Panic":12}]},"card_choices":[{"not_picked":["Quickness","Zzzzzap","Outburst","ViolentFlame","BackAttack","BiAn","EnergyShield","PinpointShot"],"picked":"FendThisOffIfYouCan","floor":1},{"not_picked":["Outburst","StrikeDown","SunsetBlade","GreatSerpentsImpact","FeatherShield","SpearedSweep","SnakeSlit","Wallop_lor"],"picked":"SearingSword","floor":4},{"not_picked":["QuickSuppression","TasteMyFlamingBat","QuickAttack","StayCalm","ShrineToMusic","TheRedNotes","DestructiveImpact","CircusKnives"],"picked":"CleanUp","floor":6},{"not_picked":["SuanNi","AbsorbImpact","MultiHit","Rewind","StructuralAnalysis","QuickAttack","ViolentFlame","StrikeDown"],"picked":"Duel_lor","floor":13},{"not_picked":["SpearedSweep","BackAttack","HandleRequest","Pound","Leap_lor","Reload","StrongStrike","Preparation"],"picked":"ConcentratedFire","floor":14},{"not_picked":["BlazingStrike","Decapitation"],"picked":"Deflect_lor","floor":16},{"not_picked":["FierceCharge+1","GuardingStance","Quickness","FleshFillet","Diversion+1","Juggling","DesperateStruggle","EnergyShield"],"picked":"EnergyConversion","floor":18},{"not_picked":["PinpointShot+1","SpearedSweep","SturdyDefense","Pound","FaintMemories","TendonChords+1","Thirst","Juggling"],"picked":"SilentMist+1","floor":19},{"not_picked":["SerpentSwordTechnique+1","MultiHit+1","GuardingStance+1","BackAttack+1","FierceCharge+1","SnakesPrey+1","EnergyCycle+1","Pound+1"],"picked":"FrontalAssault+1","floor":20},{"not_picked":["SharpenedBlade","Rewind+1","SavageMode","SinglePointStab","Gigigig+1","Faith+1","ConcentratedFire+1","PuppetBlockade"],"picked":"GrazeTheGrass","floor":22},{"not_picked":["Wallop_lor","Laceration","FierceCharge","HandleRequest","EnergyCycle+1","Ripple","ClassAndRespect+1","DriedUp"],"picked":"BattleCommand","floor":24}],"player_experience":476418,"relics_obtained":[{"floor":6,"key":"Boot"},{"floor":9,"key":"PageOfTheKnightOfDespair"},{"floor":11,"key":"ReplayTheSpireMod:Ring of Collecting"},{"floor":11,"key":"Ring of Panic"},{"floor":13,"key":"PageOfTheQueenOfHatred"},{"floor":24,"key":"PageOfGreed"},{"floor":26,"key":"Ring of Fury"},{"floor":26,"key":"PageOfWrath"}],"event_choices":[{"damage_healed":0,"gold_gain":0,"player_choice":"Leave","damage_taken":0,"max_hp_gain":0,"max_hp_loss":0,"event_name":"conspire:Investor","floor":2,"gold_loss":0},{"damage_healed":0,"gold_gain":0,"player_choice":"2","damage_taken":0,"max_hp_gain":0,"max_hp_loss":0,"event_name":"betterMatch:BetterMatch","floor":20,"gold_loss":0,"cards_obtained":["betterMatch:CommonCard"]}],"is_beta":false,"boss_relics":[{"not_picked":["Abe\u0027s Treasure","Busted Crown"],"picked":"Ring of Chaos"}],"items_purged_floors":[],"is_endless":false,"potions_floor_spawned":[4,13,18,24],"killed_by":"ruina:KingOfGreed","ascension_level":0}}