{"host":"0s686iw3hprdrk8c","time":1614310033,"event":{"mods":["AchievementEnabler","BaseMod","Bestiary","Downfall","Hermit","Hubris","Marisa????????","Minty Spire (QoL Compilation)","Replay The Spire","StSLib","The Cursed","The Hierophant","The Saiyan","The Servant 0.9.4"],"gold_per_floor":[110,110,110,126,142,169,169,200,249,281,59,59,78,93,93,188,188,206,224,224,224,224,224,2,34,34,34,46,46,60,60,60],"floor_reached":31,"language":"ENG","playtime":2096,"items_purged":["downfall:Bewildered"],"score":373,"play_id":"5c8262df-19ec-4542-b107-82452265fb8f","local_time":"20210225222713","is_ascension_mode":true,"campfire_choices":[{"floor":7,"key":"RECALL"},{"floor":15,"key":"REST"},{"floor":23,"key":"REST"},{"data":"Footwork","floor":27,"key":"SMITH"}],"circlet_count":0,"master_deck":["Strike_G","Strike_G","Strike_G","Strike_G","Defend_G","Defend_G","Defend_G","Defend_G","Defend_G","Survivor","Neutralize","Deadly Poison","Outmaneuver","Prepared","ReplayTheSpireMod:From All Sides","Noxious Fumes","Blade Dance","ReplayTheSpireMod:Scrap Shanks+1","Trip","hubris:Sniper","ReplayTheSpireMod:From All Sides","hubris:Sniper+1","Bouncing Flask+1","Footwork+1","Dash","Blade Dance+1","Blur+1","ReplayTheSpireMod:Exploit Weakness"],"relics":["Ring of the Snake","Iron Hammer","Boot","Replay:Wax Seal","hubris:Potato","sneckomod:BabySnecko","hubris:Zylophone","The Courier","Vajra"],"acts_visited":["Exordium","TheCity"],"potions_floor_usage":[14,16,19,25,30,31],"damage_taken":[{"damage":1.0,"enemies":"Small Slimes","floor":1.0,"turns":3.0},{"damage":0,"enemies":"Jaw Worm","floor":4,"turns":3},{"damage":0,"enemies":"2 Louse","floor":5,"turns":3},{"damage":0,"enemies":"Replay:BlueRogue","floor":6,"turns":8},{"damage":18,"enemies":"3 Sentries","floor":8,"turns":11},{"damage":26,"enemies":"Gremlin Nob","floor":10,"turns":5},{"damage":0,"enemies":"Blue Slaver","floor":13,"turns":3},{"damage":0,"enemies":"Lots of Slimes","floor":14,"turns":3},{"damage":7,"enemies":"Slime Boss","floor":16,"turns":6},{"damage":7,"enemies":"Chosen","floor":18,"turns":5},{"damage":8,"enemies":"Spheric Guardian","floor":19,"turns":3},{"damage":2,"enemies":"Gremlin Leader","floor":25,"turns":5},{"damage":26,"enemies":"Snake Plant","floor":28,"turns":4},{"damage":0,"enemies":"3 Cultists","floor":30,"turns":4},{"damage":6,"enemies":"Slavers","floor":31,"turns":2}],"seed_played":"7393457441937433962","potions_obtained":[{"floor":1.0,"key":"Milkshake"},{"floor":5,"key":"Adrenaline Potion"},{"floor":16,"key":"Swift Potion"},{"floor":18,"key":"FearPotion"},{"floor":28,"key":"FearPotion"},{"floor":30,"key":"Strength Potion"}],"is_trial":false,"path_per_floor":["M","?","?","M","M","E","R","E","T","E","$","?","M","M","R","B",null,"M","M","?","?","?","R","$","E","T","R","M","$","M","E"],"character_chosen":"THE_SILENT","items_purchased":["ReplayTheSpireMod:Scrap Shanks","Trip","Dexterity Potion","Footwork","Dash","DistilledChaos","Vajra"],"campfire_rested":2,"item_purchase_floors":[11,11,11,24,24,29,29],"current_hp_per_floor":[69,69,62,62,62,62,62,44,44,18,18,18,18,18,39,32,61,54,46,33,33,33,55,55,53,53,53,27,12,12,6,6],"gold":60,"neow_bonus":"RANDOM_EVENT","is_daily":false,"chose_seed":false,"campfire_upgraded":1,"win_rate":0.0,"timestamp":1614310033,"path_taken":["M","?","?","?","M","E","R","E","T","E","$","?","M","M","R","BOSS","M","M","?","?","?","R","$","E","T","R","M","?","?","E"],"items_purchased_type":["Card","Card","Potion","Card","Card","Potion","Relic"],"build_version":"2020-12-22","purchased_purges":1,"victory":false,"max_hp_per_floor":[70,70,70,70,70,70,70,70,70,70,70,70,70,70,70,70,70,70,70,75,75,75,75,75,75,75,75,75,75,75,75,75],"card_choices":[{"not_picked":["Calculated Gamble","Sucker Punch"],"picked":"Deadly Poison","floor":1.0},{"not_picked":["Well Laid Plans","Concentrate"],"picked":"Outmaneuver","floor":4},{"not_picked":["hubris:TrickCloak","Dagger Throw"],"picked":"Prepared","floor":5},{"not_picked":["Outmaneuver","Draining Mist"],"picked":"ReplayTheSpireMod:From All Sides","floor":6},{"not_picked":["Escape Plan","Dodge and Roll"],"picked":"Noxious Fumes","floor":8},{"not_picked":["Slice","Dagger Throw"],"picked":"Blade Dance","floor":10},{"not_picked":["Replay:Poison Smokescreen","hubris:SlightOfHand"],"picked":"hubris:Sniper","floor":13},{"not_picked":["hubris:SlightOfHand","Poisoned Stab","Skewer"],"picked":"SKIP","floor":14},{"not_picked":["Glass Knife","A Thousand Cuts"],"picked":"ReplayTheSpireMod:From All Sides","floor":16},{"not_picked":["Expertise","Deadly Poison"],"picked":"hubris:Sniper+1","floor":18},{"not_picked":["hubris:SlightOfHand+1","Leg Sweep"],"picked":"Bouncing Flask+1","floor":19},{"not_picked":["A Thousand Cuts","hubris:SlightOfHand"],"picked":"Blade Dance+1","floor":25},{"not_picked":["Blade Dance","Backflip"],"picked":"Blur+1","floor":28},{"not_picked":["Quick Slash","Acrobatics"],"picked":"ReplayTheSpireMod:Exploit Weakness","floor":30}],"player_experience":276275,"relics_obtained":[{"floor":6,"key":"Boot"},{"floor":8,"key":"Replay:Wax Seal"},{"floor":10,"key":"hubris:Potato"},{"floor":25,"key":"hubris:Zylophone"},{"floor":26,"key":"The Courier"}],"event_choices":[{"damage_healed":0.0,"max_hp_gain":0.0,"max_hp_loss":0.0,"gold_gain":0.0,"event_name":"Big Fish","player_choice":"Box","floor":0.0,"gold_loss":0.0,"damage_taken":0.0,"relics_obtained":["Iron Hammer"],"cards_obtained":["Regret"]},{"cards_removed":["Regret"],"damage_healed":0,"gold_gain":0,"player_choice":"Forget","damage_taken":0,"max_hp_gain":0,"max_hp_loss":0,"event_name":"Living Wall","floor":2,"gold_loss":0},{"cards_removed":["Strike_G"],"damage_healed":0,"gold_gain":0,"player_choice":"Card Removal","damage_taken":7,"max_hp_gain":0,"max_hp_loss":0,"event_name":"Golden Wing","floor":3,"gold_loss":0},{"damage_healed":0,"gold_gain":0,"player_choice":"Shed Blood","damage_taken":18,"max_hp_gain":5,"max_hp_loss":0,"event_name":"Forgotten Altar","floor":20,"gold_loss":0}],"is_beta":false,"boss_relics":[{"not_picked":["Cursed Key","hubris:TerracottaHorce","Sozu"]}],"items_purged_floors":[24],"is_endless":false,"potions_floor_spawned":[1,5,13,16,18,28,30],"killed_by":"Slavers","ascension_level":5}}