{"host":"9gd2vfcpq4ax5tj2","time":1614349859,"event":{"mods":["BaseMod","Colored Map","Downfall","Minty Spire (QoL Compilation)","StSLib"],"gold_per_floor":[99,110,110,129,146,175,175,191,91,103,116,116,26,38,52,157,157,157,157,175,190,122,134,158,158,258,258,275,287,302,45,63,167,167,167,187,206,122,190,206,206,206,306,320,347,363,363,413,427,427],"floor_reached":51,"language":"ENG","playtime":3100,"items_purged":["downfall:Malfunctioning","Guardian:Defend_Guardian"],"score":764,"play_id":"c7e1601a-e4ee-48ad-b850-a1a805b54064","local_time":"20210227010059","is_ascension_mode":false,"campfire_choices":[{"data":"Guardian:TwinSlam","floor":1,"key":"SMITH"},{"floor":9,"key":"REST"},{"data":"Guardian:TimeBomb","floor":18,"key":"SMITH"},{"data":"Guardian:PrimingBeam","floor":25,"key":"SMITH"},{"data":"Guardian:Incinerate","floor":27,"key":"SMITH"},{"data":"Guardian:StasisStrike","floor":35,"key":"SMITH"},{"data":"Guardian:BodySlam","floor":42,"key":"SMITH"},{"data":"Guardian:RollAttack","floor":47,"key":"SMITH"}],"circlet_count":0,"master_deck":["Guardian:Strike_Guardian","Guardian:Strike_Guardian+1","Guardian:Strike_Guardian","Guardian:Strike_Guardian+1","Guardian:Defend_Guardian+1","Guardian:Defend_Guardian","Guardian:Defend_Guardian","Guardian:CurlUp+1","Guardian:TwinSlam+1","Guardian:TimeBomb+1","Guardian:Planning+1","Guardian:PrimingBeam+1","Guardian:TemporalShield+1","Guardian:Recover+1","Guardian:PiercingHide+1","Guardian:BronzeArmor+1","Guardian:Reroute","Guardian:TimeCapacitor","Guardian:Incinerate+1","Guardian:RollAttack+1","Guardian:SentryBeam+1","Guardian:DonusPower+1","Guardian:ConstructionForm","Guardian:StasisStrike+1","Guardian:Gem_Lightblue","Guardian:BodySlam+1","Guardian:TemporalStrike","Regret","Guardian:FloatingOrbs+1","Guardian:Recover+1","Guardian:TimeBomb+1","Regret","Guardian:ShieldSpikes+1"],"relics":["Guardian:ModeShifter","Toxic Egg 2","Blood Vial","Pantograph","downfall:HeartBlessingGreen","SacredBark","Happy Flower","downfall:CloakOfManyFaces","CultistMask","FaceOfCleric","NlothsMask","GremlinMask","SsserpentHead","Kunai","Cursed Key","Bag of Marbles","FossilizedHelix","Pear","StrikeDummy"],"acts_visited":["Exordium","TheCity","TheBeyond"],"potions_floor_usage":[11,16,26,26,37,38,45,49],"damage_taken":[{"damage":3,"enemies":"2 Louse","floor":2,"turns":3},{"damage":15,"enemies":"Small Slimes","floor":4,"turns":4},{"damage":5,"enemies":"Jaw Worm","floor":5,"turns":5},{"damage":33,"enemies":"Lagavulin","floor":6,"turns":8},{"damage":8,"enemies":"Red Slaver","floor":8,"turns":4},{"damage":7,"enemies":"3 Louse","floor":10,"turns":4},{"damage":8,"enemies":"Lots of Slimes","floor":11,"turns":3},{"damage":0,"enemies":"downfall:FleeingMerchant","floor":13,"turns":4},{"damage":1,"enemies":"Red Slaver","floor":14,"turns":4},{"damage":0,"enemies":"2 Fungi Beasts","floor":15,"turns":5},{"damage":11,"enemies":"SI_SHIV_ARCHETYPE","floor":16,"turns":10},{"damage":14,"enemies":"downfall:LooterAlt2","floor":20,"turns":5},{"damage":11,"enemies":"3 Byrds","floor":21,"turns":4},{"damage":4,"enemies":"downfall:FleeingMerchant","floor":22,"turns":4},{"damage":5,"enemies":"Centurion and Healer","floor":23,"turns":6},{"damage":1,"enemies":"downfall:FaceTrader","floor":26,"turns":7},{"damage":16,"enemies":"Cultist and Chosen","floor":28,"turns":5},{"damage":4,"enemies":"Chosen and Byrds","floor":29,"turns":6},{"damage":3,"enemies":"3 Cultists","floor":30,"turns":5},{"damage":0,"enemies":"downfall:FleeingMerchant","floor":31,"turns":4},{"damage":22,"enemies":"Snecko","floor":32,"turns":5},{"damage":27,"enemies":"WA_ARCHETYPE_CALM","floor":33,"turns":9},{"damage":12,"enemies":"3 Shapes","floor":36,"turns":4},{"damage":5,"enemies":"Orb Walker","floor":37,"turns":5},{"damage":0,"enemies":"downfall:FleeingMerchant","floor":38,"turns":4},{"damage":40,"enemies":"3 Darklings","floor":39,"turns":5},{"damage":4,"enemies":"4 Shapes","floor":40,"turns":7},{"damage":0,"enemies":"4 Shapes","floor":43,"turns":7},{"damage":16,"enemies":"Maw","floor":44,"turns":7},{"damage":1,"enemies":"Reptomancer","floor":45,"turns":6},{"damage":11,"enemies":"Jaw Worm Horde","floor":46,"turns":3},{"damage":16,"enemies":"Spire Growth","floor":49,"turns":6},{"damage":68,"enemies":"DF_ARCHETYPE_ORBS","floor":50,"turns":14}],"seed_played":"-2124837144047195019","potions_obtained":[{"floor":2,"key":"Explosive Potion"},{"floor":6,"key":"Block Potion"},{"floor":11,"key":"bronze:BurnAndBuffPotion"},{"floor":14,"key":"LiquidBronze"},{"floor":15,"key":"DistilledChaos"},{"floor":21,"key":"Strength Potion"},{"floor":26,"key":"sneckomod:MuddlingPotion"},{"floor":32,"key":"SpeedPotion"},{"floor":37,"key":"SteroidPotion"},{"floor":39,"key":"SkillPotion"},{"floor":46,"key":"LiquidMemories"}],"is_trial":false,"path_per_floor":["R","M","?","M","M","E","T","M","R","M","M","?","$","M","M","B",null,"R","?","M","M","$","M","T","R","?","R","M","M","M","$","M","B",null,"R","M","M","$","M","M","T","R","?","M","E","M","R","?","M","B",null],"character_chosen":"GUARDIAN","items_purchased":["Guardian:Gem_Green","Kunai","Guardian:Gem_Purple","Guardian:Gem_White","Guardian:BodySlam","Bag of Marbles"],"campfire_rested":1,"item_purchase_floors":[22,31,38,38,38,38],"current_hp_per_floor":[88,85,73,58,53,20,20,14,40,35,29,29,31,32,34,50,88,88,88,74,65,63,60,60,60,61,61,48,47,47,50,31,32,94,94,83,81,84,47,46,46,46,74,61,73,65,65,65,52,12],"gold":427,"neow_bonus":"TEN_PERCENT_HP_BONUS","is_daily":false,"chose_seed":false,"campfire_upgraded":7,"win_rate":0.0,"timestamp":1614349859,"path_taken":["R","M","?","M","M","E","T","M","R","M","M","?","$","M","M","BOSS","R","?","?","M","$","M","T","R","?","R","M","M","M","$","M","BOSS","R","M","M","?","?","M","T","R","?","M","E","M","R","?","M","BOSS"],"items_purchased_type":["Card","Relic","Card","Card","Card","Relic"],"build_version":"2020-12-22","purchased_purges":2,"victory":true,"max_hp_per_floor":[88,88,88,88,88,88,88,88,88,88,88,88,88,88,88,88,88,88,88,88,88,88,88,88,88,88,88,89,90,91,92,93,94,94,94,95,96,97,98,99,99,99,100,101,112,113,113,113,114,115],"card_choices":[{"not_picked":["Guardian:Planning","Guardian:CrystalBeam"],"picked":"Guardian:TimeBomb","floor":2},{"not_picked":["Guardian:Reroute","Guardian:MultiBeam"],"picked":"Guardian:Planning+1","floor":4},{"not_picked":["Guardian:Suspension+1","Guardian:Recover+1"],"picked":"Guardian:PrimingBeam","floor":5},{"not_picked":["Guardian:VentSteam+1","Guardian:MultiBeam"],"picked":"Guardian:Gem_Blue","floor":6},{"not_picked":["Guardian:BodySlam","Guardian:TemporalStrike"],"picked":"Guardian:TemporalShield+1","floor":8},{"not_picked":["Guardian:CrystalBeam","Guardian:Recover+1","Guardian:PrismaticBeam"],"picked":"SKIP","floor":10},{"not_picked":["Guardian:CrystalBeam","Guardian:PrismaticBeam"],"picked":"Guardian:Recover+1","floor":10},{"not_picked":["Guardian:CrystalBeam","Guardian:ArmoredProtocol"],"picked":"Guardian:PiercingHide+1","floor":11},{"not_picked":["Guardian:Reroute","Guardian:TemporalShield+1"],"picked":"Guardian:Gem_Yellow","floor":13},{"not_picked":["Guardian:PolyBeam","Guardian:ShieldCharger+1"],"picked":"Guardian:BronzeArmor+1","floor":14},{"not_picked":["Guardian:Suspension+1","Guardian:PrismaticBarrier+1"],"picked":"Guardian:Reroute","floor":15},{"not_picked":["Guardian:BaubleBeam","Guardian:FastForward+1"],"picked":"Guardian:Gem_Synthetic","floor":16},{"not_picked":["Guardian:TemporalShield+1","Guardian:Clone+1"],"picked":"Guardian:Gem_Yellow","floor":20},{"not_picked":["Guardian:PiercingHide+1","Guardian:ChargeCore"],"picked":"Guardian:TimeCapacitor","floor":21},{"not_picked":["Guardian:TemporalShield+1","Guardian:Preprogram+1","Guardian:ArmoredProtocol"],"picked":"SKIP","floor":22},{"not_picked":["Guardian:VentSteam+1","Guardian:MultiBeam"],"picked":"Guardian:Incinerate","floor":23},{"not_picked":["Guardian:Suspension+1","Guardian:FloatingOrbs"],"picked":"Guardian:RollAttack","floor":28},{"not_picked":["Guardian:RollAttack+1","Guardian:PolyBeam"],"picked":"Guardian:SentryBeam+1","floor":29},{"not_picked":["Guardian:SentryBeam","Guardian:Planning+1"],"picked":"Guardian:DonusPower+1","floor":30},{"not_picked":["Guardian:WalkerClaw","Guardian:BronzeArmor+1"],"picked":"Guardian:Gem_Red","floor":31},{"not_picked":["Guardian:Incinerate+1","Guardian:ChargeCore"],"picked":"Guardian:ConstructionForm","floor":32},{"not_picked":["Guardian:SphericShield+1","Guardian:AncientConstruct"],"picked":"Guardian:StasisStrike","floor":33},{"not_picked":["Guardian:Suspension+1","Guardian:VentSteam+1","Guardian:Recover+1"],"picked":"SKIP","floor":36},{"not_picked":["Guardian:Repulse","Guardian:RefractedBeam+1"],"picked":"Guardian:Gem_Lightblue","floor":37},{"not_picked":["Guardian:TimeCapacitor","Guardian:ArmoredProtocol+1"],"picked":"Guardian:Gem_Lightblue","floor":38},{"not_picked":["Guardian:Gem_Lightblue","Guardian:BronzeArmor+1"],"picked":"Guardian:TemporalStrike","floor":39},{"not_picked":["Guardian:Planning+1","Guardian:VentSteam+1"],"picked":"Guardian:Gem_Cyan","floor":40},{"not_picked":["Guardian:Planning+1","Guardian:TimeSifter"],"picked":"Guardian:FloatingOrbs+1","floor":43},{"not_picked":["Guardian:Suspension+1","Guardian:Gem_Fragmented"],"picked":"Guardian:Recover+1","floor":44},{"not_picked":["Guardian:Gem_Purple","Guardian:Recover+1"],"picked":"Guardian:TimeBomb+1","floor":45},{"not_picked":["Guardian:TemporalShield+1","Guardian:Reroute","Guardian:Gem_Lightblue"],"picked":"SKIP","floor":46},{"not_picked":["Guardian:PrismaticBeam+1","Guardian:CrystalBeam"],"picked":"Guardian:ShieldSpikes+1","floor":49}],"player_experience":129011,"relics_obtained":[{"floor":6,"key":"Blood Vial"},{"floor":7,"key":"Pantograph"},{"floor":24,"key":"Happy Flower"},{"floor":26,"key":"downfall:CloakOfManyFaces"},{"floor":43,"key":"FossilizedHelix"},{"floor":45,"key":"Pear"},{"floor":48,"key":"StrikeDummy"}],"event_choices":[{"damage_healed":0,"gold_gain":0,"player_choice":"Success","damage_taken":12,"relics_obtained":["Toxic Egg 2"],"max_hp_gain":0,"max_hp_loss":0,"event_name":"Scrap Ooze","floor":3,"gold_loss":0}],"is_beta":false,"boss_relics":[{"not_picked":["Pandora\u0027s Box","Velvet Choker"],"picked":"SacredBark"},{"not_picked":["Sozu","SlaversCollar"],"picked":"Cursed Key"}],"items_purged_floors":[13,38],"is_endless":false,"potions_floor_spawned":[2,6,11,14,15,21,23,26,32,33,37,39,43,46],"ascension_level":0}}