{"host":"szp1d6dso4pv7ddl","time":1614308007,"event":{"mods":["AchievementEnabler","Alarm Clock","BaseMod","Bestiary","Block Reminder","Colored Map","Colored Powertips","Curses Come First","Dark Map","Displayed Cursed Tome","Highlight Path","Minty Spire (QoL Compilation)","Permanent Neow","Quick Restart","Relic Sorter","Relic Stats","StSLib","Synergy Search"],"gold_per_floor":[18,18,18,18,37,80,80,80,149,149,162,162,162,162],"floor_reached":13,"language":"ENG","playtime":444,"items_purged":[],"score":162,"play_id":"125c91de-02cf-4607-bef6-47d2ec78ffe4","local_time":"20210225185327","is_ascension_mode":true,"campfire_choices":[{"floor":8,"key":"REST"},{"floor":10,"key":"REST"},{"data":"All Out Attack","floor":12,"key":"SMITH"}],"circlet_count":0,"master_deck":["AscendersBane","Strike_G","Strike_G","Strike_G","Defend_G","Defend_G","Defend_G","Defend_G","Survivor","Neutralize","All Out Attack+1","Endless Agony","Backflip","Escape Plan","Choke"],"relics":["Ring of the Snake","Golden Idol","Pen Nib","Blue Candle"],"acts_visited":["Exordium"],"potions_floor_usage":[6,6],"damage_taken":[{"damage":1,"enemies":"2 Louse","floor":1,"turns":2},{"damage":0,"enemies":"Small Slimes","floor":5,"turns":3},{"damage":51,"enemies":"Gremlin Nob","floor":6,"turns":5},{"damage":0,"enemies":"Cultist","floor":11,"turns":4},{"damage":49,"enemies":"Lagavulin","floor":13,"turns":7}],"seed_played":"-2994639028261785351","potions_obtained":[{"floor":1,"key":"Swift Potion"},{"floor":5,"key":"DistilledChaos"}],"is_trial":false,"path_per_floor":["M","$","?","?","M","E","?","R","T","R","M","R","E"],"character_chosen":"THE_SILENT","items_purchased":[],"campfire_rested":2,"item_purchase_floors":[],"current_hp_per_floor":[58,58,58,58,58,7,7,25,25,43,43,43,0,0],"gold":162,"neow_bonus":"TRANSFORM_TWO_CARDS","is_daily":false,"chose_seed":false,"campfire_upgraded":1,"win_rate":0.0,"timestamp":1614308007,"path_taken":["M","$","?","?","?","E","?","R","T","R","M","R","E"],"items_purchased_type":[],"build_version":"2020-12-22","purchased_purges":0,"victory":false,"max_hp_per_floor":[66,66,60,60,60,60,60,60,60,60,60,60,60,60],"relic_stats":{"counters":[5,21],"Golden Idol":16,"Blue Candle":[0],"Pen Nib":[2],"obtain_stats":[{"Golden Idol":3,"Blue Candle":9,"Pen Nib":6,"Ring of the Snake":0},{"Golden Idol":1,"Blue Candle":3,"Pen Nib":3,"Ring of the Snake":0},{"Golden Idol":2,"Blue Candle":10,"Pen Nib":10,"Ring of the Snake":0}],"Ring of the Snake":[11]},"card_choices":[{"not_picked":["Masterful Stab","Tactician"],"picked":"Backflip","floor":1},{"not_picked":["Masterful Stab","Flying Knee"],"picked":"Escape Plan","floor":5},{"not_picked":["Slice","Expertise"],"picked":"Choke","floor":6},{"not_picked":["Outmaneuver","Bane","Riddle With Holes"],"picked":"SKIP","floor":11}],"player_experience":1664296,"relics_obtained":[{"floor":6,"key":"Pen Nib"},{"floor":9,"key":"Blue Candle"}],"event_choices":[{"damage_healed":0,"gold_gain":0,"player_choice":"Lose Max HP","damage_taken":0,"relics_obtained":["Golden Idol"],"max_hp_gain":0,"max_hp_loss":6,"event_name":"Golden Idol","floor":3,"gold_loss":0},{"cards_removed":["Defend_G"],"damage_healed":0,"gold_gain":0,"player_choice":"Card Removal","damage_taken":0,"max_hp_gain":0,"max_hp_loss":0,"event_name":"Wheel of Change","floor":4,"gold_loss":0},{"damage_healed":0,"gold_gain":0,"player_choice":"Ignored","damage_taken":0,"max_hp_gain":0,"max_hp_loss":0,"event_name":"Liars Game","floor":7,"gold_loss":0}],"is_beta":false,"boss_relics":[],"items_purged_floors":[],"is_endless":false,"potions_floor_spawned":[1,5],"killed_by":"Lagavulin","ascension_level":20}}