{"host":"ml2ro5l6hu6y0pll","time":1614369350,"event":{"mods":["AchievementEnabler","BaseMod","Colored Map","Colored Powertips","Custom Start","Googly Eyes","Minty Spire (QoL Compilation)","Quick Restart","Rare Cards Sparkle","Relic Stats","StSLib","everything is the same but u backflip on backflip"],"gold_per_floor":[118,133,133,133,143,169,169,184,184,184,184],"floor_reached":10,"language":"ENG","playtime":310,"items_purged":[],"score":116,"play_id":"abc57ef0-422b-460a-b067-18b5b6066a1b","local_time":"20210226195550","is_ascension_mode":true,"campfire_choices":[{"data":"Sunder","floor":7,"key":"SMITH"}],"circlet_count":0,"master_deck":["AscendersBane","Strike_B","Strike_B","Strike_B","Defend_B","Defend_B","Defend_B","Defend_B","Zap","Dualcast","Ball Lightning","Reinforced Body","Sunder+1","Defragment","Static Discharge","White Noise"],"relics":["Black Star","Ancient Tea Set","Meat on the Bone","Potion Belt","Nunchaku"],"acts_visited":["Exordium"],"potions_floor_usage":[6],"damage_taken":[{"damage":4,"enemies":"Small Slimes","floor":1,"turns":5},{"damage":11,"enemies":"2 Louse","floor":2,"turns":2},{"damage":8,"enemies":"Jaw Worm","floor":5,"turns":4},{"damage":14,"enemies":"Lagavulin","floor":6,"turns":8},{"damage":0,"enemies":"2 Fungi Beasts","floor":8,"turns":2},{"damage":36,"enemies":"Gremlin Nob","floor":10,"turns":4}],"seed_played":"1345327452545098884","potions_obtained":[{"floor":2,"key":"AttackPotion"},{"floor":6,"key":"Strength Potion"},{"floor":8,"key":"Strength Potion"}],"is_trial":false,"path_per_floor":["M","M","?","?","M","E","R","M","T","E"],"character_chosen":"DEFECT","items_purchased":[],"campfire_rested":0,"item_purchase_floors":[],"current_hp_per_floor":[60,49,49,46,38,24,24,36,36,0,0],"gold":184,"neow_bonus":"BOSS_RELIC","is_daily":false,"chose_seed":false,"campfire_upgraded":1,"win_rate":0.0,"timestamp":1614369350,"path_taken":["M","M","?","?","M","E","R","M","T","E"],"items_purchased_type":[],"build_version":"2020-12-22","purchased_purges":0,"victory":false,"max_hp_per_floor":[71,71,71,71,71,71,71,71,71,71,71],"relic_stats":{"Nunchaku":[0],"counters":[6,25],"Black Star":1,"obtain_stats":[{"Potion Belt":6,"Nunchaku":9,"Black Star":0,"Cracked Core":0,"Ancient Tea Set":4,"Meat on the Bone":6},{"Potion Belt":4,"Nunchaku":5,"Black Star":0,"Cracked Core":0,"Ancient Tea Set":2,"Meat on the Bone":4},{"Potion Belt":19,"Nunchaku":21,"Black Star":0,"Cracked Core":0,"Ancient Tea Set":7,"Meat on the Bone":19}],"Meat on the Bone":12},"card_choices":[{"not_picked":["Steam","Stack"],"picked":"Ball Lightning","floor":1},{"not_picked":["Streamline","Chill"],"picked":"Reinforced Body","floor":2},{"not_picked":["Coolheaded","Genetic Algorithm"],"picked":"Defragment","floor":5},{"not_picked":["Hello World","Scrape"],"picked":"Static Discharge","floor":6},{"not_picked":["Barrage","Hologram"],"picked":"White Noise","floor":8}],"player_experience":950373,"relics_obtained":[{"floor":6,"key":"Meat on the Bone"},{"floor":6,"key":"Potion Belt"},{"floor":9,"key":"Nunchaku"}],"event_choices":[{"damage_healed":0,"gold_gain":0,"cards_transformed":["Strike_B"],"player_choice":"Change","damage_taken":0,"max_hp_gain":0,"max_hp_loss":0,"event_name":"Living Wall","floor":3,"gold_loss":0,"cards_obtained":["Sunder"]},{"damage_healed":0,"gold_gain":0,"player_choice":"Success","damage_taken":3,"relics_obtained":["Ancient Tea Set"],"max_hp_gain":0,"max_hp_loss":0,"event_name":"Scrap Ooze","floor":4,"gold_loss":0}],"is_beta":false,"boss_relics":[],"items_purged_floors":[],"is_endless":false,"potions_floor_spawned":[2,6,8],"killed_by":"Gremlin Nob","ascension_level":14}}