{"host":"nnevpry6tnmpwasb","time":1614364051,"event":{"mods":["2.2 Compatiblity","AchievementEnabler","Act Like it!","BaseMod","Beaked The Cultist","Colored Map","Hermit","Highlight Path","Infinite Spire","Minty Spire (QoL Compilation)","Ruina","StSLib","The Necromancer"],"gold_per_floor":[114,114,114,125,300,330,330,345,424,424,450,73,84,104,104,209,209,219,219,239,254,254,254,254,254,254,265,276,286,316,340,340,444,444,463,473,473,821,839,870,887,921,921,921,627,639,654,678,678,774,774,774,780,845,845,350,354,354,354,354,62,62,62,68,66,66,107,107,93,93,93,74,126,125,75,59,59,39,39,119,94,75,75,99,99,96,76,72,72,39,39,64,64,64,56,22,16,18,17,17,103,103,111,118,218,215,262,274,274,120,120,120,114,79,96,119,119,207,207,216,207,207,219,240,227,239,256,344,372,374,386,398,418,430,470,532,548,548],"floor_reached":137,"language":"ENG","playtime":17587,"items_purged":["Doubt","Writhe","Doubt","Clumsy","infinitespire:Pacifist","Pain"],"score":2562,"play_id":"46c0f028-4bb3-4695-9a7e-45c2224c6210","local_time":"20210226132730","is_ascension_mode":false,"campfire_choices":[{"data":"beaked:Ceremony","floor":7,"key":"SMITH"},{"data":"beaked:Ceremony","floor":10,"key":"SMITH"},{"floor":15,"key":"REST"},{"floor":23,"key":"REST"},{"floor":32,"key":"REST"},{"data":"beaked:AwakenedForm","floor":49,"key":"SMITH"},{"data":"beaked:WarriorEssence","floor":58,"key":"SMITH"},{"data":"ruina:Mimicry","floor":62,"key":"SMITH"},{"data":"infinitespire:Collect","floor":66,"key":"SMITH"},{"data":"beaked:Evade","floor":83,"key":"SMITH"},{"data":"beaked:MachineEssence","floor":93,"key":"SMITH"},{"data":"beaked:Evade","floor":100,"key":"SMITH"},{"data":"beaked:AwakenedForm","floor":109,"key":"SMITH"},{"data":"Writhe","floor":117,"key":"PURGE"},{"data":"beaked:Evade","floor":134,"key":"SMITH"}],"circlet_count":0,"master_deck":["beaked:Strike_Y","beaked:Strike_Y+1","beaked:Strike_Y+1","beaked:Strike_Y","beaked:Strike_Y","beaked:Defend_Y","beaked:Defend_Y","beaked:Defend_Y","beaked:Defend_Y","beaked:Ceremony+1","beaked:Ceremony+1","beaked:Ceremony+1","beaked:Evade","beaked:Roost","beaked:WarriorEssence","beaked:Poke","beaked:FeelMyPain","beaked:HuntressSpirit","beaked:WarriorSpirit","beaked:MimicWarrior","beaked:Evade+1","beaked:Foresight","beaked:AwakenedForm+1","beaked:Tweet","ruina:Mimicry+1","beaked:BraceForImpact+1","beaked:Evade+1","beaked:Evade+1","beaked:TuckingFeathers+1","beaked:ScreechingChant","beaked:CrazyRituals+1","beaked:Evade+1","beaked:MachineSpirit","beaked:MachineSpirit+1","beaked:HuntressSpirit","beaked:WarriorEssence+1","beaked:MimicHuntress","Jack Of All Trades","beaked:BraceForImpact","beaked:Brace+1","beaked:ScreechingChant","beaked:Roost","beaked:MimicWarrior","infinitespire:Collect+1","beaked:MimicMachine","beaked:Roost+1","beaked:TuckingFeathers+1","beaked:WildInstinct+1","beaked:MachineSpirit","ruina:CobaltScar","ruina:Harvest","infinitespire:NeuralNetwork+1","beaked:MachineEssence+1","beaked:WarriorEssence+1","beaked:Tweet+1","beaked:DigDeep+1","Metamorphosis","beaked:StickSmack","beaked:BraceForImpact+1","beaked:Evade+1","beaked:Tweet+1","beaked:TuckingFeathers+1","beaked:Tweet+1","beaked:AwakenedForm+1","beaked:StickSmack","beaked:BraceForImpact+1","beaked:Evade+1","beaked:MimicWarrior+1","Mind Blast","beaked:Flinch+1","beaked:Poke","beaked:TuckingFeathers+1","ruina:GoldRush+1","beaked:Roost+1","ruina:GoldRush+1","beaked:SurvivalInstinct+1","beaked:Hexing","beaked:HuntressEssence+1","ruina:CobaltScar","Clumsy","beaked:FeelMyPain+1","beaked:AwakenedForm"],"relics":["beaked:BlessedCoat","NeowsBlessing","Matryoshka","Ornamental Fan","Happy Flower","InkBottle","Tiny Chest","Bronze Scales","Orrery","Bottled Flame","StoneCalendar","Strawberry","ruina:Goodbye","infinitespire:EmpoweringShard","Lizard Tail","Blood Vial","Membership Card","Old Coin","infinitespire:ShieldingShard","Ginger","Gambling Chip","Membership Card","infinitespire:Satchel","TungstenRod","beaked:ThroatLozenge","infinitespire:Bottled Soul","Gremlin Horn","Ice Cream","Nunchaku","Sling","Incense Burner","Lantern","Philosopher\u0027s Stone","Dream Catcher","Boot","Pantograph","infinitespire:PuzzleCube","ruina:PrescriptsGrace","Mercury Hourglass","Frozen Eye","Pear","Bottled Tornado","SlaversCollar","infinitespire:Beetle Shell","Toxic Egg 2","Cursed Key","Whetstone","Regal Pillow","Vajra","Omamori","infinitespire:Joker Card","Peace Pipe","Ancient Tea Set","beaked:SacredDeck","MawBank","HornCleat","Omamori","infinitespire:Midas Blood","beaked:ShinyBauble","MealTicket","Tiny House"],"acts_visited":["Exordium","Exordium","TheBeyond","Exordium","Exordium","TheBeyond","Exordium","Exordium","TheBeyond"],"potions_floor_usage":[16,28,33,33,39,50,50,53,53,53,57,63,69,78,78,78,78,90,118,129,129,135],"damage_taken":[{"damage":0,"enemies":"Cultist","floor":1,"turns":1},{"damage":0,"enemies":"Small Slimes","floor":4,"turns":2},{"damage":0,"enemies":"3 Sentries","floor":6,"turns":2},{"damage":6,"enemies":"Jaw Worm","floor":8,"turns":6},{"damage":37,"enemies":"Gremlin Nob","floor":11,"turns":6},{"damage":12,"enemies":"Blue Slaver","floor":13,"turns":4},{"damage":27,"enemies":"Looter","floor":14,"turns":3},{"damage":27,"enemies":"Hexaghost","floor":16,"turns":9},{"damage":61,"enemies":"ruina:3_Bats","floor":18,"turns":6},{"damage":39,"enemies":"ruina:Nosferatu","floor":20,"turns":6},{"damage":55,"enemies":"ruina:QueenOfHate","floor":21,"turns":4},{"damage":29,"enemies":"ruina:3_Scarecrows","floor":27,"turns":7},{"damage":24,"enemies":"ruina:Woodsman","floor":28,"turns":4},{"damage":89,"enemies":"ruina:KnightOfDespair","floor":29,"turns":7},{"damage":73,"enemies":"ruina:RoadHome","floor":30,"turns":6},{"damage":107,"enemies":"ruina:Red_and_Wolf","floor":33,"turns":10},{"damage":38,"enemies":"Orb Walker","floor":35,"turns":5},{"damage":41,"enemies":"3 Darklings","floor":36,"turns":7},{"damage":78,"enemies":"2 Orb Walkers","floor":38,"turns":6},{"damage":29,"enemies":"Writhing Mass","floor":39,"turns":5},{"damage":111,"enemies":"Nemesis","floor":40,"turns":7},{"damage":23,"enemies":"4 Shapes","floor":41,"turns":7},{"damage":145,"enemies":"Nightmare","floor":42,"turns":9},{"damage":20,"enemies":"Jaw Worm Horde","floor":46,"turns":5},{"damage":1,"enemies":"Writhing Mass","floor":47,"turns":4},{"damage":76,"enemies":"Donu and Deca","floor":50,"turns":7},{"damage":27,"enemies":"Jaw Worm","floor":52,"turns":4},{"damage":0,"enemies":"Cultist","floor":53,"turns":3},{"damage":17,"enemies":"Lagavulin","floor":57,"turns":5},{"damage":72,"enemies":"3 Sentries","floor":63,"turns":6},{"damage":14,"enemies":"infinitespire:Voidling","floor":64,"turns":2},{"damage":0,"enemies":"Large Slime","floor":65,"turns":5},{"damage":52,"enemies":"The Guardian","floor":67,"turns":7},{"damage":56,"enemies":"ruina:Nosferatu","floor":69,"turns":5},{"damage":58,"enemies":"ruina:BadWolf","floor":72,"turns":4},{"damage":1,"enemies":"ruina:RoadHome","floor":74,"turns":5},{"damage":0,"enemies":"ruina:ServantOfWrath","floor":76,"turns":4},{"damage":3,"enemies":"ruina:3_Scarecrows","floor":78,"turns":3},{"damage":51,"enemies":"ruina:Nos_and_Bat","floor":81,"turns":5},{"damage":82,"enemies":"ruina:Ozma","floor":84,"turns":7},{"damage":0,"enemies":"3 Shapes","floor":86,"turns":2},{"damage":45,"enemies":"3 Darklings","floor":87,"turns":3},{"damage":0,"enemies":"Maw","floor":88,"turns":3},{"damage":74,"enemies":"Writhing Mass","floor":90,"turns":3},{"damage":0,"enemies":"3 Darklings","floor":95,"turns":2},{"damage":10,"enemies":"Sphere and 2 Shapes","floor":96,"turns":6},{"damage":28,"enemies":"Spire Growth","floor":97,"turns":4},{"damage":11,"enemies":"Writhing Mass","floor":98,"turns":2},{"damage":17,"enemies":"3 Darklings","floor":99,"turns":3},{"damage":60,"enemies":"Donu and Deca","floor":101,"turns":4},{"damage":0,"enemies":"2 Louse","floor":103,"turns":1},{"damage":0,"enemies":"Cultist","floor":104,"turns":1},{"damage":0,"enemies":"Small Slimes","floor":106,"turns":2},{"damage":0,"enemies":"Looter","floor":108,"turns":1},{"damage":33,"enemies":"Exordium Thugs","floor":113,"turns":3},{"damage":0,"enemies":"Large Slime","floor":115,"turns":1},{"damage":0,"enemies":"Gremlin Nob","floor":116,"turns":1},{"damage":0,"enemies":"Hexaghost","floor":118,"turns":2},{"damage":0,"enemies":"ruina:2_Scarecrows","floor":120,"turns":1},{"damage":8,"enemies":"ruina:3_Bats","floor":121,"turns":3},{"damage":0,"enemies":"ruina:KingOfGreed","floor":124,"turns":1},{"damage":62,"enemies":"ruina:KnightOfDespair","floor":125,"turns":5},{"damage":42,"enemies":"ruina:RoadHome","floor":127,"turns":3},{"damage":0,"enemies":"ruina:ServantOfWrath","floor":129,"turns":1},{"damage":0,"enemies":"ruina:Nos_and_Bat","floor":130,"turns":3},{"damage":0,"enemies":"ruina:Woodsman","floor":133,"turns":1},{"damage":136,"enemies":"ruina:JesterOfNihil","floor":135,"turns":7},{"damage":1975,"enemies":"3 Shapes","floor":137,"turns":1}],"seed_played":"-3582644996502779560","potions_obtained":[{"floor":6,"key":"CultistPotion"},{"floor":8,"key":"Regen Potion"},{"floor":13,"key":"beaked:MendingBrew"},{"floor":21,"key":"Ancient Potion"},{"floor":28,"key":"Fruit Juice"},{"floor":29,"key":"Ancient Potion"},{"floor":33,"key":"DistilledChaos"},{"floor":38,"key":"Block Potion"},{"floor":40,"key":"FairyPotion"},{"floor":42,"key":"Ancient Potion"},{"floor":50,"key":"EntropicBrew"},{"floor":52,"key":"Block Potion"},{"floor":64,"key":"FearPotion"},{"floor":65,"key":"DistilledChaos"},{"floor":72,"key":"FearPotion"},{"floor":75,"key":"EntropicBrew"},{"floor":84,"key":"BlessingOfTheForge"},{"floor":90,"key":"Weak Potion"},{"floor":96,"key":"infinitespire:BlackPotion"},{"floor":108,"key":"Fire Potion"},{"floor":112,"key":"FairyPotion"},{"floor":118,"key":"LiquidBronze"},{"floor":125,"key":"LiquidMemories"},{"floor":129,"key":"SteroidPotion"},{"floor":133,"key":"Explosive Potion"},{"floor":136,"key":"EssenceOfSteel"}],"is_trial":false,"path_per_floor":["M","?","T","M","?","E","R","M","T","R","E","$","M","M","R","B",null,"M","?","M","M","T","R","?","?","T","M","M","M","E","T","R","B",null,"M","M","AVR","?","M","E","M","NM","T","?","$","M","M","T","R","B",null,"M","M","?","?","?","E","R","T","T","$","R","E","M","M","R","B",null,"M","?","?","M","T","E","?","E","T","M","?","T","M","$","R","B",null,"M","M","M","?","M","?","T","R","T","M","M","M","M","M","R","B",null,"M","M","?","M","T","M","R","$","T","?","M","$","M","E","R","B",null,"M","M","AVR","T","M","M","?","E","T","E","M","?","T","M","R","B",null,"M"],"character_chosen":"BEAKED_THE_CULTIST","items_purchased":["Bronze Scales","Orrery","Membership Card","infinitespire:Satchel","TungstenRod","beaked:WarriorEssence","beaked:MimicHuntress","Jack Of All Trades","Nunchaku","Sling","Incense Burner","ruina:CobaltScar","Frozen Eye","Pear","Bottled Tornado","ruina:Harvest","Regal Pillow","infinitespire:Joker Card","Peace Pipe","Mind Blast"],"campfire_rested":3,"item_purchase_floors":[12,12,45,45,45,45,45,45,61,61,61,82,82,82,82,82,110,114,114,114],"current_hp_per_floor":[50,50,50,50,50,50,50,50,50,50,30,30,40,26,41,50,50,11,11,16,12,12,27,34,34,34,57,60,32,27,27,45,20,62,45,62,62,24,56,18,60,38,38,54,54,62,62,62,62,62,62,49,62,62,51,51,62,62,62,62,62,62,26,53,62,62,60,62,31,39,39,50,50,70,67,72,72,72,72,72,72,82,82,79,82,82,72,82,82,50,71,71,71,71,82,82,82,82,82,82,80,82,82,82,82,82,82,82,82,82,82,82,58,58,62,82,82,82,82,82,82,82,82,82,82,59,47,47,82,82,76,76,76,76,76,81,0,0],"gold":548,"neow_bonus":"THREE_ENEMY_KILL","is_daily":false,"chose_seed":false,"campfire_upgraded":11,"win_rate":0.0,"timestamp":1614364050,"path_taken":["M","?","?","M","?","E","R","M","T","R","E","?","M","?","R","BOSS","M","?","M","M","?","R","?","?","T","M","M","?","E","?","R","BOSS","M","M","AVR","?","M","E","M","NM","T","?","$","?","M","?","R","BOSS","M","M","?","?","?","E","R","?","T","$","R","E","?","M","R","BOSS","M","?","?","M","?","E","?","E","T","?","?","?","M","?","R","BOSS","M","M","M","?","M","?","?","R","T","M","M","?","?","M","R","BOSS","M","M","?","M","?","M","R","$","T","?","?","?","M","E","R","BOSS","M","M","AVR","?","?","M","?","E","T","E","M","?","?","M","R","BOSS","M"],"items_purchased_type":["Relic","Relic","Relic","Relic","Relic","Card","Card","Card","Relic","Relic","Relic","Card","Relic","Relic","Relic","Card","Relic","Relic","Relic","Card"],"build_version":"2020-12-22","purchased_purges":6,"victory":false,"max_hp_per_floor":[50,50,50,50,50,50,50,50,50,50,50,50,50,50,50,50,50,50,50,50,50,50,50,57,57,57,57,62,62,62,62,62,62,62,62,62,62,62,62,62,62,62,62,62,62,62,62,62,62,62,62,62,62,62,62,62,62,62,62,62,62,62,62,62,62,62,62,62,62,70,70,70,70,70,72,72,72,72,72,72,72,82,82,82,82,82,82,82,82,82,82,82,82,82,82,82,82,82,82,82,82,82,82,82,82,82,82,82,82,82,82,82,82,82,82,82,82,82,82,82,82,82,82,82,82,82,82,82,82,82,76,76,76,76,76,81,81,81],"card_choices":[{"not_picked":["beaked:Cower","beaked:DigDeeper"],"picked":"beaked:Evade","floor":1},{"not_picked":["beaked:Cower","beaked:Daydream"],"picked":"beaked:Roost","floor":4},{"not_picked":["beaked:Redirect","beaked:Hexing"],"picked":"beaked:WarriorEssence","floor":6},{"not_picked":["beaked:Pecker","beaked:WarriorEssence"],"picked":"beaked:Poke","floor":8},{"not_picked":["beaked:SacrificialAttack","beaked:Flinch","beaked:Insight"],"picked":"SKIP","floor":11},{"not_picked":["beaked:Mantra","beaked:CursingBlood"],"picked":"beaked:FeelMyPain","floor":12},{"not_picked":["beaked:TuckingFeathers","beaked:Brace"],"picked":"beaked:HuntressSpirit","floor":12},{"not_picked":["beaked:SurvivalInstinct","beaked:DigDeep"],"picked":"beaked:WarriorSpirit","floor":12},{"not_picked":["beaked:Cower","beaked:BraceForImpact"],"picked":"beaked:MimicWarrior","floor":12},{"not_picked":["beaked:Insight","beaked:Redirect"],"picked":"beaked:Evade","floor":12},{"not_picked":["beaked:Brainwash","beaked:MaddeningMurmurs"],"picked":"beaked:Foresight","floor":13},{"not_picked":["beaked:Insight","beaked:StunningBlow","beaked:Pecker"],"picked":"SKIP","floor":14},{"not_picked":["beaked:LiftOff","beaked:CheekyTricks"],"picked":"beaked:AwakenedForm","floor":16},{"not_picked":["beaked:FeelMyPain+1","beaked:Cower"],"picked":"beaked:Tweet","floor":18},{"not_picked":["beaked:RitualOfBody","beaked:Molting"],"picked":"beaked:BraceForImpact","floor":20},{"not_picked":["beaked:SacrificialAttack","beaked:Redirect"],"picked":"beaked:Evade","floor":21},{"not_picked":["beaked:Daydream+1","beaked:Redirect"],"picked":"beaked:Evade","floor":27},{"not_picked":["beaked:Pecker","beaked:BounceBack"],"picked":"beaked:TuckingFeathers+1","floor":28},{"not_picked":["beaked:Daydream+1","beaked:MimicMachine","beaked:BloodRitual+1"],"picked":"SKIP","floor":29},{"not_picked":["beaked:FullHouse","beaked:RitualOfBody","beaked:Daydream"],"picked":"SKIP","floor":30},{"not_picked":["beaked:Caw","beaked:SacrificialScars"],"picked":"beaked:ScreechingChant","floor":33},{"not_picked":["beaked:WindBringer","beaked:MimicMachine"],"picked":"beaked:CrazyRituals+1","floor":35},{"not_picked":["beaked:Poke","beaked:Resilience"],"picked":"beaked:Evade+1","floor":36},{"not_picked":["beaked:CursingBlood","beaked:Poke"],"picked":"beaked:MachineSpirit","floor":39},{"not_picked":["beaked:BarbedWire+1","beaked:Cower+1","beaked:BloodForTheGods+1"],"picked":"SKIP","floor":40},{"not_picked":["beaked:Windmill","beaked:Replenish+1"],"picked":"beaked:MachineSpirit+1","floor":41},{"not_picked":["beaked:SacrificialScars","beaked:Redirect"],"picked":"beaked:HuntressSpirit","floor":42},{"not_picked":["beaked:WarriorEssence+1","beaked:BloodRitual"],"picked":"beaked:BraceForImpact","floor":46},{"not_picked":["beaked:MimicMachine+1","beaked:Evade+1"],"picked":"beaked:Brace+1","floor":47},{"not_picked":["beaked:DarkTribute","beaked:ShadowFade"],"picked":"beaked:ScreechingChant","floor":50},{"not_picked":["beaked:HuntressEssence","beaked:Resilience"],"picked":"beaked:Roost","floor":52},{"not_picked":["beaked:RitualOfBody","beaked:Mantra"],"picked":"beaked:MimicWarrior","floor":53},{"not_picked":["infinitespire:Fortify","infinitespire:Starlight"],"picked":"infinitespire:Collect","floor":56},{"not_picked":["beaked:WarriorEssence","beaked:CrazyRituals","beaked:RuinSticks"],"picked":"SKIP","floor":57},{"not_picked":["beaked:TuckingFeathers","beaked:SacrificialScars","beaked:CrazyRituals"],"picked":"SKIP","floor":63},{"not_picked":["beaked:Tweet","beaked:SurvivalInstinct"],"picked":"beaked:MimicMachine","floor":64},{"not_picked":["beaked:RitualOfBody","beaked:Cower","beaked:Flinch"],"picked":"SKIP","floor":65},{"not_picked":["beaked:Insight","beaked:Resilience","beaked:Tradeoff"],"picked":"SKIP","floor":69},{"not_picked":["beaked:Daydream","beaked:Resilience"],"picked":"beaked:Roost+1","floor":72},{"not_picked":["beaked:Flinch+1","beaked:RuinSticks"],"picked":"beaked:TuckingFeathers+1","floor":74},{"not_picked":["beaked:Brace","beaked:Overpower"],"picked":"beaked:WildInstinct","floor":76},{"not_picked":["beaked:HuntressSpirit","beaked:Brace","beaked:Cower"],"picked":"SKIP","floor":78},{"not_picked":["beaked:DesperateSwing","beaked:Windmill+1"],"picked":"beaked:MachineSpirit","floor":81},{"not_picked":["infinitespire:Collect","infinitespire:Fortify"],"picked":"infinitespire:NeuralNetwork","floor":84},{"not_picked":["beaked:ScreechingChant","beaked:DarkPact"],"picked":"beaked:MachineEssence","floor":84},{"not_picked":["beaked:Brace","beaked:CursingBlood"],"picked":"beaked:WarriorEssence+1","floor":86},{"not_picked":["beaked:Redirect","beaked:SurvivalInstinct"],"picked":"beaked:Tweet+1","floor":87},{"not_picked":["beaked:Cower+1","beaked:Devastation+1"],"picked":"beaked:DigDeep+1","floor":88},{"not_picked":["Dark Shackles","Dramatic Entrance"],"picked":"Metamorphosis","floor":89},{"not_picked":["beaked:DigDeeper+1","beaked:Poke"],"picked":"beaked:StickSmack","floor":90},{"not_picked":["beaked:SacrificialDive+1","beaked:BounceBack+1"],"picked":"beaked:BraceForImpact+1","floor":95},{"not_picked":["beaked:Brace+1","beaked:DigDeep+1"],"picked":"beaked:Evade+1","floor":96},{"not_picked":["beaked:Resilience+1","beaked:FeelMyPain+1"],"picked":"beaked:Tweet+1","floor":97},{"not_picked":["beaked:DigDeep+1","beaked:Recite+1"],"picked":"beaked:TuckingFeathers+1","floor":98},{"not_picked":["beaked:HuntressEssence+1","beaked:Insight+1"],"picked":"beaked:Tweet+1","floor":99},{"not_picked":["beaked:KnowThyFoe+1","beaked:VolatileMisfortune"],"picked":"beaked:AwakenedForm","floor":101},{"not_picked":["beaked:Resilience+1","beaked:Redirect+1"],"picked":"beaked:StickSmack","floor":103},{"not_picked":["beaked:DesperateSwing","beaked:Tradeoff+1"],"picked":"beaked:BraceForImpact+1","floor":104},{"not_picked":["beaked:Pecker","beaked:Poke"],"picked":"beaked:Evade+1","floor":106},{"not_picked":["beaked:DigDeep+1","beaked:Redirect+1","beaked:Tradeoff+1"],"picked":"SKIP","floor":108},{"not_picked":["beaked:Windmill","beaked:BloodRitual+1"],"picked":"beaked:MimicWarrior+1","floor":113},{"not_picked":["beaked:Windmill","beaked:Molting+1"],"picked":"beaked:Flinch+1","floor":115},{"not_picked":["beaked:DesperateSwing","beaked:Overpower"],"picked":"beaked:Poke","floor":116},{"not_picked":["beaked:Poke","beaked:DigDeep+1"],"picked":"beaked:TuckingFeathers+1","floor":120},{"not_picked":["beaked:SacrificialScars+1","beaked:Cower+1","beaked:Resilience+1"],"picked":"SKIP","floor":121},{"not_picked":["beaked:CursingBlood+1","beaked:Flinch+1","beaked:BarbedWire+1"],"picked":"SKIP","floor":124},{"not_picked":["beaked:Daydream+1","beaked:DigDeeper+1"],"picked":"beaked:Roost+1","floor":125},{"not_picked":["beaked:LiftOff","beaked:Redirect+1"],"picked":"beaked:SurvivalInstinct+1","floor":127},{"not_picked":["beaked:Flinch+1","beaked:RitualOfBody+1"],"picked":"beaked:Hexing","floor":129},{"not_picked":["beaked:WarriorEssence","beaked:Daydream+1"],"picked":"beaked:HuntressEssence+1","floor":130},{"not_picked":["ruina:HomingInstinct","ruina:Harvest"],"picked":"ruina:CobaltScar","floor":131},{"not_picked":["beaked:StickSmack","beaked:CursingBlood+1"],"picked":"beaked:FeelMyPain+1","floor":133},{"not_picked":["beaked:VolatileMisfortune","beaked:Caw"],"picked":"beaked:AwakenedForm","floor":135}],"player_experience":65374,"relics_obtained":[{"floor":3,"key":"Matryoshka"},{"floor":6,"key":"Ornamental Fan"},{"floor":9,"key":"Happy Flower"},{"floor":9,"key":"InkBottle"},{"floor":11,"key":"Tiny Chest"},{"floor":22,"key":"Bottled Flame"},{"floor":22,"key":"StoneCalendar"},{"floor":26,"key":"infinitespire:EmpoweringShard"},{"floor":30,"key":"Lizard Tail"},{"floor":31,"key":"Blood Vial"},{"floor":38,"key":"Old Coin"},{"floor":40,"key":"infinitespire:ShieldingShard"},{"floor":42,"key":"Ginger"},{"floor":43,"key":"Gambling Chip"},{"floor":48,"key":"beaked:ThroatLozenge"},{"floor":57,"key":"infinitespire:Bottled Soul"},{"floor":59,"key":"Gremlin Horn"},{"floor":60,"key":"Ice Cream"},{"floor":63,"key":"Lantern"},{"floor":73,"key":"Dream Catcher"},{"floor":74,"key":"Boot"},{"floor":76,"key":"Pantograph"},{"floor":77,"key":"infinitespire:PuzzleCube"},{"floor":80,"key":"Mercury Hourglass"},{"floor":92,"key":"infinitespire:Beetle Shell"},{"floor":94,"key":"Toxic Egg 2"},{"floor":107,"key":"Whetstone"},{"floor":111,"key":"Vajra"},{"floor":116,"key":"Ancient Tea Set"},{"floor":123,"key":"HornCleat"},{"floor":127,"key":"Omamori"},{"floor":128,"key":"infinitespire:Midas Blood"},{"floor":129,"key":"beaked:ShinyBauble"},{"floor":132,"key":"MealTicket"}],"event_choices":[{"damage_healed":0,"gold_gain":0,"player_choice":"Grow","damage_taken":0,"max_hp_gain":0,"max_hp_loss":0,"event_name":"Living Wall","floor":2,"gold_loss":0,"cards_upgraded":["beaked:Ceremony"]},{"damage_healed":0,"gold_gain":175,"player_choice":"AGREE","damage_taken":0,"max_hp_gain":0,"max_hp_loss":0,"event_name":"Liars Game","floor":5,"gold_loss":0,"cards_obtained":["Doubt"]},{"damage_healed":0,"gold_gain":0,"player_choice":"Fight","damage_taken":0,"max_hp_gain":0,"max_hp_loss":0,"event_name":"Mysterious Sphere","floor":38,"gold_loss":0},{"damage_healed":16,"gold_gain":0,"player_choice":"Writhe","damage_taken":0,"max_hp_gain":0,"max_hp_loss":0,"event_name":"Winding Halls","floor":44,"gold_loss":0,"cards_obtained":["Writhe"]},{"damage_healed":0,"gold_gain":65,"player_choice":"Gained Gold","damage_taken":0,"max_hp_gain":0,"max_hp_loss":0,"event_name":"Golden Wing","floor":54,"gold_loss":0},{"damage_healed":0,"gold_gain":0,"player_choice":"Entered Light","damage_taken":12,"max_hp_gain":0,"max_hp_loss":0,"event_name":"Shining Light","floor":55,"gold_loss":0,"cards_upgraded":["beaked:Strike_Y","beaked:BraceForImpact"]},{"damage_healed":0,"gold_gain":0,"player_choice":"Memory 1","damage_taken":0,"max_hp_gain":0,"max_hp_loss":0,"event_name":"SensoryStone","floor":89,"gold_loss":0},{"damage_healed":21,"gold_gain":0,"player_choice":"Writhe","damage_taken":0,"max_hp_gain":0,"max_hp_loss":0,"event_name":"Winding Halls","floor":91,"gold_loss":0,"cards_obtained":["Writhe"]},{"damage_healed":0,"gold_gain":100,"player_choice":"Pray","damage_taken":0,"max_hp_gain":0,"max_hp_loss":0,"event_name":"Golden Shrine","floor":105,"gold_loss":0},{"damage_healed":0,"gold_gain":0,"player_choice":"Got Potions","damage_taken":0,"max_hp_gain":0,"max_hp_loss":0,"event_name":"Lab","floor":112,"gold_loss":0}],"is_beta":false,"boss_relics":[{"not_picked":["Empty Cage","Runic Dome","Fusion Hammer"]},{"not_picked":["SacredBark","Snecko Eye"],"picked":"beaked:BlessedCoat"},{"not_picked":["Coffee Dripper","Busted Crown","Velvet Choker"]},{"not_picked":["Coffee Dripper","beaked:SacredDeck"],"picked":"Philosopher\u0027s Stone"},{"not_picked":["Astrolabe","beaked:FlawlessSticks"],"picked":"SlaversCollar"},{"not_picked":["Velvet Choker","beaked:SacrificeDoll"],"picked":"Cursed Key"},{"not_picked":["Empty Cage","Runic Pyramid","Snecko Eye"]},{"not_picked":["beaked:MawFillet","Velvet Choker"],"picked":"Tiny House"}],"items_purged_floors":[12,37,45,82,110,114],"is_endless":true,"potions_floor_spawned":[6,8,13,14,21,28,29,33,38,40,42,46,50,52,64,65,72,84,86,90,96,97,103,108,113,118,121,125,129,133],"killed_by":"3 Shapes","ascension_level":0}}