{"host":"3sqvgza1l4ip9ny1","time":1614356767,"event":{"mods":["BaseMod","Minty Spire (QoL Compilation)"],"gold_per_floor":[110,110,127,206,217,217,57,57,57,57,76,94,119,39,39,140,140,160,179,179,179,199,229,229,229,229],"floor_reached":25,"language":"ENG","playtime":1324,"items_purged":["Strike_R"],"score":254,"play_id":"63898e0e-3757-428a-9d53-7d20584ba42b","local_time":"20210226162607","is_ascension_mode":true,"campfire_choices":[{"data":"Armaments","floor":6,"key":"SMITH"},{"data":"Evolve","floor":8,"key":"SMITH"},{"data":"Flame Barrier","floor":10,"key":"SMITH"},{"data":"Armaments","floor":15,"key":"SMITH"},{"data":"Shockwave","floor":24,"key":"SMITH"}],"circlet_count":0,"master_deck":["Strike_R","Strike_R+1","Strike_R","Strike_R+1","Defend_R","Defend_R","Defend_R","Defend_R","Bash","Decay","Clash","Evolve+1","Armaments+1","Wild Strike","Flame Barrier+1","Wild Strike","Armaments+1","Shockwave+1","Offering","Corruption","Dual Wield","Warcry+1","Pain","Headbutt+1","Wild Strike"],"relics":["Black Blood","TungstenRod","Paper Frog","Vajra","WarpedTongs","Kunai"],"acts_visited":["Exordium","TheCity"],"potions_floor_usage":[13,22,22,23],"damage_taken":[{"damage":2,"enemies":"Cultist","floor":1,"turns":3},{"damage":3,"enemies":"2 Louse","floor":3,"turns":2},{"damage":3,"enemies":"Jaw Worm","floor":5,"turns":3},{"damage":2,"enemies":"3 Louse","floor":11,"turns":3},{"damage":5,"enemies":"Exordium Wildlife","floor":12,"turns":5},{"damage":10,"enemies":"3 Sentries","floor":13,"turns":5},{"damage":30,"enemies":"The Guardian","floor":16,"turns":9},{"damage":18,"enemies":"Shell Parasite","floor":18,"turns":6},{"damage":0,"enemies":"3 Byrds","floor":19,"turns":5},{"damage":21,"enemies":"Shelled Parasite and Fungi","floor":22,"turns":6},{"damage":40,"enemies":"Slavers","floor":23,"turns":7},{"damage":5,"enemies":"Gremlin Leader","floor":25,"turns":2}],"seed_played":"-9041942844888867834","potions_obtained":[{"floor":1,"key":"EssenceOfSteel"},{"floor":11,"key":"PowerPotion"},{"floor":12,"key":"GamblersBrew"},{"floor":16,"key":"Block Potion"},{"floor":18,"key":"Fire Potion"},{"floor":19,"key":"GamblersBrew"},{"floor":23,"key":"Energy Potion"}],"is_trial":false,"path_per_floor":["M","?","M","?","M","R","$","R","T","R","M","M","E","$","R","B",null,"M","M","?","?","M","E","R","E"],"character_chosen":"IRONCLAD","items_purchased":["Wild Strike","Flame Barrier","Offering"],"campfire_rested":0,"item_purchase_floors":[7,7,14],"current_hp_per_floor":[80,65,68,68,71,71,71,71,71,71,75,76,72,72,72,48,80,74,80,80,80,71,43,43,38,38],"gold":229,"neow_bonus":"ONE_RARE_RELIC","is_daily":false,"chose_seed":false,"campfire_upgraded":5,"win_rate":0.0,"timestamp":1614356767,"path_taken":["M","?","M","?","M","R","$","R","T","R","M","M","E","?","R","BOSS","M","M","?","?","?","E","R","E"],"items_purchased_type":["Card","Card","Card"],"build_version":"2020-12-22","purchased_purges":1,"victory":false,"max_hp_per_floor":[80,80,80,80,80,80,80,80,80,80,80,80,80,80,80,80,80,80,80,80,80,80,80,80,80,80],"card_choices":[{"not_picked":["True Grit","Sentinel"],"picked":"Clash","floor":1},{"not_picked":["Pommel Strike","Sentinel"],"picked":"Evolve","floor":3},{"not_picked":["Clothesline","Anger"],"picked":"Armaments","floor":5},{"not_picked":["Pommel Strike","Heavy Blade"],"picked":"Wild Strike","floor":11},{"not_picked":["Battle Trance","Perfected Strike"],"picked":"Armaments","floor":12},{"not_picked":["Headbutt","Warcry"],"picked":"Shockwave","floor":13},{"not_picked":["Feed","Juggernaut"],"picked":"Corruption","floor":16},{"not_picked":["Warcry","Clash+1"],"picked":"Dual Wield","floor":18},{"not_picked":["Pummel+1","Carnage"],"picked":"Warcry+1","floor":19},{"not_picked":["Pommel Strike","Rampage"],"picked":"Headbutt+1","floor":22},{"not_picked":["Ghostly Armor+1","Juggernaut"],"picked":"Wild Strike","floor":23}],"player_experience":228995,"relics_obtained":[{"floor":9,"key":"Paper Frog"},{"floor":13,"key":"Vajra"},{"floor":23,"key":"Kunai"}],"event_choices":[{"damage_healed":0,"gold_gain":0,"player_choice":"Entered Light","damage_taken":16,"max_hp_gain":0,"max_hp_loss":0,"event_name":"Shining Light","floor":2,"gold_loss":0,"cards_upgraded":["Strike_R","Strike_R"]},{"damage_healed":0,"gold_gain":79,"player_choice":"Gained Gold","damage_taken":0,"max_hp_gain":0,"max_hp_loss":0,"event_name":"Golden Wing","floor":4,"gold_loss":0},{"damage_healed":0,"gold_gain":0,"player_choice":"Ignored","damage_taken":0,"max_hp_gain":0,"max_hp_loss":0,"event_name":"Ghosts","floor":20,"gold_loss":0},{"damage_healed":0,"gold_gain":0,"player_choice":"Rummage","damage_taken":0,"relics_obtained":["WarpedTongs"],"max_hp_gain":0,"max_hp_loss":0,"event_name":"Accursed Blacksmith","floor":21,"gold_loss":0,"cards_obtained":["Pain"]}],"is_beta":false,"boss_relics":[{"not_picked":["Runic Pyramid","SacredBark"],"picked":"Black Blood"}],"items_purged_floors":[7],"is_endless":false,"potions_floor_spawned":[1,11,12,16,18,19,23],"killed_by":"Gremlin Leader","ascension_level":3}}