{"host":"u9xtr94typ21duox","time":1614303613,"event":{"mods":["Act Like it!","BaseMod","Downfall","Key Reminder","KinomotoSakuraMod(木之本樱)","LagranYue(拉格朗・月)","Luminous","Marisa（F雨　魔理沙）","Minty Spire (QoL Compilation)","Quick Restart","READ ME - Guardian Mod","Reimu（博丽灵梦）","Remilia（蕾米莉亚）","Replay The Spire","SIMod","SOS（斯巴达之子）","Shop Mod","StSLib","Td1madao Mod","The Administrix","The Bladedancer","The Bug Knight","The Construct","The Cursed","The Gatherer","The Runesmith","The Senshi","The Servant 0.9.4","WarShipGirlsR/战舰少女R mod","Warlord Emblem","Youmu（魂魄妖梦）","[GremlinLeader]The Maniac"],"gold_per_floor":[113,123,93,103,118,118,144,144,144,244,244,258,274,274,274],"floor_reached":14,"language":"ZHS","playtime":395,"items_purged":[],"score":110,"play_id":"d5167d55-8b87-4b55-bf08-845db044e4a2","local_time":"20210226094013","is_ascension_mode":true,"campfire_choices":[{"data":"theSenshi:MoonCrystalPowerMakeUp","floor":6,"key":"SMITH"},{"data":"theSenshi:GlimpseOfThePast","floor":8,"key":"SMITH"},{"floor":11,"key":"REST"}],"circlet_count":0,"master_deck":["theSenshi:SailorKick","theSenshi:SailorKick","theSenshi:SailorKick","theSenshi:SailorKick","theSenshi:SailorBlock","theSenshi:SailorBlock","theSenshi:SailorBlock","theSenshi:SailorBlock","theSenshi:RoseThrow","theSenshi:MoonPrismPowerMakeUp","theSenshi:RainbowMoonHeartAche","theSenshi:MoonCrystalPowerMakeUp+1","theSenshi:GlimpseOfThePast+1","theSenshi:SchoolBag","theSenshi:MoonPrincessHalation"],"relics":["theSenshi:TransformationBroochRelic","LagranYue:RandomDrawCardRelic","NeowsBlessing","The Courier"],"acts_visited":["Exordium"],"potions_floor_usage":[5,5,7,14,14,14],"damage_taken":[{"damage":0,"enemies":"2 Louse","floor":1,"turns":1},{"damage":0,"enemies":"Cultist","floor":2,"turns":1},{"damage":0,"enemies":"Small Slimes","floor":4,"turns":1},{"damage":27,"enemies":"Gremlin Gang","floor":5,"turns":4},{"damage":29,"enemies":"Gremlin Nob","floor":7,"turns":4},{"damage":17,"enemies":"3 Louse","floor":12,"turns":5},{"damage":13,"enemies":"Exordium Thugs","floor":13,"turns":8},{"damage":11,"enemies":"Lagavulin","floor":14,"turns":4}],"seed_played":"3870583508803475763","potions_obtained":[{"floor":1,"key":"BlessingOfTheForge"},{"floor":3,"key":"Strength Potion"},{"floor":3,"key":"AttackPotion"},{"floor":5,"key":"SpeedPotion"},{"floor":7,"key":"Ancient Potion"},{"floor":13,"key":"LiquidMemories"}],"is_trial":false,"path_per_floor":["M","M","?","M","M","R","E","R","T","?","R","M","M","E"],"character_chosen":"THE_SENSHI","items_purchased":[],"campfire_rested":1,"item_purchase_floors":[],"current_hp_per_floor":[75,75,75,75,48,48,19,19,19,19,41,24,11,0,0],"gold":274,"neow_bonus":"THREE_ENEMY_KILL","is_daily":false,"chose_seed":false,"campfire_upgraded":2,"win_rate":0.0,"timestamp":1614303613,"path_taken":["M","M","?","M","?","R","E","R","T","?","R","M","M","E"],"items_purchased_type":[],"build_version":"2020-12-22","purchased_purges":0,"victory":false,"max_hp_per_floor":[75,75,75,75,75,75,75,75,75,75,75,75,75,75,75],"card_choices":[{"not_picked":["theSenshi:SailorChibiMoonAssists","theSenshi:SaturnsMystery","theSenshi:MoonPower"],"picked":"SKIP","floor":1},{"not_picked":["theSenshi:MoonPower","theSenshi:LateForSchool","theSenshi:TallSilhouette"],"picked":"SKIP","floor":2},{"not_picked":["theSenshi:UranusStrength","theSenshi:SupersonicWaves"],"picked":"theSenshi:RainbowMoonHeartAche","floor":4},{"not_picked":["theSenshi:MoonTiaraMagic","theSenshi:MoonPrincessHalation"],"picked":"theSenshi:MoonCrystalPowerMakeUp","floor":5},{"not_picked":["theSenshi:TallSilhouette","theSenshi:SteeledNerves"],"picked":"theSenshi:GlimpseOfThePast","floor":7},{"not_picked":["theSenshi:SaturnsMystery","theSenshi:MoonCrystalPowerMakeUp"],"picked":"theSenshi:SchoolBag","floor":12},{"not_picked":["theSenshi:MoonPower","theSenshi:KlutzyLuck"],"picked":"theSenshi:MoonPrincessHalation","floor":13}],"player_experience":421112,"relics_obtained":[{"floor":9,"key":"The Courier"}],"event_choices":[{"damage_healed":0,"gold_gain":0,"player_choice":"Bought 2 Potions","damage_taken":0,"max_hp_gain":0,"max_hp_loss":0,"event_name":"The Woman in Blue","floor":3,"gold_loss":0},{"damage_healed":0,"gold_gain":100,"player_choice":"Pray","damage_taken":0,"max_hp_gain":0,"max_hp_loss":0,"event_name":"Golden Shrine","floor":10,"gold_loss":0}],"is_beta":false,"boss_relics":[],"items_purged_floors":[],"is_endless":false,"potions_floor_spawned":[1,5,7,13],"killed_by":"Lagavulin","ascension_level":4}}