{"host":"3l94tha3a4jgu0q4","time":1614325496,"event":{"mods":["2.2 Compatiblity","AchievementEnabler","Aspiration","BaseMod","Better Altar","Better Match","Better Note","Better Sensory Stone","Better Skull","Better Third Choice","Colored Map","Colored Powertips","Fox Events","Hermit","Highlight Path","Hubris","Humility","Minty Spire (QoL Compilation)","Monster B Gone","Permanent Neow","Relic Stats","Replay The Spire","StSLib","SuperFastMode","The IronCluck","Wandering Minibosses","slay the spire mod where everything is the same but ironclad has a cowboy hat"],"gold_per_floor":[113,130,130,145,145,145,163,198,198,218,218,212,222,249,249,348,348,361,102,102,102,102,102,114,148,148,161,61,61,67,76,76,168,168,174,203,203,203,207,207,231,231,231,231,247,247,72,872,872,872,872,872,48,73,73],"floor_reached":56,"language":"ENG","playtime":2115,"items_purged":["Strike_P","Strike_P","ForeignInfluence","Blasphemy"],"score":1362,"play_id":"37671a1a-285e-4afb-b135-5df6570a1c7d","local_time":"20210225234456","is_ascension_mode":false,"campfire_choices":[{"data":"Eruption","floor":6.0,"key":"SMITH"},{"data":"Perseverance","floor":11.0,"key":"SMITH"},{"data":"EmptyFist","floor":15.0,"key":"SMITH"},{"floor":23.0,"key":"REST"},{"floor":29.0,"key":"REST"},{"floor":32.0,"key":"REST"},{"floor":40.0,"key":"REST"},{"data":"Devotion","floor":42.0,"key":"SMITH"},{"floor":44.0,"key":"RECALL"},{"floor":46.0,"key":"REST"},{"floor":49,"key":"REST"},{"data":"Fasting2","floor":52,"key":"SMITH"}],"circlet_count":0,"master_deck":["Predator+1","Defend_P+1","Defend_P+1","Defend_P+1","Defend_P+1","Eruption+1","Vigilance","Perseverance+1","Vengeance+1","Adaptation","InnerPeace","EmptyFist+1","ReachHeaven","Replay:Vibes+1","FearNoEvil+1","Devotion+1","ClearTheMind+1","WheelKick+1","Crescendo+1","EmptyBody+1","Halt","ConjureBlade","MentalFortress+1","SandsOfTime+1","Meditate","Wallop+1","Tantrum","Fasting2+1","Dramatic Entrance","Halt","Devotion","CutThroughFate","CarveReality","Replay:ManipulateFuture","Metamorphosis+1","TalkToTheHand"],"relics":["PureWater","aspiration:Nostalgia","Ring of the Snake","hubris:Icosahedron","Blood Vial","Replay:Bottled Eggs","aspiration:FrozenJewel","VioletLotus","Gremlin Food","Regal Pillow","InkBottle","Bottled Tornado","ReplayTheSpireMod:DimensionalGlitch","hubris:Zylophone","Potion Belt","wanderingMiniBosses:MasterThiefsPresence","BargainBundle","Anchor","Replay:Bottled Steam","War Paint"],"acts_visited":["Exordium","TheCity","TheBeyond","TheEnding"],"potions_floor_usage":[48,54,55,55],"damage_taken":[{"damage":0.0,"enemies":"Small Slimes","floor":1.0,"turns":4.0},{"damage":0.0,"enemies":"Jaw Worm","floor":2.0,"turns":1.0},{"damage":0.0,"enemies":"Cultist","floor":4.0,"turns":3.0},{"damage":4.0,"enemies":"Large Slime","floor":7.0,"turns":3.0},{"damage":15.0,"enemies":"Lagavulin","floor":8.0,"turns":4.0},{"damage":0.0,"enemies":"2 Fungi Beasts","floor":10.0,"turns":2.0},{"damage":2.0,"enemies":"Looter","floor":12.0,"turns":5.0},{"damage":2.0,"enemies":"Lots of Slimes","floor":13.0,"turns":4.0},{"damage":47.0,"enemies":"3 Sentries","floor":14.0,"turns":7.0},{"damage":1.0,"enemies":"Hexaghost","floor":16.0,"turns":7.0},{"damage":31.0,"enemies":"Shell Parasite","floor":18.0,"turns":6.0},{"damage":14.0,"enemies":"Spheric Guardian","floor":24.0,"turns":4.0},{"damage":0.0,"enemies":"Replay:Snechameleon","floor":25.0,"turns":2.0},{"damage":3.0,"enemies":"Chosen and Byrds","floor":27.0,"turns":3.0},{"damage":6.0,"enemies":"Cultist and Chosen","floor":30.0,"turns":2.0},{"damage":0.0,"enemies":"Snake Plant","floor":31.0,"turns":3.0},{"damage":31.0,"enemies":"hubris:MusketHawk","floor":33.0,"turns":6.0},{"damage":45.0,"enemies":"3 Shapes","floor":35.0,"turns":6.0},{"damage":1.0,"enemies":"Orb Walker","floor":36.0,"turns":4.0},{"damage":20.0,"enemies":"Transient","floor":39.0,"turns":6.0},{"damage":0.0,"enemies":"Giant Head","floor":41.0,"turns":6.0},{"damage":0.0,"enemies":"R_Hoarder","floor":45.0,"turns":6.0},{"damage":1,"enemies":"Maw","floor":48,"turns":8},{"damage":45,"enemies":"Time Eater","floor":50,"turns":5},{"damage":26,"enemies":"Shield and Spear","floor":54,"turns":4},{"damage":55,"enemies":"The Heart","floor":55,"turns":8}],"seed_played":"-2075231707570977487","potions_obtained":[{"floor":1.0,"key":"ColorlessPotion"},{"floor":4.0,"key":"FearPotion"},{"floor":8.0,"key":"Regen Potion"},{"floor":14.0,"key":"Weak Potion"},{"floor":16.0,"key":"PowerPotion"},{"floor":18.0,"key":"Ambrosia"},{"floor":24.0,"key":"Swift Potion"},{"floor":25.0,"key":"Swift Potion"},{"floor":33.0,"key":"Strength Potion"},{"floor":35.0,"key":"StancePotion"},{"floor":36.0,"key":"AttackPotion"},{"floor":45.0,"key":"DuplicationPotion"}],"is_trial":false,"path_per_floor":["M","M","?","M","?","R","M","E","T","M","R","M","M","E","R","B",null,"M","$","?","?","?","R","M","E","T","M","$","R","M","M","R","B",null,"M","M","?","?","M","R","E","R","T","R","E","R","$","M","R","B",null,"R","$","E","B",null],"character_chosen":"WATCHER","items_purchased":["Gremlin Food","WheelKick","Adrenaline Potion","BargainBundle","Anchor","Explosive Potion","Cursed Concoction","FairyPotion","Dramatic Entrance","Halt","Devotion","CutThroughFate","CarveReality","Replay:ManipulateFuture","Metamorphosis","Replay:Bottled Steam"],"campfire_rested":6,"item_purchase_floors":[19,19,47,53,53,53,53,53,53,53,53,53,53,53,53,53],"current_hp_per_floor":[72,72,72,72,65,65,61,46,46,48,48,48,72,35,35,36,72,41,41,41,41,41,72,58,60,60,59,59,72,66,68,72,41,72,27,27,63,63,43,63,63,63,63,63,63,63,63,62,63,18,63,63,63,37,2],"gold":73,"neow_bonus":"NOSTALGIA","is_daily":false,"chose_seed":false,"campfire_upgraded":5,"win_rate":0.0,"timestamp":1614325496,"path_taken":["M","M","?","M","?","R","M","E","T","M","R","M","M","E","R","BOSS","M","$","?","?","?","R","M","E","T","M","$","R","M","M","R","BOSS","M","M","?","?","?","R","E","R","T","R","E","R","$","?","R","BOSS","R","$","E","BOSS"],"items_purchased_type":["Relic","Card","Potion","Relic","Relic","Potion","Potion","Potion","Card","Card","Card","Card","Card","Card","Card","Relic"],"build_version":"2020-12-22","purchased_purges":4,"victory":true,"max_hp_per_floor":[72,72,72,72,72,72,72,72,72,72,72,72,72,72,72,72,72,72,72,72,72,72,72,72,72,72,72,72,72,72,72,72,72,72,72,72,63,63,63,63,63,63,63,63,63,63,63,63,63,63,63,63,63,63,63],"relic_stats":{"Blood Vial":16,"Regal Pillow":12,"counters":[26,119],"VioletLotus":[48],"War Paint":["Metamorphosis","Vengeance"],"obtain_stats":[{"Gremlin Food":19,"Potion Belt":45,"Regal Pillow":20,"BargainBundle":53,"aspiration:Nostalgia":0,"wanderingMiniBosses:MasterThiefsPresence":48,"Bottled Tornado":26,"War Paint":54,"aspiration:FrozenJewel":14,"Blood Vial":8,"hubris:Zylophone":41,"Anchor":53,"hubris:Icosahedron":3,"VioletLotus":17,"PureWater":0,"Replay:Bottled Eggs":9,"ReplayTheSpireMod:DimensionalGlitch":34,"InkBottle":25,"Ring of the Snake":0,"Replay:Bottled Steam":53},{"Gremlin Food":11,"Potion Belt":22,"Regal Pillow":11,"BargainBundle":24,"aspiration:Nostalgia":0,"wanderingMiniBosses:MasterThiefsPresence":23,"Bottled Tornado":13,"War Paint":25,"aspiration:FrozenJewel":9,"Blood Vial":5,"hubris:Zylophone":21,"Anchor":24,"hubris:Icosahedron":2,"VioletLotus":10,"PureWater":0,"Replay:Bottled Eggs":5,"ReplayTheSpireMod:DimensionalGlitch":17,"InkBottle":13,"Ring of the Snake":0,"Replay:Bottled Steam":24},{"Gremlin Food":46,"Potion Belt":94,"Regal Pillow":46,"BargainBundle":107,"aspiration:Nostalgia":0,"wanderingMiniBosses:MasterThiefsPresence":102,"Bottled Tornado":52,"War Paint":111,"aspiration:FrozenJewel":33,"Blood Vial":15,"hubris:Zylophone":88,"Anchor":107,"hubris:Icosahedron":5,"VioletLotus":40,"PureWater":0,"Replay:Bottled Eggs":15,"ReplayTheSpireMod:DimensionalGlitch":66,"InkBottle":52,"Ring of the Snake":0,"Replay:Bottled Steam":107}],"InkBottle":[30],"Ring of the Snake":[52]},"card_choices":[{"not_picked":["Replay:BluntJabs","WindmillStrike"],"picked":"Perseverance","floor":1.0},{"not_picked":["Worship","PathToVictory"],"picked":"Vengeance","floor":2.0},{"not_picked":["Replay:Hum","ClearTheMind"],"picked":"Adaptation","floor":4.0},{"not_picked":["SashWhip","Consecrate"],"picked":"InnerPeace","floor":7.0},{"not_picked":["LikeWater","CutThroughFate"],"picked":"EmptyFist","floor":8.0},{"not_picked":["Pray","Vengeance"],"picked":"ReachHeaven","floor":10.0},{"not_picked":["CrushJoints","FlyingSleeves"],"picked":"ForeignInfluence","floor":12.0},{"not_picked":["CutThroughFate","Replay:Cycle"],"picked":"Replay:Vibes","floor":13.0},{"not_picked":["BowlingBash","Replay:AtTheReady"],"picked":"FearNoEvil","floor":14.0},{"not_picked":["Omniscience","DevaForm"],"picked":"Devotion","floor":16.0},{"not_picked":["Replay:Vibes","FearNoEvil"],"picked":"ClearTheMind","floor":18.0},{"not_picked":["JustLucky+1","PathToVictory","Replay:Anticipation"],"picked":"SKIP","floor":24.0},{"not_picked":["Consecrate","FlyingSleeves"],"picked":"Crescendo","floor":25.0},{"not_picked":["Consecrate","Replay:ManipulateFuture","Vengeance"],"picked":"SKIP","floor":27.0},{"not_picked":["Replay:BluntJabs","Devotion"],"picked":"EmptyBody+1","floor":30.0},{"not_picked":["WreathOfFlame","FollowUp"],"picked":"Halt","floor":31.0},{"not_picked":["Ragnarok","Scrawl"],"picked":"ConjureBlade","floor":33.0},{"not_picked":["Replay:BluntJabs","Swivel"],"picked":"MentalFortress+1","floor":35.0},{"not_picked":["CutThroughFate","Halt"],"picked":"SandsOfTime+1","floor":36.0},{"not_picked":["WreathOfFlame+1","Evaluate"],"picked":"Meditate","floor":39.0},{"not_picked":["Halt","Wireheading+1"],"picked":"Wallop+1","floor":41.0},{"not_picked":["EmptyFist+1","Replay:LoomingThreat"],"picked":"Tantrum","floor":45.0},{"not_picked":["ThirdEye+1","Replay:ManipulateFuture"],"picked":"Fasting2","floor":48},{"not_picked":["Replay:AtTheReady+1","Replay:BluntJabs"],"picked":"TalkToTheHand","floor":54}],"player_experience":1994900,"relics_obtained":[{"floor":8.0,"key":"Blood Vial"},{"floor":9.0,"key":"Replay:Bottled Eggs"},{"floor":14.0,"key":"aspiration:FrozenJewel"},{"floor":25.0,"key":"InkBottle"},{"floor":26.0,"key":"Bottled Tornado"},{"floor":41.0,"key":"hubris:Zylophone"},{"floor":45.0,"key":"Potion Belt"},{"floor":48,"key":"wanderingMiniBosses:MasterThiefsPresence"},{"floor":54,"key":"War Paint"}],"event_choices":[{"cards_removed":["Strike_P"],"damage_healed":0.0,"max_hp_gain":0.0,"max_hp_loss":0.0,"gold_gain":0.0,"event_name":"Golden Wing","player_choice":"Card Removal","floor":5.0,"gold_loss":0.0,"damage_taken":7.0},{"damage_healed":0.0,"max_hp_gain":0.0,"max_hp_loss":0.0,"gold_gain":0.0,"event_name":"WeMeetAgain","player_choice":"Gave Potion","floor":20.0,"gold_loss":0.0,"damage_taken":0.0,"relics_obtained":["Regal Pillow"]},{"cards_removed":["Devotion"],"damage_healed":0.0,"max_hp_gain":0.0,"max_hp_loss":0.0,"gold_gain":0.0,"event_name":"betterNote:BetterNote","player_choice":"Give","floor":21.0,"gold_loss":0.0,"damage_taken":0.0,"cards_obtained":["None"]},{"damage_healed":63.0,"max_hp_gain":0.0,"max_hp_loss":9.0,"gold_gain":0.0,"event_name":"The Moai Head","player_choice":"Heal","floor":37.0,"gold_loss":0.0,"damage_taken":0.0},{"damage_healed":0.0,"max_hp_gain":0.0,"max_hp_loss":0.0,"gold_gain":0.0,"cards_transformed":["Strike_P"],"event_name":"Transmorgrifier","player_choice":"Transformed","floor":38.0,"gold_loss":0.0,"damage_taken":0.0,"cards_obtained":["Blasphemy"]}],"is_beta":false,"boss_relics":[{"not_picked":["HolyWater","Replay:Ancient Bell"],"picked":"VioletLotus"},{"not_picked":["hubris:GrandSneckoEye","Replay:Bronze Core"],"picked":"ReplayTheSpireMod:DimensionalGlitch"}],"items_purged_floors":[19,28,47,53],"is_endless":false,"potions_floor_spawned":[1,4,8,14,16,18,24,25,33,35,36,45],"ascension_level":0,"is_humility":true}}