{"host":"uioim0xrpyrmw01v","time":1614381013,"event":{"mods":["BaseMod","Minty Spire (QoL Compilation)"],"gold_per_floor":[13,23,23,23,41,76,76,114,114,114,114,152,167,188,188,309,309,327,341,365,69,85,85,129,129,129,156,208,235,28,53,53,181,181,196,211,211,232,232,270,293,326,352,392,189,229,245,265,265,265,265,265,25,65,65],"floor_reached":56,"language":"ENG","playtime":6001,"items_purged":["Strike_B","Doubt","Doubt"],"score":1463,"play_id":"2180e8c6-84dc-424f-bcfa-9205eee540a3","local_time":"20210226151013","is_ascension_mode":true,"campfire_choices":[{"data":"Mayhem","floor":7,"key":"SMITH"},{"floor":10,"key":"REST"},{"data":"Chaos","floor":15,"key":"SMITH"},{"data":"Creative AI","floor":23,"key":"SMITH"},{"data":"Self Repair","floor":25,"key":"SMITH"},{"data":"Defragment","floor":32,"key":"SMITH"},{"floor":49,"key":"RECALL"},{"data":"Seek","floor":52,"key":"SMITH"}],"circlet_count":0,"master_deck":["Strike_B","Strike_B","Strike_B","Defend_B","Defend_B","Defend_B","Zap","Dualcast+1","Mayhem+1","Leap","Leap","Ball Lightning","Glacier+1","Electrodynamics","Finesse","Leap","Chaos+1","Ball Lightning","Creative AI+1","Glacier+1","Capacitor+1","Self Repair+1","Skim+1","Defragment+1","Seek+1","Lockon","Coolheaded+1","Capacitor"],"relics":["Cracked Core","Golden Idol","Shuriken","Calipers","TungstenRod","Mummified Hand","Sozu","Bag of Preparation","War Paint","MawBank","Centennial Puzzle","Membership Card","Cursed Key","Smiling Mask","Darkstone Periapt","Boot","Bag of Marbles","Anchor","PrismaticShard","Bottled Flame","Art of War","Orichalcum","Sundial"],"acts_visited":["Exordium","TheCity","TheBeyond","TheEnding"],"potions_floor_usage":[8,16,16,55],"damage_taken":[{"damage":3,"enemies":"Jaw Worm","floor":1,"turns":4},{"damage":0,"enemies":"Small Slimes","floor":2,"turns":4},{"damage":0,"enemies":"Cultist","floor":5,"turns":3},{"damage":17,"enemies":"Gremlin Nob","floor":6,"turns":4},{"damage":7,"enemies":"Lagavulin","floor":8,"turns":5},{"damage":0,"enemies":"3 Sentries","floor":12,"turns":5},{"damage":5,"enemies":"2 Fungi Beasts","floor":13,"turns":2},{"damage":12,"enemies":"Lots of Slimes","floor":14,"turns":3},{"damage":6,"enemies":"Slime Boss","floor":16,"turns":5},{"damage":0,"enemies":"Spheric Guardian","floor":18,"turns":4},{"damage":9,"enemies":"3 Byrds","floor":19,"turns":4},{"damage":22,"enemies":"Snake Plant","floor":20,"turns":4},{"damage":2,"enemies":"Chosen and Byrds","floor":22,"turns":6},{"damage":0,"enemies":"Book of Stabbing","floor":24,"turns":7},{"damage":4,"enemies":"Shelled Parasite and Fungi","floor":27,"turns":4},{"damage":13,"enemies":"Slavers","floor":28,"turns":4},{"damage":2,"enemies":"3 Cultists","floor":29,"turns":4},{"damage":4,"enemies":"Centurion and Healer","floor":31,"turns":5},{"damage":0,"enemies":"Collector","floor":33,"turns":7},{"damage":0,"enemies":"Orb Walker","floor":35,"turns":4},{"damage":0,"enemies":"3 Darklings","floor":36,"turns":2},{"damage":12,"enemies":"Writhing Mass","floor":38,"turns":5},{"damage":0,"enemies":"Nemesis","floor":40,"turns":5},{"damage":14,"enemies":"Sphere and 2 Shapes","floor":41,"turns":4},{"damage":8,"enemies":"Reptomancer","floor":42,"turns":6},{"damage":8,"enemies":"Giant Head","floor":44,"turns":9},{"damage":1,"enemies":"Nemesis","floor":46,"turns":5},{"damage":21,"enemies":"Maw","floor":47,"turns":7},{"damage":0,"enemies":"Transient","floor":48,"turns":5},{"damage":45,"enemies":"Awakened One","floor":50,"turns":18},{"damage":19,"enemies":"Shield and Spear","floor":54,"turns":5},{"damage":36,"enemies":"The Heart","floor":55,"turns":9}],"seed_played":"-1820074292581126172","potions_obtained":[{"floor":1,"key":"CultistPotion"},{"floor":8,"key":"ColorlessPotion"},{"floor":13,"key":"Weak Potion"},{"floor":14,"key":"DuplicationPotion"}],"is_trial":false,"path_per_floor":["M","M","?","?","M","E","R","E","T","R","?","E","M","M","R","B",null,"M","M","M","$","M","R","E","R","T","M","E","M","$","M","R","B",null,"M","M","?","M","T","E","M","E","T","E","$","E","M","M","R","B",null,"R","$","E","B",null],"character_chosen":"DEFECT","items_purchased":["Self Repair","Bag of Preparation","Defragment","Membership Card","Anchor","PrismaticShard","Capacitor","Art of War","Orichalcum"],"campfire_rested":1,"item_purchase_floors":[21,21,30,30,45,45,53,53,53],"current_hp_per_floor":[72,72,54,54,54,37,37,30,30,52,52,52,47,35,35,29,75,75,66,44,44,49,49,56,56,56,62,59,67,67,73,73,75,75,75,75,71,69,69,71,67,69,75,77,77,77,66,76,76,41,77,77,77,68,52],"gold":65,"neow_bonus":"RANDOM_COLORLESS_2","is_daily":false,"chose_seed":false,"campfire_upgraded":6,"win_rate":0.0,"timestamp":1614381013,"path_taken":["M","M","?","?","?","E","R","E","T","R","?","E","M","M","R","BOSS","M","M","M","$","?","R","E","R","T","M","E","M","$","M","R","BOSS","M","M","?","M","?","E","M","E","T","E","$","E","M","M","R","BOSS","R","$","E","BOSS"],"items_purchased_type":["Card","Relic","Card","Relic","Relic","Relic","Card","Relic","Relic"],"build_version":"2020-12-22","purchased_purges":3,"victory":true,"max_hp_per_floor":[75,75,75,75,75,75,75,75,75,75,75,75,75,75,75,75,75,75,75,75,75,75,75,75,75,75,75,75,75,75,75,75,75,75,75,75,71,71,71,71,71,71,77,77,77,77,77,77,77,77,77,77,77,77,77],"card_choices":[{"not_picked":["Metamorphosis","Violence"],"picked":"Mayhem","floor":0},{"not_picked":["Rebound","Beam Cell"],"picked":"Leap","floor":1},{"not_picked":["Sweeping Beam","Barrage"],"picked":"Leap","floor":2},{"not_picked":["Genetic Algorithm","Compile Driver"],"picked":"Ball Lightning","floor":5},{"not_picked":["Genetic Algorithm","Steam Power"],"picked":"Glacier","floor":6},{"not_picked":["Barrage","Hello World"],"picked":"Electrodynamics","floor":8},{"not_picked":["White Noise","Doom and Gloom"],"picked":"Chaos","floor":12},{"not_picked":["Auto Shields","Leap"],"picked":"Ball Lightning","floor":13},{"not_picked":["Beam Cell","Skim","Darkness"],"picked":"SKIP","floor":14},{"not_picked":["Multi-Cast","Buffer"],"picked":"Creative AI","floor":16},{"not_picked":["Sweeping Beam","Leap","Conserve Battery"],"picked":"SKIP","floor":18},{"not_picked":["Steam","Conserve Battery"],"picked":"Glacier+1","floor":19},{"not_picked":["Beam Cell","Heatsinks"],"picked":"Capacitor+1","floor":20},{"not_picked":["Streamline","FTL","Ball Lightning"],"picked":"SKIP","floor":22},{"not_picked":["Double Energy","Turbo","FTL+1"],"picked":"SKIP","floor":24},{"not_picked":["Gash","Rebound","All For One"],"picked":"SKIP","floor":27},{"not_picked":["Rainbow","Tempest"],"picked":"Skim+1","floor":28},{"not_picked":["Turbo","Coolheaded","Rebound"],"picked":"SKIP","floor":29},{"not_picked":["Gash","Glacier","Redo+1"],"picked":"SKIP","floor":31},{"not_picked":["Reboot","Thunder Strike"],"picked":"Seek","floor":33},{"not_picked":["Sweeping Beam+1","Gash","Auto Shields"],"picked":"SKIP","floor":35},{"not_picked":["Melter","Streamline+1"],"picked":"Lockon","floor":36},{"not_picked":["Streamline","Rebound+1","Steam+1"],"picked":"SKIP","floor":38},{"not_picked":["Ball Lightning+1","Steam"],"picked":"Coolheaded+1","floor":40},{"not_picked":["Thunder Strike","Cold Snap","Sweeping Beam"],"picked":"SKIP","floor":41},{"not_picked":["Fusion+1","Force Field","White Noise+1"],"picked":"SKIP","floor":42},{"not_picked":["Beam Cell","Doom and Gloom+1","Aggregate"],"picked":"SKIP","floor":44},{"not_picked":["Endless Agony+1","Glacier+1","Entrench+1"],"picked":"SKIP","floor":46},{"not_picked":["White Noise","Rebound+1","Rupture"],"picked":"SKIP","floor":47},{"not_picked":["Meditate","WheelKick","Consecrate+1"],"picked":"SKIP","floor":48},{"not_picked":["Forethought","Loop","Ball Lightning+1"],"picked":"SKIP","floor":54}],"player_experience":205409,"relics_obtained":[{"floor":6,"key":"Shuriken"},{"floor":8,"key":"Calipers"},{"floor":9,"key":"TungstenRod"},{"floor":12,"key":"Mummified Hand"},{"floor":24,"key":"War Paint"},{"floor":26,"key":"MawBank"},{"floor":28,"key":"Centennial Puzzle"},{"floor":40,"key":"Smiling Mask"},{"floor":42,"key":"Darkstone Periapt"},{"floor":43,"key":"Boot"},{"floor":44,"key":"Bag of Marbles"},{"floor":46,"key":"Bottled Flame"},{"floor":54,"key":"Sundial"}],"event_choices":[{"damage_healed":0,"gold_gain":0,"player_choice":"Take Damage","damage_taken":18,"relics_obtained":["Golden Idol"],"max_hp_gain":0,"max_hp_loss":0,"event_name":"Golden Idol","floor":3,"gold_loss":0},{"cards_removed":["Defend_B"],"damage_healed":0,"gold_gain":0,"player_choice":"Purged","damage_taken":0,"max_hp_gain":0,"max_hp_loss":0,"event_name":"Purifier","floor":4,"gold_loss":0},{"damage_healed":0,"gold_gain":0,"player_choice":"2 cards matched","damage_taken":0,"max_hp_gain":0,"max_hp_loss":0,"event_name":"Match and Keep!","floor":11,"gold_loss":0,"cards_obtained":["Finesse","Leap"]},{"damage_healed":0,"gold_gain":0,"player_choice":"Max HP","damage_taken":0,"max_hp_gain":0,"max_hp_loss":4,"event_name":"Winding Halls","floor":37,"gold_loss":0}],"is_beta":false,"boss_relics":[{"not_picked":["Runic Dome","Fusion Hammer"],"picked":"Sozu"},{"not_picked":["Snecko Eye","Velvet Choker"],"picked":"Cursed Key"}],"items_purged_floors":[21,45,53],"is_endless":false,"potions_floor_spawned":[1,8,13,14,18,20,27,31,33,36,41,42],"ascension_level":1}}