{"host":"k9djwzw02bmhn5cl","time":1614366016,"event":{"mods":["AchievementEnabler","BaseMod","Colored Map","Colored Powertips","Highlight Path","Minty Spire (QoL Compilation)","Quick Restart","Rare Cards Sparkle","StSLib"],"gold_per_floor":[118,129,147,163,163,163,163,163,211,222,238,250,250,250],"floor_reached":13,"language":"JPN","playtime":499,"items_purged":[],"score":79,"play_id":"ab5d5457-998b-47c8-a860-087e8fdece8e","local_time":"20210227040016","is_ascension_mode":false,"campfire_choices":[{"data":"Genetic Algorithm","floor":6,"key":"SMITH"},{"data":"Beam Cell","floor":8,"key":"SMITH"}],"circlet_count":0,"master_deck":["Strike_B","Strike_B","Strike_B","Strike_B","Defend_B","Defend_B","Defend_B","Defend_B","Zap+1","Dualcast+1","Rebound","Genetic Algorithm+1","Turbo+1","Beam Cell+1","Regret","Barrage","Go for the Eyes","Steam Power"],"relics":["Cracked Core","NeowsBlessing","War Paint"],"acts_visited":["Exordium"],"potions_floor_usage":[4,12,13,13,13],"damage_taken":[{"damage":0,"enemies":"Jaw Worm","floor":1,"turns":1},{"damage":0,"enemies":"2 Louse","floor":2,"turns":1},{"damage":0,"enemies":"Cultist","floor":3,"turns":1},{"damage":15,"enemies":"Exordium Thugs","floor":4,"turns":3},{"damage":14,"enemies":"Exordium Wildlife","floor":10,"turns":4},{"damage":0,"enemies":"Looter","floor":11,"turns":3},{"damage":21,"enemies":"Exordium Thugs","floor":12,"turns":4},{"damage":30,"enemies":"3 Sentries","floor":13,"turns":4}],"seed_played":"-7421334677951786290","potions_obtained":[{"floor":2,"key":"Explosive Potion"},{"floor":3,"key":"SpeedPotion"},{"floor":4,"key":"AttackPotion"},{"floor":10,"key":"PotionOfCapacity"},{"floor":12,"key":"Explosive Potion"}],"is_trial":false,"path_per_floor":["M","M","M","M","?","R","?","R","T","M","M","M","E"],"character_chosen":"DEFECT","items_purchased":[],"campfire_rested":0,"item_purchase_floors":[],"current_hp_per_floor":[75,75,75,60,60,60,60,60,60,46,46,25,0,0],"gold":250,"neow_bonus":"THREE_ENEMY_KILL","is_daily":false,"chose_seed":false,"campfire_upgraded":2,"win_rate":0.0,"timestamp":1614366016,"path_taken":["M","M","M","M","?","R","?","R","T","M","M","M","E"],"items_purchased_type":[],"build_version":"2020-12-22","purchased_purges":0,"victory":false,"max_hp_per_floor":[75,75,75,75,75,75,75,75,75,75,75,75,75,75],"card_choices":[{"not_picked":["Lockon","Beam Cell"],"picked":"Rebound","floor":1},{"not_picked":["Redo","Ball Lightning"],"picked":"Genetic Algorithm","floor":2},{"not_picked":["Coolheaded","Ball Lightning"],"picked":"Turbo","floor":3},{"not_picked":["Turbo","Barrage"],"picked":"Beam Cell","floor":4},{"not_picked":["Coolheaded","Leap"],"picked":"Barrage","floor":10},{"not_picked":["Amplify","Leap"],"picked":"Go for the Eyes","floor":11},{"not_picked":["Glacier","Barrage"],"picked":"Steam Power","floor":12}],"player_experience":201291,"relics_obtained":[],"event_choices":[{"damage_healed":0,"gold_gain":0,"player_choice":"Grow","damage_taken":0,"max_hp_gain":0,"max_hp_loss":0,"event_name":"Living Wall","floor":5,"gold_loss":0,"cards_upgraded":["Zap"]},{"damage_healed":0,"gold_gain":0,"player_choice":"Box","damage_taken":0,"relics_obtained":["War Paint"],"max_hp_gain":0,"max_hp_loss":0,"event_name":"Big Fish","floor":7,"gold_loss":0,"cards_obtained":["Regret"]}],"is_beta":false,"boss_relics":[],"items_purged_floors":[],"is_endless":false,"potions_floor_spawned":[2,3,4,10,12],"killed_by":"3 Sentries","ascension_level":0}}