{"host":"dhv3u8yhd2rnugsp","time":1614382997,"event":{"mods":["BaseMod","Block Reminder","Colored Map","Googly Eyes","Highlight Path","Minty Spire (QoL Compilation)","Permanent Neow","Quick Restart","Random Character Button","StSLib"],"gold_per_floor":[13,13,23,23,33,65,65,98,124,124,158,28,39,50,50,127,127,139,29,44,64,64,64,96,96,96,96,96,21,41,55,55,55,55],"floor_reached":33,"language":"ENG","playtime":1440,"items_purged":["Strike_G"],"score":570,"play_id":"14914e42-7ad7-423d-9698-8ce155673147","local_time":"20210226174317","is_ascension_mode":true,"campfire_choices":[{"data":"Footwork","floor":7.0,"key":"SMITH"},{"data":"Blade Dance","floor":10.0,"key":"SMITH"},{"data":"Cloak And Dagger","floor":15.0,"key":"SMITH"},{"floor":23.0,"key":"REST"},{"data":"Envenom","floor":25.0,"key":"SMITH"},{"floor":28.0,"key":"REST"},{"data":"Catalyst","floor":32.0,"key":"SMITH"}],"circlet_count":0,"master_deck":["AscendersBane","Strike_G+1","Defend_G+1","Defend_G+1","Defend_G+1","Defend_G+1","Defend_G+1","Survivor","Neutralize","Cloak And Dagger+1","Footwork+1","Blade Dance+1","Cloak And Dagger","Blur","Infinite Blades","Prepared","Dagger Spray","Sucker Punch","Cloak And Dagger+1","Well Laid Plans","Finisher","Envenom+1","Blade Dance","Terror","Leg Sweep","Bullet Time","Crippling Poison+1","Prepared+1","Catalyst+1","Footwork"],"relics":["Ring of the Serpent","Prayer Wheel","Orichalcum","Dream Catcher","Vajra","Strawberry","Boot","Letter Opener"],"acts_visited":["Exordium","TheCity"],"potions_floor_usage":[33,33],"damage_taken":[{"damage":0.0,"enemies":"Jaw Worm","floor":1.0,"turns":6.0},{"damage":0.0,"enemies":"2 Louse","floor":3.0,"turns":5.0},{"damage":0.0,"enemies":"Cultist","floor":5.0,"turns":5.0},{"damage":10.0,"enemies":"Lagavulin","floor":6.0,"turns":7.0},{"damage":12.0,"enemies":"3 Sentries","floor":8.0,"turns":6.0},{"damage":6.0,"enemies":"Lagavulin","floor":11.0,"turns":9.0},{"damage":5.0,"enemies":"Looter","floor":13.0,"turns":3.0},{"damage":0.0,"enemies":"Red Slaver","floor":14.0,"turns":3.0},{"damage":15.0,"enemies":"Slime Boss","floor":16.0,"turns":9.0},{"damage":10.0,"enemies":"Spheric Guardian","floor":18.0,"turns":6.0},{"damage":0.0,"enemies":"Chosen","floor":20.0,"turns":3.0},{"damage":25.0,"enemies":"Centurion and Healer","floor":21.0,"turns":5.0},{"damage":11.0,"enemies":"Gremlin Leader","floor":24.0,"turns":6.0},{"damage":12.0,"enemies":"Snake Plant","floor":30.0,"turns":4.0},{"damage":2.0,"enemies":"Snecko","floor":31.0,"turns":4.0},{"damage":35,"enemies":"Collector","floor":33,"turns":5}],"seed_played":"16255422384165124","potions_obtained":[{"floor":5.0,"key":"Strength Potion"},{"floor":6.0,"key":"AttackPotion"},{"floor":11.0,"key":"LiquidBronze"},{"floor":13.0,"key":"Dexterity Potion"},{"floor":20.0,"key":"FearPotion"},{"floor":30.0,"key":"Ancient Potion"}],"is_trial":false,"path_per_floor":["M","?","M","?","M","E","R","E","T","R","E","$","M","M","R","B",null,"M","?","M","M","?","R","E","R","T","?","R","?","M","M","R","B"],"character_chosen":"THE_SILENT","items_purchased":["Cloak And Dagger"],"campfire_rested":2,"item_purchase_floors":[12],"current_hp_per_floor":[59,59,59,59,59,49,49,37,37,37,38,38,33,33,33,18,59,49,49,49,24,24,45,34,34,34,13,36,36,24,22,22,0,0],"gold":55,"neow_bonus":"ONE_RARE_RELIC","is_daily":false,"chose_seed":false,"campfire_upgraded":5,"win_rate":0.0,"timestamp":1614382997,"path_taken":["M","?","M","?","M","E","R","E","T","R","E","$","M","?","R","BOSS","M","?","?","M","?","R","E","R","T","?","R","?","M","M","R","BOSS"],"items_purchased_type":["Card"],"build_version":"2020-12-22","purchased_purges":1,"victory":false,"max_hp_per_floor":[66,66,66,66,66,66,66,66,66,66,73,73,73,73,73,73,73,73,73,73,73,73,73,73,73,73,78,78,78,78,78,78,78,78],"card_choices":[{"not_picked":["Deflect","Footwork"],"picked":"Cloak And Dagger","floor":1.0},{"not_picked":["Flying Knee","Dodge and Roll"],"picked":"Footwork","floor":1.0},{"not_picked":["Dagger Throw","Sucker Punch"],"picked":"Blade Dance","floor":3.0},{"not_picked":["Prepared","Expertise"],"picked":"Cloak And Dagger","floor":3.0},{"not_picked":["Bane","Backflip"],"picked":"Blur","floor":5.0},{"not_picked":["Slice","Expertise"],"picked":"Infinite Blades","floor":5.0},{"not_picked":["Eviscerate","Dagger Throw"],"picked":"Prepared","floor":6.0},{"not_picked":["Concentrate","Heel Hook"],"picked":"Dagger Spray","floor":8.0},{"not_picked":["Riddle With Holes","Underhanded Strike"],"picked":"Sucker Punch","floor":11.0},{"not_picked":["Tools of the Trade","PiercingWail"],"picked":"Well Laid Plans","floor":13.0},{"not_picked":["Backflip","Deflect","Prepared"],"picked":"SKIP","floor":13.0},{"not_picked":["Underhanded Strike","Setup"],"picked":"Finisher","floor":14.0},{"not_picked":["Slice","Catalyst","Eviscerate"],"picked":"SKIP","floor":14.0},{"not_picked":["Storm of Steel","Glass Knife"],"picked":"Envenom","floor":16.0},{"not_picked":["Underhanded Strike","Sucker Punch"],"picked":"Blade Dance","floor":18.0},{"not_picked":["Quick Slash","Deadly Poison"],"picked":"Terror","floor":18.0},{"not_picked":["Dash","Deflect"],"picked":"Leg Sweep","floor":20.0},{"not_picked":["Crippling Poison","Masterful Stab","Distraction"],"picked":"SKIP","floor":20.0},{"not_picked":["Dagger Throw","Calculated Gamble"],"picked":"Bullet Time","floor":21.0},{"not_picked":["Acrobatics","Finisher","Quick Slash"],"picked":"SKIP","floor":21.0},{"not_picked":["Flying Knee","Poisoned Stab"],"picked":"Crippling Poison+1","floor":23.0},{"not_picked":["Dodge and Roll","Poisoned Stab","Venomology"],"picked":"SKIP","floor":24.0},{"not_picked":["Tactician","Bullet Time"],"picked":"Prepared+1","floor":30.0},{"not_picked":["Concentrate","Flying Knee","Heel Hook"],"picked":"SKIP","floor":30.0},{"not_picked":["Heel Hook","Quick Slash"],"picked":"Catalyst","floor":31.0},{"not_picked":["Prepared","Skewer"],"picked":"Footwork","floor":31.0}],"player_experience":1716900,"relics_obtained":[{"floor":6.0,"key":"Orichalcum"},{"floor":8.0,"key":"Dream Catcher"},{"floor":9.0,"key":"Vajra"},{"floor":11.0,"key":"Strawberry"},{"floor":24.0,"key":"Boot"},{"floor":26.0,"key":"Letter Opener"}],"event_choices":[{"damage_healed":0.0,"max_hp_gain":0.0,"max_hp_loss":0.0,"gold_gain":0.0,"event_name":"Living Wall","player_choice":"Grow","floor":2.0,"gold_loss":0.0,"damage_taken":0.0,"cards_upgraded":["Cloak And Dagger"]},{"cards_removed":["Strike_G"],"damage_healed":0.0,"max_hp_gain":0.0,"max_hp_loss":0.0,"gold_gain":0.0,"event_name":"Bonfire Elementals","player_choice":"Offered Basic","floor":4.0,"gold_loss":0.0,"damage_taken":0.0},{"cards_removed":["Strike_G"],"damage_healed":0.0,"max_hp_gain":0.0,"max_hp_loss":0.0,"gold_gain":0.0,"event_name":"Designer","player_choice":"Upgrade and Remove","floor":19.0,"gold_loss":110.0,"damage_taken":0.0,"cards_upgraded":["Defend_G"]},{"damage_healed":0.0,"max_hp_gain":0.0,"max_hp_loss":0.0,"gold_gain":0.0,"event_name":"Back to Basics","player_choice":"Simplicity","floor":22.0,"gold_loss":0.0,"damage_taken":0.0,"cards_upgraded":["Strike_G","Strike_G","Defend_G","Defend_G","Defend_G","Defend_G"]},{"damage_healed":0.0,"max_hp_gain":5.0,"max_hp_loss":0.0,"gold_gain":0.0,"event_name":"Forgotten Altar","player_choice":"Shed Blood","floor":27.0,"gold_loss":0.0,"damage_taken":26.0},{"cards_removed":["Strike_G"],"damage_healed":0.0,"max_hp_gain":0.0,"max_hp_loss":0.0,"gold_gain":0.0,"event_name":"Beggar","player_choice":"Gave Gold","floor":29.0,"gold_loss":75.0,"damage_taken":0.0}],"is_beta":false,"boss_relics":[{"not_picked":["Astrolabe","Ectoplasm"],"picked":"Ring of the Serpent"}],"items_purged_floors":[12],"is_endless":false,"potions_floor_spawned":[5,6,11,13,20,30],"killed_by":"Collector","ascension_level":20}}