{"host":"lmshf3swj20gmdor","time":1614356827,"event":{"mods":["2.2 Compatiblity","BaseMod","Conspire","Downfall","Googly Eyes","Hubris","Minty Spire (QoL Compilation)","Replay The Spire","Spikes Relics","StSLib","Synergy Search","The Servant 0.9.4"],"gold_per_floor":[0,14,14,26,38,38,38,138,152,180,180,199,199,217,228,228,228,228],"floor_reached":16,"language":"ENG","playtime":474,"items_purged":[],"score":139,"play_id":"da3ad883-2524-4b5f-9e7a-6a6dce718fa0","local_time":"20210226162707","is_ascension_mode":true,"campfire_choices":[{"data":"bronze:HardenedForm","floor":1,"key":"SMITH"},{"data":"BlessedFruit","floor":11,"key":"SMITH"}],"circlet_count":0,"master_deck":["bronze:Strike","bronze:Strike+1","bronze:Strike+1","bronze:Strike","bronze:Defend","bronze:Defend","bronze:Defend","bronze:Defend+1","bronze:HardenedForm+1","downfall:Malfunctioning","bronze:ItsAFeature","bronze:Boost","m_BronzeAgony","m_BronzeSurvivor","BlessedFruit","BlessedFruit+1","bronze:Philosophize","bronze:InfiniteBeams"],"relics":["bronze:BronzeCore","HeavenlyBonsai","hexamod:BolsterEngine","conspire:Flyswatter"],"acts_visited":["Exordium"],"potions_floor_usage":[16,16,16],"damage_taken":[{"damage":1,"enemies":"conspire:RoseBush","floor":2,"turns":3},{"damage":0,"enemies":"2 Louse","floor":4,"turns":4},{"damage":5,"enemies":"Small Slimes","floor":5,"turns":5},{"damage":14,"enemies":"Exordium Wildlife","floor":9,"turns":3},{"damage":14,"enemies":"Lagavulin","floor":10,"turns":9},{"damage":9,"enemies":"Red Slaver","floor":12,"turns":3},{"damage":2,"enemies":"Blue Slaver","floor":14,"turns":4},{"damage":30,"enemies":"Exordium Thugs","floor":15,"turns":7},{"damage":20,"enemies":"DF_ARCHETYPE_STREAMLINE","floor":16,"turns":3}],"seed_played":"8230060678922778476","potions_obtained":[{"floor":5,"key":"LiquidMemories"},{"floor":9,"key":"Adrenaline Potion"},{"floor":12,"key":"champ:CounterPotion"}],"is_trial":false,"path_per_floor":["R","M","?","M","M","?","T","?","M","E","R","M","T","M","M","B"],"character_chosen":"THE_AUTOMATON","items_purchased":[],"campfire_rested":0,"item_purchase_floors":[],"current_hp_per_floor":[70,69,69,69,64,64,64,64,52,40,40,34,34,35,8,0,0,0],"gold":228,"neow_bonus":"THREE_RARE_CARDS","is_daily":false,"chose_seed":false,"campfire_upgraded":2,"win_rate":0.0,"timestamp":1614356827,"path_taken":["R","M","?","M","M","?","T","?","?","E","R","?","?","M","M","BOSS"],"items_purchased_type":[],"build_version":"2020-12-22","purchased_purges":0,"victory":false,"max_hp_per_floor":[70,70,70,70,70,70,70,70,72,74,74,77,77,80,83,86,86,86],"card_choices":[{"not_picked":["bronze:HyperBeam","bronze:ShipIt"],"picked":"bronze:HardenedForm","floor":0},{"not_picked":["bronze:Invalidate","bronze:ForceShield","bronze:BuggyMess"],"picked":"SKIP","floor":2},{"not_picked":["bronze:Overheat","bronze:Allocate"],"picked":"bronze:ItsAFeature","floor":4},{"not_picked":["bronze:BronzeOrb","bronze:Iterate"],"picked":"bronze:Boost","floor":5},{"not_picked":["bronze:Allocate","bronze:Separator","bronze:Invalidate"],"picked":"SKIP","floor":9},{"not_picked":["bronze:Constructor","bronze:BronzeOrb"],"picked":"bronze:Philosophize","floor":10},{"not_picked":["bronze:GetLatest","bronze:WildBeam","bronze:Overheat"],"picked":"SKIP","floor":12},{"not_picked":["bronze:DelayedGuard","bronze:WhirlingStrike","bronze:Mutator"],"picked":"SKIP","floor":14},{"not_picked":["bronze:Invalidate","bronze:FollowUp"],"picked":"bronze:InfiniteBeams","floor":15}],"player_experience":864510,"relics_obtained":[{"floor":7,"key":"HeavenlyBonsai"},{"floor":10,"key":"hexamod:BolsterEngine"},{"floor":13,"key":"conspire:Flyswatter"}],"event_choices":[],"is_beta":false,"boss_relics":[],"items_purged_floors":[],"is_endless":false,"potions_floor_spawned":[5,9,12,14],"killed_by":"DF_ARCHETYPE_STREAMLINE","ascension_level":2}}