{"host":"m2qkn877fkm57m2k","time":1614307022,"event":{"mods":["AchievementEnabler","Bartender","BaseMod","Colored Map","Koishi","Magitek Elite","Minty Spire (QoL Compilation)","Permanent Neow","Relic Sorter","StSLib"],"gold_per_floor":[117,42,61,35,51,51,82,82,157,157,172,187,221,221,221,320,320,338,30,42,52,52,52,78,78,132,132,162,190,190,221,221,326,326,339,59,59,75,88,113,113,140,194,194,194,224,236,59,59,59],"floor_reached":51,"language":"ENG","playtime":3348,"items_purged":["Writhe","Pain"],"score":993,"play_id":"1a8ca253-7934-44d7-a1ee-990a2935dd41","local_time":"20210226033702","is_ascension_mode":true,"campfire_choices":[{"data":"Sadistic Nature","floor":6.0,"key":"SMITH"},{"data":"Koishi:DanmakuParanoia","floor":8.0,"key":"SMITH"},{"data":"Koishi:Provoke","floor":15.0,"key":"SMITH"},{"data":"Koishi:DanmakuParanoia","floor":23.0,"key":"SMITH"},{"data":"Koishi:HauntingSlash","floor":25.0,"key":"SMITH"},{"data":"Koishi:ParalyzingFear","floor":27.0,"key":"SMITH"},{"data":"Koishi:TraumaticStroke","floor":32.0,"key":"SMITH"},{"data":"Koishi:HeartStoppingHorror","floor":41.0,"key":"SMITH"},{"data":"Koishi:PerfectMindControl","floor":44,"key":"SMITH"},{"data":"Koishi:Untouchable","floor":49,"key":"SMITH"}],"circlet_count":0,"master_deck":["Koishi:BasicDefend","Koishi:BasicDefend","Koishi:BasicDefend","Koishi:Provoke+1","Koishi:HauntingSlash+1","Sadistic Nature+1","Koishi:RacingHeart","Koishi:ParalyzingFear+1","Koishi:StingingMind","Koishi:TraumaticStroke+1","Koishi:DanmakuParanoia+1","Koishi:PredatoryInstincts","Koishi:BloodcurdlingScream+1","Koishi:PredatoryInstincts","Koishi:SilentAndRestless+1","Koishi:HeartfeltFancy","Koishi:DanmakuParanoia+1","Koishi:MindNumbingTerror+1","Koishi:PerfectMindControl+1","Koishi:Jaunt+1","Koishi:LastRemote+1","Koishi:RoseHell+1","Koishi:DreadfulBlow+1","Koishi:MindNumbingTerror+1","Koishi:PhantomBarrier","Koishi:UnansweredLove+1","Koishi:DreadfulBlow+1","Koishi:HeartStoppingHorror+1","Koishi:PhantomBarrier+1","Koishi:JumpScare+1","Koishi:RacingHeart+1","Koishi:Untouchable+1"],"relics":["Koishi:ImaginaryFriend","Oddly Smooth Stone","Molten Egg 2","Bottled Flame","Golden_Hairpin","Ice Cream","Ornamental Fan","Bag of Marbles","Bottled Tornado","Red Mask","MutagenicStrength","StoneCalendar","Astrolabe","Medical Kit","Incense Burner","Happy Flower","Lantern","WarpedTongs","Power_Wrist"],"acts_visited":["Exordium","TheCity","TheBeyond"],"potions_floor_usage":[50],"damage_taken":[{"damage":1.0,"enemies":"Cultist","floor":1.0,"turns":4.0},{"damage":3.0,"enemies":"Small Slimes","floor":3.0,"turns":5.0},{"damage":7.0,"enemies":"Jaw Worm","floor":5.0,"turns":2.0},{"damage":15.0,"enemies":"Gremlin Nob","floor":7.0,"turns":3.0},{"damage":3.0,"enemies":"2 Fungi Beasts","floor":11.0,"turns":4.0},{"damage":4.0,"enemies":"Looter","floor":12.0,"turns":4.0},{"damage":15.0,"enemies":"3 Sentries","floor":13.0,"turns":7.0},{"damage":31.0,"enemies":"The Guardian","floor":16.0,"turns":8.0},{"damage":0.0,"enemies":"Chosen","floor":18.0,"turns":4.0},{"damage":6.0,"enemies":"Shell Parasite","floor":20.0,"turns":5.0},{"damage":1.0,"enemies":"Snake Plant","floor":21.0,"turns":5.0},{"damage":13.0,"enemies":"Slavers","floor":24.0,"turns":4.0},{"damage":2.0,"enemies":"Gremlin Leader","floor":28.0,"turns":6.0},{"damage":0.0,"enemies":"Masked Bandits","floor":29.0,"turns":3.0},{"damage":1.0,"enemies":"Slavers","floor":31.0,"turns":3.0},{"damage":2.0,"enemies":"Collector","floor":33.0,"turns":7.0},{"damage":0.0,"enemies":"Orb Walker","floor":35.0,"turns":3.0},{"damage":8.0,"enemies":"3 Shapes","floor":38.0,"turns":1.0},{"damage":2.0,"enemies":"Maw","floor":39.0,"turns":6.0},{"damage":13.0,"enemies":"Giant Head","floor":40.0,"turns":8.0},{"damage":1,"enemies":"Nemesis","floor":42,"turns":5},{"damage":17,"enemies":"Reptomancer","floor":46,"turns":6},{"damage":0,"enemies":"4 Shapes","floor":47,"turns":2},{"damage":8,"enemies":"Donu and Deca","floor":50,"turns":7}],"seed_played":"392053129616408821","potions_obtained":[{"floor":3.0,"key":"SkillPotion"},{"floor":5.0,"key":"Swift Potion"},{"floor":11.0,"key":"Ancient Potion"},{"floor":13.0,"key":"Energy Potion"},{"floor":18.0,"key":"PowerPotion"},{"floor":20.0,"key":"PowerPotion"},{"floor":24.0,"key":"GamblersBrew"},{"floor":28.0,"key":"SneckoOil"},{"floor":35.0,"key":"AttackPotion"},{"floor":42,"key":"ColorlessPotion"},{"floor":47,"key":"Weak Potion"}],"is_trial":false,"path_per_floor":["M","$","M","$","M","R","E","R","T","?","M","M","E","?","R","B",null,"M","$","M","M","?","R","E","R","T","R","E","?","?","E","R","B",null,"M","$","?","M","M","E","R","E","T","R","?","E","M","$","R","B",null],"character_chosen":"KOISHI","items_purchased":["Koishi:StingingMind","Ice Cream","Medical Kit","Koishi:MindNumbingTerror+1","Koishi:PhantomBarrier","Koishi:Untouchable"],"campfire_rested":0,"item_purchase_floors":[4,19,36,36,36,48],"current_hp_per_floor":[60,60,60,60,59,59,51,51,51,51,54,55,54,54,54,47,57,60,60,60,60,60,60,60,60,60,60,60,60,60,60,60,60,60,60,60,60,52,60,60,60,60,60,60,60,60,60,60,60,60],"gold":59,"neow_bonus":"RANDOM_COLORLESS_2","is_daily":false,"chose_seed":false,"campfire_upgraded":10,"win_rate":0.0,"timestamp":1614307022,"path_taken":["M","$","M","$","?","R","E","R","T","?","M","M","E","?","R","BOSS","M","$","M","?","?","R","E","R","T","R","E","?","?","E","R","BOSS","M","$","?","?","M","E","R","E","T","R","?","E","?","$","R","BOSS"],"items_purchased_type":["Card","Relic","Relic","Card","Card","Card"],"build_version":"2020-12-22","purchased_purges":2,"victory":true,"max_hp_per_floor":[60,60,60,60,60,60,60,60,60,60,60,60,60,60,60,60,60,60,60,60,60,60,60,60,60,60,60,60,60,60,60,60,60,60,60,60,60,60,60,60,60,60,60,60,60,60,60,60,60,60],"card_choices":[{"not_picked":["Secret Technique","Panache"],"picked":"Sadistic Nature","floor":0.0},{"not_picked":["Koishi:EmbryosDream","Koishi:UnconsciousUprising"],"picked":"Koishi:RacingHeart","floor":1.0},{"not_picked":["Koishi:RorschachInDanmaku","Koishi:SubterraneanRose"],"picked":"Koishi:ParalyzingFear","floor":3.0},{"not_picked":["Koishi:StingingMind","Koishi:SpiritedAway"],"picked":"Koishi:TraumaticStroke","floor":5.0},{"not_picked":["Koishi:RorschachInDanmaku","Koishi:RacingHeart"],"picked":"Koishi:DanmakuParanoia","floor":7.0},{"not_picked":["Koishi:LastRemote+1","Koishi:Jaunt+1"],"picked":"Koishi:PredatoryInstincts","floor":11.0},{"not_picked":["Koishi:Catatonia+1","Koishi:HeartfeltFancy"],"picked":"Koishi:BloodcurdlingScream+1","floor":12.0},{"not_picked":["Koishi:ReleaseOfTheId","Koishi:GeneticsOfTheUnconscious"],"picked":"Koishi:PredatoryInstincts","floor":13.0},{"not_picked":["Koishi:Ego","Koishi:Heartbroken"],"picked":"Koishi:SilentAndRestless+1","floor":16.0},{"not_picked":["Koishi:BramblyRoseGarden","Koishi:LastRemote+1"],"picked":"Koishi:HeartfeltFancy","floor":18.0},{"not_picked":["Koishi:SpiritedAway+1","Koishi:UnconsciousUprising"],"picked":"Koishi:DanmakuParanoia","floor":20.0},{"not_picked":["Koishi:SprinkleStarAndHeart","Koishi:HeartfeltFancy","Koishi:LastRemote+1"],"picked":"SKIP","floor":21.0},{"not_picked":["Koishi:PhantomBarrier","Koishi:TraumaticStroke+1","Koishi:FleetingPhantom+1"],"picked":"SKIP","floor":24.0},{"not_picked":["Koishi:IdleWhim","Koishi:UnconsciousUrges","Koishi:BramblyRoseGarden"],"picked":"SKIP","floor":28.0},{"not_picked":["Koishi:EmbryosDream+1","Koishi:PhantomBarrier","Koishi:SubconsciousSweep+1"],"picked":"SKIP","floor":31.0},{"not_picked":["Koishi:ConditionedTeleport","Koishi:Ego"],"picked":"Koishi:PerfectMindControl","floor":33.0},{"not_picked":["Koishi:HeartfeltFancy+1","Koishi:StingingMind+1"],"picked":"Koishi:DreadfulBlow+1","floor":35.0},{"not_picked":["Koishi:Prune+1","Koishi:SubterraneanRose+1"],"picked":"Koishi:UnansweredLove+1","floor":38.0},{"not_picked":["Koishi:FidgetySnatcher","Koishi:SprinkleStarAndHeart+1"],"picked":"Koishi:DreadfulBlow+1","floor":39.0},{"not_picked":["Koishi:RacingHeart+1","Koishi:UnconsciousUrges+1"],"picked":"Koishi:HeartStoppingHorror","floor":40.0},{"not_picked":["Koishi:HeartfeltFancy+1","Koishi:HeartAttack+1"],"picked":"Koishi:PhantomBarrier+1","floor":42},{"not_picked":["Koishi:ParalyzingFear+1","Koishi:CatchAndRose+1"],"picked":"Koishi:JumpScare+1","floor":46},{"not_picked":["Koishi:GhostParty+1","Koishi:SpiritedAway+1"],"picked":"Koishi:RacingHeart+1","floor":47}],"player_experience":75055,"relics_obtained":[{"floor":7.0,"key":"Oddly Smooth Stone"},{"floor":9.0,"key":"Molten Egg 2"},{"floor":13.0,"key":"Bottled Flame"},{"floor":24.0,"key":"Ornamental Fan"},{"floor":26.0,"key":"Bag of Marbles"},{"floor":28.0,"key":"Bottled Tornado"},{"floor":29.0,"key":"Red Mask"},{"floor":31.0,"key":"StoneCalendar"},{"floor":40.0,"key":"Incense Burner"},{"floor":42,"key":"Happy Flower"},{"floor":43,"key":"Lantern"},{"floor":46,"key":"Power_Wrist"}],"event_choices":[{"damage_healed":0.0,"max_hp_gain":0.0,"max_hp_loss":0.0,"gold_gain":0.0,"event_name":"Liars Game","player_choice":"Ignored","floor":10.0,"gold_loss":0.0,"damage_taken":0.0},{"cards_removed":["Koishi:BasicStrike"],"damage_healed":0.0,"max_hp_gain":0.0,"max_hp_loss":0.0,"gold_gain":0.0,"event_name":"Bonfire Elementals","player_choice":"Offered Basic","floor":14.0,"gold_loss":0.0,"damage_taken":0.0},{"damage_healed":0.0,"max_hp_gain":0.0,"max_hp_loss":0.0,"gold_gain":0.0,"event_name":"The Library","player_choice":"Read","floor":22.0,"gold_loss":0.0,"damage_taken":0.0,"cards_obtained":["Koishi:MindNumbingTerror"]},{"damage_healed":0.0,"max_hp_gain":0.0,"max_hp_loss":0.0,"gold_gain":0.0,"event_name":"Masked Bandits","player_choice":"Fought Bandits","floor":29.0,"gold_loss":0.0,"damage_taken":0.0},{"damage_healed":0.0,"max_hp_gain":0.0,"max_hp_loss":0.0,"gold_gain":0.0,"event_name":"Drug Dealer","player_choice":"Inject Mutagens","floor":30.0,"gold_loss":0.0,"damage_taken":0.0,"relics_obtained":["MutagenicStrength"]},{"cards_removed":["Koishi:BasicDefend"],"damage_healed":0.0,"max_hp_gain":0.0,"max_hp_loss":0.0,"gold_gain":0.0,"event_name":"Purifier","player_choice":"Purged","floor":37.0,"gold_loss":0.0,"damage_taken":0.0},{"damage_healed":0,"gold_gain":0,"player_choice":"Rummage","damage_taken":0,"relics_obtained":["WarpedTongs"],"max_hp_gain":0,"max_hp_loss":0,"event_name":"Accursed Blacksmith","floor":45,"gold_loss":0,"cards_obtained":["Pain"]}],"is_beta":false,"boss_relics":[{"not_picked":["Cursed Key","Empty Cage"],"picked":"Golden_Hairpin"},{"not_picked":["Runic Dome","Fusion Hammer"],"picked":"Astrolabe"}],"items_purged_floors":[2,48],"is_endless":false,"potions_floor_spawned":[3,5,11,12,13,18,20,24,28,35,42,47],"ascension_level":5}}