{"host":"27wa8ufp4ryspt1p","time":1614314141,"event":{"mods":["2.2 Compatiblity","A Penny For Your Troubles","Abigail Mod","Act Like it!","Aspiration","BaseMod","Better Altar","Better Match","Better Note","Better Skull","Better Third Choice","Colored Map","Conspire","Curses Come First","Dota2Spire","Downfall-Rebalance","Elementarium","Energized Spire","Fox Events","Friendly Minions","Gensokyo","GifTheSpireLib","Gold Saver","Halation","Hallownest","HololiveMod","Hubris","Humility","Infinite Spire","Keyboard Shortcuts","Menagerie","Mimic Mod","Minty Spire (QoL Compilation)","Pale of the Ancients","Poor People Problems","Quarter Circle Forward PUNCH!","Reimu??????","Relic Filter Mod","Relic Sorter","Relic Stats","Reliquary","Replay The Spire","Reworked Bosses","Ruina","Shop Mod","Spicy Shops","Spikes Relics","Spire Arcade","StSLib","Stuff the Spire","SuperFastMode","The Cursed","The Exalted","The Judge","The Necromancer","Trackpad","Waifu the Spire","Wandering Minibosses","[IsaacMod]????","??????REMEMod","????"],"gold_per_floor":[243,243,83,110,125,125,161,161,211,262,262,262,6,25,25,115,115,446,446,546,568,464,508,508,548,548,548],"floor_reached":26,"language":"SPA","playtime":977,"items_purged":["Delirium"],"score":590,"play_id":"e94e8a17-9d74-4a6b-ad23-bf00aa246828","local_time":"20210225223541","daily_mods":["SealedDeck","Colorless Cards","Heirloom","Elite Swarm","Lethality"],"is_ascension_mode":true,"campfire_choices":[{"floor":6,"key":"RECALL"},{"data":"DoctorFetus","floor":8,"key":"SMITH"},{"data":"Specialist","floor":15,"key":"SMITH"},{"data":"infinitespire:NeuralNetwork","floor":24,"key":"SMITH"}],"circlet_count":0,"master_deck":["AscendersBane","StuffTheSpire:PlasmaPunch","expansioncontent:CaCaw","Hololive_CallSakuraMiko","StuffTheSpire:FreeRealEstate","Hololive_CocoNews","Hololive_Rebound","expansioncontent:BronzeBeam","Hololive_FlyingPonyTail","Hololive_CallYozoraMel","Hololive_CallUsadaPekora","Fluid Movement+1","Hololive_CallMomosuzuNene+8","Hololive_CallShishiroBotan","DoctorFetus+1","Specialist+1","Hololive_Nanodesu","infinitespire:Punishment","expansioncontent:GuardianWhirl","REME_MawOfCthun","Replay:Bootleg Shield Generator","infinitespire:NeuralNetwork+1","Hololive_CallAZKi","Hololive_HuntDinosaur+1","Hololive_DurableLive+1","REME_MawOfCthun+1"],"relics":["Hololive_TheStar","HushsDoor","REME_ComplimentaryCards","qcfpunch:Unceasing_Flame","Leech","MerchantsRug","Oddly Smooth Stone","EdensBlessing","trackpad:BiPhaseBiplane","Coffee Dripper","wanderingMiniBosses:Inkheart","Golden Egg","StuffTheSpire:Saxophone","Bromod:ArcaneAvenger","trackpad:WondrousWand","Dota2Spire:ArmletOfMordiggian"],"acts_visited":["Gensokyo:Gensokyo","ruina:Briah"],"potions_floor_usage":[],"damage_taken":[{"damage":0,"enemies":"Gensokyo:3_Fairies","floor":4,"turns":3},{"damage":0,"enemies":"Gensokyo:Python","floor":5,"turns":2},{"damage":0,"enemies":"Gensokyo:Cirno","floor":7,"turns":4},{"damage":0,"enemies":"Gensokyo:2_Kodama","floor":9,"turns":4},{"damage":0,"enemies":"Gensokyo:Mamizou","floor":10,"turns":5},{"damage":0,"enemies":"Gensokyo:2_Kodama","floor":14,"turns":2},{"damage":7,"enemies":"Gensokyo:Kokoro","floor":16,"turns":6},{"damage":0,"enemies":"ruina:Nosferatu","floor":18,"turns":8},{"damage":0,"enemies":"ruina:2_Scarecrows","floor":21,"turns":2},{"damage":0,"enemies":"Nightmare","floor":23,"turns":5},{"damage":39,"enemies":"ruina:Mountain","floor":25,"turns":9},{"damage":10,"enemies":"ruina:KingOfGreed","floor":26,"turns":2}],"seed_played":"9148786024787932722","potions_obtained":[{"floor":10,"key":"Milkshake"},{"floor":16,"key":"LiquidBronze"},{"floor":25,"key":"CultistPotion"}],"is_trial":true,"path_per_floor":["?","?","$","M","M","R","E","R","MIM","E","?","?","COS","M","R","B",null,"M","AVR","?","M","$","NM","R","E","MIM"],"character_chosen":"Hololive_HololiveCharacter","items_purchased":["MerchantsRug","StuffTheSpire:Saxophone"],"campfire_rested":0,"item_purchase_floors":[3,22],"current_hp_per_floor":[27,27,27,29,30,30,30,30,30,30,20,10,10,12,12,11,33,39,39,39,40,40,40,40,4,0,0],"gold":548,"neow_bonus":"","is_daily":false,"chose_seed":false,"campfire_upgraded":3,"win_rate":0.0,"timestamp":1614314141,"path_taken":["?","?","$","M","M","R","E","R","MIM","E","?","?","COS","?","R","BOSS","M","AVR","?","M","$","NM","R","E","MIM"],"items_purchased_type":["Relic","Relic"],"build_version":"2020-12-22","purchased_purges":1,"victory":false,"max_hp_per_floor":[30,30,30,30,30,30,30,30,30,30,40,40,40,40,40,40,40,40,40,40,40,40,40,40,40,40,40],"relic_stats":{"counters":[12,51],"obtain_stats":[{"KeepersGift":0,"Bromod:ArcaneAvenger":23,"MerchantsRug":3,"Golden Egg":19,"Pear":11,"Dota2Spire:ArmletOfMordiggian":25,"Oddly Smooth Stone":7,"StuffTheSpire:Saxophone":22,"trackpad:WondrousWand":23,"qcfpunch:Unceasing_Flame":0,"Leech":0,"Frozen Eye":21,"Hololive_TheStar":0,"Coffee Dripper":17,"EdensBlessing":10,"HushsDoor":0,"trackpad:BiPhaseBiplane":13,"wanderingMiniBosses:Inkheart":18,"REME_ComplimentaryCards":0},{"KeepersGift":0,"Bromod:ArcaneAvenger":10,"MerchantsRug":0,"Golden Egg":8,"Pear":5,"Dota2Spire:ArmletOfMordiggian":11,"Oddly Smooth Stone":3,"StuffTheSpire:Saxophone":9,"trackpad:WondrousWand":10,"qcfpunch:Unceasing_Flame":0,"Leech":0,"Frozen Eye":8,"Hololive_TheStar":0,"Coffee Dripper":7,"EdensBlessing":5,"HushsDoor":0,"trackpad:BiPhaseBiplane":5,"wanderingMiniBosses:Inkheart":8,"REME_ComplimentaryCards":0},{"KeepersGift":0,"Bromod:ArcaneAvenger":40,"MerchantsRug":0,"Golden Egg":34,"Pear":18,"Dota2Spire:ArmletOfMordiggian":49,"Oddly Smooth Stone":9,"StuffTheSpire:Saxophone":36,"trackpad:WondrousWand":40,"qcfpunch:Unceasing_Flame":0,"Leech":0,"Frozen Eye":34,"Hololive_TheStar":0,"Coffee Dripper":26,"EdensBlessing":18,"HushsDoor":0,"trackpad:BiPhaseBiplane":18,"wanderingMiniBosses:Inkheart":34,"REME_ComplimentaryCards":0}]},"card_choices":[{"not_picked":[],"picked":"ChaosCard","floor":0},{"not_picked":["Hololive_HuntDinosaur","REME_MagicPocketWatch","Bandage Up"],"picked":"Hololive_CallMomosuzuNene","floor":4},{"not_picked":["Hololive_Drill","Hololive_Trident","Hololive_CallAmaneKanata"],"picked":"Hololive_CallShishiroBotan","floor":5},{"not_picked":["Reforge","Hololive_FlareMind","Hololive_Recruit"],"picked":"DoctorFetus","floor":7},{"not_picked":["Forethought","Hololive_CocoNews","Enlightenment"],"picked":"Specialist","floor":9},{"not_picked":["Hololive_ASMR","Master of Strategy","Hololive_BeCareful"],"picked":"Hololive_Nanodesu","floor":10},{"not_picked":["Replay:Fractal Strike","infinitespire:Menacing"],"picked":"infinitespire:Punishment","floor":12},{"not_picked":["expansioncontent:Hexaburn","Hololive_RevenueBasedLive","Madness"],"picked":"expansioncontent:GuardianWhirl","floor":14},{"not_picked":["Hololive_MaximGun","Hololive_BeCareful","Poisoned Strike"],"picked":"REME_MawOfCthun","floor":16},{"not_picked":["Sharp Hide","Degenerate","Hololive_Trident"],"picked":"Replay:Bootleg Shield Generator","floor":18},{"not_picked":["Hololive_StrengthChampion","Hololive_Sequa","Hololive_OvertimeWork"],"picked":"Hololive_CallAZKi","floor":20},{"not_picked":["REME_ShortnessOfBreath","Hololive_CallCivia","Hololive_Breathe"],"picked":"Hololive_HuntDinosaur+1","floor":21},{"not_picked":["REME_ProfessionalPlagiarism","REME_WheelOfFate","REME_MawOfCthun"],"picked":"Hololive_DurableLive","floor":23},{"not_picked":["REME_BuildACard","Violence","Magnetism"],"picked":"REME_MawOfCthun","floor":25}],"player_experience":4054981,"relics_obtained":[{"floor":7,"key":"Oddly Smooth Stone"},{"floor":10,"key":"EdensBlessing"},{"floor":18,"key":"wanderingMiniBosses:Inkheart"},{"floor":23,"key":"trackpad:WondrousWand"},{"floor":25,"key":"Dota2Spire:ArmletOfMordiggian"}],"event_choices":[],"is_beta":false,"boss_relics":[{"not_picked":["Bromod:ArcaneBarrier","energizedSpire:MagnifyingGlass"],"picked":"Coffee Dripper"},{"not_picked":[]}],"items_purged_floors":[19],"is_endless":false,"potions_floor_spawned":[10,16,25],"killed_by":"ruina:KingOfGreed","ascension_level":20,"is_humility":true}}