{"host":"r6t4fwpf30hgqgjl","time":1614357352,"event":{"mods":["BaseMod","Colored Map","Colored Powertips","Minty Spire (QoL Compilation)","StSLib"],"gold_per_floor":[117,117,135,149,149,149,182,192,192,205,237,256,206,222,222,324,324,342,342,352,352,368,393,410,420,420,420,432,465,62,62,62,164,164,174,174,174],"floor_reached":36,"language":"ENG","playtime":2201,"items_purged":["Strike_B"],"score":443,"play_id":"bcd4010e-062a-4c68-8b06-111605731b13","local_time":"20210226173552","is_ascension_mode":false,"campfire_choices":[{"data":"Hello World","floor":6,"key":"SMITH"},{"data":"Creative AI","floor":15,"key":"SMITH"},{"data":"Defragment","floor":27,"key":"SMITH"},{"data":"Reboot","floor":32,"key":"SMITH"}],"circlet_count":0,"master_deck":["Defend_B","Defend_B","Defend_B","Defend_B","Zap","Dualcast","Streamline","Zap","Rebound","Hello World+1","Auto Shields","Defragment+1","Creative AI+1","Leap","Coolheaded","Leap","Cold Snap","Streamline","Leap","Coolheaded","Barrage+1","Force Field+1","Mayhem","Reboot+1","Bite","Bite","Bite","Bite","Bite","Creative AI","Doom and Gloom+1"],"relics":["Sozu","Mercury Hourglass","Meat on the Bone","Eternal Feather","Strawberry","Inserter","Enchiridion","Oddly Smooth Stone","Ornamental Fan","Pear","Velvet Choker"],"acts_visited":["Exordium","TheCity","TheBeyond"],"potions_floor_usage":[],"damage_taken":[{"damage":2,"enemies":"2 Louse","floor":1,"turns":2},{"damage":0,"enemies":"Cultist","floor":3,"turns":2},{"damage":5,"enemies":"Small Slimes","floor":4,"turns":3},{"damage":12,"enemies":"3 Sentries","floor":7,"turns":4},{"damage":0,"enemies":"Looter","floor":8,"turns":3},{"damage":14,"enemies":"Large Slime","floor":10,"turns":5},{"damage":9,"enemies":"Lagavulin","floor":11,"turns":6},{"damage":5,"enemies":"Exordium Thugs","floor":12,"turns":4},{"damage":11,"enemies":"Lots of Slimes","floor":14,"turns":2},{"damage":21,"enemies":"Hexaghost","floor":16,"turns":11},{"damage":37,"enemies":"3 Byrds","floor":18,"turns":4},{"damage":0,"enemies":"Chosen","floor":20,"turns":5},{"damage":8,"enemies":"Snecko","floor":22,"turns":6},{"damage":20,"enemies":"Book of Stabbing","floor":23,"turns":9},{"damage":10,"enemies":"Centurion and Healer","floor":24,"turns":8},{"damage":9,"enemies":"Sentry and Sphere","floor":25,"turns":6},{"damage":0,"enemies":"Shelled Parasite and Fungi","floor":28,"turns":6},{"damage":37,"enemies":"Slavers","floor":29,"turns":6},{"damage":19,"enemies":"Champ","floor":33,"turns":9},{"damage":41,"enemies":"3 Darklings","floor":35,"turns":5},{"damage":45,"enemies":"3 Shapes","floor":36,"turns":5}],"seed_played":"-7231761262003362344","potions_obtained":[],"is_trial":false,"path_per_floor":["M","?","M","M","?","R","E","M","T","M","E","M","?","M","R","B",null,"M","?","M","?","M","E","M","M","T","R","M","E","$","?","R","B",null,"M","M"],"character_chosen":"DEFECT","items_purchased":["Mayhem","Reboot"],"campfire_rested":0,"item_purchase_floors":[30,30],"current_hp_per_floor":[73,73,73,68,35,35,23,35,35,33,43,50,50,51,60,51,82,45,45,45,29,33,25,27,30,30,42,42,27,27,27,42,41,64,33,0,0],"gold":174,"neow_bonus":"BOSS_RELIC","is_daily":false,"chose_seed":false,"campfire_upgraded":4,"win_rate":0.0,"timestamp":1614357352,"path_taken":["M","?","?","M","?","R","E","M","T","M","E","M","?","M","R","BOSS","M","?","M","?","?","E","M","M","T","R","M","E","?","?","R","BOSS","M","M"],"items_purchased_type":["Card","Card"],"build_version":"2020-12-22","purchased_purges":1,"victory":false,"max_hp_per_floor":[75,75,75,75,75,75,75,75,75,75,82,82,82,82,82,82,82,82,82,82,82,82,82,82,82,82,82,82,92,92,64,64,64,64,64,64,64],"card_choices":[{"not_picked":["Go for the Eyes","Steam"],"picked":"Streamline","floor":1},{"not_picked":["Barrage","Force Field"],"picked":"Rebound","floor":3},{"not_picked":["Compile Driver","Barrage"],"picked":"Hello World","floor":4},{"not_picked":["Blizzard","Glacier"],"picked":"Auto Shields","floor":7},{"not_picked":["Hello World","Barrage"],"picked":"Defragment","floor":8},{"not_picked":["Redo","Coolheaded"],"picked":"Creative AI","floor":10},{"not_picked":["Blizzard","Rip and Tear"],"picked":"Leap","floor":11},{"not_picked":["Compile Driver","Leap"],"picked":"Coolheaded","floor":12},{"not_picked":["Sweeping Beam","Stack"],"picked":"Leap","floor":14},{"not_picked":["Rip and Tear","Go for the Eyes"],"picked":"Cold Snap","floor":18},{"not_picked":["Redo","Fusion","Stack"],"picked":"SKIP","floor":20},{"not_picked":["Compile Driver+1","Fission"],"picked":"Streamline","floor":22},{"not_picked":["Gash","Stack"],"picked":"Leap","floor":23},{"not_picked":["Cold Snap+1","Compile Driver"],"picked":"Coolheaded","floor":24},{"not_picked":["Compile Driver","Gash","Blizzard+1"],"picked":"SKIP","floor":25},{"not_picked":["Gash+1","Steam"],"picked":"Barrage+1","floor":28},{"not_picked":["Go for the Eyes","Stack"],"picked":"Force Field+1","floor":29},{"not_picked":["All For One","Rainbow"],"picked":"Creative AI","floor":33},{"not_picked":["Cold Snap","Redo"],"picked":"Doom and Gloom+1","floor":35}],"player_experience":13321,"relics_obtained":[{"floor":7,"key":"Meat on the Bone"},{"floor":9,"key":"Eternal Feather"},{"floor":11,"key":"Strawberry"},{"floor":21,"key":"Enchiridion"},{"floor":23,"key":"Oddly Smooth Stone"},{"floor":26,"key":"Ornamental Fan"},{"floor":29,"key":"Pear"}],"event_choices":[{"damage_healed":0,"gold_gain":0,"player_choice":"1 cards matched","damage_taken":0,"max_hp_gain":0,"max_hp_loss":0,"event_name":"Match and Keep!","floor":2,"gold_loss":0,"cards_obtained":["Zap"]},{"damage_healed":0,"gold_gain":0,"player_choice":"Success","damage_taken":33,"relics_obtained":["Mercury Hourglass"],"max_hp_gain":0,"max_hp_loss":0,"event_name":"Scrap Ooze","floor":5,"gold_loss":0},{"cards_removed":["Strike_B"],"damage_healed":0,"gold_gain":0,"player_choice":"Card Removal","damage_taken":0,"max_hp_gain":0,"max_hp_loss":0,"event_name":"The Cleric","floor":13,"gold_loss":50},{"damage_healed":0,"gold_gain":0,"player_choice":"Ignored","damage_taken":0,"max_hp_gain":0,"max_hp_loss":0,"event_name":"Ghosts","floor":19,"gold_loss":0},{"damage_healed":0,"gold_gain":0,"player_choice":"Obtained Book","damage_taken":16,"max_hp_gain":0,"max_hp_loss":0,"event_name":"Cursed Tome","floor":21,"gold_loss":0},{"damage_healed":0,"gold_gain":0,"player_choice":"Became a vampire","damage_taken":0,"max_hp_gain":0,"max_hp_loss":28,"event_name":"Vampires","floor":31,"gold_loss":0,"cards_obtained":["Bite","Bite","Bite","Bite","Bite"]}],"is_beta":false,"boss_relics":[{"not_picked":["Black Star","Runic Pyramid"],"picked":"Inserter"},{"not_picked":["SacredBark","Tiny House"],"picked":"Velvet Choker"}],"items_purged_floors":[30],"is_endless":false,"potions_floor_spawned":[10,11,14,16,18,28,35],"killed_by":"3 Shapes","ascension_level":0}}