{"host":"jjunaul04msmo6r1","time":1614349425,"event":{"mods":["BaseMod","Better Third Choice","Booster Modes","Colored Map","Downfall","Minty Spire (QoL Compilation)","Relic Stats","StSLib","UnlockEverythingMod","everything is the same but u backflip on backflip"],"gold_per_floor":[99,118,138,149,149,184,261,271,284,310,68,83,109,122,135,235,235,35,53,65,76,95,95,95,80,109,138,149,149,166,184,202,305,305,305,322,342,392,440,340,366,24,35,66,80,80,105,119,131,131,131,156,56,56,56,56],"floor_reached":57,"language":"ENG","playtime":10749,"items_purged":["Slimebound:Defend_Slimebound","Slimebound:Defend_Slimebound"],"score":1572,"play_id":"7b60b8f0-4c04-4191-8457-0a127954bb48","local_time":"20210226072345","is_ascension_mode":true,"campfire_choices":[{"data":"Slimebound:Split","floor":1,"key":"SMITH"},{"data":"Slimebound:PrepareCrush","floor":18,"key":"SMITH"},{"floor":35,"key":"RECALL"},{"data":"Slimebound:WasteNot","floor":40,"key":"SMITH"},{"data":"Slimebound:DuplicatedForm","floor":54,"key":"SMITH"}],"circlet_count":0,"master_deck":["Slimebound:Strike_Slimebound","Slimebound:Strike_Slimebound","Slimebound:Tackle","Slimebound:Defend_Slimebound","Slimebound:Defend_Slimebound","Slimebound:Split+1","Slimebound:CorrosiveSpit","Slimebound:LeechingTouch","Slimebound:SamplingLick","Slimebound:Gluttony","Slimebound:SplitMire","Slimebound:SpikyOuterGoop","Slimebound:MassFeed","Slimebound:Schlurp","Slimebound:SpikyOuterGoop","Slimebound:GoopSpray","Slimebound:LeechEnergy","Slimebound:ItLooksTasty","Slimebound:Gluttony","Slimebound:FormOfPuddle","Slimebound:GrowthPunch","Slimebound:PrepareCrush+1","Slimebound:ComboTackle","Slimebound:Schlurp+1","Slimebound:LeechingTouch","Slimebound:SpikyOuterGoop+1","Slimebound:SamplingLick+1","Slimebound:WasteNot+1","Slimebound:LeechEnergy","Slimebound:HauntingLick+1","Slimebound:SplitSpecialist","Slimebound:OozeBath","Slimebound:DuplicatedForm+1","Apotheosis","Slimebound:Prepare+1","expansioncontent:LastStand","Slimebound:SpikyOuterGoop+1","Slimebound:LeechEnergy"],"relics":["Slimebound:AbsorbEndCombat","Anchor","sneckomod:BlankCard","Guardian:BottledAnomaly","Turnip","Coffee Dripper","downfall:HeartBlessingGreen","downfall:HeartBlessingBlue","Question Card","Red Mask","Gambling Chip","Nilry\u0027s Codex","SlaversCollar","CaptainsWheel","Calipers","downfall:HeartBlessingRed","Toy Ornithopter","bronze:DonusWashers","InkBottle","Slimebound:SlimedTailRelic","Bag of Preparation"],"acts_visited":["Exordium","TheCity","TheBeyond","TheEnding"],"potions_floor_usage":[10,16,19,19,21,36,42,56,56],"damage_taken":[{"damage":1,"enemies":"2 Louse","floor":2,"turns":3},{"damage":0,"enemies":"Cultist","floor":3,"turns":3},{"damage":5,"enemies":"Jaw Worm","floor":4,"turns":4},{"damage":12,"enemies":"Lagavulin","floor":6,"turns":6},{"damage":2,"enemies":"Large Slime","floor":8,"turns":7},{"damage":22,"enemies":"3 Louse","floor":9,"turns":6},{"damage":6,"enemies":"Gremlin Nob","floor":10,"turns":4},{"damage":0,"enemies":"downfall:FleeingMerchant","floor":11,"turns":4},{"damage":0,"enemies":"2 Fungi Beasts","floor":12,"turns":3},{"damage":12,"enemies":"3 Sentries","floor":13,"turns":5},{"damage":4,"enemies":"downfall:LooterAlt","floor":14,"turns":3},{"damage":0,"enemies":"Large Slime","floor":15,"turns":3},{"damage":16,"enemies":"DF_ARCHETYPE_STREAMLINE","floor":16,"turns":8},{"damage":0,"enemies":"3 Byrds","floor":19,"turns":5},{"damage":3,"enemies":"Chosen","floor":20,"turns":3},{"damage":7,"enemies":"Centurion and Healer","floor":21,"turns":6},{"damage":4,"enemies":"Chosen and Byrds","floor":22,"turns":6},{"damage":0,"enemies":"downfall:FleeingMerchant","floor":25,"turns":4},{"damage":53,"enemies":"Masked Bandits","floor":26,"turns":6},{"damage":0,"enemies":"Book of Stabbing","floor":27,"turns":7},{"damage":16,"enemies":"Snake Plant","floor":28,"turns":3},{"damage":0,"enemies":"Sentry and Sphere","floor":30,"turns":10},{"damage":28,"enemies":"Snecko","floor":31,"turns":8},{"damage":3,"enemies":"Cultist and Chosen","floor":32,"turns":4},{"damage":27,"enemies":"WA_ARCHETYPE_CALM","floor":33,"turns":9},{"damage":18,"enemies":"3 Darklings","floor":36,"turns":6},{"damage":0,"enemies":"Orb Walker","floor":37,"turns":3},{"damage":0,"enemies":"Orb Walker","floor":38,"turns":7},{"damage":0,"enemies":"2 Orb Walkers","floor":39,"turns":7},{"damage":0,"enemies":"downfall:FleeingMerchant","floor":42,"turns":4},{"damage":15,"enemies":"Spire Growth","floor":43,"turns":5},{"damage":15,"enemies":"Nemesis","floor":44,"turns":6},{"damage":0,"enemies":"3 Darklings","floor":45,"turns":6},{"damage":18,"enemies":"Reptomancer","floor":47,"turns":6},{"damage":21,"enemies":"Writhing Mass","floor":48,"turns":8},{"damage":15,"enemies":"Maw","floor":49,"turns":8},{"damage":35,"enemies":"SI_POISON_ARCHETYPE","floor":50,"turns":9},{"damage":15,"enemies":"downfall:CharBossMerchant","floor":52,"turns":9},{"damage":19,"enemies":"downfall:NeowBoss","floor":55,"turns":11},{"damage":41,"enemies":"downfall:NeowBossFinal","floor":56,"turns":10}],"seed_played":"1176504163818324565","potions_obtained":[{"floor":4,"key":"Explosive Potion"},{"floor":6,"key":"Fire Potion"},{"floor":12,"key":"SpeedPotion"},{"floor":13,"key":"GamblersBrew"},{"floor":15,"key":"sneckomod:MuddlingPotion"},{"floor":16,"key":"Weak Potion"},{"floor":20,"key":"sneckomod:MuddlingPotion"},{"floor":26,"key":"SmokeBomb"},{"floor":28,"key":"Strength Potion"},{"floor":33,"key":"SteroidPotion"},{"floor":38,"key":"SkillPotion"},{"floor":44,"key":"Slimebound:ThreeZeroPotion"},{"floor":45,"key":"Slimebound:SpawnSlimePotion"}],"is_trial":false,"path_per_floor":["R","M","M","M","?","E","T","M","M","E","$","M","E","M","M","B",null,"R","M","M","M","M","?","T","$","?","E","M","?","M","M","M","B",null,"R","M","M","?","?","R","T","$","M","E","M","?","E","M","M","B",null,"E","$","R","B","B",null],"character_chosen":"SLIMEBOUND","items_purchased":["Guardian:BottledAnomaly","Apotheosis","bronze:DonusWashers"],"campfire_rested":0,"item_purchase_floors":[11,42,42],"current_hp_per_floor":[65,65,65,64,64,55,55,64,55,57,63,73,75,80,94,85,101,111,114,117,114,117,93,93,101,56,64,59,43,54,37,45,26,134,134,116,127,147,149,149,149,149,149,149,152,147,151,153,158,145,161,161,161,161,157,150],"gold":56,"neow_bonus":"TRANSFORM_CARD","is_daily":false,"chose_seed":false,"campfire_upgraded":4,"win_rate":0.0,"timestamp":1614349425,"path_taken":["R","M","M","M","?","E","T","M","?","E","?","M","E","M","M","BOSS","R","M","M","M","M","?","T","$","?","E","M","?","M","M","M","BOSS","R","M","M","?","?","R","T","$","M","E","M","?","E","M","M","BOSS","E","$","R","BOSS","BOSS"],"items_purchased_type":["Relic","Card","Relic"],"build_version":"2020-12-22","purchased_purges":2,"victory":true,"max_hp_per_floor":[65,65,65,65,65,65,65,68,77,77,77,83,89,92,98,101,101,111,114,117,117,117,122,122,122,122,122,125,125,128,131,134,134,134,134,134,137,149,149,149,149,149,149,149,152,152,152,155,158,161,161,161,161,161,161,161],"relic_stats":{"counters":[40,231],"Gambling Chip":[46],"Turnip":[25],"Bag of Preparation":[4],"Question Card":22,"obtain_stats":[{"bronze:DonusWashers":42,"Calipers":39,"downfall:HeartBlessingRed":40,"Nilry\u0027s Codex":29,"sneckomod:BlankCard":10,"downfall:HeartBlessingGreen":18,"Bag of Preparation":52,"Question Card":24,"SlaversCollar":34,"Anchor":6,"CaptainsWheel":38,"downfall:HeartBlessingBlue":18,"Gambling Chip":27,"Turnip":13,"Slimebound:AbsorbEndCombat":0,"Coffee Dripper":17,"Red Mask":26,"Guardian:BottledAnomaly":11,"Toy Ornithopter":41,"InkBottle":44,"Slimebound:SlimedTailRelic":47},{"bronze:DonusWashers":30,"Calipers":29,"downfall:HeartBlessingRed":29,"Nilry\u0027s Codex":21,"sneckomod:BlankCard":7,"downfall:HeartBlessingGreen":13,"Bag of Preparation":38,"Question Card":17,"SlaversCollar":25,"Anchor":4,"CaptainsWheel":28,"downfall:HeartBlessingBlue":13,"Gambling Chip":20,"Turnip":10,"Slimebound:AbsorbEndCombat":0,"Coffee Dripper":13,"Red Mask":19,"Guardian:BottledAnomaly":8,"Toy Ornithopter":29,"InkBottle":32,"Slimebound:SlimedTailRelic":34},{"bronze:DonusWashers":153,"Calipers":149,"downfall:HeartBlessingRed":149,"Nilry\u0027s Codex":96,"sneckomod:BlankCard":32,"downfall:HeartBlessingGreen":57,"Bag of Preparation":210,"Question Card":76,"SlaversCollar":127,"Anchor":15,"CaptainsWheel":142,"downfall:HeartBlessingBlue":57,"Gambling Chip":93,"Turnip":43,"Slimebound:AbsorbEndCombat":0,"Coffee Dripper":57,"Red Mask":86,"Guardian:BottledAnomaly":36,"Toy Ornithopter":149,"InkBottle":164,"Slimebound:SlimedTailRelic":176}],"Toy Ornithopter":0,"InkBottle":[61]},"card_choices":[{"not_picked":["Slimebound:LeechingTouch","Slimebound:SplitBruiser"],"picked":"Slimebound:SamplingLick","floor":2},{"not_picked":["Slimebound:Equalize","Slimebound:AcidTongue"],"picked":"Slimebound:Gluttony","floor":3},{"not_picked":["Slimebound:LivingWall","Slimebound:GrowthPunch"],"picked":"Slimebound:SplitMire","floor":4},{"not_picked":["Slimebound:FormOfPuddle","Slimebound:MegaLick"],"picked":"Slimebound:MassFeed","floor":6},{"not_picked":["Slimebound:SamplingLick","Slimebound:SlimeSpikes"],"picked":"Slimebound:Schlurp","floor":8},{"not_picked":["Slimebound:SplitBruiser","Slimebound:SplitAcid"],"picked":"Slimebound:SpikyOuterGoop","floor":9},{"not_picked":["Slimebound:SlimeBrawl","Slimebound:Replication"],"picked":"Slimebound:GoopSpray","floor":10},{"not_picked":["Slimebound:Dissolve","Slimebound:RollThrough"],"picked":"Slimebound:LeechEnergy","floor":11},{"not_picked":["Slimebound:ForwardTackle","Slimebound:SplitAcid"],"picked":"Slimebound:ItLooksTasty","floor":12},{"not_picked":["Slimebound:FinishingTackle","Slimebound:Prepare"],"picked":"Slimebound:Gluttony","floor":13},{"not_picked":["Slimebound:GoopSpray","Slimebound:SlimeSlap"],"picked":"Slimebound:FormOfPuddle","floor":14},{"not_picked":["Slimebound:SplitLeeching","Slimebound:HauntingLick"],"picked":"Slimebound:GrowthPunch","floor":15},{"not_picked":["Slimebound:Teamwork","Slimebound:WasteNot"],"picked":"Slimebound:PrepareCrush","floor":16},{"not_picked":["Slimebound:LeadByExample","Slimebound:Recollect"],"picked":"Slimebound:ComboTackle","floor":19},{"not_picked":["Slimebound:LeechEnergy","Slimebound:FinishingTackle"],"picked":"Slimebound:Schlurp+1","floor":20},{"not_picked":["Slimebound:SlimeTap","Slimebound:ViciousTackle"],"picked":"Slimebound:LeechingTouch","floor":21},{"not_picked":["Slimebound:HauntingLick","Slimebound:Prepare+1"],"picked":"Slimebound:SpikyOuterGoop+1","floor":22},{"not_picked":["Slimebound:RainOfGoop+1","Slimebound:ItLooksTasty","Slimebound:SplitBruiser+1","Slimebound:SplitMire+1"],"picked":"SKIP","floor":25},{"not_picked":["Slimebound:ComboTackle","Slimebound:LeadByExample","Slimebound:GoopSpray"],"picked":"Slimebound:SamplingLick+1","floor":26},{"not_picked":["Slimebound:ViciousTackle+1","Slimebound:Grow","Slimebound:Replication"],"picked":"Slimebound:WasteNot","floor":27},{"not_picked":["Slimebound:ComboTackle","Slimebound:SlimeSpikes","Slimebound:GoopSpray"],"picked":"Slimebound:LeechEnergy","floor":28},{"not_picked":["Slimebound:MassFeed","Slimebound:RejuvenatingLick","Slimebound:GoopSpray"],"picked":"Slimebound:HauntingLick+1","floor":30},{"not_picked":["Slimebound:LivingWall","Slimebound:HauntingLick","Slimebound:ComboTackle","Slimebound:Repurpose"],"picked":"SKIP","floor":31},{"not_picked":["Slimebound:Prepare","Slimebound:Repurpose","Slimebound:Chomp+1"],"picked":"Slimebound:SplitSpecialist","floor":32},{"not_picked":["Slimebound:DouseInSlime","Slimebound:SelfFormingGoo","Slimebound:CheckThePlaybook"],"picked":"Slimebound:OozeBath","floor":33},{"not_picked":["Slimebound:SamplingLick","Slimebound:SplitLeeching","Slimebound:PressTheAttack+1","Slimebound:SplitMire+1"],"picked":"SKIP","floor":36},{"not_picked":["Slimebound:BestDefense","Slimebound:LeechingTouch+1","Slimebound:SamplingLick","Slimebound:SplitBruiser"],"picked":"SKIP","floor":37},{"not_picked":["Slimebound:SplitMire+1","Slimebound:LivingWall","Slimebound:AcidTongue+1"],"picked":"Slimebound:DuplicatedForm","floor":42},{"not_picked":["Slimebound:Gluttony+1","Slimebound:SplitMire","Slimebound:Dissolve","Slimebound:GoopTackle+1"],"picked":"SKIP","floor":43},{"not_picked":["Slimebound:AcidTongue+1","Slimebound:Schlurp+1","Slimebound:RollThrough+1"],"picked":"Slimebound:Prepare+1","floor":44},{"not_picked":["Slimebound:GoopTackle+1","Slimebound:SamplingLick","Slimebound:SplitLeeching","Slimebound:Dissolve"],"picked":"SKIP","floor":45},{"not_picked":["expansioncontent:HyperBeam","expansioncontent:AwakenDeath"],"picked":"expansioncontent:LastStand","floor":46},{"not_picked":["Slimebound:HauntingLick","Slimebound:PressTheAttack","Slimebound:SamplingLick+1","Slimebound:SplitAcid+1"],"picked":"SKIP","floor":47},{"not_picked":["Slimebound:SplitLeeching+1","Slimebound:Grow","Slimebound:ServeAndProtect+1","Slimebound:RejuvenatingLick"],"picked":"SKIP","floor":48},{"not_picked":["Slimebound:AcidTongue+1","Slimebound:BestDefense+1","Slimebound:LeechEnergy"],"picked":"Slimebound:SpikyOuterGoop+1","floor":49},{"not_picked":["Slimebound:ItLooksTasty+1","Slimebound:Gluttony+1","Slimebound:SlimeSlap"],"picked":"Slimebound:LeechEnergy","floor":52}],"player_experience":622552,"relics_obtained":[{"floor":6,"key":"Anchor"},{"floor":10,"key":"sneckomod:BlankCard"},{"floor":13,"key":"Turnip"},{"floor":24,"key":"Question Card"},{"floor":26,"key":"Red Mask"},{"floor":27,"key":"Gambling Chip"},{"floor":29,"key":"Nilry\u0027s Codex"},{"floor":38,"key":"CaptainsWheel"},{"floor":39,"key":"Calipers"},{"floor":41,"key":"Toy Ornithopter"},{"floor":44,"key":"InkBottle"},{"floor":47,"key":"Slimebound:SlimedTailRelic"},{"floor":52,"key":"Bag of Preparation"}],"event_choices":[{"damage_healed":0,"gold_gain":0,"player_choice":"Fought Bandits","damage_taken":0,"max_hp_gain":0,"max_hp_loss":0,"event_name":"Masked Bandits","floor":26,"gold_loss":0},{"damage_healed":0,"gold_gain":0,"player_choice":"Fight","damage_taken":0,"max_hp_gain":0,"max_hp_loss":0,"event_name":"Mysterious Sphere","floor":39,"gold_loss":0}],"is_beta":false,"boss_relics":[{"not_picked":["Runic Pyramid","bronze:MakeshiftBattery"],"picked":"Coffee Dripper"},{"not_picked":["Runic Dome","Black Star"],"picked":"SlaversCollar"}],"items_purged_floors":[11,53],"is_endless":false,"potions_floor_spawned":[4,6,12,13,15,16,20,26,28,30,33,38,44,45,48,49,52],"ascension_level":1}}