{"host":"kda2p2afd6bvz6qo","time":1614363722,"event":{"mods":["BaseMod","Colored Map","Minty Spire (QoL Compilation)","Relic Stats"],"gold_per_floor":[119,6,6,6,20,53,53,83,110,110,145,145,156,166,166,264,264,284,209,209,223,5,31,31,66,66,66,66,66,80,97,97,196,196,212,212,223,42,42,42,42],"floor_reached":40,"language":"ENG","playtime":1687,"items_purged":["Strike_R","Strike_R"],"score":744,"play_id":"9451882b-bbe7-423f-adab-6cf962e7d1c1","local_time":"20210226182202","is_ascension_mode":true,"campfire_choices":[{"data":"Combust","floor":7.0,"key":"SMITH"},{"data":"Whirlwind","floor":10.0,"key":"SMITH"},{"data":"Spot Weakness","floor":15.0,"key":"SMITH"},{"floor":24.0,"key":"REST"},{"floor":29.0,"key":"REST"},{"floor":32.0,"key":"REST"}],"circlet_count":0,"master_deck":["AscendersBane","Strike_R","Defend_R","Defend_R","Defend_R","Defend_R+1","Bash","Disarm","Carnage","Whirlwind+1","Metallicize","Combust+1","Spot Weakness+1","Impervious","Limit Break+1","True Grit+1","Feel No Pain","Disarm","Dual Wield","Warcry+1","Flame Barrier","Madness","Madness","Double Tap","Rupture"],"relics":["Burning Blood","NeowsBlessing","Pen Nib","Singing Bowl","Vajra","CaptainsWheel","Nloth\u0027s Gift","ClockworkSouvenir","Nunchaku","Blood Vial","War Paint","Runic Cube"],"acts_visited":["Exordium","TheCity","TheBeyond"],"potions_floor_usage":[33,40],"damage_taken":[{"damage":0.0,"enemies":"Jaw Worm","floor":1.0,"turns":1.0},{"damage":0.0,"enemies":"Small Slimes","floor":5.0,"turns":1.0},{"damage":0.0,"enemies":"Lagavulin","floor":6.0,"turns":1.0},{"damage":15.0,"enemies":"Gremlin Nob","floor":8.0,"turns":4.0},{"damage":10.0,"enemies":"3 Sentries","floor":11.0,"turns":4.0},{"damage":8.0,"enemies":"2 Louse","floor":13.0,"turns":3.0},{"damage":0.0,"enemies":"2 Fungi Beasts","floor":14.0,"turns":3.0},{"damage":20.0,"enemies":"The Guardian","floor":16.0,"turns":12.0},{"damage":14.0,"enemies":"Shell Parasite","floor":18.0,"turns":3.0},{"damage":15.0,"enemies":"Spheric Guardian","floor":21.0,"turns":6.0},{"damage":56.0,"enemies":"Book of Stabbing","floor":23.0,"turns":5.0},{"damage":19.0,"enemies":"Slavers","floor":25.0,"turns":4.0},{"damage":5.0,"enemies":"Shelled Parasite and Fungi","floor":30.0,"turns":7.0},{"damage":33.0,"enemies":"Chosen and Byrds","floor":31.0,"turns":6.0},{"damage":45,"enemies":"Collector","floor":33,"turns":9},{"damage":19,"enemies":"Orb Walker","floor":35,"turns":6},{"damage":33,"enemies":"3 Darklings","floor":37,"turns":5},{"damage":82,"enemies":"Reptomancer","floor":40,"turns":2}],"seed_played":"-2353892366519525959","potions_obtained":[{"floor":1.0,"key":"Energy Potion"},{"floor":5.0,"key":"Fire Potion"},{"floor":13.0,"key":"Ancient Potion"},{"floor":23.0,"key":"Ancient Potion"},{"floor":25.0,"key":"BloodPotion"},{"floor":31.0,"key":"CultistPotion"},{"floor":33,"key":"BlessingOfTheForge"},{"floor":37,"key":"SkillPotion"}],"is_trial":false,"path_per_floor":["M","$","?","$","M","E","R","E","T","R","E","?","M","M","R","B",null,"M","?","?","M","$","E","R","E","T","?","?","R","M","M","R","B",null,"M","?","M","$","?","E"],"character_chosen":"IRONCLAD","items_purchased":["Carnage","Whirlwind","ClockworkSouvenir","Rupture"],"campfire_rested":3,"item_purchase_floors":[2,2,22,38],"current_hp_per_floor":[78,78,71,71,77,80,80,73,73,73,69,69,67,75,75,61,78,70,70,70,61,61,11,36,25,25,25,25,50,53,28,53,18,71,60,49,24,24,77,0,0],"gold":42,"neow_bonus":"THREE_ENEMY_KILL","is_daily":false,"chose_seed":false,"campfire_upgraded":3,"win_rate":0.0,"timestamp":1614363722,"path_taken":["M","$","?","$","M","E","R","E","T","R","E","?","M","M","R","BOSS","M","?","?","?","$","E","R","E","T","?","?","R","M","M","R","BOSS","M","?","M","$","?","E"],"items_purchased_type":["Card","Card","Relic","Card"],"build_version":"2020-12-22","purchased_purges":2,"victory":false,"max_hp_per_floor":[80,80,80,80,80,80,80,82,82,82,82,82,82,84,84,84,84,84,84,84,84,84,84,84,86,86,86,86,86,86,86,86,88,88,88,88,88,88,77,77,77],"relic_stats":{"Blood Vial":10,"Nunchaku":[2],"Singing Bowl":8,"counters":[18,82],"Pen Nib":[6],"Nloth\u0027s Gift":2,"War Paint":["Limit Break","Defend_R"],"obtain_stats":[{"NeowsBlessing":0,"Singing Bowl":8,"Vajra":11,"Pen Nib":6,"War Paint":26,"Burning Blood":0,"ClockworkSouvenir":22,"Blood Vial":25,"CaptainsWheel":12,"Nunchaku":23,"Mark of Pain":17,"Nloth\u0027s Gift":20,"Runic Cube":34},{"NeowsBlessing":0,"Singing Bowl":4,"Vajra":5,"Pen Nib":3,"War Paint":12,"Burning Blood":0,"ClockworkSouvenir":10,"Blood Vial":12,"CaptainsWheel":5,"Nunchaku":11,"Mark of Pain":8,"Nloth\u0027s Gift":9,"Runic Cube":15},{"NeowsBlessing":0,"Singing Bowl":7,"Vajra":11,"Pen Nib":3,"War Paint":47,"Burning Blood":0,"ClockworkSouvenir":38,"Blood Vial":47,"CaptainsWheel":11,"Nunchaku":43,"Mark of Pain":29,"Nloth\u0027s Gift":32,"Runic Cube":69}],"Burning Blood":99,"Runic Cube":[18]},"card_choices":[{"not_picked":["Feel No Pain","Entrench"],"picked":"Disarm","floor":1.0},{"not_picked":["Clothesline","Warcry"],"picked":"Metallicize","floor":5.0},{"not_picked":["Anger","Heavy Blade"],"picked":"Combust","floor":6.0},{"not_picked":["Evolve","Warcry","Heavy Blade"],"picked":"Singing Bowl","floor":8.0},{"not_picked":["Flex","Perfected Strike"],"picked":"Spot Weakness","floor":11.0},{"not_picked":["Power Through","Battle Trance"],"picked":"Impervious","floor":13.0},{"not_picked":["Burning Pact","Iron Wave","Clash"],"picked":"Singing Bowl","floor":14.0},{"not_picked":["Immolate","Feed"],"picked":"Limit Break","floor":16.0},{"not_picked":["Warcry","Perfected Strike"],"picked":"True Grit+1","floor":18.0},{"not_picked":["Cleave","Pommel Strike"],"picked":"Feel No Pain","floor":21.0},{"not_picked":["Searing Blow","Warcry"],"picked":"Disarm","floor":23.0},{"not_picked":["Immolate","Ghostly Armor","Fire Breathing"],"picked":"Singing Bowl","floor":25.0},{"not_picked":["Hemokinesis","Cleave"],"picked":"Dual Wield","floor":30.0},{"not_picked":["Cleave","Armaments"],"picked":"Warcry+1","floor":31.0},{"not_picked":["Exhume","Feed","Corruption"],"picked":"Singing Bowl","floor":33},{"not_picked":["Wild Strike","Whirlwind+1"],"picked":"Flame Barrier","floor":35},{"not_picked":["Shrug It Off","Fire Breathing"],"picked":"Double Tap","floor":37}],"player_experience":326400,"relics_obtained":[{"floor":6.0,"key":"Pen Nib"},{"floor":8.0,"key":"Singing Bowl"},{"floor":11.0,"key":"Vajra"},{"floor":23.0,"key":"Nunchaku"},{"floor":25.0,"key":"Blood Vial"},{"floor":26.0,"key":"War Paint"}],"event_choices":[{"cards_removed":["Strike_R"],"damage_healed":0.0,"max_hp_gain":0.0,"max_hp_loss":0.0,"gold_gain":0.0,"event_name":"Golden Wing","player_choice":"Card Removal","floor":3.0,"gold_loss":0.0,"damage_taken":7.0},{"damage_healed":0.0,"max_hp_gain":0.0,"max_hp_loss":0.0,"gold_gain":0.0,"event_name":"Dead Adventurer","player_choice":"Searched \u00271\u0027 times","floor":12.0,"gold_loss":0.0,"damage_taken":0.0,"relics_obtained":["CaptainsWheel"]},{"cards_removed":["Strike_R"],"damage_healed":0.0,"max_hp_gain":0.0,"max_hp_loss":0.0,"gold_gain":0.0,"event_name":"Beggar","player_choice":"Gave Gold","floor":19.0,"gold_loss":75.0,"damage_taken":0.0},{"damage_healed":0.0,"max_hp_gain":0.0,"max_hp_loss":0.0,"gold_gain":0.0,"event_name":"N\u0027loth","player_choice":"Traded Relic","floor":20.0,"relics_lost":["Mark of Pain"],"gold_loss":0.0,"damage_taken":0.0,"relics_obtained":["Nloth\u0027s Gift"]},{"damage_healed":0.0,"max_hp_gain":0.0,"max_hp_loss":0.0,"gold_gain":0.0,"event_name":"Forgotten Altar","player_choice":"Smashed Altar","floor":27.0,"gold_loss":0.0,"damage_taken":0.0,"cards_obtained":["Decay"]},{"cards_removed":["Decay"],"damage_healed":0.0,"max_hp_gain":0.0,"max_hp_loss":0.0,"gold_gain":0.0,"event_name":"Back to Basics","player_choice":"Elegance","floor":28.0,"gold_loss":0.0,"damage_taken":0.0},{"damage_healed":0,"gold_gain":0,"player_choice":"Embrace Madness","damage_taken":11,"max_hp_gain":0,"max_hp_loss":0,"event_name":"Winding Halls","floor":36,"gold_loss":0,"cards_obtained":["Madness","Madness"]},{"damage_healed":77,"gold_gain":0,"player_choice":"Heal","damage_taken":0,"max_hp_gain":0,"max_hp_loss":11,"event_name":"The Moai Head","floor":39,"gold_loss":0}],"is_beta":false,"boss_relics":[{"not_picked":["Tiny House","Runic Dome"],"picked":"Mark of Pain"},{"not_picked":["Snecko Eye","Black Star"],"picked":"Runic Cube"}],"items_purged_floors":[22,38],"is_endless":false,"potions_floor_spawned":[1,5,13,23,25,31,33,37],"killed_by":"Reptomancer","ascension_level":12}}