{"host":"v80r9qzmzup21z1w","time":1614306449,"event":{"mods":["AlwaysNeverKeys","BaseMod","BetterRewards","Minty Spire (QoL Compilation)","Quick Restart","StSLib","The Saiyan"],"gold_per_floor":[193,206,226,226,401,411,411,411,411],"floor_reached":8,"language":"ENG","playtime":745,"items_purged":[],"score":48,"play_id":"105d1401-d9e0-4942-8b7c-c01298a788b6","local_time":"20210226022729","is_ascension_mode":false,"campfire_choices":[{"floor":7,"key":"REST"}],"circlet_count":0,"master_deck":["Saiyan:SAIYA_Strike","Saiyan:SAIYA_Strike+1","Saiyan:SAIYA_Strike","Saiyan:SAIYA_Strike","Saiyan:SAIYA_Defend","Saiyan:SAIYA_Defend","Saiyan:SAIYA_Defend","Saiyan:SAIYA_Defend","Saiyan:EnergyBlast","Saiyan:KaioKen","Saiyan:RuthlessBlow","Saiyan:PowerUp","Saiyan:TurtleShell+1","Saiyan:Reset","Doubt","Saiyan:PressOn"],"relics":["SaiyanSoul","SaiyanHeart"],"acts_visited":["Exordium"],"potions_floor_usage":[],"damage_taken":[{"damage":4,"enemies":"Jaw Worm","floor":1,"turns":3},{"damage":0,"enemies":"2 Louse","floor":2,"turns":3},{"damage":1,"enemies":"Small Slimes","floor":3,"turns":3},{"damage":0,"enemies":"3 Louse","floor":6,"turns":3},{"damage":67,"enemies":"Gremlin Nob","floor":8,"turns":6}],"seed_played":"-8239816584306485747","potions_obtained":[{"floor":1,"key":"Swift Potion"},{"floor":2,"key":"Swift Potion"},{"floor":3,"key":"Energy Potion"}],"is_trial":false,"path_per_floor":["M","M","M","?","?","M","R","E"],"character_chosen":"SAIYAJIN","items_purchased":[],"campfire_rested":1,"item_purchase_floors":[],"current_hp_per_floor":[56,56,56,44,44,45,62,0,0],"gold":411,"neow_bonus":"HUNDRED_GOLD","is_daily":false,"chose_seed":false,"campfire_upgraded":0,"win_rate":0.0,"timestamp":1614306449,"path_taken":["M","M","M","?","?","M","R","E"],"items_purchased_type":[],"build_version":"2020-12-22","purchased_purges":0,"victory":false,"max_hp_per_floor":[60,60,61,61,61,62,62,63,63],"card_choices":[{"not_picked":["Saiyan:SpiritSword","Saiyan:DragonFist"],"picked":"Saiyan:PowerUp","floor":1},{"not_picked":["Saiyan:KiStrike","Saiyan:Afterimage"],"picked":"Saiyan:TurtleShell","floor":2},{"not_picked":["Saiyan:Taunt","Saiyan:DragonRadar"],"picked":"Saiyan:Reset","floor":3},{"not_picked":["Saiyan:ExtremeSpeed","Saiyan:BackAttack"],"picked":"Saiyan:PressOn","floor":6}],"player_experience":326444,"relics_obtained":[],"event_choices":[{"damage_healed":0,"gold_gain":0,"player_choice":"Entered Light","damage_taken":12,"max_hp_gain":0,"max_hp_loss":0,"event_name":"Shining Light","floor":4,"gold_loss":0,"cards_upgraded":["Saiyan:SAIYA_Strike","Saiyan:TurtleShell"]},{"damage_healed":0,"gold_gain":175,"player_choice":"AGREE","damage_taken":0,"max_hp_gain":0,"max_hp_loss":0,"event_name":"Liars Game","floor":5,"gold_loss":0,"cards_obtained":["Doubt"]}],"is_beta":false,"boss_relics":[],"items_purged_floors":[],"is_endless":false,"potions_floor_spawned":[1,2,3],"killed_by":"Gremlin Nob","ascension_level":0}}