{"host":"insagfzijja1377g","time":1614303326,"event":{"mods":["BaseMod","Bestiary","Highlight Path","Minty Spire (QoL Compilation)","Relic Stats","Slay the Relics Exporter"],"gold_per_floor":[113,113,129,147,222,222,232,232,280,307,318,351,301,48,48,122,122,138,149,149,165,181,181,208,158,158,158,186,201,230,259,259,331,331,341,354,73,73,128,163,163,191,203,233,282,294,324,349,361,373,385,397,45,76,76],"floor_reached":56,"language":"ENG","playtime":3310,"items_purged":["Strike_P"],"score":2228,"play_id":"3529fdae-d871-4eb6-a02d-9a1264cfb6ad","local_time":"20210225193526","is_ascension_mode":true,"campfire_choices":[{"data":"BowlingBash","floor":6.0,"key":"SMITH"},{"data":"Eruption","floor":8.0,"key":"SMITH"},{"data":"SpiritShield","floor":15.0,"key":"SMITH"},{"data":"Tantrum","floor":23.0,"key":"SMITH"},{"floor":27.0,"key":"REST"},{"data":"Scrawl","floor":32.0,"key":"SMITH"},{"data":"Devotion","floor":41.0,"key":"SMITH"},{"data":"Shame","floor":46,"key":"PURGE"},{"floor":49,"key":"RECALL"},{"data":"Wireheading","floor":52,"key":"SMITH"}],"circlet_count":0,"master_deck":["AscendersBane","Strike_P","Strike_P+1","Strike_P","Defend_P","Defend_P","Eruption+1","Vigilance+1","Scrawl+1","Indignation","BowlingBash+1","ClearTheMind","CutThroughFate","SpiritShield+1","Halt+1","Sanctity+1","Tantrum+1","Adaptation+1","FlurryOfBlows","SpiritShield","Halt","CutThroughFate+1","Nirvana+1","EmptyFist+1","Scrawl+1","Consecrate+1","EmptyMind+1","Wallop","LessonLearned","ClearTheMind+1","Meditate+1","Wireheading+1","CutThroughFate","Devotion+1","Consecrate+1","Pray+1","SashWhip+1","Madness+1","Madness"],"relics":["PureWater","PreservedInsect","Vajra","Toy Ornithopter","Black Star","Juzu Bracelet","White Beast Statue","Pen Nib","WingedGreaves","Boot","Bottled Lightning","Torii","Art of War","Cursed Key","CeramicFish","Orrery","Whetstone","Mercury Hourglass","MealTicket","Peace Pipe","MawBank","Orichalcum","Oddly Smooth Stone","HornCleat","Mummified Hand","Yang"],"acts_visited":["Exordium","TheCity","TheBeyond","TheEnding"],"potions_floor_usage":[45,48,50,55,55],"damage_taken":[{"damage":0.0,"enemies":"Cultist","floor":1.0,"turns":2.0},{"damage":8.0,"enemies":"Small Slimes","floor":3.0,"turns":4.0},{"damage":0.0,"enemies":"2 Louse","floor":4.0,"turns":2.0},{"damage":0.0,"enemies":"Large Slime","floor":7.0,"turns":2.0},{"damage":0.0,"enemies":"Gremlin Nob","floor":10.0,"turns":2.0},{"damage":0.0,"enemies":"2 Fungi Beasts","floor":11.0,"turns":2.0},{"damage":0.0,"enemies":"Lagavulin","floor":12.0,"turns":4.0},{"damage":12.0,"enemies":"The Guardian","floor":16.0,"turns":7.0},{"damage":12.0,"enemies":"Chosen","floor":18.0,"turns":3.0},{"damage":0.0,"enemies":"Spheric Guardian","floor":19.0,"turns":2.0},{"damage":16.0,"enemies":"Snake Plant","floor":21.0,"turns":5.0},{"damage":0.0,"enemies":"Shelled Parasite and Fungi","floor":22.0,"turns":4.0},{"damage":10.0,"enemies":"Slavers","floor":24.0,"turns":3.0},{"damage":0.0,"enemies":"Gremlin Leader","floor":28.0,"turns":1.0},{"damage":10.0,"enemies":"Centurion and Healer","floor":29.0,"turns":4.0},{"damage":2.0,"enemies":"Slavers","floor":30.0,"turns":2.0},{"damage":4.0,"enemies":"Book of Stabbing","floor":31.0,"turns":2.0},{"damage":13.0,"enemies":"Automaton","floor":33.0,"turns":6.0},{"damage":0.0,"enemies":"3 Darklings","floor":35.0,"turns":5.0},{"damage":0.0,"enemies":"Orb Walker","floor":36.0,"turns":1.0},{"damage":0.0,"enemies":"Reptomancer","floor":40.0,"turns":2.0},{"damage":1.0,"enemies":"Nemesis","floor":42.0,"turns":5.0},{"damage":0,"enemies":"3 Darklings","floor":44,"turns":2},{"damage":7,"enemies":"Reptomancer","floor":45,"turns":3},{"damage":2,"enemies":"Sphere and 2 Shapes","floor":48,"turns":3},{"damage":26,"enemies":"Time Eater","floor":50,"turns":6},{"damage":0,"enemies":"Shield and Spear","floor":54,"turns":3},{"damage":40,"enemies":"The Heart","floor":55,"turns":7}],"seed_played":"-6935829330534147320","potions_obtained":[{"floor":1.0,"key":"Strength Potion"},{"floor":3.0,"key":"Ancient Potion"},{"floor":7.0,"key":"Regen Potion"},{"floor":11.0,"key":"SpeedPotion"},{"floor":19.0,"key":"Ancient Potion"},{"floor":21.0,"key":"PowerPotion"},{"floor":28.0,"key":"Fire Potion"},{"floor":29.0,"key":"SkillPotion"},{"floor":30.0,"key":"Explosive Potion"},{"floor":31.0,"key":"DistilledChaos"},{"floor":33.0,"key":"DuplicationPotion"},{"floor":35.0,"key":"PowerPotion"},{"floor":45,"key":"Swift Potion"},{"floor":48,"key":"Explosive Potion"}],"is_trial":false,"path_per_floor":["M","?","M","M","?","R","M","R","T","E","M","E","?","$","R","B",null,"M","M","?","M","M","R","E","?","T","R","E","M","E","E","R","B",null,"M","M","$","?","T","E","R","E","T","M","E","R","?","M","R","B",null,"R","$","E","B",null],"character_chosen":"WATCHER","items_purchased":["Tantrum","Adaptation","FlurryOfBlows","CeramicFish","Wireheading","Orrery","HornCleat","Regen Potion","Weak Potion"],"campfire_rested":1,"item_purchase_floors":[14,14,14,37,37,37,53,53,53],"current_hp_per_floor":[65,51,43,43,32,32,32,32,32,32,32,44,44,44,44,32,62,50,50,50,39,39,39,34,34,34,55,55,50,53,49,49,41,64,69,69,69,69,69,69,69,68,68,68,66,66,57,60,60,39,64,64,72,72,44],"gold":76,"neow_bonus":"TRANSFORM_CARD","is_daily":false,"chose_seed":false,"campfire_upgraded":7,"win_rate":0.0,"timestamp":1614303326,"path_taken":["M","?","M","M","?","R","M","R","T","E","M","E","?","$","R","BOSS","M","M","?","M","M","R","E","?","T","R","E","M","E","E","R","BOSS","M","M","?","?","?","E","R","E","T","M","E","R","?","M","R","BOSS","R","$","E","BOSS"],"items_purchased_type":["Card","Card","Card","Relic","Card","Relic","Relic","Potion","Potion"],"build_version":"2020-12-22","purchased_purges":1,"victory":true,"max_hp_per_floor":[72,72,72,72,72,72,72,72,72,72,72,72,72,72,72,72,72,72,72,72,72,72,72,72,72,72,72,72,72,72,72,72,72,72,72,72,72,72,72,72,72,72,72,72,72,72,72,72,72,72,72,72,72,72,72],"relic_stats":{"Torii":51,"counters":[28,94],"CeramicFish":81,"Yang":[31],"PreservedInsect":487,"Pen Nib":[17],"Juzu Bracelet":1,"Whetstone":["Consecrate","CutThroughFate"],"Orichalcum":[12],"Boot":[76],"Cursed Key":1,"MawBank":132,"Mercury Hourglass":[110],"Peace Pipe":1,"Mummified Hand":[3],"MealTicket":8,"Black Star":8,"Art of War":[5],"obtain_stats":[{"Torii":31,"CeramicFish":37,"Vajra":10,"Yang":54,"Juzu Bracelet":24,"Whetstone":39,"Boot":30,"Cursed Key":34,"HornCleat":53,"Mummified Hand":54,"MealTicket":40,"WingedGreaves":28,"Oddly Smooth Stone":45,"PreservedInsect":9,"Pen Nib":28,"Orichalcum":45,"MawBank":42,"White Beast Statue":24,"Mercury Hourglass":40,"Peace Pipe":42,"Orrery":37,"Black Star":17,"Art of War":31,"Bottled Lightning":30,"PureWater":0,"Toy Ornithopter":12},{"Torii":17,"CeramicFish":20,"Vajra":5,"Yang":27,"Juzu Bracelet":13,"Whetstone":20,"Boot":16,"Cursed Key":18,"HornCleat":26,"Mummified Hand":27,"MealTicket":21,"WingedGreaves":14,"Oddly Smooth Stone":24,"PreservedInsect":4,"Pen Nib":14,"Orichalcum":24,"MawBank":22,"White Beast Statue":13,"Mercury Hourglass":21,"Peace Pipe":22,"Orrery":20,"Black Star":8,"Art of War":17,"Bottled Lightning":16,"PureWater":0,"Toy Ornithopter":7},{"Torii":51,"CeramicFish":63,"Vajra":12,"Yang":87,"Juzu Bracelet":42,"Whetstone":63,"Boot":49,"Cursed Key":57,"HornCleat":84,"Mummified Hand":87,"MealTicket":65,"WingedGreaves":43,"Oddly Smooth Stone":75,"PreservedInsect":10,"Pen Nib":43,"Orichalcum":75,"MawBank":70,"White Beast Statue":42,"Mercury Hourglass":65,"Peace Pipe":70,"Orrery":63,"Black Star":25,"Art of War":51,"Bottled Lightning":49,"PureWater":0,"Toy Ornithopter":18}],"Toy Ornithopter":52},"card_choices":[{"not_picked":["Perseverance","Halt"],"picked":"Indignation","floor":1.0},{"not_picked":["Collect","DeceiveReality"],"picked":"BowlingBash","floor":3.0},{"not_picked":["PathToVictory","WreathOfFlame"],"picked":"ClearTheMind","floor":4.0},{"not_picked":["Fasting2","Nirvana"],"picked":"CutThroughFate","floor":7.0},{"not_picked":["BattleHymn","Consecrate"],"picked":"SpiritShield","floor":10.0},{"not_picked":["CrushJoints","Crescendo"],"picked":"Halt","floor":11.0},{"not_picked":["FlyingSleeves","EmptyMind"],"picked":"Sanctity","floor":12.0},{"not_picked":["ConjureBlade","Establishment"],"picked":"SpiritShield","floor":16.0},{"not_picked":["CrushJoints","Prostrate"],"picked":"Halt","floor":18.0},{"not_picked":["Alpha","Consecrate"],"picked":"CutThroughFate","floor":19.0},{"not_picked":["FlurryOfBlows","Sanctity"],"picked":"Nirvana+1","floor":21.0},{"not_picked":["Fasting2","Pray+1","Evaluate"],"picked":"SKIP","floor":22.0},{"not_picked":["WreathOfFlame","FlurryOfBlows"],"picked":"EmptyFist+1","floor":24.0},{"not_picked":["Nirvana","Conclude"],"picked":"Scrawl","floor":28.0},{"not_picked":["PathToVictory","SashWhip"],"picked":"Consecrate","floor":29.0},{"not_picked":["Devotion","Worship"],"picked":"EmptyMind","floor":30.0},{"not_picked":["Ragnarok","ClearTheMind"],"picked":"Wallop","floor":31.0},{"not_picked":["SpiritShield","Devotion"],"picked":"LessonLearned","floor":33.0},{"not_picked":["FlurryOfBlows","EmptyMind"],"picked":"ClearTheMind+1","floor":35.0},{"not_picked":["Crescendo","ClearTheMind"],"picked":"Meditate","floor":36.0},{"not_picked":["Evaluate+1","CrushJoints"],"picked":"CutThroughFate","floor":37.0},{"not_picked":["Halt","EmptyFist"],"picked":"Devotion","floor":37.0},{"not_picked":["Crescendo","JustLucky"],"picked":"Consecrate+1","floor":37.0},{"not_picked":["BowlingBash+1","CutThroughFate"],"picked":"Pray+1","floor":37.0},{"not_picked":["Study","Pray","PathToVictory+1"],"picked":"SKIP","floor":40.0},{"not_picked":["Study","Pray","PathToVictory+1"],"picked":"SKIP","floor":40.0},{"not_picked":["Sanctity","Consecrate","FollowUp"],"picked":"SKIP","floor":42.0},{"not_picked":["Crescendo+1","CrushJoints","SandsOfTime"],"picked":"SKIP","floor":44},{"not_picked":["Wireheading","JustLucky"],"picked":"SashWhip+1","floor":45},{"not_picked":["CrushJoints","ClearTheMind+1","BattleHymn"],"picked":"SKIP","floor":48},{"not_picked":["ReachHeaven","Ragnarok","BowlingBash"],"picked":"SKIP","floor":54}],"player_experience":2243582,"relics_obtained":[{"floor":9.0,"key":"PreservedInsect"},{"floor":10.0,"key":"Vajra"},{"floor":12.0,"key":"Toy Ornithopter"},{"floor":24.0,"key":"Juzu Bracelet"},{"floor":24.0,"key":"White Beast Statue"},{"floor":28.0,"key":"Pen Nib"},{"floor":28.0,"key":"WingedGreaves"},{"floor":30.0,"key":"Boot"},{"floor":30.0,"key":"Bottled Lightning"},{"floor":31.0,"key":"Torii"},{"floor":31.0,"key":"Art of War"},{"floor":39.0,"key":"Whetstone"},{"floor":40.0,"key":"Mercury Hourglass"},{"floor":40.0,"key":"MealTicket"},{"floor":42.0,"key":"Peace Pipe"},{"floor":42.0,"key":"MawBank"},{"floor":45,"key":"Orichalcum"},{"floor":45,"key":"Oddly Smooth Stone"},{"floor":54,"key":"Mummified Hand"},{"floor":54,"key":"Yang"}],"event_choices":[{"damage_healed":0.0,"max_hp_gain":0.0,"max_hp_loss":0.0,"gold_gain":0.0,"event_name":"Shining Light","player_choice":"Entered Light","floor":2.0,"gold_loss":0.0,"damage_taken":14.0,"cards_upgraded":["Strike_P","Scrawl"]},{"damage_healed":0.0,"max_hp_gain":0.0,"max_hp_loss":0.0,"gold_gain":75.0,"event_name":"World of Goop","player_choice":"Gather Gold","floor":5.0,"gold_loss":0.0,"damage_taken":11.0},{"cards_removed":["Defend_P"],"damage_healed":0.0,"max_hp_gain":0.0,"max_hp_loss":0.0,"gold_gain":0.0,"event_name":"The Cleric","player_choice":"Card Removal","floor":13.0,"gold_loss":50.0,"damage_taken":0.0},{"damage_healed":0.0,"max_hp_gain":0.0,"max_hp_loss":0.0,"gold_gain":0.0,"event_name":"Vampires","player_choice":"Ignored","floor":20.0,"gold_loss":0.0,"damage_taken":0.0},{"damage_healed":0.0,"max_hp_gain":0.0,"max_hp_loss":0.0,"gold_gain":0.0,"event_name":"The Joust","player_choice":"Bet on Murderer","floor":25.0,"gold_loss":50.0,"damage_taken":0.0},{"damage_healed":0.0,"max_hp_gain":0.0,"max_hp_loss":0.0,"gold_gain":0.0,"event_name":"Tomb of Lord Red Mask","player_choice":"Ignored","floor":38.0,"gold_loss":0.0,"damage_taken":0.0},{"damage_healed":0,"gold_gain":0,"player_choice":"Embrace Madness","damage_taken":9,"max_hp_gain":0,"max_hp_loss":0,"event_name":"Winding Halls","floor":47,"gold_loss":0,"cards_obtained":["Madness","Madness"]}],"is_beta":false,"boss_relics":[{"not_picked":["Astrolabe","Fusion Hammer"],"picked":"Black Star"},{"not_picked":["Velvet Choker","Runic Pyramid"],"picked":"Cursed Key"}],"items_purged_floors":[14],"is_endless":false,"potions_floor_spawned":[1,3,7,11,19,21,28,29,30,31,33,35,36,40,42,44,45,48,54],"ascension_level":13}}