{"host":"o7qw3jzl24gy84x7","time":1614355887,"event":{"mods":["Act Like it!","Arknights","BaseMod","CapriCore","Card Forge","DeckTracker","Friendly Minions","Gensokyo","GifTheSpireLib","Koishi","KomeijiMod","Marisa£¨Ùöéë¡¡Øª×âÞÞ£©","Minty Spire (QoL Compilation)","Prisma Mod","Remove Card Discount Mod","Shop Mod","StSLib","The Immortal","The Jungle","WarShipGirlsR/??á´Ò³R mod"],"gold_per_floor":[109,123,88021,87898,87033,87033,87033,87048,87048,87073,87084,87084,86580,86592,86592,86696,86746,86764,85907,85781,85238,85238,85267,85285,84349,84349,84349,84366,84382,84382,84392,84392,84488,84488,84500,84500,84510,84510,84527,84558,84576,84576,84576,84607,84625,84640,84650,84675,84675,84675,84675,84675,83568,83602,83602,83602],"floor_reached":55,"language":"KOR","playtime":4173,"items_purged":["ats:Strike V","ats:Strike S","ats:Strike G","ats:Strike C","ats:Defend","ats:Defend","ats:Armor Crushing Shot","ats:Consecutive Shot Auto","ats:Explosion Area Strengthen","ats:Part Time Job","ats:Defend","ats:Defend","ats:Assault Order","ats:Flexible Camouflage","ats:Closed Bolt Burst Fire","Shame","ats:Soul Rend","ats:Revitalization+1"],"score":848,"play_id":"5971d2ae-303d-4fef-a91b-2cce2a6d879a","local_time":"20210227011127","is_ascension_mode":false,"campfire_choices":[{"data":"ats:Ambush","floor":6,"key":"SMITH"},{"data":"ats:Flexible Camouflage","floor":12,"key":"SMITH"},{"data":"ats:Song Of Battle","floor":15,"key":"SMITH"},{"data":"ats:Sunburst","floor":27,"key":"SMITH"},{"floor":32,"key":"RECALL"},{"data":"1","floor":49,"key":"LIFT"},{"data":"2","floor":52,"key":"LIFT"}],"circlet_count":0,"master_deck":["ats:Emotion Absorption","ats:Curse Doll","ats:Flexible Camouflage+1","ats:Ambush+1","ats:Sunburst+1","ats:Shell Defense","ats:Apocalypse+1","ats:Overload","ats:Song Of Battle+1","ats:Demon Strength","ats:Shell Defense","ats:Composite Medical Shells","Finesse","ats:Guard Mode","ats:Apocalypse","ats:Defend Order","ats:Ignite+1","ats:Powerful Strike","ats:Defend Order","ats:Volcano","ats:Assault Order+1","ats:Burning Ground+1","Gensokyo:UnlikelyAid","ats:Flame Of Heaven+1","ats:Song Of Battle","ats:Red Shift","ats:Burning Ground","ats:Calcification"],"relics":["ats:Sanity","Hammer of Thor","Seething Fire","Anvil of the Gods","NeowsBlessing","Sling","Lantern","Pocketwatch","GoodDreamPillow","OrangePellets","Bag of Marbles","Dream Catcher","PreservedInsect","ats:Originium","Gremlin Horn","Orrery","Oddly Smooth Stone","Juzu Bracelet","Tiny House","ats:Defend","Boot","Ice Cream","Ancient Tea Set","TheAbacus","ats:Spiritual Recovery","Anchor","theJungle:SpiritDisease","Potion Belt","ats:Assault","ats:Bonebreaker","InkBottle","Spirit Poop","theJungle:SneckoAutograph","Coffee Dripper","Gensokyo:DualWield","Girya","Gensokyo:EmptyGrave","Dead Branch","Bronze Scales","Lee\u0027s Waffle","Blue Candle","Unceasing Top","Art of War"],"acts_visited":["Exordium","Exordium","Gensokyo:Gensokyoest","TheEnding"],"potions_floor_usage":[5,16,16,16,16,25,35,35,38,38,44,44,44,44,55,55,55,55,55],"damage_taken":[{"damage":0,"enemies":"ats:Genji","floor":1,"turns":1},{"damage":0,"enemies":"2 Louse","floor":2,"turns":1},{"damage":0,"enemies":"Jaw Worm","floor":8,"turns":1},{"damage":8,"enemies":"Lagavulin","floor":10,"turns":4},{"damage":2,"enemies":"Looter","floor":11,"turns":2},{"damage":10,"enemies":"2 Fungi Beasts","floor":14,"turns":2},{"damage":6,"enemies":"Hexaghost","floor":16,"turns":4},{"damage":4,"enemies":"theJungle:MUSHROOMGANG","floor":18,"turns":4},{"damage":12,"enemies":"theJungle:Cassacara","floor":23,"turns":4},{"damage":10,"enemies":"Shell Parasite","floor":24,"turns":5},{"damage":8,"enemies":"theJungle:SlimyTreeVines","floor":28,"turns":5},{"damage":39,"enemies":"theJungle:Lyon","floor":29,"turns":6},{"damage":9,"enemies":"theJungle:2_Snecko_Cultists","floor":31,"turns":5},{"damage":4,"enemies":"theJungle:QueenSpyder","floor":33,"turns":8},{"damage":20,"enemies":"Gensokyo:AncientGuardian","floor":35,"turns":8},{"damage":20,"enemies":"Gensokyo:3_Boulders","floor":37,"turns":4},{"damage":43,"enemies":"Gensokyo:3_Boulders","floor":38,"turns":7},{"damage":0,"enemies":"Gensokyo:4_Bats","floor":39,"turns":1},{"damage":55,"enemies":"Gensokyo:Marisa","floor":40,"turns":5},{"damage":22,"enemies":"Gensokyo:SeedOfUnknown","floor":41,"turns":5},{"damage":0,"enemies":"Gensokyo:Kasen","floor":44,"turns":4},{"damage":30,"enemies":"Gensokyo:Sharpion","floor":45,"turns":4},{"damage":12,"enemies":"Gensokyo:AtlasGolem","floor":46,"turns":6},{"damage":0,"enemies":"Gensokyo:4_Bats","floor":47,"turns":1},{"damage":0,"enemies":"Gensokyo:Yuyuko","floor":50,"turns":5},{"damage":5,"enemies":"Shield and Spear","floor":54,"turns":3},{"damage":111,"enemies":"The Heart","floor":55,"turns":6}],"seed_played":"8506782223228936424","potions_obtained":[{"floor":16,"key":"Fruit Juice"},{"floor":17,"key":"Strength Potion"},{"floor":18,"key":"SpeedPotion"},{"floor":23,"key":"Regen Potion"},{"floor":37,"key":"AttackPotion"},{"floor":39,"key":"EssenceOfSteel"},{"floor":40,"key":"GamblersBrew"},{"floor":44,"key":"EssenceOfSteel"},{"floor":45,"key":"ats:Burn Small Potion"}],"is_trial":false,"path_per_floor":["M","M","$","?","$","R","?","M","T","E","M","R","$","M","R","B",null,"M","$","?","$","?","E","M","$","T","R","M","M","?","M","R","B",null,"M","?","M","?","M","E","M","?","T","E","M","M","M","T","R","B",null,"R","$","E","B"],"character_chosen":"DOCTOR_CLASS","items_purchased":["ats:Flexible Camouflage","Sling","Lantern","Pocketwatch","SteroidPotion","ats:Emergency Sanity Potion","AttackPotion","ats:Ambush","ats:Sunburst","OrangePellets","Bag of Marbles","Dream Catcher","ats:Closed Bolt Burst Fire","ats:Shell Defense","ats:Apocalypse","ats:Part Time Job","ats:Explosion Area Strengthen","Fruit Juice","ats:Top Emergency Sanity Potion","Orrery","ats:Hammer On","Oddly Smooth Stone","Juzu Bracelet","ats:Shell Defense","ats:Defend","Boot","Ice Cream","ats:Composite Medical Shells","Explosive Potion","Finesse","TheAbacus","ats:Spiritual Recovery","Anchor","ats:Guard Mode","ats:Apocalypse","ats:Assault","ats:Bonebreaker","InkBottle","Fruit Juice","Fire Potion","ats:Powerful Strike","ats:Defend Order","Lee\u0027s Waffle","Blue Candle","Unceasing Top","ats:Red Shift","ats:Burning Ground","Dexterity Potion","ats:Top Emergency Sanity Potion","SpeedPotion","ats:Calcification"],"campfire_rested":0,"item_purchase_floors":[3,3,3,3,3,3,3,3,3,5,5,5,5,5,5,5,5,5,5,13,13,13,13,19,19,19,19,19,19,19,21,21,21,21,21,25,25,25,25,25,25,25,53,53,53,53,53,53,53,53,53],"current_hp_per_floor":[72,72,72,72,77,77,77,77,77,73,73,73,73,63,63,68,87,87,87,87,87,87,87,87,92,92,92,87,87,87,91,91,92,92,81,81,71,71,71,30,35,35,35,41,61,85,85,85,85,85,85,85,92,92,0,0],"gold":83602,"neow_bonus":"THREE_ENEMY_KILL","is_daily":false,"chose_seed":false,"campfire_upgraded":4,"win_rate":0.0,"timestamp":1614355887,"path_taken":["M","M","$","?","$","R","?","M","T","E","M","R","$","M","R","BOSS","M","$","?","?","?","E","M","$","T","R","M","M","?","M","R","BOSS","M","?","M","?","M","E","M","?","T","E","M","M","M","?","R","BOSS","R","$","E","BOSS"],"items_purchased_type":["Card","Relic","Relic","Relic","Potion","Potion","Potion","Card","Card","Relic","Relic","Relic","Card","Card","Card","Card","Card","Potion","Potion","Relic","Card","Relic","Relic","Card","Card","Relic","Relic","Card","Potion","Card","Relic","Relic","Relic","Card","Card","Relic","Relic","Relic","Potion","Potion","Card","Card","Relic","Relic","Relic","Card","Card","Potion","Potion","Potion","Card"],"build_version":"2020-12-22","purchased_purges":18,"victory":false,"max_hp_per_floor":[72,72,72,72,77,77,77,77,77,77,77,77,77,77,77,82,87,87,87,87,87,87,87,87,92,92,92,92,92,92,92,92,92,92,92,92,92,92,92,92,92,85,85,85,85,85,85,85,85,85,85,85,92,92,92,92],"card_choices":[{"not_picked":["ats:Very Hot Blade","ats:Sunburst"],"picked":"ats:Curse Doll","floor":1},{"not_picked":["ats:Cat Scratch","ats:Revitalization"],"picked":"ats:Explosion Area Strengthen","floor":2},{"not_picked":["ats:Wolf Pack","ats:Shell Defense"],"picked":"ats:Consecutive Shot Auto","floor":8},{"not_picked":["ats:Steam Pump","ats:LN2 Cannon","ats:Revitalization"],"picked":"SKIP","floor":10},{"not_picked":["ats:Absolute Focus","ats:Consecutive Shot Auto","ats:Literary Storm"],"picked":"SKIP","floor":11},{"not_picked":["ats:Poison Spread","ats:Curse Doll"],"picked":"ats:Overload","floor":13},{"not_picked":["ats:Healing Strengthening","ats:Powerful Strike"],"picked":"ats:Flexible Camouflage","floor":13},{"not_picked":["ats:Closed Bolt Burst Fire","ats:Sunburst"],"picked":"ats:Assault Order","floor":13},{"not_picked":["ats:Support Order","ats:Revitalization"],"picked":"ats:Song Of Battle","floor":14},{"not_picked":["ats:Wolf Pack","ats:Durian"],"picked":"ats:Soul Rend","floor":16},{"not_picked":["ats:Chain Hook","ats:Closed Bolt Burst Fire"],"picked":"ats:Demon Strength","floor":17},{"not_picked":["ats:Closed Bolt Burst Fire","ats:Consecutive Shot Auto"],"picked":"ats:Automatic Cover+1","floor":18},{"not_picked":["ats:Guard Mode","ats:Charging Defense+1"],"picked":"ats:Defend Order","floor":23},{"not_picked":["ats:Song Of Battle","ats:Hammer On"],"picked":"ats:Ignite+1","floor":24},{"not_picked":["ats:Steam Pump","ats:Powerful Strike"],"picked":"ats:Revitalization+1","floor":28},{"not_picked":["ats:Absolute Focus+1","ats:Revitalization","ats:Healing Drone"],"picked":"SKIP","floor":29},{"not_picked":["ats:Revitalization+1","ats:Guard Mode","ats:Closed Bolt Burst Fire"],"picked":"SKIP","floor":31},{"not_picked":["ats:Echo Reverb","ats:Rat Pack"],"picked":"ats:Volcano","floor":33},{"not_picked":["ats:Magnetic Hammer","ats:Flexible Camouflage"],"picked":"ats:Assault Order+1","floor":35},{"not_picked":["ats:Revitalization+1","ats:Ignite+1"],"picked":"ats:Burning Ground+1","floor":37},{"not_picked":["Gensokyo:DreamlikeParadise","Gensokyo:HouraiInAPot"],"picked":"Gensokyo:UnlikelyAid","floor":38},{"not_picked":["ats:Apocalypse+1","ats:Consecutive Shot Auto+1"],"picked":"ats:Flame Of Heaven+1","floor":39},{"not_picked":["ats:Song Of Battle","ats:Guardian Obelisk","ats:Dogmatic Field"],"picked":"SKIP","floor":40},{"not_picked":["ats:Closed Bolt Burst Fire","ats:Counter Healing Mode+1","ats:Poison Spread"],"picked":"SKIP","floor":41},{"not_picked":["ats:Guard Mode+1","ats:Blood Oath+1","ats:Ignite+1"],"picked":"SKIP","floor":44},{"not_picked":["ats:Red Shift","ats:Apocalypse","ats:Serious Mode+1"],"picked":"SKIP","floor":45},{"not_picked":["ats:Revitalization+1","ats:Fractured Body","ats:Chain Hook"],"picked":"SKIP","floor":46},{"not_picked":["ats:Mental Burst+1","ats:Blood Oath"],"picked":"ats:Song Of Battle","floor":47},{"not_picked":["ats:Collapsing Strike","ats:Revitalization+1","ats:Consecutive Shot Auto+1"],"picked":"SKIP","floor":54}],"player_experience":586675,"relics_obtained":[{"floor":9,"key":"PreservedInsect"},{"floor":10,"key":"ats:Originium"},{"floor":10,"key":"Gremlin Horn"},{"floor":23,"key":"ats:Originium"},{"floor":23,"key":"Potion Belt"},{"floor":26,"key":"Spirit Poop"},{"floor":40,"key":"ats:Originium"},{"floor":40,"key":"Girya"},{"floor":44,"key":"ats:Originium"},{"floor":44,"key":"Dead Branch"},{"floor":48,"key":"Bronze Scales"},{"floor":54,"key":"Art of War"}],"event_choices":[{"damage_healed":0,"gold_gain":0,"player_choice":"Ignored","damage_taken":0,"max_hp_gain":0,"max_hp_loss":0,"event_name":"Golden Wing","floor":7,"gold_loss":0},{"damage_healed":0,"gold_gain":0,"player_choice":"Paid Gold","damage_taken":0,"relics_obtained":["Ancient Tea Set"],"max_hp_gain":0,"max_hp_loss":0,"event_name":"WeMeetAgain","floor":20,"gold_loss":126}],"is_beta":false,"boss_relics":[{"not_picked":["Runic Dome","ats:Tactical Delivery"],"picked":"Tiny House"},{"not_picked":["Velvet Choker","Cursed Key"],"picked":"Coffee Dripper"}],"items_purged_floors":[3,3,3,3,5,13,13,13,13,13,19,19,25,25,25,53,53,53],"is_endless":false,"potions_floor_spawned":[10,11,16,18,23,28,33,37,39,40,44,45],"killed_by":"The Heart","ascension_level":0}}