{"host":"3qkmyeoym75lj4wn","time":1614360401,"event":{"mods":["2.2 Compatiblity","BaseMod","Block Reminder","Colored Powertips","Highlight Path","Minty Spire (QoL Compilation)","Permanent Neow","Potion Indicator Mod","Rare Cards Sparkle","Relic Stats","StSLib","Unceasing Turn Reminder"],"gold_per_floor":[114,129,49,49,49,79,79,109,159,189,189,189,189,219,219,319,319,334,334,349,24,39,69,84,114,139,169,184,184,214,238,238,347,347,362,362,362,377,398,398,437,437,462,492,507,546,571,601,613,625],"floor_reached":51,"language":"ENG","playtime":1941,"items_purged":["Strike_R+1"],"score":1042,"play_id":"3eafa180-f9c6-401e-a260-136b0c49c90e","local_time":"20210226172641","daily_mods":["Chimera","Time Dilation","Elite Swarm"],"is_ascension_mode":false,"campfire_choices":[{"data":"Eruption","floor":7,"key":"SMITH"},{"data":"Biased Cognition","floor":12,"key":"SMITH"},{"data":"Go for the Eyes","floor":15,"key":"SMITH"},{"data":"Seek","floor":29,"key":"SMITH"},{"data":"Go for the Eyes","floor":32,"key":"SMITH"},{"data":"Seek","floor":40,"key":"SMITH"},{"data":"Bash","floor":42,"key":"SMITH"},{"data":"Fission","floor":49,"key":"SMITH"}],"circlet_count":0,"master_deck":["Bash+1","Survivor","Zap+1","Eruption+1","Strike_G+1","Strike_B+1","Defend_R+1","Defend_G+1","Defend_P+1","Go for the Eyes+1","Ball Lightning","Doom and Gloom","All For One","Biased Cognition+1","Electrodynamics","Core Surge","Core Surge","CurseOfTheBell","Cold Snap","Seek+1","Go for the Eyes+1","Coolheaded","Chill+1","Seek+1","Echo Form","Fission+1"],"relics":["Cracked Core","Bag of Preparation","Happy Flower","Potion Belt","Bag of Marbles","Gambling Chip","CaptainsWheel","Calling Bell","Akabeko","Question Card","Prayer Wheel","Ornamental Fan","Lantern","Eternal Feather","Blood Vial","Dream Catcher","CeramicFish","SlaversCollar","Ginger","Molten Egg 2","Nunchaku","Emotion Chip","InkBottle","Oddly Smooth Stone","MawBank"],"acts_visited":["Exordium","TheCity","TheBeyond"],"potions_floor_usage":[8,20,25,27,30,41,46,50,50,50,50,50],"damage_taken":[{"damage":0,"enemies":"2 Louse","floor":1,"turns":2},{"damage":0,"enemies":"Small Slimes","floor":2,"turns":2},{"damage":21,"enemies":"Gremlin Nob","floor":6,"turns":3},{"damage":0,"enemies":"3 Sentries","floor":8,"turns":2},{"damage":10,"enemies":"Gremlin Nob","floor":10,"turns":3},{"damage":0,"enemies":"3 Sentries","floor":14,"turns":2},{"damage":8,"enemies":"The Guardian","floor":16,"turns":6},{"damage":0,"enemies":"Spheric Guardian","floor":18,"turns":1},{"damage":7,"enemies":"Shell Parasite","floor":20,"turns":2},{"damage":6,"enemies":"Cultist and Chosen","floor":22,"turns":3},{"damage":7,"enemies":"Book of Stabbing","floor":23,"turns":3},{"damage":0,"enemies":"Snecko","floor":24,"turns":2},{"damage":0,"enemies":"Slavers","floor":25,"turns":2},{"damage":4,"enemies":"Book of Stabbing","floor":27,"turns":3},{"damage":0,"enemies":"Shelled Parasite and Fungi","floor":28,"turns":1},{"damage":4,"enemies":"Slavers","floor":30,"turns":2},{"damage":0,"enemies":"Centurion and Healer","floor":31,"turns":3},{"damage":7,"enemies":"Automaton","floor":33,"turns":6},{"damage":5,"enemies":"3 Darklings","floor":35,"turns":2},{"damage":0,"enemies":"3 Shapes","floor":38,"turns":1},{"damage":0,"enemies":"2 Orb Walkers","floor":39,"turns":4},{"damage":0,"enemies":"Reptomancer","floor":41,"turns":2},{"damage":16,"enemies":"Giant Head","floor":44,"turns":6},{"damage":1,"enemies":"Writhing Mass","floor":45,"turns":5},{"damage":0,"enemies":"Reptomancer","floor":46,"turns":3},{"damage":18,"enemies":"Giant Head","floor":48,"turns":6},{"damage":4,"enemies":"Donu and Deca","floor":50,"turns":5}],"seed_played":"4728103701414758894","potions_obtained":[{"floor":2,"key":"SteroidPotion"},{"floor":6,"key":"Fruit Juice"},{"floor":10,"key":"CultistPotion"},{"floor":18,"key":"ColorlessPotion"},{"floor":24,"key":"Block Potion"},{"floor":25,"key":"SkillPotion"},{"floor":28,"key":"Weak Potion"},{"floor":33,"key":"PotionOfCapacity"},{"floor":35,"key":"Energy Potion"},{"floor":41,"key":"Strength Potion"},{"floor":45,"key":"Swift Potion"},{"floor":48,"key":"PotionOfCapacity"}],"is_trial":false,"path_per_floor":["M","M","$","?","?","E","R","E","T","E","?","R","?","E","R","B",null,"M","?","M","$","M","E","M","E","T","E","M","R","E","M","R","B",null,"M","?","?","M","?","R","E","R","T","E","M","E","T","E","R","B",null],"character_chosen":"DEFECT","items_purchased":["Doom and Gloom","Ornamental Fan"],"campfire_rested":0,"item_purchase_floors":[3,21],"current_hp_per_floor":[75,75,75,75,60,39,39,39,39,29,54,54,51,51,51,43,75,75,75,68,68,62,55,55,55,55,53,55,67,65,67,75,68,75,70,70,70,71,71,71,71,71,71,55,56,58,58,42,57,60],"gold":637,"neow_bonus":"","is_daily":true,"chose_seed":false,"campfire_upgraded":8,"win_rate":0.0,"timestamp":1614360401,"path_taken":["M","M","$","?","?","E","R","E","T","E","?","R","?","E","R","BOSS","M","?","M","$","M","E","M","E","T","E","M","R","E","M","R","BOSS","M","?","?","M","?","R","E","R","T","E","M","E","?","E","R","BOSS"],"items_purchased_type":["Card","Relic"],"build_version":"2020-12-22","purchased_purges":1,"victory":true,"max_hp_per_floor":[75,75,75,75,75,75,75,75,75,75,75,75,75,75,75,75,75,75,75,75,75,75,75,75,75,75,75,75,75,75,75,75,75,75,75,75,71,71,71,71,71,71,71,71,71,71,71,71,71,76],"relic_stats":{"Happy Flower":[24],"counters":[27,82],"CeramicFish":36,"Eternal Feather":35,"Bag of Preparation":[48],"Ginger":[4],"Question Card":28,"MawBank":36,"Blood Vial":17,"Dream Catcher":0,"Nunchaku":[8],"Emotion Chip":[10,4,6,0,0],"Ornamental Fan":[132],"Gambling Chip":[73],"Prayer Wheel":9,"obtain_stats":[{"Lantern":23,"CeramicFish":30,"Bag of Preparation":6,"Ginger":39,"Blood Vial":26,"Dream Catcher":27,"Nunchaku":43,"Emotion Chip":44,"Gambling Chip":13,"Prayer Wheel":17,"Cracked Core":0,"InkBottle":46,"Potion Belt":9,"Happy Flower":8,"Oddly Smooth Stone":47,"Eternal Feather":25,"Question Card":17,"MawBank":48,"Akabeko":17,"Calling Bell":17,"SlaversCollar":34,"CaptainsWheel":14,"Ornamental Fan":21,"Molten Egg 2":41,"Bag of Marbles":10},{"Lantern":11,"CeramicFish":16,"Bag of Preparation":3,"Ginger":21,"Blood Vial":13,"Dream Catcher":14,"Nunchaku":22,"Emotion Chip":23,"Gambling Chip":5,"Prayer Wheel":7,"Cracked Core":0,"InkBottle":25,"Potion Belt":4,"Happy Flower":4,"Oddly Smooth Stone":25,"Eternal Feather":13,"Question Card":7,"MawBank":26,"Akabeko":7,"Calling Bell":7,"SlaversCollar":18,"CaptainsWheel":6,"Ornamental Fan":9,"Molten Egg 2":22,"Bag of Marbles":5},{"Lantern":29,"CeramicFish":39,"Bag of Preparation":7,"Ginger":55,"Blood Vial":33,"Dream Catcher":36,"Nunchaku":57,"Emotion Chip":63,"Gambling Chip":12,"Prayer Wheel":20,"Cracked Core":0,"InkBottle":71,"Potion Belt":9,"Happy Flower":9,"Oddly Smooth Stone":71,"Eternal Feather":33,"Question Card":20,"MawBank":77,"Akabeko":20,"Calling Bell":20,"SlaversCollar":48,"CaptainsWheel":14,"Ornamental Fan":23,"Molten Egg 2":57,"Bag of Marbles":12}],"InkBottle":[6]},"card_choices":[{"not_picked":["Hologram","Skim"],"picked":"Go for the Eyes","floor":1},{"not_picked":["Redo","Sweeping Beam"],"picked":"Ball Lightning","floor":2},{"not_picked":["Reboot","Meteor Strike"],"picked":"All For One","floor":6},{"not_picked":["Machine Learning","Hyperbeam"],"picked":"Biased Cognition","floor":8},{"not_picked":["Multi-Cast","Meteor Strike"],"picked":"Electrodynamics","floor":10},{"not_picked":["Buffer","Fission"],"picked":"Core Surge","floor":14},{"not_picked":["Multi-Cast","All For One"],"picked":"Core Surge","floor":16},{"not_picked":["Melter","Heatsinks","Fusion"],"picked":"Cold Snap","floor":18},{"not_picked":["Conserve Battery","Redo","Barrage","Reinforced Body"],"picked":"SKIP","floor":18},{"not_picked":["Hologram+1","Barrage","Turbo"],"picked":"Seek","floor":20},{"not_picked":["Stack+1","Beam Cell","Steam","Scrape"],"picked":"SKIP","floor":20},{"not_picked":["Reprogram+1","FTL","Darkness+1"],"picked":"Ball Lightning+1","floor":22},{"not_picked":["Stack","Hologram","Double Energy","Redo"],"picked":"SKIP","floor":22},{"not_picked":["Creative AI","Machine Learning","Electrodynamics","Amplify"],"picked":"SKIP","floor":23},{"not_picked":["Turbo","Genetic Algorithm","Leap"],"picked":"Go for the Eyes","floor":24},{"not_picked":["Steam","Fusion","Gash","Consume+1"],"picked":"SKIP","floor":24},{"not_picked":["Buffer","Thunder Strike","Rainbow","Multi-Cast"],"picked":"SKIP","floor":25},{"not_picked":["Rainbow","Reboot","Electrodynamics","Machine Learning"],"picked":"SKIP","floor":27},{"not_picked":["Streamline+1","Go for the Eyes","Leap"],"picked":"Coolheaded","floor":28},{"not_picked":["Turbo","Beam Cell","Hello World","Redo"],"picked":"SKIP","floor":28},{"not_picked":["Creative AI","Multi-Cast","Thunder Strike","Hyperbeam"],"picked":"SKIP","floor":30},{"not_picked":["Coolheaded+1","Rip and Tear+1","Sweeping Beam"],"picked":"Chill+1","floor":31},{"not_picked":["Coolheaded","Sweeping Beam","Leap","Streamline"],"picked":"SKIP","floor":31},{"not_picked":["Electrodynamics","Meteor Strike","Creative AI"],"picked":"Seek","floor":33},{"not_picked":["Beam Cell+1","Go for the Eyes","Steam+1","Hello World+1"],"picked":"SKIP","floor":35},{"not_picked":["Streamline","Chaos","Coolheaded","Cold Snap"],"picked":"SKIP","floor":35},{"not_picked":["Heatsinks+1","Reinforced Body","Turbo","Rip and Tear"],"picked":"SKIP","floor":38},{"not_picked":["BootSequence+1","Sweeping Beam+1","Doom and Gloom","Tempest+1"],"picked":"SKIP","floor":38},{"not_picked":["Rainbow","Creative AI","Hyperbeam+1"],"picked":"Echo Form","floor":41},{"not_picked":["Machine Learning","Meteor Strike+1","Echo Form","Rainbow"],"picked":"SKIP","floor":44},{"not_picked":["Sweeping Beam+1","Barrage+1","Stack+1","Hologram"],"picked":"SKIP","floor":45},{"not_picked":["Redo","Streamline+1","Compile Driver+1","Beam Cell+1"],"picked":"SKIP","floor":45},{"not_picked":["Thunder Strike+1","Multi-Cast","Echo Form"],"picked":"Fission","floor":46},{"not_picked":["All For One+1","Amplify","Creative AI","Buffer"],"picked":"SKIP","floor":48}],"player_experience":1775068,"relics_obtained":[{"floor":6,"key":"Bag of Preparation"},{"floor":8,"key":"Happy Flower"},{"floor":9,"key":"Potion Belt"},{"floor":10,"key":"Bag of Marbles"},{"floor":14,"key":"CaptainsWheel"},{"floor":17,"key":"Akabeko"},{"floor":17,"key":"Question Card"},{"floor":17,"key":"Prayer Wheel"},{"floor":23,"key":"Lantern"},{"floor":25,"key":"Eternal Feather"},{"floor":26,"key":"Blood Vial"},{"floor":27,"key":"Dream Catcher"},{"floor":30,"key":"CeramicFish"},{"floor":39,"key":"Ginger"},{"floor":41,"key":"Molten Egg 2"},{"floor":43,"key":"Nunchaku"},{"floor":44,"key":"Emotion Chip"},{"floor":46,"key":"InkBottle"},{"floor":47,"key":"Oddly Smooth Stone"},{"floor":48,"key":"MawBank"}],"event_choices":[{"damage_healed":0,"gold_gain":0,"player_choice":"Grow","damage_taken":0,"max_hp_gain":0,"max_hp_loss":0,"event_name":"Living Wall","floor":4,"gold_loss":0,"cards_upgraded":["Zap"]},{"damage_healed":0,"gold_gain":0,"player_choice":"Entered Light","damage_taken":15,"max_hp_gain":0,"max_hp_loss":0,"event_name":"Shining Light","floor":5,"gold_loss":0,"cards_upgraded":["Strike_B","Strike_R"]},{"damage_healed":25,"gold_gain":0,"player_choice":"Banana","damage_taken":0,"max_hp_gain":0,"max_hp_loss":0,"event_name":"Big Fish","floor":11,"gold_loss":0},{"damage_healed":0,"gold_gain":0,"player_choice":"Success","damage_taken":3,"relics_obtained":["Gambling Chip"],"max_hp_gain":0,"max_hp_loss":0,"event_name":"Scrap Ooze","floor":13,"gold_loss":0},{"damage_healed":0,"gold_gain":0,"player_choice":"Simplicity","damage_taken":0,"max_hp_gain":0,"max_hp_loss":0,"event_name":"Back to Basics","floor":19,"gold_loss":0,"cards_upgraded":["Strike_G","Defend_R","Defend_G","Defend_P"]},{"cards_removed":["Ball Lightning"],"damage_healed":0,"gold_gain":0,"player_choice":"Removed Attack","damage_taken":0,"max_hp_gain":0,"max_hp_loss":0,"event_name":"Falling","floor":36,"gold_loss":0},{"damage_healed":0,"gold_gain":0,"player_choice":"Max HP","damage_taken":0,"max_hp_gain":0,"max_hp_loss":4,"event_name":"Winding Halls","floor":37,"gold_loss":0},{"damage_healed":0,"gold_gain":0,"player_choice":"Fight","damage_taken":0,"max_hp_gain":0,"max_hp_loss":0,"event_name":"Mysterious Sphere","floor":39,"gold_loss":0}],"is_beta":false,"boss_relics":[{"not_picked":["Runic Dome","Coffee Dripper"],"picked":"Calling Bell"},{"not_picked":["Runic Pyramid","Nuclear Battery"],"picked":"SlaversCollar"}],"items_purged_floors":[21],"is_endless":false,"potions_floor_spawned":[2,6,10,18,24,25,28,33,35,41,45,48],"ascension_level":0}}