{"host":"uv5ws9rdk87e8i5k","time":1614371355,"event":{"mods":["AchievementEnabler","BaseMod","Colored Map","Minty Spire (QoL Compilation)","Permanent Neow","Quick Restart","StSLib","SuperFastMode","The Necromancer","The Saiyan"],"gold_per_floor":[15,15,15,38,52,95,108,108,108,148,169,169,169],"floor_reached":12,"language":"ENG","playtime":253,"items_purged":[],"score":126,"play_id":"2f2f9bcb-b9bd-49a9-b84f-147947c611e3","local_time":"20210226142915","is_ascension_mode":true,"campfire_choices":[{"data":"Turbo","floor":8.0,"key":"SMITH"}],"circlet_count":0,"master_deck":["Strike_B","Strike_B","Strike_B","Strike_B","Defend_B","Defend_B","Defend_B","Defend_B","Zap","Dualcast+1","Conserve Battery","Ball Lightning","Doom and Gloom","Steam Power","FTL","Cold Snap","Echo Form","Turbo+1","Steam Power","Glacier","Conserve Battery"],"relics":["Cracked Core","Prayer Wheel","Golden Idol","Bottled Lightning","Shuriken","Gremlin Horn"],"acts_visited":["Exordium"],"potions_floor_usage":[12,12],"damage_taken":[{"damage":9.0,"enemies":"Jaw Worm","floor":1.0,"turns":5.0},{"damage":1.0,"enemies":"Small Slimes","floor":4.0,"turns":3.0},{"damage":0.0,"enemies":"Cultist","floor":5.0,"turns":3.0},{"damage":15.0,"enemies":"Gremlin Nob","floor":6.0,"turns":3.0},{"damage":12.0,"enemies":"Gremlin Gang","floor":7.0,"turns":3.0},{"damage":9.0,"enemies":"Lagavulin","floor":10.0,"turns":7.0},{"damage":10.0,"enemies":"Exordium Thugs","floor":11.0,"turns":3.0},{"damage":12,"enemies":"Gremlin Nob","floor":12,"turns":3}],"seed_played":"-1909987776649344149","potions_obtained":[{"floor":4.0,"key":"Ancient Potion"},{"floor":5.0,"key":"PowerPotion"},{"floor":6.0,"key":"ColorlessPotion"},{"floor":11.0,"key":"DuplicationPotion"}],"is_trial":false,"path_per_floor":["M","?","?","M","M","E","M","R","T","E","M","E"],"character_chosen":"DEFECT","items_purchased":[],"campfire_rested":0,"item_purchase_floors":[],"current_hp_per_floor":[59,59,59,58,58,43,31,31,31,22,12,0,0],"gold":169,"neow_bonus":"ONE_RARE_RELIC","is_daily":false,"chose_seed":false,"campfire_upgraded":1,"win_rate":0.0,"timestamp":1614371355,"path_taken":["M","?","?","M","M","E","M","R","T","E","M","E"],"items_purchased_type":[],"build_version":"2020-12-22","purchased_purges":0,"victory":false,"max_hp_per_floor":[75,75,69,69,69,69,69,69,69,69,69,69,69],"card_choices":[{"not_picked":["Gash","BootSequence"],"picked":"Conserve Battery","floor":1.0},{"not_picked":["Static Discharge","Hologram"],"picked":"Ball Lightning","floor":1.0},{"not_picked":["Beam Cell","Rebound"],"picked":"Doom and Gloom","floor":4.0},{"not_picked":["Steam","Hyperbeam"],"picked":"Steam Power","floor":4.0},{"not_picked":["Redo","Steam"],"picked":"FTL","floor":5.0},{"not_picked":["Force Field","Redo"],"picked":"Cold Snap","floor":5.0},{"not_picked":["Conserve Battery","Creative AI"],"picked":"Echo Form","floor":6.0},{"not_picked":["Gash","Streamline"],"picked":"Turbo","floor":7.0},{"not_picked":["Sweeping Beam","Rip and Tear","Static Discharge"],"picked":"SKIP","floor":7.0},{"not_picked":["Biased Cognition","Go for the Eyes"],"picked":"Steam Power","floor":10.0},{"not_picked":["Doom and Gloom","Sunder"],"picked":"Glacier","floor":11.0},{"not_picked":["Scrape","Consume"],"picked":"Conserve Battery","floor":11.0}],"player_experience":238103,"relics_obtained":[{"floor":6.0,"key":"Bottled Lightning"},{"floor":9.0,"key":"Shuriken"},{"floor":10.0,"key":"Gremlin Horn"}],"event_choices":[{"damage_healed":0.0,"max_hp_gain":0.0,"max_hp_loss":0.0,"gold_gain":0.0,"event_name":"Living Wall","player_choice":"Grow","floor":2.0,"gold_loss":0.0,"damage_taken":0.0,"cards_upgraded":["Dualcast"]},{"damage_healed":0.0,"max_hp_gain":0.0,"max_hp_loss":6.0,"gold_gain":0.0,"event_name":"Golden Idol","player_choice":"Lose Max HP","floor":3.0,"gold_loss":0.0,"damage_taken":0.0,"relics_obtained":["Golden Idol"]}],"is_beta":false,"boss_relics":[],"items_purged_floors":[],"is_endless":false,"potions_floor_spawned":[4,5,6,11],"killed_by":"Gremlin Nob","ascension_level":8}}