{"host":"opdum64sdiqzxm7l","time":1614329338,"event":{"mods":["Act Like it!","Aspiration","BaseMod","CapriCore","Colored Powertips","Conspire","Energized Spire","Friendly Minions","Jedi Mod","Library of Ruina","Library of Ruina Extra","Lobotomy","LobotomyExtend","Minty Spire (QoL Compilation)","MostiFishMod","Pale of the Ancients","Reliquary","Replay The Spire","RumiaBox-露米娅的神秘盒子","Spicy Shops","StSLib","TestMod","UnlockEverythingMod","Waifu the Spire","[IsaacMod]以撒尖塔","[功能]功能增强和修复MOD","【功能Mod】混沌之环修复补丁","【功能Mod】聪明的最终Boss","【遗物卡牌】REMEMod"],"gold_per_floor":[219,234,16,75,150,150,182,274,274,290,159,159,159,197,197,197,197],"floor_reached":16,"language":"ZHS","playtime":610,"items_purged":[],"score":90,"play_id":"3f9646bc-5617-4e7a-a4dc-c08aa1a4f532","local_time":"20210226164858","is_ascension_mode":false,"campfire_choices":[],"circlet_count":0,"master_deck":["SpecialBullet","SpecialBullet","SpecialBullet","SpecialBullet","SpecialBullet","SpecialBullet","SpecialBullet","SpecialBullet","SuicideKing","InformationCode","SecurityCode","TrainingCode","MostiFishMod:DeathFromBelow+1","OSAHOGD","QueenBee","Regret_ego+1","Bloodbath","VoidDream","Gaze+1","Wingbeat+1","RapturousDream","NothingThere","GrinderMk4"],"relics":["CogitoBucket","RabbitCall","REME_ComplimentaryCards","DaveBox","testmod-TestBox","HushsDoor","Damocles","DSteel32","PageOfNosferatu","LetterFromLob","Replay:Mystery Machine","PageOfApocalypseBird","jedi:kaleidoscope","Singing Bowl","CeramicFish","HornCleat","Happy Flower","Whetstone","PageOfAlriune","PageOfWayBackHome","SecretRecord","Replay:Bottled Eggs","Blue Doll","BehaviorAdjustment"],"acts_visited":["Exordium"],"potions_floor_usage":[7,10],"damage_taken":[{"damage":0,"enemies":"Cultist","floor":1,"turns":2},{"damage":7,"enemies":"Small Slimes","floor":2,"turns":2},{"damage":28,"enemies":"Hiden Room Battle","floor":4,"turns":4},{"damage":0,"enemies":"2 Louse","floor":7,"turns":1},{"damage":0,"enemies":"Gremlin Gang","floor":10,"turns":3},{"damage":0,"enemies":"Exordium Thugs","floor":14,"turns":1},{"damage":4,"enemies":"The Guardian","floor":16,"turns":3}],"seed_played":"-8171080193361237780","potions_obtained":[{"floor":2,"key":"Elixir"},{"floor":7,"key":"testmod-SpacePotion"},{"floor":7,"key":"jedi:StrikingPotion"},{"floor":8,"key":"LiquidMemories"},{"floor":8,"key":"GamblersBrew"},{"floor":14,"key":"LiquidMemories"}],"is_trial":false,"path_per_floor":["M","M","$","?","?","R","M","?","T","M","$","T","R","M","R","B"],"character_chosen":"Angela","items_purchased":["PageOfApocalypseBird","jedi:kaleidoscope","SecretRecord","RapturousDream"],"campfire_rested":0,"item_purchase_floors":[3,3,11,11],"current_hp_per_floor":[70,70,70,52,41,41,52,24,24,38,38,38,38,52,52,0,0],"gold":197,"neow_bonus":"HUNDRED_GOLD","is_daily":false,"chose_seed":false,"campfire_upgraded":0,"win_rate":0.0,"timestamp":1614329338,"path_taken":["M","?","$","?","?","R","?","?","T","?","?","?","R","?","R","BOSS"],"items_purchased_type":["Relic","Relic","Relic","Card"],"build_version":"2020-12-22","purchased_purges":0,"victory":false,"max_hp_per_floor":[70,70,70,72,72,72,72,72,72,72,72,72,72,72,72,72,72],"card_choices":[{"not_picked":[],"picked":"SuicideKing","floor":0},{"not_picked":["Wellcheers","CrumblingArmor"],"picked":"OSAHOGD","floor":1},{"not_picked":["Heaven"],"picked":"Bomb","floor":1},{"not_picked":["MeatLantern","Murderer"],"picked":"QueenBee","floor":2},{"not_picked":["Penitence"],"picked":"Regret_ego","floor":2},{"not_picked":["Woodsman","OldLady"],"picked":"Bloodbath","floor":4},{"not_picked":["Soda","GreenStem"],"picked":"Singing Bowl","floor":4},{"not_picked":["CrumblingArmor","HeroicMonk"],"picked":"VoidDream","floor":7},{"not_picked":["Discord"],"picked":"Gaze","floor":7},{"not_picked":["WristCuter"],"picked":"Wingbeat","floor":8},{"not_picked":["Lantern","BloodyDesire"],"picked":"SKIP","floor":10},{"not_picked":["OldLady","CrumblingArmor"],"picked":"NothingThere","floor":14},{"not_picked":["CrimsonScar"],"picked":"GrinderMk4","floor":14}],"player_experience":15823,"relics_obtained":[{"floor":1,"key":"PageOfNosferatu"},{"floor":1,"key":"LetterFromLob"},{"floor":2,"key":"Replay:Mystery Machine"},{"floor":4,"key":"Singing Bowl"},{"floor":4,"key":"CeramicFish"},{"floor":4,"key":"HornCleat"},{"floor":7,"key":"Happy Flower"},{"floor":8,"key":"Whetstone"},{"floor":9,"key":"PageOfAlriune"},{"floor":10,"key":"PageOfWayBackHome"},{"floor":12,"key":"Replay:Bottled Eggs"},{"floor":14,"key":"Blue Doll"}],"event_choices":[{"damage_healed":0,"gold_gain":0,"player_choice":"Fight","damage_taken":0,"max_hp_gain":0,"max_hp_loss":0,"event_name":"HidenRoomEvent","floor":4,"gold_loss":0},{"damage_healed":0,"gold_gain":75,"player_choice":"Gather Gold","damage_taken":11,"max_hp_gain":0,"max_hp_loss":0,"event_name":"World of Goop","floor":5,"gold_loss":0}],"is_beta":false,"boss_relics":[],"items_purged_floors":[],"is_endless":false,"potions_floor_spawned":[2,7,7,14,14],"killed_by":"The Guardian","ascension_level":0}}