{"host":"nptej036rrbiurf5","time":1614307189,"event":{"mods":["BaseMod","Colored Map","Colored Powertips","DeckTracker","Minty Spire (QoL Compilation)","StSLib","SuperFastMode"],"gold_per_floor":[112,187,187,205,217,217,236,266,266,284,284,359,359,370,370,442,442,460,58,72,72,87,87,98,129,129,161,161,161,172,186,186,186,186],"floor_reached":33,"language":"KOR","playtime":1022,"items_purged":["Strike_G"],"score":578,"play_id":"14cf10af-ca64-43e2-b717-be168057d029","local_time":"20210226113949","is_ascension_mode":true,"campfire_choices":[{"data":"Flechettes","floor":6.0,"key":"SMITH"},{"data":"Catalyst","floor":11.0,"key":"SMITH"},{"floor":13.0,"key":"REST"},{"data":"Poisoned Stab","floor":15.0,"key":"SMITH"},{"floor":23.0,"key":"RECALL"},{"data":"Deadly Poison","floor":28,"key":"SMITH"},{"floor":32,"key":"REST"}],"circlet_count":0,"master_deck":["AscendersBane","Strike_G+1","Strike_G+1","Strike_G+1","Strike_G+1","Defend_G+1","Defend_G+1","Defend_G+1","Defend_G+1","Defend_G+1","Survivor","Neutralize","Distraction","Deadly Poison+1","Flechettes+1","Die Die Die","Catalyst+1","Backflip","Poisoned Stab+1","After Image","Blur","Bullet Time","After Image","Calculated Gamble","Choke","Prepared"],"relics":["Ring of the Snake","Torii","Strawberry","HornCleat","Darkstone Periapt","Runic Pyramid","StrikeDummy","Bird Faced Urn","Snake Skull"],"acts_visited":["Exordium","TheCity"],"potions_floor_usage":[33],"damage_taken":[{"damage":0.0,"enemies":"2 Louse","floor":1.0,"turns":3.0},{"damage":7.0,"enemies":"Small Slimes","floor":4.0,"turns":4.0},{"damage":2.0,"enemies":"Jaw Worm","floor":5.0,"turns":5.0},{"damage":8.0,"enemies":"Blue Slaver","floor":7.0,"turns":5.0},{"damage":35.0,"enemies":"Lagavulin","floor":8.0,"turns":6.0},{"damage":0.0,"enemies":"Exordium Thugs","floor":10.0,"turns":3.0},{"damage":0.0,"enemies":"2 Fungi Beasts","floor":14.0,"turns":3.0},{"damage":14.0,"enemies":"The Guardian","floor":16.0,"turns":10.0},{"damage":10.0,"enemies":"Spheric Guardian","floor":18.0,"turns":5.0},{"damage":0.0,"enemies":"Chosen","floor":20.0,"turns":3.0},{"damage":10.0,"enemies":"Snake Plant","floor":22.0,"turns":4.0},{"damage":12.0,"enemies":"Centurion and Healer","floor":24.0,"turns":7.0},{"damage":6.0,"enemies":"Slavers","floor":25.0,"turns":6.0},{"damage":6,"enemies":"Book of Stabbing","floor":27,"turns":5},{"damage":0,"enemies":"Snecko","floor":30,"turns":2},{"damage":14,"enemies":"Shelled Parasite and Fungi","floor":31,"turns":6},{"damage":58,"enemies":"Champ","floor":33,"turns":12}],"seed_played":"-7853014084904009876","potions_obtained":[{"floor":1.0,"key":"Ancient Potion"},{"floor":5.0,"key":"Regen Potion"},{"floor":8.0,"key":"Dexterity Potion"},{"floor":20.0,"key":"AttackPotion"},{"floor":21.0,"key":"Fruit Juice"},{"floor":21.0,"key":"GhostInAJar"},{"floor":22.0,"key":"Poison Potion"},{"floor":31,"key":"Strength Potion"}],"is_trial":false,"path_per_floor":["M","?","?","M","M","R","M","E","T","M","R","T","R","M","R","B",null,"M","$","M","?","M","R","M","E","T","E","R","?","M","M","R","B"],"character_chosen":"THE_SILENT","items_purchased":["Bullet Time","After Image","Regen Potion"],"campfire_rested":2,"item_purchase_floors":[19,19,19],"current_hp_per_floor":[59,48,53,46,44,44,36,23,23,23,23,23,44,44,44,30,62,52,52,64,69,59,59,47,41,41,39,39,39,39,29,52,0,0],"gold":186,"neow_bonus":"ONE_RARE_RELIC","is_daily":false,"chose_seed":false,"campfire_upgraded":4,"win_rate":0.0,"timestamp":1614307189,"path_taken":["M","?","?","M","M","R","M","E","T","M","R","?","R","M","R","BOSS","M","$","M","?","?","R","M","E","T","E","R","?","M","M","R","BOSS"],"items_purchased_type":["Card","Card","Potion"],"build_version":"2020-12-22","purchased_purges":1,"victory":false,"max_hp_per_floor":[60,60,65,65,65,65,65,72,72,72,72,72,72,72,72,72,72,72,72,72,77,77,77,77,77,77,77,77,77,77,77,77,77,77],"card_choices":[{"not_picked":["Underhanded Strike","Sucker Punch"],"picked":"Distraction","floor":1.0},{"not_picked":["Terror","Prepared"],"picked":"Deadly Poison","floor":4.0},{"not_picked":["Backflip","Choke"],"picked":"Flechettes","floor":5.0},{"not_picked":["Quick Slash","Dodge and Roll"],"picked":"Die Die Die","floor":7.0},{"not_picked":["Calculated Gamble","Expertise"],"picked":"Catalyst","floor":8.0},{"not_picked":["Outmaneuver","Masterful Stab"],"picked":"Backflip","floor":10.0},{"not_picked":["Sucker Punch","PiercingWail"],"picked":"Poisoned Stab","floor":14.0},{"not_picked":["A Thousand Cuts","Bullet Time"],"picked":"After Image","floor":16.0},{"not_picked":["Quick Slash","Sucker Punch+1"],"picked":"Blur","floor":18.0},{"not_picked":["Poisoned Stab","Predator"],"picked":"Calculated Gamble","floor":20.0},{"not_picked":["Dodge and Roll","Flechettes","Terror"],"picked":"SKIP","floor":22.0},{"not_picked":["Dodge and Roll","Flechettes","Terror"],"picked":"SKIP","floor":22.0},{"not_picked":["Dagger Throw","Prepared","Outmaneuver"],"picked":"SKIP","floor":24.0},{"not_picked":["Unload","Heel Hook"],"picked":"Choke","floor":25.0},{"not_picked":["Blade Dance","All Out Attack","Escape Plan+1"],"picked":"SKIP","floor":27},{"not_picked":["Bane","Outmaneuver"],"picked":"Prepared","floor":30},{"not_picked":["Flying Knee","Choke","Dash"],"picked":"SKIP","floor":31}],"player_experience":1035830,"relics_obtained":[{"floor":8.0,"key":"Strawberry"},{"floor":9.0,"key":"HornCleat"},{"floor":12.0,"key":"Darkstone Periapt"},{"floor":25.0,"key":"StrikeDummy"},{"floor":26.0,"key":"Bird Faced Urn"},{"floor":27,"key":"Snake Skull"}],"event_choices":[{"damage_healed":0.0,"max_hp_gain":0.0,"max_hp_loss":0.0,"gold_gain":75.0,"event_name":"World of Goop","player_choice":"Gather Gold","floor":2.0,"gold_loss":0.0,"damage_taken":11.0},{"damage_healed":0.0,"max_hp_gain":5.0,"max_hp_loss":0.0,"gold_gain":0.0,"event_name":"Big Fish","player_choice":"Donut","floor":3.0,"gold_loss":0.0,"damage_taken":0.0},{"damage_healed":0.0,"max_hp_gain":0.0,"max_hp_loss":0.0,"gold_gain":0.0,"event_name":"Lab","player_choice":"Got Potions","floor":21.0,"gold_loss":0.0,"damage_taken":0.0},{"damage_healed":0,"gold_gain":0,"player_choice":"Simplicity","damage_taken":0,"max_hp_gain":0,"max_hp_loss":0,"event_name":"Back to Basics","floor":29,"gold_loss":0,"cards_upgraded":["Strike_G","Strike_G","Strike_G","Strike_G","Defend_G","Defend_G","Defend_G","Defend_G","Defend_G"]}],"is_beta":false,"boss_relics":[{"not_picked":["Pandora\u0027s Box","Ectoplasm"],"picked":"Runic Pyramid"}],"items_purged_floors":[19],"is_endless":false,"potions_floor_spawned":[1,5,8,20,22,31],"killed_by":"Champ","ascension_level":20}}