{"host":"aaqofma31c3gm2hj","time":1614302146,"event":{"mods":["BaseMod","GungeonMod","Minty Spire (QoL Compilation)","Replay The Spire","Spicy Shops","StSLib"],"gold_per_floor":[112,112,37,37,48,82,82,82,92,92,118,118,30,47,47,61,61,61,178,178,191,191,191],"floor_reached":22,"language":"ZHS","playtime":597,"items_purged":["DemoMod:Strike_Huntress","DemoMod:Strike_Huntress"],"score":296,"play_id":"a41772e1-ba3c-4391-b96a-d30ae0d45d9b","local_time":"20210226091546","is_ascension_mode":true,"campfire_choices":[{"data":"DemoMod:PotionOfGunFriendShip","floor":8.0,"key":"SMITH"},{"data":"DemoMod:TableSutra","floor":17.0,"key":"SMITH"},{"data":"DemoMod:ManualReload","floor":18,"key":"SMITH"}],"circlet_count":0,"master_deck":["DemoMod:Defend_Huntress","DemoMod:Defend_Huntress","DemoMod:Defend_Huntress","DemoMod:Roll","DemoMod:ManualReload+1","DemoMod:CrossBow","DemoMod:PotionOfGunFriendShip+1","DemoMod:TripleGun","DemoMod:Elimentaler+1","DemoMod:TableSutra+1","DemoMod:AWP","DemoMod:FinishedGun"],"relics":["DemoMod:Dog","NeowsBlessing","DemoMod:DecoyRelic","Mercury Hourglass","Membership Card","Gremlin Food","Empty Cage","DemoMod:GlassGuonStoneRelic"],"acts_visited":["Exordium","TheCity"],"potions_floor_usage":[],"damage_taken":[{"damage":0.0,"enemies":"2 Louse","floor":1.0,"turns":1.0},{"damage":0.0,"enemies":"Cultist","floor":5.0,"turns":1.0},{"damage":0.0,"enemies":"Lagavulin","floor":6.0,"turns":1.0},{"damage":0.0,"enemies":"Jaw Worm","floor":9.0,"turns":2.0},{"damage":1.0,"enemies":"Blue Slaver","floor":14.0,"turns":2.0},{"damage":0.0,"enemies":"3 Louse","floor":16.0,"turns":2.0},{"damage":0,"enemies":"Fading Forest","floor":19,"turns":11},{"damage":5,"enemies":"2 Thieves","floor":21,"turns":2}],"seed_played":"-4551161357798970541","potions_obtained":[{"floor":9.0,"key":"DemoMod:LeadSkinPotion"},{"floor":14.0,"key":"SkillPotion"},{"floor":16.0,"key":"Fire Potion"},{"floor":21,"key":"SkillPotion"}],"is_trial":false,"path_per_floor":["M","?","$","T","M","E","$","R","M","T","T","?","$","M","?","M","R","R","B",null,"M","?"],"character_chosen":"HUNTRESS","items_purchased":["Membership Card","DemoMod:Elimentaler","DemoMod:TableSutra"],"campfire_rested":0,"item_purchase_floors":[7,7,13],"current_hp_per_floor":[70,70,70,70,70,70,70,70,70,70,70,70,70,69,69,69,69,69,69,70,65,49,49],"gold":191,"neow_bonus":"THREE_ENEMY_KILL","is_daily":false,"chose_seed":false,"campfire_upgraded":3,"win_rate":0.0,"timestamp":1614302146,"path_taken":["M","?","$","?","M","E","$","R","?","T","T","?","$","M","?","M","R","R","BOSS","M","?"],"items_purchased_type":["Relic","Card","Card"],"build_version":"2020-12-22","purchased_purges":2,"victory":false,"max_hp_per_floor":[70,70,70,70,70,70,70,70,70,70,70,70,70,70,70,70,70,70,70,70,70,70,70],"card_choices":[{"not_picked":["DemoMod:TeaPot","DemoMod:TripleGun"],"picked":"DemoMod:PotionOfGunFriendShip","floor":1.0},{"not_picked":["DemoMod:AC15","DemoMod:StickyCrossBow"],"picked":"DemoMod:TripleGun","floor":5.0},{"not_picked":["DemoMod:Rummage","DemoMod:SkilledReload","DemoMod:DoubleSwitch"],"picked":"SKIP","floor":6.0},{"not_picked":["DemoMod:HighKaliber","DemoMod:Unity","DemoMod:TripleGun"],"picked":"SKIP","floor":9.0},{"not_picked":["DemoMod:SAA","DemoMod:TeaPot","DemoMod:RadGun"],"picked":"SKIP","floor":14.0},{"not_picked":["DemoMod:FastSwitch","DemoMod:SpreadAmmo"],"picked":"DemoMod:AWP","floor":16.0},{"not_picked":["DemoMod:BlackHoleGun","DemoMod:DoubleVision"],"picked":"DemoMod:FinishedGun","floor":19},{"not_picked":["DemoMod:Unity","DemoMod:JK47","DemoMod:PotionOfGunFriendShip+1"],"picked":"SKIP","floor":21}],"player_experience":700023,"relics_obtained":[{"floor":4.0,"key":"DemoMod:DecoyRelic"},{"floor":6.0,"key":"Mercury Hourglass"},{"floor":11.0,"key":"Gremlin Food"}],"event_choices":[{"damage_healed":0.0,"max_hp_gain":0.0,"max_hp_loss":0.0,"gold_gain":0.0,"event_name":"The Woman in Blue","player_choice":"Bought 0 Potions","floor":2.0,"gold_loss":0.0,"damage_taken":0.0},{"cards_removed":["DemoMod:Strike_Huntress"],"damage_healed":0.0,"max_hp_gain":0.0,"max_hp_loss":0.0,"gold_gain":0.0,"event_name":"Living Wall","player_choice":"Forget","floor":12.0,"gold_loss":0.0,"damage_taken":0.0},{"damage_healed":0,"gold_gain":0,"player_choice":"Obtained Book","damage_taken":16,"max_hp_gain":0,"max_hp_loss":0,"event_name":"Cursed Tome","floor":22,"gold_loss":0}],"is_beta":false,"boss_relics":[{"not_picked":["Painkiller Herb","Snecko Eye"],"picked":"Empty Cage"}],"items_purged_floors":[3,13],"is_endless":false,"potions_floor_spawned":[9,14,16,19,21],"ascension_level":3}}