{"host":"xo57gvsl7e0wfzti","time":1614336671,"event":{"mods":["BaseMod","Minty Spire (QoL Compilation)"],"gold_per_floor":[115,125,11,11,23,54,73,104,104,131,131,131,160,178,178,251,251,270,270,286,286,297,322,322,322,322,337,337,362,378,81,81,157,157,168,168,178,6,21,46,46,46,46],"floor_reached":42,"language":"ENG","playtime":1570,"items_purged":["Normality","Decay"],"score":1035,"play_id":"48b9f8f3-67f8-45e4-98e4-9e7f29900a47","local_time":"20210226025111","is_ascension_mode":true,"campfire_choices":[{"data":"Bash","floor":12,"key":"SMITH"},{"data":"Perfected Strike","floor":15,"key":"SMITH"},{"data":"Heavy Blade","floor":24,"key":"SMITH"},{"floor":28,"key":"REST"},{"data":"Demon Form","floor":32,"key":"SMITH"},{"floor":41,"key":"REST"}],"circlet_count":0,"master_deck":["AscendersBane","Strike_R","Strike_R","Strike_R","Strike_R","Defend_R","Defend_R","Defend_R","Defend_R","Bash+1","Inflame","Heavy Blade+1","Rampage","Pommel Strike","Pommel Strike","Perfected Strike+1","Clothesline","Twin Strike","Shrug It Off","Disarm","Spot Weakness","Demon Form+1","Bludgeon","Double Tap","Havoc+1","Trip","Parasite","Whirlwind"],"relics":["Burning Blood","Ice Cream","Toy Ornithopter","Lizard Tail","Darkstone Periapt","Gremlin Horn","Kunai","Snecko Eye","Nilry\u0027s Codex","Regal Pillow","Pear","Vajra","Membership Card","Fusion Hammer","Meat on the Bone","Letter Opener"],"acts_visited":["Exordium","TheCity","TheBeyond"],"potions_floor_usage":[6,8,10,13,20,23,29,33,35,40,42],"damage_taken":[{"damage":11,"enemies":"Jaw Worm","floor":1,"turns":5},{"damage":1,"enemies":"Cultist","floor":2,"turns":3},{"damage":5,"enemies":"Small Slimes","floor":5,"turns":4},{"damage":32,"enemies":"Gremlin Nob","floor":6,"turns":4},{"damage":25,"enemies":"Exordium Thugs","floor":7,"turns":6},{"damage":20,"enemies":"Lagavulin","floor":8,"turns":5},{"damage":16,"enemies":"Gremlin Nob","floor":10,"turns":3},{"damage":15,"enemies":"Lagavulin","floor":13,"turns":4},{"damage":11,"enemies":"3 Louse","floor":14,"turns":3},{"damage":87,"enemies":"Hexaghost","floor":16,"turns":10},{"damage":1,"enemies":"Spheric Guardian","floor":18,"turns":3},{"damage":17,"enemies":"2 Thieves","floor":20,"turns":3},{"damage":16,"enemies":"Centurion and Healer","floor":22,"turns":3},{"damage":0,"enemies":"Gremlin Leader","floor":23,"turns":4},{"damage":26,"enemies":"Snake Plant","floor":27,"turns":5},{"damage":14,"enemies":"Slavers","floor":29,"turns":5},{"damage":21,"enemies":"3 Cultists","floor":30,"turns":5},{"damage":26,"enemies":"Automaton","floor":33,"turns":5},{"damage":22,"enemies":"3 Shapes","floor":35,"turns":3},{"damage":33,"enemies":"3 Darklings","floor":37,"turns":3},{"damage":21,"enemies":"Writhing Mass","floor":39,"turns":4},{"damage":32,"enemies":"Giant Head","floor":40,"turns":6},{"damage":89,"enemies":"Reptomancer","floor":42,"turns":4}],"seed_played":"2057322574153325541","potions_obtained":[{"floor":2,"key":"Swift Potion"},{"floor":6,"key":"FearPotion"},{"floor":8,"key":"Energy Potion"},{"floor":10,"key":"Strength Potion"},{"floor":16,"key":"DuplicationPotion"},{"floor":22,"key":"FearPotion"},{"floor":27,"key":"SkillPotion"},{"floor":30,"key":"Fire Potion"},{"floor":37,"key":"Dexterity Potion"},{"floor":40,"key":"Block Potion"}],"is_trial":false,"path_per_floor":["M","M","$","?","M","E","M","E","T","E","?","R","E","M","R","B",null,"M","?","M","?","M","E","R","?","T","M","R","E","M","$","R","B",null,"M","?","M","$","M","E","R","E"],"character_chosen":"IRONCLAD","items_purchased":["Rampage","Membership Card","Bludgeon","DuplicationPotion","Meat on the Bone","DuplicationPotion"],"campfire_rested":2,"item_purchase_floors":[3,31,31,31,38,38],"current_hp_per_floor":[63,68,68,68,69,43,24,15,15,10,75,75,66,61,61,18,61,66,45,39,39,29,40,40,46,56,36,78,75,60,60,60,45,80,69,69,42,42,45,36,80,0,0],"gold":46,"neow_bonus":"ONE_RARE_RELIC","is_daily":false,"chose_seed":false,"campfire_upgraded":4,"win_rate":0.0,"timestamp":1614336671,"path_taken":["M","M","$","?","?","E","?","E","T","E","?","R","E","M","R","BOSS","M","?","M","?","?","E","R","?","T","M","R","E","M","$","R","BOSS","M","?","M","$","M","E","R","E"],"items_purchased_type":["Card","Relic","Card","Potion","Relic","Potion"],"build_version":"2020-12-22","purchased_purges":2,"victory":false,"max_hp_per_floor":[75,75,75,75,75,75,75,75,75,75,75,75,75,75,75,75,75,75,75,75,75,75,75,75,81,91,91,91,91,91,91,91,91,91,91,91,91,91,97,97,97,97,97],"card_choices":[{"not_picked":["Warcry","Dual Wield"],"picked":"Inflame","floor":1},{"not_picked":["Sentinel","Anger"],"picked":"Heavy Blade","floor":2},{"not_picked":["Anger","Clash","Reckless Charge"],"picked":"SKIP","floor":5},{"not_picked":["Juggernaut","Reckless Charge"],"picked":"Pommel Strike","floor":6},{"not_picked":["Whirlwind","Wild Strike"],"picked":"Pommel Strike","floor":7},{"not_picked":["Shrug It Off","Rage"],"picked":"Perfected Strike","floor":8},{"not_picked":["Flex","Blood for Blood","Hemokinesis"],"picked":"SKIP","floor":10},{"not_picked":["Sever Soul","Wild Strike","Sentinel"],"picked":"SKIP","floor":13},{"not_picked":["Armaments","Anger"],"picked":"Clothesline","floor":14},{"not_picked":["Havoc","Clash"],"picked":"Twin Strike","floor":18},{"not_picked":["Pommel Strike","Heavy Blade"],"picked":"Shrug It Off","floor":20},{"not_picked":["Thunderclap","Clothesline"],"picked":"Spot Weakness","floor":22},{"not_picked":["Second Wind","Twin Strike","True Grit"],"picked":"SKIP","floor":23},{"not_picked":["Iron Wave","True Grit","Perfected Strike"],"picked":"SKIP","floor":27},{"not_picked":["Clash","Body Slam","Bloodletting+1"],"picked":"SKIP","floor":29},{"not_picked":["Sentinel","Shrug It Off"],"picked":"Demon Form","floor":30},{"not_picked":["Impervious","Offering"],"picked":"Double Tap","floor":33},{"not_picked":["Headbutt","Clash"],"picked":"Havoc+1","floor":35},{"not_picked":["Madness","Blind"],"picked":"Trip","floor":36},{"not_picked":["Flex","Inflame+1","Iron Wave"],"picked":"SKIP","floor":37},{"not_picked":["Body Slam","Havoc","Inflame"],"picked":"SKIP","floor":39},{"not_picked":["Demon Form","Flame Barrier"],"picked":"Whirlwind","floor":40}],"player_experience":746422,"relics_obtained":[{"floor":6,"key":"Toy Ornithopter"},{"floor":8,"key":"Lizard Tail"},{"floor":9,"key":"Darkstone Periapt"},{"floor":10,"key":"Gremlin Horn"},{"floor":13,"key":"Kunai"},{"floor":19,"key":"Nilry\u0027s Codex"},{"floor":23,"key":"Regal Pillow"},{"floor":26,"key":"Pear"},{"floor":29,"key":"Vajra"},{"floor":40,"key":"Letter Opener"}],"event_choices":[{"damage_healed":0,"gold_gain":0,"cards_transformed":["Strike_R"],"player_choice":"Transformed","damage_taken":0,"max_hp_gain":0,"max_hp_loss":0,"event_name":"Transmorgrifier","floor":4,"gold_loss":0,"cards_obtained":["Second Wind"]},{"cards_removed":["Second Wind"],"damage_healed":65,"gold_gain":0,"player_choice":"Offered Uncommon","damage_taken":0,"max_hp_gain":0,"max_hp_loss":0,"event_name":"Bonfire Elementals","floor":11,"gold_loss":0},{"damage_healed":0,"gold_gain":0,"player_choice":"Obtained Book","damage_taken":21,"max_hp_gain":0,"max_hp_loss":0,"event_name":"Cursed Tome","floor":19,"gold_loss":0},{"damage_healed":0,"gold_gain":0,"player_choice":"1 cards matched","damage_taken":0,"max_hp_gain":0,"max_hp_loss":0,"event_name":"Match and Keep!","floor":21,"gold_loss":0,"cards_obtained":["Disarm"]},{"damage_healed":0,"gold_gain":0,"player_choice":"Smashed Altar","damage_taken":0,"max_hp_gain":0,"max_hp_loss":0,"event_name":"Forgotten Altar","floor":25,"gold_loss":0,"cards_obtained":["Decay"]},{"damage_healed":0,"gold_gain":0,"player_choice":"Memory 1","damage_taken":0,"max_hp_gain":0,"max_hp_loss":0,"event_name":"SensoryStone","floor":36,"gold_loss":0}],"is_beta":false,"boss_relics":[{"not_picked":["Coffee Dripper","Busted Crown"],"picked":"Snecko Eye"},{"not_picked":["Velvet Choker","Mark of Pain"],"picked":"Fusion Hammer"}],"items_purged_floors":[3,31],"is_endless":false,"potions_floor_spawned":[2,6,8,10,16,22,27,30,37,39,40],"killed_by":"Reptomancer","ascension_level":17}}