{"host":"o70jlri6sl1lb4ns","time":1614316693,"event":{"mods":["(人物)100% Spire Juice","(人物)Astrologer","(人物)Chen/陈","(人物)KinomotoSakura/木之本樱","(人物)Marisa/F雨魔理沙","(人物)Reimu/博丽灵梦","(人物)Remilia/蕾米莉亚","(人物)The Bug Knight/空洞骑士","(人物)The Gatherer/采集者","(人物)The Hierophant/圣职者","(人物)The Immortal/藤原妹红","(人物)The Servant/D夜","(人物)WarShipGirlsR/战舰少女R","(人物)Youmu/魂魄妖梦","(人物)Yuyuko/幽幽子","(前置)Act Like it!","(前置)CapriCore","(前置)StSLib","(功能)Colored Map/彩色地图","(功能)Curses Come First/诅咒卡牌显示","(功能)Energized Spire/能量尖塔","(功能)Highlight Path/选择路径","(功能)RumiaBox-露米娅的神秘盒子","(功能)Spicy Shops/更好的商店","(功能)Waifu the Spire/萌化","(大型)LobotomyExtend/脑叶拓展","(大型)Replay The Spire/重游尖塔","(辅助)Colored Powertips/buff提示","(辅助)Quick Restart/便捷重启","ATMod(阿瑾Mod)","BaseMod","Lobotomy","Minty Spire (QoL Compilation)","Reliquary","The Marked","Yakumo Yukari mod","【功能Mod】混沌之环修复补丁"],"gold_per_floor":[118,118,132,132,132,132,1131,1131],"floor_reached":7,"language":"ZHS","playtime":504,"items_purged":[],"score":64,"play_id":"8add95d1-e46e-4d24-afef-9f0f06ae6eb6","local_time":"20210226131813","is_ascension_mode":false,"campfire_choices":[{"floor":6,"key":"REST"}],"circlet_count":0,"master_deck":["Strike_S","Strike_S","Strike_S","Strike_S","Defend_S","Defend_S","Defend_S+1","Defend_S","AT_FamilyPortrait","SpiderBud","StarChef+1","Reprogram","Reboot","Bloodbath","Starlight"],"relics":["Uniform","AT_ATBox","CogitoBucket","LetterFromLob","Baka2"],"acts_visited":["Exordium"],"potions_floor_usage":[],"damage_taken":[{"damage":5,"enemies":"Cultist","floor":1,"turns":5},{"damage":14,"enemies":"Jaw Worm","floor":3,"turns":7},{"damage":0,"enemies":"3 Sentries","floor":7,"turns":1}],"seed_played":"-8653835047611698932","potions_obtained":[{"floor":1,"key":"GrandPatriotsElixir:ReiMu"},{"floor":3,"key":"Explosive Potion"}],"is_trial":false,"path_per_floor":["M","?","M","?","?","R","E"],"character_chosen":"THE_SERVANT","items_purchased":[],"campfire_rested":1,"item_purchase_floors":[],"current_hp_per_floor":[60,60,52,39,39,58,58,58],"gold":1131,"neow_bonus":"","is_daily":false,"chose_seed":false,"campfire_upgraded":0,"win_rate":0.0,"timestamp":1614316693,"path_taken":["M","?","M","?","?","R","E"],"items_purchased_type":[],"build_version":"2020-12-22","purchased_purges":0,"victory":false,"max_hp_per_floor":[65,65,65,65,65,65,65,65],"card_choices":[{"not_picked":["Variant","CrumblingArmor"],"picked":"SpiderBud","floor":1},{"not_picked":["RealityMarble","TimeWarp"],"picked":"StarChef","floor":1},{"not_picked":["FairyFestival","UniverseFragment","OldLady"],"picked":"Singing Bowl","floor":3},{"not_picked":["OldLady","Mercenary"],"picked":"Bloodbath","floor":3},{"not_picked":["Ricochet","Unruled"],"picked":"Starlight","floor":3}],"player_experience":40723,"relics_obtained":[{"floor":1,"key":"Baka"},{"floor":1,"key":"LetterFromLob"},{"floor":3,"key":"Baka2"}],"event_choices":[{"damage_healed":0,"gold_gain":0,"player_choice":"Entered Light","damage_taken":13,"max_hp_gain":0,"max_hp_loss":0,"event_name":"Shining Light","floor":4,"gold_loss":0,"cards_upgraded":["StarChef","Defend_S"]}],"is_beta":false,"boss_relics":[],"items_purged_floors":[],"is_endless":false,"potions_floor_spawned":[1,3],"killed_by":"3 Sentries","ascension_level":0}}