{"host":"8txkp9ptpa3vam57","time":1614314988,"event":{"mods":["ATMod(阿瑾Mod)","Aspiration","BaseMod","Downfall","Jedi Mod","Library of Ruina","Library of Ruina Extra","Lobotomy","LobotomyExtend","Minty Spire (QoL Compilation)","Quick Restart","Rare Cards Sparkle","Reliquary","Replay The Spire","Robot Space Explorer","RumiaBox-露米娅的神秘盒子","Shop Mod","Spire Birthday Party","StSLib","The Bladedancer","The Bug Knight","The Construct","The Cursed","The Marked","The Poker Player","Waifu the Spire","[IsaacMod]以撒尖塔","noobMod","【功能Mod】混沌之环修复补丁","篝火指南"],"gold_per_floor":[114,129,129,147,72,83,83,83,102,117,117,148,148,173,191,191,191,68,16,16,115,115,115,125,138,13,29,60,74,109,109,109,109,109],"floor_reached":28,"language":"ZHS","playtime":2237,"items_purged":["Injury","DespairKnight","LittleHelper"],"score":462,"play_id":"866d367f-8358-4d4e-a80f-81e85ad03a0d","local_time":"20210226124948","is_ascension_mode":false,"campfire_choices":[{"floor":6,"key":"RECALL"},{"data":"RobotSpaceExplorer:Blaster","floor":11,"key":"SMITH"},{"data":"RobotSpaceExplorer:StunGrenade","floor":15,"key":"SMITH"}],"circlet_count":0,"master_deck":["RobotSpaceExplorer:Strike","RobotSpaceExplorer:Strike","RobotSpaceExplorer:Strike","RobotSpaceExplorer:Strike","RobotSpaceExplorer:Defend","RobotSpaceExplorer:Defend","RobotSpaceExplorer:Defend","RobotSpaceExplorer:Defend","RobotSpaceExplorer:Scan","RobotSpaceExplorer:MiniLasers","AT_FamilyPortrait+1","OldLady","RobotSpaceExplorer:SurgingShield+1","Scarecrow","RobotSpaceExplorer:Blaster+1","RobotSpaceExplorer:StunGrenade+1","OSAHOGD","sneckomod:UnknownUncommonSkill+1","Bloodbath","RobotSpaceExplorer:Pulsar+1","hexamod:FlamesFromBeyond+1","Pot Of Greed+1","Pot Of Greed+1","Pot Of Greed+1","RobotSpaceExplorer:ImprovisedAttack","RobotSpaceExplorer:Smokescreen+1","RobotSpaceExplorer:Smokescreen+1","AT_MyraUnstableElement+1","Terror+1","BigBadWolf","sneckomod:QuickBite","MeatLantern","bronze:Turbo+1","Duel_lor","Pot Of Greed+1","Funeral","Scorched","Slimebound:GoopTackle","Yin"],"relics":["RobotSpaceExplorer:RoboCore","HushsDoor","ice","AT_ATBox","CogitoBucket","PokeGo","Toxic Egg 2","LaetitiaHeart","ice","LetterFromLob","PrismaticShard","ResearcherNote","DeadEye","Durian","Grinning Jar","reliquary:KinkedSpring","RobotSpaceExplorer:PlasmaHourglass","HellTrain","Art of War","Pear"],"acts_visited":["Exordium","TheCity"],"potions_floor_usage":[5,7,20,20,20],"damage_taken":[{"damage":0,"enemies":"Small Slimes","floor":1,"turns":3},{"damage":6,"enemies":"Jaw Worm","floor":2,"turns":3},{"damage":9,"enemies":"2 Louse","floor":4,"turns":2},{"damage":3,"enemies":"Gremlin Nob","floor":6,"turns":3},{"damage":0,"enemies":"Gremlin Nob","floor":6,"turns":1},{"damage":8,"enemies":"Jaw Worm","floor":1,"turns":2},{"damage":0,"enemies":"2 Louse","floor":4,"turns":2},{"damage":6,"enemies":"Cultist","floor":5,"turns":3},{"damage":14,"enemies":"Lagavulin","floor":7,"turns":5},{"damage":0,"enemies":"Blue Slaver","floor":10,"turns":3},{"damage":0,"enemies":"Hexaghost","floor":16,"turns":8},{"damage":12,"enemies":"Shell Parasite","floor":19,"turns":8},{"damage":15,"enemies":"Chosen and Byrds","floor":20,"turns":10},{"damage":43,"enemies":"Centurion and Healer","floor":22,"turns":5},{"damage":0,"enemies":"Replay:Snechameleon","floor":23,"turns":5},{"damage":0,"enemies":"Sentry and Sphere","floor":24,"turns":4},{"damage":0,"enemies":"HollowMod:Nosk","floor":25,"turns":5},{"damage":51,"enemies":"Cultist and Chosen","floor":28,"turns":10}],"seed_played":"-5610382429792361633","potions_obtained":[{"floor":2,"key":"DistilledChaos"},{"floor":4,"key":"Energy Potion"},{"floor":1,"key":"jedi:StrikingPotion"},{"floor":7,"key":"Fire Potion"},{"floor":10,"key":"SkillPotion"},{"floor":20,"key":"Fire Potion"},{"floor":25,"key":"FearPotion"}],"is_trial":false,"path_per_floor":["M","M","?","M","$","E","M","?","?","M","M","R","E","?","T","M","R","T","R","$","R","B",null,"M","M","M","$","M","E","M","E","T","?","M"],"character_chosen":"RobotSpaceExplorer","items_purchased":["RobotSpaceExplorer:ImprovisedAttack","RobotSpaceExplorer:Smokescreen+1","RobotSpaceExplorer:Exploration+1"],"campfire_rested":0,"item_purchase_floors":[13,14,17],"current_hp_per_floor":[75,69,69,60,60,67,67,67,67,65,65,52,54,54,55,55,55,55,55,55,63,76,76,66,52,52,10,76,76,78,88,92,44,44],"gold":109,"neow_bonus":"","is_daily":false,"chose_seed":false,"campfire_upgraded":2,"win_rate":0.0,"timestamp":1614314988,"path_taken":["M","M","?","M","?","E","M","?","?","M","M","R","E","?","T","M","R","?","R","$","R","BOSS","M","M","M","$","M","E","M","E","T","?","?"],"items_purchased_type":["Card","Card","Card"],"build_version":"2020-12-22","purchased_purges":3,"victory":false,"max_hp_per_floor":[75,75,75,75,75,75,75,75,75,75,75,75,80,80,80,80,80,80,80,80,80,76,76,76,76,76,76,76,79,82,92,92,123,123],"card_choices":[{"not_picked":[],"picked":"ChaosCard","floor":0},{"not_picked":["WallGazer","UniverseFragment"],"picked":"OldLady","floor":1},{"not_picked":["RobotSpaceExplorer:ImprovisedAttack","RobotSpaceExplorer:GlueSpray"],"picked":"Bomb","floor":1},{"not_picked":["RobotSpaceExplorer:FranticSearch","RobotSpaceExplorer:GlueShot"],"picked":"RobotSpaceExplorer:SurgingShield","floor":2},{"not_picked":["OSAHOGD","ShyLook"],"picked":"Scarecrow","floor":4},{"not_picked":["RobotSpaceExplorer:Jetpack+1","RobotSpaceExplorer:SlimeMissile"],"picked":"RobotSpaceExplorer:Blaster","floor":4},{"not_picked":["RobotSpaceExplorer:StarDust","RobotSpaceExplorer:ImprovisedAttack"],"picked":"RobotSpaceExplorer:StunGrenade","floor":1},{"not_picked":["WallGazer","Laetitia"],"picked":"OSAHOGD","floor":4},{"not_picked":["blademaster:Cut","sneckomod:UnknownClassLibrarian+1"],"picked":"sneckomod:UnknownUncommonSkill+1","floor":4},{"not_picked":["CherryBlossoms","Laetitia"],"picked":"Bloodbath","floor":5},{"not_picked":["sneckomod:SoulRoll+1","ProselytesBlade","Fasting2"],"picked":"SKIP","floor":5},{"not_picked":["FairyFestival","MeatLantern"],"picked":"Porccubus","floor":7},{"not_picked":["GuidanceOfTheGears+1","blademaster:Momentum"],"picked":"RobotSpaceExplorer:Pulsar+1","floor":7},{"not_picked":["NakedNest","PunishingBird"],"picked":"DespairKnight","floor":10},{"not_picked":["BloodyDesire+1","theMarked:BanishingWave"],"picked":"hexamod:FlamesFromBeyond+1","floor":10},{"not_picked":["Guardian:FastForward+1","FlamingDragonFist"],"picked":"AT_MyraUnstableElement+1","floor":16},{"not_picked":["Variant","UniverseFragment"],"picked":"LittleHelper","floor":19},{"not_picked":["PokerPlayerMod:Sharpen","bronze:Philosophize+1"],"picked":"Terror+1","floor":19},{"not_picked":["FairyFestival","UniverseFragment"],"picked":"BigBadWolf","floor":20},{"not_picked":["champ:PreciseThrust","blademaster:AspectOfLightning+1"],"picked":"sneckomod:QuickBite","floor":20},{"not_picked":["BlackSwan","Mercenary"],"picked":"MeatLantern","floor":22},{"not_picked":["construct:Reinforce+1","TheCursedMod:SpitefulStrike"],"picked":"bronze:Turbo+1","floor":22},{"not_picked":["bronze:OilSpill","jedi:hex+1"],"picked":"Duel_lor","floor":23},{"not_picked":["BeautyBeast","SnowQueen"],"picked":"Funeral","floor":23},{"not_picked":["sneckomod:UnknownClassTHE_CHAMP_GRAY+1","Tough"],"picked":"hexamod:SpectersWail","floor":24},{"not_picked":["FairyFestival","SpiderBud"],"picked":"Scorched","floor":24},{"not_picked":["Prepared+1","hexamod:Rewind+1"],"picked":"Slimebound:GoopTackle","floor":25},{"not_picked":["LaLuna","BeautyBeast"],"picked":"Yin","floor":25}],"player_experience":137435,"relics_obtained":[{"floor":1,"key":"LetterFromLob"},{"floor":1,"key":"LetterFromLob"},{"floor":7,"key":"DeadEye"},{"floor":12,"key":"Grinning Jar"},{"floor":19,"key":"RobotSpaceExplorer:PlasmaHourglass"},{"floor":25,"key":"Art of War"},{"floor":26,"key":"Pear"}],"event_choices":[{"damage_healed":0,"gold_gain":0,"player_choice":"Success","damage_taken":3,"relics_obtained":["Durian"],"max_hp_gain":0,"max_hp_loss":0,"event_name":"Scrap Ooze","floor":8,"gold_loss":0}],"is_beta":false,"boss_relics":[{"not_picked":["AT_MortalBlade","ChewingGum"],"picked":"reliquary:KinkedSpring"},{"not_picked":[]}],"items_purged_floors":[5,13,21],"is_endless":false,"potions_floor_spawned":[2,4,6,1,7,10,20,25],"killed_by":"Cultist and Chosen","ascension_level":0}}