{"host":"syn2s104037ynsrp","time":1614354761,"event":{"mods":["2.2 Compatiblity","BaseMod","Downfall","Hermit","Minty Spire (QoL Compilation)","StSLib","The Marked"],"gold_per_floor":[99,116,20,39,51,36,36,61,61,61,61,90,190,7,18,119,119,119,131,142,161,246,278,325,325,349,386,386,416,248,248,264,373,373,373,432,432,461,66,81,81,124,143,143,43,43,43,76,94,94],"floor_reached":51,"language":"ENG","playtime":6700,"items_purged":[],"score":912,"play_id":"54eb83cb-fcb6-46e0-abe6-d11dd1da7682","local_time":"20210226105241","is_ascension_mode":true,"campfire_choices":[{"data":"Guardian:TwinSlam","floor":1,"key":"SMITH"},{"data":"Guardian:FloatingOrbs","floor":9,"key":"SMITH"},{"data":"Guardian:ChargeCore","floor":11,"key":"SMITH"},{"data":"Guardian:StasisStrike","floor":18,"key":"SMITH"},{"data":"Guardian:BaubleBeam","floor":28,"key":"SMITH"},{"floor":35,"key":"RECALL"}],"circlet_count":0,"master_deck":["Guardian:Strike_Guardian","Guardian:Strike_Guardian+1","Guardian:Strike_Guardian","Guardian:Strike_Guardian+1","Guardian:Defend_Guardian","Guardian:Defend_Guardian","Guardian:Defend_Guardian","Guardian:CurlUp","Guardian:TwinSlam+1","Guardian:ShieldCharger","Guardian:FloatingOrbs+1","Guardian:ChargeCore+1","Guardian:PiercingHide","Guardian:Incinerate","Guardian:TemporalStrike","Guardian:PrismaticBarrier+1","Guardian:WalkerClaw","Guardian:StasisStrike+1","Guardian:ChargeCore+1","Guardian:SentryBeam","Guardian:TemporalStrike","Guardian:BaubleBeam+1","Guardian:TimeCapacitor+1","Guardian:BodySlam+1"],"relics":["Guardian:ModeShifter","Vajra","Strawberry","Coffee Dripper","The Courier","CeramicFish","Ancient Tea Set","Mango","Guardian:BottledStasis","Fusion Hammer","Calipers","Whetstone","Frozen Egg 2","Bronze Scales","TungstenRod","Ornamental Fan","Toxic Egg 2","Boot","downfall:HeartBlessingRed","Orichalcum"],"acts_visited":["Exordium","TheCity","TheBeyond"],"potions_floor_usage":[5,14,21,30,33],"damage_taken":[{"damage":1,"enemies":"Cultist","floor":2,"turns":4},{"damage":0,"enemies":"downfall:FleeingMerchant","floor":3,"turns":4},{"damage":0,"enemies":"2 Louse","floor":4,"turns":2},{"damage":0,"enemies":"Small Slimes","floor":5,"turns":3},{"damage":3,"enemies":"downfall:FleeingMerchant","floor":6,"turns":4},{"damage":17,"enemies":"3 Sentries","floor":8,"turns":10},{"damage":6,"enemies":"Gremlin Nob","floor":12,"turns":3},{"damage":5,"enemies":"downfall:FleeingMerchant","floor":14,"turns":4},{"damage":7,"enemies":"Blue Slaver","floor":15,"turns":3},{"damage":27,"enemies":"IC_STATUS_ARCHETYPE","floor":16,"turns":10},{"damage":0,"enemies":"Shell Parasite","floor":19,"turns":4},{"damage":5,"enemies":"3 Byrds","floor":20,"turns":3},{"damage":0,"enemies":"Cultist and Chosen","floor":21,"turns":5},{"damage":12,"enemies":"Gremlin Leader","floor":23,"turns":6},{"damage":4,"enemies":"Snake Plant","floor":26,"turns":4},{"damage":10,"enemies":"Book of Stabbing","floor":27,"turns":4},{"damage":13,"enemies":"Gremlin Leader","floor":29,"turns":6},{"damage":0,"enemies":"downfall:FleeingMerchant","floor":30,"turns":4},{"damage":7,"enemies":"Snecko","floor":32,"turns":4},{"damage":22,"enemies":"WA_ARCHETYPE_CALM","floor":33,"turns":8},{"damage":0,"enemies":"WA_ARCHETYPE_CALM","floor":36,"turns":6},{"damage":1,"enemies":"3 Shapes","floor":38,"turns":4},{"damage":0,"enemies":"downfall:FleeingMerchant","floor":39,"turns":1},{"damage":15,"enemies":"3 Darklings","floor":40,"turns":5},{"damage":0,"enemies":"Reptomancer","floor":42,"turns":6},{"damage":0,"enemies":"Transient","floor":43,"turns":5},{"damage":0,"enemies":"Giant Head","floor":48,"turns":6},{"damage":0,"enemies":"Spire Growth","floor":49,"turns":3},{"damage":7,"enemies":"SI_POISON_ARCHETYPE","floor":50,"turns":6}],"seed_played":"6697770310947936417","potions_obtained":[{"floor":2,"key":"Guardian:AcceleratePotion"},{"floor":8,"key":"DuplicationPotion"},{"floor":16,"key":"Block Potion"},{"floor":21,"key":"Fire Potion"},{"floor":26,"key":"DuplicationPotion"},{"floor":29,"key":"LiquidMemories"},{"floor":40,"key":"SpeedPotion"},{"floor":42,"key":"Block Potion"},{"floor":43,"key":"Guardian:AcceleratePotion"}],"is_trial":false,"path_per_floor":["R","M","$","M","M","$","T","E","R","?","R","E","?","$","M","B",null,"R","M","M","M","?","E","T","?","M","E","R","E","$","?","M","B",null,"R","?","?","M","$","M","T","E","M","?","R","?","R","E","M","B",null],"character_chosen":"GUARDIAN","items_purchased":["Guardian:FloatingOrbs","Guardian:ChargeCore","Guardian:TemporalStrike","Guardian:Gem_Yellow","Guardian:PrismaticBarrier","Guardian:BottledStasis","Guardian:AcceleratePotion","Whetstone","Frozen Egg 2","Guardian:TimeCapacitor+1","Bronze Scales","TungstenRod"],"campfire_rested":0,"item_purchase_floors":[3,3,14,14,14,30,30,39,39,39,39,39],"current_hp_per_floor":[88,87,87,87,87,84,84,67,67,67,67,68,68,63,56,29,95,95,95,90,90,74,62,62,93,89,79,79,80,80,80,73,51,109,109,109,109,108,108,93,93,93,93,93,93,93,93,93,93,86],"gold":94,"neow_bonus":"TEN_PERCENT_HP_BONUS","is_daily":false,"chose_seed":false,"campfire_upgraded":5,"win_rate":0.0,"timestamp":1614354761,"path_taken":["R","M","?","M","M","?","T","E","R","?","R","E","?","$","M","BOSS","R","M","M","M","?","E","T","?","M","E","R","E","$","?","M","BOSS","R","?","?","M","?","M","T","E","?","?","R","?","R","E","M","BOSS"],"items_purchased_type":["Card","Card","Card","Card","Card","Relic","Potion","Relic","Relic","Card","Relic","Relic"],"build_version":"2020-12-22","purchased_purges":0,"victory":true,"max_hp_per_floor":[88,88,88,88,88,88,88,88,88,88,88,95,95,95,95,95,95,95,95,95,95,95,95,95,95,95,95,95,109,109,109,109,109,109,109,109,109,109,109,109,109,109,109,109,109,109,109,109,109,109],"card_choices":[{"not_picked":["Guardian:PiercingHide","Guardian:TimeBomb"],"picked":"Guardian:ShieldCharger","floor":2},{"not_picked":["Guardian:RollAttack","Guardian:DecasProtection"],"picked":"Guardian:Gem_Yellow","floor":3},{"not_picked":["Guardian:Gem_Red","Guardian:Planning"],"picked":"Guardian:Gem_Blue","floor":4},{"not_picked":["Guardian:Emergency","Guardian:ChargeCore"],"picked":"Guardian:PiercingHide","floor":5},{"not_picked":["Guardian:CrystalBeam","Guardian:DonusPower","Guardian:Repulse"],"picked":"SKIP","floor":6},{"not_picked":["Guardian:GemFire","Guardian:Reroute"],"picked":"Guardian:Gem_Fragmented","floor":8},{"not_picked":["Guardian:GemFinder","Guardian:BronzeArmor"],"picked":"Guardian:Incinerate","floor":12},{"not_picked":["Guardian:TemporalShield","Guardian:DecasProtection","Guardian:Gem_Cyan"],"picked":"SKIP","floor":14},{"not_picked":["Guardian:TemporalShield","Guardian:RollAttack"],"picked":"Guardian:WalkerClaw","floor":15},{"not_picked":["Guardian:CompilePackage","Guardian:GemFire"],"picked":"Guardian:StasisStrike","floor":16},{"not_picked":["Guardian:PiercingHide","Guardian:Gem_Red"],"picked":"Guardian:ChargeCore+1","floor":19},{"not_picked":["Guardian:Gem_Lightblue","Guardian:WalkerClaw"],"picked":"Guardian:SentryBeam","floor":20},{"not_picked":["Guardian:Reroute","Guardian:WalkerClaw"],"picked":"Guardian:TemporalStrike","floor":21},{"not_picked":["Guardian:SpikerProtocol","Guardian:Incinerate"],"picked":"Guardian:Gem_Crimson","floor":23},{"not_picked":["Guardian:RollAttack+1","Guardian:Gem_Cyan"],"picked":"Guardian:BaubleBeam","floor":26},{"not_picked":["Guardian:RollAttack","Guardian:CrystalBeam+1"],"picked":"Guardian:Gem_Orange","floor":27},{"not_picked":["Guardian:Gem_Green","Guardian:PiercingHide","Guardian:Suspension"],"picked":"SKIP","floor":29},{"not_picked":["Guardian:TimeBomb","Guardian:FloatingOrbs+1"],"picked":"Guardian:Gem_Cyan","floor":30},{"not_picked":["Guardian:MultiBeam","Guardian:Suspension","Guardian:BodySlam"],"picked":"SKIP","floor":32},{"not_picked":["Guardian:StasisField","Guardian:GemFire"],"picked":"Guardian:Gem_Orange","floor":33},{"not_picked":["Guardian:ChargeUp+1","Guardian:Gem_Cyan"],"picked":"Guardian:Gem_Purple","floor":36},{"not_picked":["Guardian:SentryBeam+1","Guardian:Repulse"],"picked":"Guardian:Gem_Fragmented","floor":38},{"not_picked":["Guardian:MultiBeam+1","Guardian:Gem_Cyan","Guardian:FuturePlans"],"picked":"SKIP","floor":39},{"not_picked":["Guardian:TemporalStrike+1","Guardian:WalkerClaw","Guardian:PiercingHide+1"],"picked":"SKIP","floor":40},{"not_picked":["Guardian:Harden+1","Guardian:AncientConstruct+1"],"picked":"Guardian:Gem_Lightblue","floor":42},{"not_picked":["Guardian:Gem_Green","Guardian:Gem_Blue"],"picked":"Guardian:BodySlam+1","floor":43},{"not_picked":["Guardian:Incinerate","Guardian:Orbwalk+1","Guardian:TimeBomb+1"],"picked":"SKIP","floor":48},{"not_picked":["Guardian:Gem_Green","Guardian:Reroute+1","Guardian:Planning+1"],"picked":"SKIP","floor":49}],"player_experience":606906,"relics_obtained":[{"floor":8,"key":"Vajra"},{"floor":12,"key":"Strawberry"},{"floor":23,"key":"The Courier"},{"floor":24,"key":"CeramicFish"},{"floor":27,"key":"Ancient Tea Set"},{"floor":29,"key":"Mango"},{"floor":36,"key":"Calipers"},{"floor":41,"key":"Ornamental Fan"},{"floor":42,"key":"Toxic Egg 2"},{"floor":44,"key":"Boot"},{"floor":48,"key":"Orichalcum"}],"event_choices":[{"damage_healed":31,"gold_gain":0,"player_choice":"Heal","damage_taken":0,"max_hp_gain":0,"max_hp_loss":0,"event_name":"The Library","floor":25,"gold_loss":0},{"damage_healed":0,"gold_gain":0,"player_choice":"Ignored","damage_taken":0,"max_hp_gain":0,"max_hp_loss":0,"event_name":"Ghosts","floor":31,"gold_loss":0}],"is_beta":false,"boss_relics":[{"not_picked":["SacredBark","Guardian:ModeShifterPlus"],"picked":"Coffee Dripper"},{"not_picked":["Sozu","Black Star"],"picked":"Fusion Hammer"}],"items_purged_floors":[],"is_endless":false,"potions_floor_spawned":[2,8,16,21,26,29,40,42,43],"ascension_level":1}}