{"host":"acryjhtwx6pk7wxr","time":1614363102,"event":{"mods":["AchievementEnabler","BaseMod","Colored Map","Colored Powertips","DeckTracker","Downfall","Googly Eyes","Highlight Path","Hubris","Minty Spire (QoL Compilation)","Quick Restart","Rare Cards Sparkle","Replay The Spire","StSLib","everything is the same but u backflip on backflip","slay the spire mod where everything is the same but ironclad has a cowboy hat"],"gold_per_floor":[99,111,129,144,144,175,198,223,240,240,290,332,344,367,391,403,403,403],"floor_reached":16,"language":"ENG","playtime":1164,"items_purged":[],"score":137,"play_id":"ff460435-188f-4abe-9a20-3f5e8697458d","local_time":"20210226131142","is_ascension_mode":false,"campfire_choices":[{"data":"hexamod:ForkedFlame","floor":1,"key":"SMITH"},{"floor":13,"key":"REST"}],"circlet_count":0,"master_deck":["hexamod:Strike","hexamod:Strike","hexamod:Strike","hexamod:Strike","hexamod:Defend","hexamod:Defend","hexamod:Defend","hexamod:Defend","hexamod:Sear","hexamod:Float","hexamod:ForkedFlame+1","hexamod:SoulSteal","hexamod:Hexaguard","hexamod:InspiringFlames","hexamod:RetreatToShadows","hexamod:GhostflameInferno","hexamod:SpectralAdrenaline","hubris:Envy","hexamod:SpectersWail"],"relics":["hexamod:SpiritBrand","ReplayTheSpireMod:Ring of Collecting","Vajra","Akabeko","Ring of Fury","Anchor","Ring of Greed","Golden Egg","Membership Card","MawBank","Bronze Scales"],"acts_visited":["Exordium"],"potions_floor_usage":[],"damage_taken":[{"damage":0,"enemies":"Small Slimes","floor":2,"turns":4},{"damage":1,"enemies":"Jaw Worm","floor":3,"turns":3},{"damage":0,"enemies":"2 Louse","floor":4,"turns":1},{"damage":16,"enemies":"3 Sentries","floor":6,"turns":6},{"damage":6,"enemies":"Replay:BlueRogue","floor":8,"turns":4},{"damage":7,"enemies":"Exordium Thugs","floor":9,"turns":3},{"damage":0,"enemies":"Red Slaver","floor":14,"turns":3},{"damage":0,"enemies":"Large Slime","floor":15,"turns":2},{"damage":43,"enemies":"DF_ARCHETYPE_STREAMLINE","floor":16,"turns":6}],"seed_played":"-3789536651707568278","potions_obtained":[{"floor":4,"key":"FearPotion"},{"floor":6,"key":"LiquidBronze"},{"floor":9,"key":"EssenceOfSteel"}],"is_trial":false,"path_per_floor":["R_BF","M","M","M","?","E","T","E","M","?","T","?","R","M","M","B"],"character_chosen":"THE_SPIRIT","items_purchased":[],"campfire_rested":1,"item_purchase_floors":[],"current_hp_per_floor":[49,49,48,48,48,32,32,26,19,19,19,19,40,40,40,0,0,0],"gold":403,"neow_bonus":"THREE_RARE_CARDS","is_daily":false,"chose_seed":false,"campfire_upgraded":1,"win_rate":0.0,"timestamp":1614363102,"path_taken":["R_BF","M","M","M","?","E","T","E","M","?","?","?","R","M","M","BOSS"],"items_purchased_type":[],"build_version":"2020-12-22","purchased_purges":0,"victory":false,"max_hp_per_floor":[70,70,70,70,70,70,70,70,70,70,70,70,70,70,70,70,70,70],"card_choices":[{"not_picked":["hexamod:UnleashSpirits","hexamod:GhostflameInferno"],"picked":"hexamod:ForkedFlame","floor":0},{"not_picked":["hexamod:GhostLash","hexamod:EtherealExpedition"],"picked":"hexamod:SoulSteal","floor":2},{"not_picked":["hexamod:GhostOfSpirePast","hexamod:SkipABeat"],"picked":"hexamod:Hexaguard","floor":3},{"not_picked":["hexamod:NightmareStrike","hexamod:CatchUp"],"picked":"hexamod:InspiringFlames","floor":4},{"not_picked":["hexamod:GiftsFromTheDead","hexamod:GhostOfSpireFuture"],"picked":"hexamod:RetreatToShadows","floor":6},{"not_picked":["hexamod:RecurringNightmare","hexamod:GhostflameBarrier"],"picked":"hexamod:GhostflameInferno","floor":8},{"not_picked":["hexamod:HeatMetal","hexamod:PowerFromBeyond","hexamod:ShieldOfDarkness"],"picked":"SKIP","floor":9},{"not_picked":["hexamod:RetreatToShadows","hexamod:PowerFromBeyond"],"picked":"hexamod:SpectralAdrenaline","floor":14},{"not_picked":["hexamod:BurningTouch","hexamod:RecurringNightmare"],"picked":"hexamod:SpectersWail","floor":15}],"player_experience":311415,"relics_obtained":[{"floor":5,"key":"ReplayTheSpireMod:Ring of Collecting"},{"floor":6,"key":"Vajra"},{"floor":7,"key":"Akabeko"},{"floor":7,"key":"Ring of Fury"},{"floor":8,"key":"Anchor"},{"floor":11,"key":"Ring of Greed"},{"floor":11,"key":"Golden Egg"},{"floor":11,"key":"Membership Card"},{"floor":11,"key":"MawBank"}],"event_choices":[],"is_beta":false,"boss_relics":[],"items_purged_floors":[],"is_endless":false,"potions_floor_spawned":[4,6,9,15],"killed_by":"DF_ARCHETYPE_STREAMLINE","ascension_level":0}}