{"host":"5lv0icc8l08nkbqt","time":1614364432,"event":{"mods":["Act Like it!","Aspiration","BaseMod","Colored Map","Conspire","Elementarium","Energized Spire","Gensokyo","Hallownest","Hubris","JesterMod","Jorbs\u0027s Wanderer Trilogy","Koishi","Marisa????????","Menagerie","Minty Spire (QoL Compilation)","Pale of the Ancients","Reliquary","Replay The Spire","Ruina","Shade Mod","Somnambulant","Spicy Shops","StSLib","The Blue Laboratory","The Disciple","The Hierophant","The Marked","Wandering Minibosses"],"gold_per_floor":[116,116,128,144,158,158,158,204,228,72,98,28,53,67,67,177,177,204,219,219,51,62,62,62,87,142,186,186,289,316,329,329,442,442,460,478,478,478,497,541,541,588,588,598,134,144,169,236,236,236],"floor_reached":51,"language":"ENG","playtime":4375,"items_purged":["Strike_MRS"],"score":829,"play_id":"5284b59e-d9c8-41a4-819a-e66ca769b898","local_time":"20210226223352","is_ascension_mode":true,"campfire_choices":[{"data":"Menagerie:BeastSpirit","floor":6,"key":"SMITH"},{"data":"Menagerie:MirarisWake","floor":15,"key":"SMITH"},{"floor":23,"key":"REST"},{"floor":28,"key":"REST"},{"data":"SuperNova","floor":41,"key":"SMITH"},{"floor":49,"key":"DIG"}],"circlet_count":0,"master_deck":["Strike_MRS","Strike_MRS","Strike_MRS","Defend_MRS","Defend_MRS","Defend_MRS","Defend_MRS","MasterSpark+1","UpSweep","OrrerysSun","Menagerie:BeastSpirit+1","OortCloud","WitchOfGreed","BlazingStar+1","Menagerie:Dismember","Menagerie:MirarisWake+1","BlazeAway+1","SuperNova+1","ruina:HomingInstinct","ruina:BlindRage","GasGiant","GalacticHalo","EscapeVelocity","SuperPerseids+1","Pot Of Greed","Pot Of Greed","GasGiant","hubris:DuctTapeCard"],"relics":["MiniHakkero","aspiration:Nostalgia","hierophant:PropheticMaskRelic","hubris:Towel","Ancient Tea Set","reliquary:WeakTea","Lee\u0027s Waffle","Replay:Mystery Machine","Snecko Eye","Simple Rune","ReplayTheSpireMod:Lightbulb","ReplayFunnel","Painkiller Herb","Torii","hubris:SlimyHat","Whetstone","ClockworkSouvenir","Grinning Jar","Happy Flower","reliquary:HotPoker","hubris:DuctTape"],"acts_visited":["Exordium","Menagerie:Menagerie","TheBeyond"],"potions_floor_usage":[11,25,31,33,33,33,42,50,50],"damage_taken":[{"damage":11,"enemies":"Menagerie:WhisperingWraith","floor":1,"turns":3},{"damage":11,"enemies":"Menagerie:MonstrousExperiment","floor":3,"turns":4},{"damage":1,"enemies":"Menagerie:2_RABBITS","floor":4,"turns":5},{"damage":13,"enemies":"Menagerie:DREAD_MOTH_AND_GRAFTED_WORMS","floor":5,"turns":5},{"damage":21,"enemies":"Menagerie:MaskedSummoner","floor":8,"turns":15},{"damage":12,"enemies":"Menagerie:Hydra","floor":11,"turns":3},{"damage":11,"enemies":"Menagerie:KEEPER_AND_YOUNG_SUNEATER","floor":13,"turns":4},{"damage":3,"enemies":"Menagerie:MENAGERIE_WILDLIFE","floor":14,"turns":4},{"damage":11,"enemies":"Menagerie:Chimera","floor":16,"turns":7},{"damage":21,"enemies":"ruina:3_Bats","floor":18,"turns":5},{"damage":21,"enemies":"ruina:BadWolf","floor":19,"turns":3},{"damage":6,"enemies":"ruina:KingOfGreed","floor":22,"turns":3},{"damage":27,"enemies":"ruina:RoadHome","floor":25,"turns":5},{"damage":7,"enemies":"ruina:Woodsman","floor":27,"turns":3},{"damage":8,"enemies":"ruina:Mountain","floor":30,"turns":4},{"damage":10,"enemies":"ruina:KnightOfDespair","floor":31,"turns":3},{"damage":4,"enemies":"ruina:Red_and_Wolf","floor":33,"turns":6},{"damage":2,"enemies":"3 Darklings","floor":35,"turns":2},{"damage":2,"enemies":"3 Shapes","floor":36,"turns":2},{"damage":2,"enemies":"Spire Growth","floor":39,"turns":4},{"damage":6,"enemies":"Giant Head","floor":40,"turns":5},{"damage":9,"enemies":"conspire:MimicChest","floor":42,"turns":5},{"damage":2,"enemies":"Writhing Mass","floor":44,"turns":3},{"damage":9,"enemies":"Sphere and 2 Shapes","floor":46,"turns":2},{"damage":0,"enemies":"Reptomancer","floor":47,"turns":3},{"damage":0,"enemies":"3 Darklings","floor":48,"turns":3},{"damage":8,"enemies":"hubris:GrandSnecko","floor":50,"turns":5}],"seed_played":"769817935030513531","potions_obtained":[{"floor":1,"key":"blueLaboratory:BottleOfVodka"},{"floor":8,"key":"Reflective Coating"},{"floor":8,"key":"Swift Potion"},{"floor":13,"key":"blueLaboratory:FrostheartPotion"},{"floor":16,"key":"FairyPotion"},{"floor":27,"key":"blueLaboratory:LouseDecoction"},{"floor":32,"key":"ColorlessPotion"},{"floor":32,"key":"AttackPotion"},{"floor":33,"key":"DistilledChaos"},{"floor":33,"key":"blueLaboratory:PhilterOfMotion"},{"floor":36,"key":"blueLaboratory:TrueEctoplasm"},{"floor":40,"key":"Dexterity Potion"},{"floor":44,"key":"GamblersBrew"}],"is_trial":false,"path_per_floor":["M","?","M","M","M","R","?","E","T","$","E","?","M","M","R","B",null,"M","M","?","$","M","R","?","E","T","M","R","?","E","M","R_BF","B",null,"?","?","?","?","?","E","T","?","T","?","T","?","E","?","T","B",null],"character_chosen":"MARISA","items_purchased":["Lee\u0027s Waffle","ruina:BlindRage","ClockworkSouvenir","Grinning Jar","Happy Flower"],"campfire_rested":2,"item_purchase_floors":[10,21,45,45,45],"current_hp_per_floor":[64,64,53,52,39,39,39,18,18,79,67,67,56,53,53,42,79,58,37,37,37,31,52,52,25,25,18,39,10,2,15,15,11,73,71,69,69,69,67,61,61,52,52,50,50,41,41,41,41,33],"gold":236,"neow_bonus":"NOSTALGIA","is_daily":false,"chose_seed":false,"campfire_upgraded":3,"win_rate":0.0,"timestamp":1614364432,"path_taken":["M","?","?","M","M","R","?","E","T","?","E","?","M","M","R","BOSS","M","M","?","$","M","R","?","E","T","M","R","?","E","M","R_BF","BOSS","?","?","?","?","?","E","T","?","T","?","?","?","E","?","T","BOSS"],"items_purchased_type":["Relic","Card","Relic","Relic","Relic"],"build_version":"2020-12-22","purchased_purges":1,"victory":true,"max_hp_per_floor":[75,72,72,72,72,72,72,72,72,79,79,79,79,79,79,79,79,79,79,73,73,73,73,73,73,73,73,73,73,73,73,73,73,73,73,73,73,73,73,73,73,73,73,73,73,73,73,73,73,73],"card_choices":[{"not_picked":["SporeBomb","DoubleSpark"],"picked":"OrrerysSun","floor":1},{"not_picked":["DC","GalacticHalo"],"picked":"OortCloud","floor":3},{"not_picked":["PropBag","Occultation","Acceleration"],"picked":"SKIP","floor":4},{"not_picked":["ManaConvection","GravityBeat"],"picked":"WitchOfGreed","floor":5},{"not_picked":["WitchOfGreed","OpenUniverse"],"picked":"BlazingStar","floor":8},{"not_picked":["Robbery","OortCloud","DragonMeteor"],"picked":"SKIP","floor":11},{"not_picked":["Menagerie:CrumblingSanctuary","Menagerie:Languish"],"picked":"Menagerie:Dismember","floor":12},{"not_picked":["Menagerie:Languish","Menagerie:Dismember"],"picked":"Menagerie:MirarisWake","floor":12},{"not_picked":["DC","GalacticHalo"],"picked":"BlazeAway","floor":13},{"not_picked":["MilkyWay","FairyDestructionRay"],"picked":"SuperNova","floor":14},{"not_picked":["BlazeAway","AsteroidBelt","DarkSpark"],"picked":"SKIP","floor":18},{"not_picked":["PulseMagic","AlicesGift","DoubleSpark+1"],"picked":"SKIP","floor":19},{"not_picked":["ruina:Lumber","ruina:CrimsonScar"],"picked":"ruina:HomingInstinct","floor":20},{"not_picked":["WitchLeyline+1","UltimateShortwave"],"picked":"GasGiant","floor":22},{"not_picked":["MagicChant","MilkyWay","GravityBeat"],"picked":"SKIP","floor":25},{"not_picked":["Acceleration","EnergyRecoil","StarlightTyphoon"],"picked":"SKIP","floor":27},{"not_picked":["DeepEcoloBomb","AlicesGift"],"picked":"GalacticHalo","floor":29},{"not_picked":["AsteroidBelt","DragonMeteor"],"picked":"BlazingStar","floor":29},{"not_picked":["RefractionSpark","OrrerysSun","PropBag"],"picked":"SKIP","floor":30},{"not_picked":["ShootingEcho","ShootTheMoon+1","MeteoricShower"],"picked":"SKIP","floor":31},{"not_picked":["CollectingQuirk","JA"],"picked":"EscapeVelocity","floor":33},{"not_picked":["RefractionSpark+1","ShootingEcho+1"],"picked":"SuperPerseids+1","floor":35},{"not_picked":["6A+1","GrandCross","UnstableBomb+1"],"picked":"SKIP","floor":36},{"not_picked":["LuminesStrike","6A","SporeBomb"],"picked":"SKIP","floor":39},{"not_picked":["MilkyWay+1","RefractionSpark+1","ChargingUp"],"picked":"SKIP","floor":40},{"not_picked":["PowerUp+1","GravityBeat","Orbital+1"],"picked":"SKIP","floor":44},{"not_picked":["DoubleSpark","FairyDestructionRay","UnstableBomb+1"],"picked":"SKIP","floor":46},{"not_picked":["GravityBeat","DoubleSpark+1","DarkMatter+1"],"picked":"SKIP","floor":47},{"not_picked":["SporeBomb","ChargeUpSpray+1"],"picked":"GasGiant","floor":48}],"player_experience":1883265,"relics_obtained":[{"floor":8,"key":"Ancient Tea Set"},{"floor":9,"key":"reliquary:WeakTea"},{"floor":11,"key":"Replay:Mystery Machine"},{"floor":25,"key":"Simple Rune"},{"floor":26,"key":"ReplayTheSpireMod:Lightbulb"},{"floor":30,"key":"ReplayFunnel"},{"floor":40,"key":"Torii"},{"floor":42,"key":"hubris:SlimyHat"},{"floor":43,"key":"Whetstone"},{"floor":47,"key":"reliquary:HotPoker"},{"floor":49,"key":"hubris:DuctTape"}],"event_choices":[{"damage_healed":0,"gold_gain":0,"player_choice":"Knelt","damage_taken":0,"max_hp_gain":0,"max_hp_loss":3,"event_name":"Menagerie:BeastSpiritShrine","floor":2,"gold_loss":0,"cards_obtained":["Menagerie:BeastSpirit"]},{"damage_healed":0,"gold_gain":0,"player_choice":"Spells","damage_taken":0,"max_hp_gain":0,"max_hp_loss":0,"event_name":"Menagerie:MagicPeddler","floor":12,"gold_loss":70},{"damage_healed":0,"gold_gain":0,"player_choice":"Leave","damage_taken":0,"max_hp_gain":0,"max_hp_loss":0,"event_name":"conspire:Investor","floor":37,"gold_loss":0},{"damage_healed":0,"gold_gain":0,"player_choice":"Ignored","damage_taken":0,"max_hp_gain":0,"max_hp_loss":0,"event_name":"Mysterious Sphere","floor":38,"gold_loss":0}],"is_beta":false,"boss_relics":[{"not_picked":["energizedSpire:HugeHouse","ChewingGum"],"picked":"Snecko Eye"},{"not_picked":["hubris:CrackedHourglass","energizedSpire:DeadBattery"],"picked":"Painkiller Herb"}],"items_purged_floors":[45],"is_endless":false,"potions_floor_spawned":[1,8,13,19,25,27,33,36,39,44],"ascension_level":2}}