{"host":"Slaske","time":1614356594,"event":{"mods":["AchievementEnabler","BaseMod","Colored Map","Colored Powertips","Minty Spire (QoL Compilation)","Random Character Button","Relic Stats","slay the spire mod where everything is the same but ironclad has a cowboy hat"],"gold_per_floor":[119,119,44,44,54,83,95,112,136,169,15,25,25,56,56,127,127,141,141,141,141],"floor_reached":20,"language":"ENG","playtime":7045,"items_purged":["Defend_R"],"score":355,"play_id":"1254da13-6d3d-4c54-bac0-2dbb2aeffb07","local_time":"20210226172314","is_ascension_mode":true,"campfire_choices":[{"floor":13,"key":"REST"},{"floor":15,"key":"REST"}],"circlet_count":0,"master_deck":["AscendersBane","Strike_R","Strike_R","Defend_R","Bash","Battle Trance","Double Tap","Armaments","Shrug It Off","Inflame","Clothesline","Uppercut","Rampage","True Grit","Reaper","Pummel"],"relics":["Burning Blood","Pen Nib","Bag of Preparation","Ancient Tea Set","InkBottle","SlaversCollar","Enchiridion"],"acts_visited":["Exordium","TheCity"],"potions_floor_usage":[6,8,14,16],"damage_taken":[{"damage":1,"enemies":"Cultist","floor":1,"turns":3},{"damage":12,"enemies":"Jaw Worm","floor":5,"turns":2},{"damage":40,"enemies":"3 Sentries","floor":6,"turns":11},{"damage":1,"enemies":"Small Slimes","floor":7,"turns":5},{"damage":1,"enemies":"Red Slaver","floor":8,"turns":2},{"damage":24,"enemies":"Gremlin Nob","floor":10,"turns":4},{"damage":9,"enemies":"Blue Slaver","floor":12,"turns":3},{"damage":15,"enemies":"3 Sentries","floor":14,"turns":6},{"damage":18,"enemies":"Hexaghost","floor":16,"turns":7},{"damage":30,"enemies":"Spheric Guardian","floor":18,"turns":6},{"damage":18,"enemies":"Chosen","floor":20,"turns":5}],"seed_played":"3711640600968129923","potions_obtained":[{"floor":5,"key":"SkillPotion"},{"floor":7,"key":"AttackPotion"},{"floor":12,"key":"Energy Potion"},{"floor":14,"key":"PowerPotion"}],"is_trial":false,"path_per_floor":["M","?","?","?","M","E","M","M","T","E","$","M","R","E","R","B",null,"M","?","M"],"character_chosen":"IRONCLAD","items_purchased":["Uppercut"],"campfire_rested":2,"item_purchase_floors":[11],"current_hp_per_floor":[68,61,61,61,55,21,26,31,31,13,13,10,30,21,41,29,58,34,13,0,0],"gold":141,"neow_bonus":"REMOVE_TWO","is_daily":false,"chose_seed":false,"campfire_upgraded":0,"win_rate":0.0,"timestamp":1614356594,"path_taken":["M","?","?","?","M","E","M","M","T","E","?","?","R","E","R","BOSS","M","?","M"],"items_purchased_type":["Card"],"build_version":"2020-12-18","purchased_purges":1,"victory":false,"max_hp_per_floor":[68,68,68,68,68,68,68,68,68,68,68,68,68,68,68,68,68,68,68,68,68],"relic_stats":{"counters":[11,54],"Pen Nib":[5],"Bag of Preparation":[12],"obtain_stats":[{"SlaversCollar":17,"Enchiridion":19,"Pen Nib":6,"Bag of Preparation":9,"Ancient Tea Set":10,"Burning Blood":0,"InkBottle":14},{"SlaversCollar":9,"Enchiridion":10,"Pen Nib":3,"Bag of Preparation":5,"Ancient Tea Set":6,"Burning Blood":0,"InkBottle":8},{"SlaversCollar":43,"Enchiridion":49,"Pen Nib":16,"Bag of Preparation":23,"Ancient Tea Set":27,"Burning Blood":0,"InkBottle":36}],"Burning Blood":55,"InkBottle":[3]},"card_choices":[{"not_picked":["Thunderclap","Flex"],"picked":"Battle Trance","floor":1},{"not_picked":["Thunderclap","Pummel"],"picked":"Armaments","floor":5},{"not_picked":["Disarm","Seeing Red"],"picked":"Shrug It Off","floor":6},{"not_picked":["Cleave","Thunderclap"],"picked":"Inflame","floor":7},{"not_picked":["Armaments","Carnage"],"picked":"Clothesline","floor":8},{"not_picked":["Perfected Strike","Offering","Armaments"],"picked":"SKIP","floor":10},{"not_picked":["Dual Wield","Second Wind"],"picked":"Rampage","floor":12},{"not_picked":["Heavy Blade","Sever Soul"],"picked":"True Grit","floor":14},{"not_picked":["Impervious","Immolate"],"picked":"Reaper","floor":16},{"not_picked":["Clothesline","Combust"],"picked":"Pummel","floor":18}],"player_experience":562885,"relics_obtained":[{"floor":6,"key":"Pen Nib"},{"floor":9,"key":"Bag of Preparation"},{"floor":10,"key":"Ancient Tea Set"},{"floor":14,"key":"InkBottle"},{"floor":19,"key":"Enchiridion"}],"event_choices":[{"cards_removed":["Defend_R"],"damage_healed":0,"gold_gain":0,"player_choice":"Card Removal","damage_taken":7,"max_hp_gain":0,"max_hp_loss":0,"event_name":"Golden Wing","floor":2,"gold_loss":0},{"cards_removed":["Strike_R"],"damage_healed":0,"gold_gain":0,"player_choice":"Card Removal","damage_taken":0,"max_hp_gain":0,"max_hp_loss":0,"event_name":"The Cleric","floor":3,"gold_loss":75},{"damage_healed":0,"gold_gain":0,"cards_transformed":["Strike_R"],"player_choice":"Change","damage_taken":0,"max_hp_gain":0,"max_hp_loss":0,"event_name":"Living Wall","floor":4,"gold_loss":0,"cards_obtained":["Double Tap"]},{"damage_healed":0,"gold_gain":0,"player_choice":"Obtained Book","damage_taken":21,"max_hp_gain":0,"max_hp_loss":0,"event_name":"Cursed Tome","floor":19,"gold_loss":0}],"is_beta":true,"boss_relics":[{"not_picked":["Runic Dome","Runic Pyramid"],"picked":"SlaversCollar"}],"items_purged_floors":[11],"is_endless":false,"potions_floor_spawned":[5,7,12,14],"killed_by":"Chosen","ascension_level":17}}