{"host":"3n5xmnb54n2y5mb4","time":1614316830,"event":{"mods":["BaseMod","Colored Map","Colored Powertips","Downfall","Minty Spire (QoL Compilation)","Permanent Neow","StSLib","Unceasing Turn Reminder","everything is the same but u backflip on backflip"],"gold_per_floor":[99,110,110,260,271,283,361,371,16,48,148,48,8,8,24,24,24,24],"floor_reached":16,"language":"ENG","playtime":1571,"items_purged":[],"score":105,"play_id":"e083a142-d490-47a1-9844-d3d7f3572133","local_time":"20210226002030","is_ascension_mode":true,"campfire_choices":[{"floor":1,"key":"RECALL"},{"floor":12,"key":"REST"}],"circlet_count":0,"master_deck":["Guardian:Strike_Guardian","Guardian:Strike_Guardian","Guardian:Strike_Guardian","Guardian:Strike_Guardian","Guardian:Defend_Guardian","Guardian:Defend_Guardian","Guardian:Defend_Guardian","Guardian:Defend_Guardian","Guardian:CurlUp","Guardian:TwinSlam","Guardian:FuturePlans","downfall:Icky","Guardian:TemporalShield","Guardian:Orbwalk","Guardian:ChargeCore","expansioncontent:Hexaburn+1","Guardian:Suspension","Guardian:Gem_Orange","Guardian:ShieldCharger","Guardian:Gem_Lightblue","Guardian:Gem_Synthetic","Guardian:ArmoredProtocol+1"],"relics":["Guardian:ModeShifter","Unceasing Top","Pear","Frozen Egg 2","Happy Flower","downfall:HeartBlessingRed","Guardian:PickAxe"],"acts_visited":["Exordium"],"potions_floor_usage":[10,15,16],"damage_taken":[{"damage":3,"enemies":"2 Louse","floor":2,"turns":3},{"damage":9,"enemies":"Jaw Worm","floor":5,"turns":4},{"damage":6,"enemies":"Cultist","floor":6,"turns":4},{"damage":7,"enemies":"Large Slime","floor":8,"turns":7},{"damage":5,"enemies":"downfall:FleeingMerchant","floor":9,"turns":4},{"damage":18,"enemies":"Gremlin Nob","floor":10,"turns":5},{"damage":5,"enemies":"downfall:FleeingMerchant","floor":13,"turns":4},{"damage":9,"enemies":"downfall:FleeingMerchant","floor":14,"turns":4},{"damage":20,"enemies":"Exordium Thugs","floor":15,"turns":7},{"damage":40,"enemies":"WA_ARCHETYPE_RETAIN","floor":16,"turns":7}],"seed_played":"6369676830167177715","potions_obtained":[{"floor":2,"key":"AttackPotion"},{"floor":6,"key":"ColorlessPotion"},{"floor":15,"key":"Swift Potion"}],"is_trial":false,"path_per_floor":["R","M","?","?","M","M","T","M","$","E","?","R","$","?","M","B"],"character_chosen":"GUARDIAN","items_purchased":["Frozen Egg 2","expansioncontent:Hexaburn+1","Guardian:ShieldCharger"],"campfire_rested":1,"item_purchase_floors":[9,9,13],"current_hp_per_floor":[72,69,74,74,65,59,69,62,57,39,39,65,60,51,31,0,0,0],"gold":24,"neow_bonus":"ONE_RARE_RELIC","is_daily":false,"chose_seed":false,"campfire_upgraded":0,"win_rate":0.0,"timestamp":1614316830,"path_taken":["R","M","?","?","M","M","T","M","$","E","?","R","$","?","M","BOSS"],"items_purchased_type":["Relic","Card","Card"],"build_version":"2020-12-22","purchased_purges":0,"victory":false,"max_hp_per_floor":[72,72,77,77,77,77,87,87,87,87,87,87,87,87,87,87,87,87],"card_choices":[{"not_picked":["Guardian:SpikerProtocol","Guardian:RollAttack"],"picked":"Guardian:FuturePlans","floor":2},{"not_picked":["Guardian:RollAttack","Guardian:Recover"],"picked":"Guardian:TemporalShield","floor":5},{"not_picked":["Guardian:CrystalBeam","Guardian:VentSteam"],"picked":"Guardian:Orbwalk","floor":6},{"not_picked":["Guardian:PiercingHide","Guardian:FloatingOrbs"],"picked":"Guardian:Gem_Purple","floor":8},{"not_picked":["Guardian:DonusPower","Guardian:Preprogram"],"picked":"Guardian:ChargeCore","floor":9},{"not_picked":["Guardian:WalkerClaw","Guardian:BodySlam"],"picked":"Guardian:Suspension","floor":10},{"not_picked":["Guardian:Reroute","Guardian:FloatingOrbs+1"],"picked":"Guardian:Gem_Orange","floor":13},{"not_picked":["Guardian:BodySlam","Guardian:PiercingHide"],"picked":"Guardian:ArmoredProtocol+1","floor":15}],"player_experience":1176422,"relics_obtained":[{"floor":7,"key":"Pear"},{"floor":10,"key":"Happy Flower"}],"event_choices":[{"damage_healed":0,"gold_gain":0,"player_choice":"Donut","damage_taken":0,"max_hp_gain":5,"max_hp_loss":0,"event_name":"Big Fish","floor":3,"gold_loss":0}],"is_beta":false,"boss_relics":[],"items_purged_floors":[],"is_endless":false,"potions_floor_spawned":[2,6,14,15],"killed_by":"WA_ARCHETYPE_RETAIN","ascension_level":1}}