{"host":"opgesw7sb5n0ordz","time":1614310035,"event":{"mods":["BaseMod","Better Note","Colored Powertips","Curses Come First","Downfall","Minty Spire (QoL Compilation)","Relic Stats","Shedinja","StSLib","Unceasing Turn Reminder"],"gold_per_floor":[112,112,14,24,37,37,37],"floor_reached":6,"language":"ENG","playtime":263,"items_purged":[],"score":41,"play_id":"746a333d-8e07-4384-83c5-da30667440a8","local_time":"20210225222715","is_ascension_mode":true,"campfire_choices":[],"circlet_count":0,"master_deck":["Shedinja:Scratch","Shedinja:Scratch","Shedinja:Scratch","Shedinja:Scratch","Shedinja:Scratch","Shedinja:Endure","Shedinja:Endure","Shedinja:Endure","Shedinja:Endure","Shedinja:Endure","Shedinja:FocusSash","Shedinja:FocusSash","Shedinja:Mimic","Shedinja:Elixir","Shedinja:Absorb","Shedinja:GigaDrain","Shedinja:MindReader"],"relics":["Shedinja:WonderGuard","Anchor","Juzu Bracelet"],"acts_visited":["Exordium"],"potions_floor_usage":[6],"damage_taken":[{"damage":0,"enemies":"Jaw Worm","floor":1,"turns":6},{"damage":0,"enemies":"2 Louse","floor":4,"turns":4},{"damage":0,"enemies":"Cultist","floor":5,"turns":5},{"damage":8,"enemies":"Gremlin Nob","floor":6,"turns":4}],"seed_played":"5352953841432552736","potions_obtained":[{"floor":4,"key":"Weak Potion"}],"is_trial":false,"path_per_floor":["M","?","$","M","M","E"],"character_chosen":"THE_DEFAULT","items_purchased":["Shedinja:Elixir","Shedinja:Absorb"],"campfire_rested":0,"item_purchase_floors":[3,3],"current_hp_per_floor":[1,1,1,1,1,0,0],"gold":37,"neow_bonus":"RANDOM_COMMON_RELIC","is_daily":false,"chose_seed":false,"campfire_upgraded":0,"win_rate":0.0,"timestamp":1614310035,"path_taken":["M","?","$","M","M","E"],"items_purchased_type":["Card","Card"],"build_version":"2020-12-22","purchased_purges":0,"victory":false,"max_hp_per_floor":[1,1,1,1,1,1,1],"relic_stats":{"counters":[4,19],"Juzu Bracelet":0,"obtain_stats":[{"Anchor":0,"Shedinja:WonderGuard":0,"Juzu Bracelet":2},{"Anchor":0,"Shedinja:WonderGuard":0,"Juzu Bracelet":1},{"Anchor":0,"Shedinja:WonderGuard":0,"Juzu Bracelet":6}]},"card_choices":[{"not_picked":["Shedinja:RockyHelmet","Shedinja:Facade"],"picked":"Shedinja:Mimic","floor":1},{"not_picked":["Shedinja:Facade","Shedinja:Ether"],"picked":"Shedinja:GigaDrain","floor":4},{"not_picked":["Shedinja:Elixir","Shedinja:RockyHelmet"],"picked":"Shedinja:MindReader","floor":5}],"player_experience":782034,"relics_obtained":[],"event_choices":[],"is_beta":false,"boss_relics":[],"items_purged_floors":[],"is_endless":false,"potions_floor_spawned":[4],"killed_by":"Gremlin Nob","ascension_level":3}}