{"host":"76n1didplu2laqh4","time":1614334990,"event":{"mods":["BaseMod","Downfall","Good Game Mod","Marisa£®ÏF”Í°°ƒß¿Ì…≥£©","Minty Spire (QoL Compilation)","Prisma Mod","Quick Restart","READ ME - Guardian Mod","Replay The Spire","Shop Mod","StSLib","The Hierophant","The Senshi","The Servant 0.9.4","UnlockEverythingMod","Youmu£®ªÍ∆«—˝√Œ£©","Yuri Mod"],"gold_per_floor":[114,126,138,225,256,268,299,330,392,433,445,457,498,685,697,856,868,915,927,939,866,915,927,993,1005,1042,135,172,172,224,261,261,428,428,455,500,500,589,589,589,641,682,707,755,785,820,42,42,42,84],"floor_reached":51,"language":"ZHS","playtime":2178,"items_purged":["Injury"],"score":1033,"play_id":"6b53ff25-4447-42b5-86ab-5bc15dc8a3d4","local_time":"20210226182310","daily_mods":["SealedDeck","Vintage","Lethality"],"is_ascension_mode":false,"campfire_choices":[{"data":"PrismaMod:ChloeBetterTracePools","floor":6,"key":"SMITH"},{"floor":12,"key":"REST"},{"floor":15,"key":"REST"},{"data":"PrismaMod:ChloeDoubleRelicSpeed","floor":23,"key":"SMITH"},{"data":"RitualDagger","floor":25,"key":"SMITH"},{"floor":29,"key":"REST"},{"data":"Panache","floor":32,"key":"SMITH"},{"data":"PrismaMod:ChloeAnyPowerTrace","floor":40,"key":"SMITH"},{"floor":49,"key":"DIG"}],"circlet_count":0,"master_deck":["PrismaMod:ChloeBetterTracePools+1","PrismaMod:ChloeCheapAttackTwo","PrismaMod:ChloeGaeBolg","PrismaMod:ChloeExcalibur+1","PrismaMod:ChloeExhaustOne","PrismaMod:ChloeCommonAOEAttack+1","PrismaMod:ChloeCheapAttack","PrismaMod:ChloeDoubleRelicSpeed+1","RitualDagger+1","PrismaMod:ChloeRuleBreaker","Panache+1","PrismaMod:ChloeRitsuka+1","PrismaMod:ChloeMaid","PrismaMod:ChloeAnyPowerTrace+1","PrismaMod:ChloeDiscardRecovery+1","PrismaMod:ChloeCheapDefend","PrismaMod:ChloeMordred+1","Master of Strategy","Trip","Sadistic Nature","HandOfGreed","PrismaMod:ChloeCheapDefendTwo"],"relics":["PrismaMod:PrismaTraceOn","REME:ComplimentaryCards","MawBank","Ancient Tea Set","Golden Idol","PreservedInsect","Pantograph","Unceasing Top","Replay:Bandana","Replay:Rubber Ducky","Meat on the Bone","Replay:Grab Bag","Philosopher\u0027s Stone","Busted Crown","Empty Cage","Pen Nib","Strawberry","Akabeko","Ornamental Fan","sneckomod:BlankCard","Chemical X","Bag of Marbles","FossilizedHelix","White Beast Statue","Orichalcum","Replay:PocketPolymizer","bronze:MakeshiftBattery","Garlic","Boot","champ:DuelingGlove","Ring of Chaos","Ring of Fangs","Bag of Preparation","hexamod:Sixitude","Gremlin Food","Vajra","CatCart","Guardian:PocketSentry","Pet Ghost","Shovel","Toolbox","Snack Pack"],"acts_visited":["Exordium","TheCity","TheBeyond"],"potions_floor_usage":[16,16,16,31,35,42,46],"damage_taken":[{"damage":0,"enemies":"2 Louse","floor":1,"turns":1},{"damage":0,"enemies":"Small Slimes","floor":5,"turns":2},{"damage":0,"enemies":"Jaw Worm","floor":7,"turns":1},{"damage":19,"enemies":"3 Louse","floor":8,"turns":2},{"damage":0,"enemies":"Looter","floor":10,"turns":1},{"damage":0,"enemies":"Blue Slaver","floor":13,"turns":1},{"damage":67,"enemies":"Hexaghost","floor":16,"turns":6},{"damage":1,"enemies":"Spheric Guardian","floor":18,"turns":3},{"damage":11,"enemies":"Shell Parasite","floor":22,"turns":2},{"damage":28,"enemies":"Slavers","floor":24,"turns":2},{"damage":0,"enemies":"Cultist and Chosen","floor":28,"turns":1},{"damage":0,"enemies":"Book of Stabbing","floor":30,"turns":2},{"damage":0,"enemies":"Snecko","floor":31,"turns":2},{"damage":34,"enemies":"Collector","floor":33,"turns":4},{"damage":3,"enemies":"3 Shapes","floor":35,"turns":1},{"damage":0,"enemies":"3 Darklings","floor":36,"turns":3},{"damage":0,"enemies":"Mind Bloom Boss Battle","floor":38,"turns":3},{"damage":0,"enemies":"Nemesis","floor":41,"turns":1},{"damage":0,"enemies":"Maw","floor":42,"turns":4},{"damage":0,"enemies":"R_Hoarder","floor":44,"turns":4},{"damage":0,"enemies":"Orin","floor":45,"turns":4},{"damage":0,"enemies":"Jaw Worm Horde","floor":46,"turns":1},{"damage":16,"enemies":"Donu and Deca","floor":50,"turns":2}],"seed_played":"4728103701414758894","potions_obtained":[{"floor":5,"key":"Weak Potion"},{"floor":7,"key":"SteroidPotion"},{"floor":8,"key":"Languid Potion"},{"floor":13,"key":"ColorlessPotion"},{"floor":22,"key":"Cursed Concoction"},{"floor":24,"key":"Toxic Potion"},{"floor":30,"key":"Adrenaline Potion"},{"floor":31,"key":"Adrenaline Potion"},{"floor":33,"key":"Fruit Juice"},{"floor":35,"key":"Weak Potion"},{"floor":36,"key":"Guardian:BlockOnCardUsePotion"},{"floor":38,"key":"AttackPotion"},{"floor":42,"key":"Doom Potion"},{"floor":46,"key":"LifebloodPotion"}],"is_trial":false,"path_per_floor":["M","?","?","?","M","R","M","M","T","M","?","R","M","?","R","B",null,"M","?","?","?","M","R","E","R","T","$","M","R","E","M","R","B",null,"M","M","?","?","?","R","E","M","T","E","?","M","$","?","R","B",null],"character_chosen":"CHLOE","items_purchased":["Panache","PrismaMod:ChloeRitsuka+1","Chemical X","Bag of Marbles","FossilizedHelix","Pet Ghost","Shovel","Toolbox","Master of Strategy"],"campfire_rested":3,"item_purchase_floors":[27,27,27,27,27,47,47,47,47],"current_hp_per_floor":[75,75,75,64,64,64,64,45,45,45,30,52,52,52,74,20,75,74,68,68,75,71,71,43,43,43,43,43,67,67,67,67,48,82,84,84,84,87,87,87,87,87,87,87,87,87,87,77,77,75],"gold":84,"neow_bonus":"","is_daily":true,"chose_seed":false,"campfire_upgraded":5,"win_rate":0.0,"timestamp":1614334990,"path_taken":["M","?","?","?","M","R","M","M","T","M","?","R","?","?","R","BOSS","M","?","?","?","M","R","E","R","T","$","M","R","E","M","R","BOSS","M","M","?","?","?","R","E","M","T","E","?","?","?","?","R","BOSS"],"items_purchased_type":["Card","Card","Relic","Relic","Relic","Relic","Relic","Relic","Card"],"build_version":"2020-12-22","purchased_purges":1,"victory":true,"max_hp_per_floor":[75,75,75,75,75,75,75,75,75,75,75,75,75,75,75,75,75,75,75,75,82,82,82,82,82,82,82,82,82,82,82,82,82,82,87,87,87,87,87,87,87,87,87,87,87,87,87,87,87,87],"card_choices":[{"not_picked":["PrismaMod:ChloeGreatTracePools","PrismaMod:ChloeAnyCommonTrace"],"picked":"PrismaMod:ChloeDoubleRelicSpeed","floor":16},{"not_picked":["PrismaMod:ChloeCheapAttack"],"picked":"SKIP","floor":24},{"not_picked":["PrismaMod:ChloeExhaustOne"],"picked":"SKIP","floor":30},{"not_picked":[],"picked":"PrismaMod:ChloeAnyPowerTrace","floor":33},{"not_picked":[],"picked":"PrismaMod:ChloeDiscardRecovery+1","floor":38},{"not_picked":[],"picked":"PrismaMod:ChloeMordred+1","floor":41},{"not_picked":["PrismaMod:ChloeCheapDefend"],"picked":"SKIP","floor":44},{"not_picked":[],"picked":"Trip","floor":48},{"not_picked":[],"picked":"Sadistic Nature","floor":48},{"not_picked":[],"picked":"HandOfGreed","floor":48}],"player_experience":257559,"relics_obtained":[{"floor":1,"key":"MawBank"},{"floor":5,"key":"PreservedInsect"},{"floor":7,"key":"Pantograph"},{"floor":8,"key":"Unceasing Top"},{"floor":9,"key":"Replay:Bandana"},{"floor":10,"key":"Replay:Rubber Ducky"},{"floor":13,"key":"Meat on the Bone"},{"floor":18,"key":"Pen Nib"},{"floor":22,"key":"Akabeko"},{"floor":24,"key":"Ornamental Fan"},{"floor":26,"key":"sneckomod:BlankCard"},{"floor":28,"key":"White Beast Statue"},{"floor":30,"key":"Orichalcum"},{"floor":31,"key":"Replay:PocketPolymizer"},{"floor":35,"key":"Garlic"},{"floor":36,"key":"Boot"},{"floor":38,"key":"champ:DuelingGlove"},{"floor":39,"key":"Ring of Chaos"},{"floor":39,"key":"Ring of Fangs"},{"floor":41,"key":"Bag of Preparation"},{"floor":42,"key":"hexamod:Sixitude"},{"floor":43,"key":"Gremlin Food"},{"floor":44,"key":"Vajra"},{"floor":45,"key":"CatCart"},{"floor":46,"key":"Guardian:PocketSentry"},{"floor":49,"key":"Snack Pack"}],"event_choices":[{"damage_healed":0,"gold_gain":0,"player_choice":"Box","damage_taken":0,"relics_obtained":["Ancient Tea Set"],"max_hp_gain":0,"max_hp_loss":0,"event_name":"Big Fish","floor":2,"gold_loss":0,"cards_obtained":["Regret"]},{"damage_healed":0,"gold_gain":0,"player_choice":"Take Wound","damage_taken":0,"relics_obtained":["Golden Idol"],"max_hp_gain":0,"max_hp_loss":0,"event_name":"Golden Idol","floor":3,"gold_loss":0,"cards_obtained":["Injury"]},{"damage_healed":0,"gold_gain":75,"player_choice":"Gather Gold","damage_taken":11,"max_hp_gain":0,"max_hp_loss":0,"event_name":"World of Goop","floor":4,"gold_loss":0},{"damage_healed":0,"gold_gain":0,"player_choice":"Entered Light","damage_taken":15,"max_hp_gain":0,"max_hp_loss":0,"event_name":"Shining Light","floor":11,"gold_loss":0,"cards_upgraded":["PrismaMod:ChloeExcalibur","PrismaMod:ChloeCommonAOEAttack"]},{"damage_healed":0,"gold_gain":175,"player_choice":"AGREE","damage_taken":0,"max_hp_gain":0,"max_hp_loss":0,"event_name":"Liars Game","floor":14,"gold_loss":0,"cards_obtained":["Doubt"]},{"damage_healed":0,"gold_gain":0,"player_choice":"Joined the Cult","damage_taken":6,"max_hp_gain":0,"max_hp_loss":0,"event_name":"Nest","floor":19,"gold_loss":0,"cards_obtained":["RitualDagger"]},{"damage_healed":0,"gold_gain":0,"player_choice":"Read","damage_taken":0,"max_hp_gain":0,"max_hp_loss":0,"event_name":"The Library","floor":20,"gold_loss":0,"cards_obtained":["PrismaMod:ChloeRuleBreaker"]},{"damage_healed":0,"gold_gain":0,"player_choice":"Obtained Relic","damage_taken":0,"relics_obtained":["Strawberry"],"max_hp_gain":0,"max_hp_loss":0,"event_name":"Addict","floor":21,"gold_loss":85},{"damage_healed":0,"gold_gain":0,"player_choice":"Ignored","damage_taken":0,"max_hp_gain":0,"max_hp_loss":0,"event_name":"Tomb of Lord Red Mask","floor":37,"gold_loss":0},{"damage_healed":0,"gold_gain":0,"player_choice":"Fight","damage_taken":0,"max_hp_gain":0,"max_hp_loss":0,"event_name":"MindBloom","floor":38,"gold_loss":0},{"damage_healed":0,"gold_gain":0,"player_choice":"Fight","damage_taken":0,"max_hp_gain":0,"max_hp_loss":0,"event_name":"OrinTheCat","floor":45,"gold_loss":0},{"damage_healed":0,"gold_gain":0,"player_choice":"Memory 3","damage_taken":10,"max_hp_gain":0,"max_hp_loss":0,"event_name":"SensoryStone","floor":48,"gold_loss":0}],"is_beta":false,"boss_relics":[{"not_picked":["Replay:Ancient Bell","Astrolabe"],"picked":"Replay:Grab Bag"},{"not_picked":["SlaversCollar","Fusion Hammer"],"picked":"Philosopher\u0027s Stone"},{"not_picked":["Runic Dome","Sozu"],"picked":"Busted Crown"},{"not_picked":["PrismaMod:PrismaTraceOnUpgrade","Ring of Chaos"],"picked":"Empty Cage"},{"not_picked":["Replay:Bronze Core","Runic Pyramid"],"picked":"bronze:MakeshiftBattery"}],"items_purged_floors":[27],"is_endless":false,"potions_floor_spawned":[5,7,8,13,22,24,30,31,33,35,36,38,41,42,44,45,46],"ascension_level":0}}