{"host":"ve9aztkoyqeblvav","time":1614354570,"event":{"mods":["Act Like it!","Aspiration","BaseMod","Colored Map","Colored Powertips","Highlight Path","Marked Mod","Minty Spire (QoL Compilation)","Pale of the Ancients","Quick Restart","Reorder Act Four","StSLib","The Hierophant","Waifu the Spire","[IsaacMod]ÒÔÈö¼âËþ"],"gold_per_floor":[116,216,141,141,159,194,211,211,211,211,222,26,44,65,65,142,142,159,159,9,9,9],"floor_reached":21,"language":"ZHS","playtime":987,"items_purged":["Strike_G","Strike_G","Defend_G"],"score":354,"play_id":"c0cb856d-7ded-4ea9-82c1-5607c6e00c10","local_time":"20210226234930","is_ascension_mode":true,"campfire_choices":[{"data":"EpicFetus","floor":8.0,"key":"SMITH"},{"floor":15.0,"key":"REST"}],"circlet_count":0,"master_deck":["AscendersBane","Strike_G","Strike_G","Defend_G","Defend_G","Defend_G","Defend_G","Survivor","Neutralize","EpicFetus+1","Escape Plan","Noxious Fumes","Adrenaline","Acrobatics","Purity","Venomology","Well Laid Plans","Malaise","Prepared","Ghostly","Ghostly","Ghostly","Blade Dance"],"relics":["Ring of the Snake","HushsDoor","Chaos","aspiration:Nostalgia","hierophant:PropheticMaskRelic","StrikeDummy","Odd Mushroom","Inserter"],"acts_visited":["Exordium","TheCity"],"potions_floor_usage":[16,16,18],"damage_taken":[{"damage":2.0,"enemies":"2 Louse","floor":1.0,"turns":4.0},{"damage":1.0,"enemies":"Cultist","floor":5.0,"turns":4.0},{"damage":31.0,"enemies":"Gremlin Nob","floor":6.0,"turns":4.0},{"damage":2.0,"enemies":"Small Slimes","floor":7.0,"turns":4.0},{"damage":14.0,"enemies":"3 Louse","floor":11.0,"turns":4.0},{"damage":1.0,"enemies":"Exordium Thugs","floor":13.0,"turns":5.0},{"damage":0.0,"enemies":"The Mushroom Lair","floor":14.0,"turns":3.0},{"damage":2,"enemies":"The Guardian","floor":16,"turns":10},{"damage":16,"enemies":"Spheric Guardian","floor":18,"turns":4},{"damage":7,"enemies":"Shell Parasite","floor":21,"turns":6}],"seed_played":"-2166388584409181160","potions_obtained":[{"floor":6.0,"key":"LiquidMemories"},{"floor":11.0,"key":"BlessingOfTheForge"},{"floor":13.0,"key":"Block Potion"},{"floor":14.0,"key":"AttackPotion"}],"is_trial":false,"path_per_floor":["M","?","$","?","M","E","M","R","T","?","M","$","M","?","R","B",null,"M","?","$","M"],"character_chosen":"THE_SILENT","items_purchased":["Purity","Blade Dance"],"campfire_rested":1,"item_purchase_floors":[12,20],"current_hp_per_floor":[57,57,57,57,56,25,23,23,23,23,9,9,8,8,27,25,56,40,33,33,26,26],"gold":9,"neow_bonus":"NOSTALGIA","is_daily":false,"chose_seed":false,"campfire_upgraded":1,"win_rate":0.0,"timestamp":1614354570,"path_taken":["M","?","$","?","M","E","M","R","T","?","M","$","M","?","R","BOSS","M","?","$","M"],"items_purchased_type":["Card","Card"],"build_version":"2020-12-22","purchased_purges":3,"victory":false,"max_hp_per_floor":[66,66,66,66,66,66,66,66,66,66,66,66,66,66,66,66,66,66,33,33,33,33],"card_choices":[{"not_picked":[],"picked":"EpicFetus","floor":0.0},{"not_picked":["Cloak And Dagger","Quick Slash","Riddle With Holes"],"picked":"SKIP","floor":1.0},{"not_picked":["Dash","Outmaneuver"],"picked":"Escape Plan","floor":2.0},{"not_picked":["Slice","Backflip"],"picked":"Noxious Fumes","floor":5.0},{"not_picked":["Underhanded Strike","Dagger Spray"],"picked":"Adrenaline","floor":6.0},{"not_picked":["Blur","PiercingWail"],"picked":"Acrobatics","floor":7.0},{"not_picked":["Dagger Throw","Flying Knee","Deadly Poison"],"picked":"SKIP","floor":11.0},{"not_picked":["Escape Plan","Riddle With Holes"],"picked":"Venomology","floor":13.0},{"not_picked":["Dagger Spray","Slice"],"picked":"Well Laid Plans","floor":14.0},{"not_picked":["A Thousand Cuts","Tools of the Trade"],"picked":"Malaise","floor":16},{"not_picked":["Well Laid Plans","Outmaneuver+1"],"picked":"Prepared","floor":18}],"player_experience":1730029,"relics_obtained":[{"floor":9.0,"key":"StrikeDummy"},{"floor":14.0,"key":"Odd Mushroom"}],"event_choices":[{"damage_healed":0.0,"max_hp_gain":0.0,"max_hp_loss":0.0,"gold_gain":0.0,"event_name":"Shining Light","player_choice":"Ignored","floor":4.0,"gold_loss":0.0,"damage_taken":0.0},{"cards_removed":["Strike_G"],"damage_healed":0.0,"max_hp_gain":0.0,"max_hp_loss":0.0,"gold_gain":0.0,"event_name":"Living Wall","player_choice":"Forget","floor":10.0,"gold_loss":0.0,"damage_taken":0.0},{"damage_healed":0.0,"max_hp_gain":0.0,"max_hp_loss":0.0,"gold_gain":0.0,"event_name":"Mushrooms","player_choice":"Fought Mushrooms","floor":14.0,"gold_loss":0.0,"damage_taken":0.0},{"damage_healed":0,"gold_gain":0,"player_choice":"Became a Ghost","damage_taken":0,"max_hp_gain":0,"max_hp_loss":33,"event_name":"Ghosts","floor":19,"gold_loss":0,"cards_obtained":["Ghostly","Ghostly","Ghostly"]}],"is_beta":false,"boss_relics":[{"not_picked":["Pen Nib","aspiration:KaomsHeart"],"picked":"Inserter"},{"not_picked":[]}],"items_purged_floors":[3,12,20],"is_endless":false,"potions_floor_spawned":[6,11,13,14],"killed_by":"Shell Parasite","ascension_level":20}}