{"host":"lvf3ywlo9ittp3f6","time":1614362304,"event":{"mods":["AchievementEnabler","BaseMod","Better Third Choice","Block Reminder","Colored Map","Colored Powertips","Highlight Path","Minty Spire (QoL Compilation)","Permanent Neow","Rare Cards Sparkle","Relic Stats","StSLib","Synergy Search"],"gold_per_floor":[116,130,130,130,142,142,142],"floor_reached":6,"language":"ENG","playtime":333,"items_purged":[],"score":47,"play_id":"2efb7da9-2bbc-4b17-b363-a338d0810a2c","local_time":"20210226205824","is_ascension_mode":true,"campfire_choices":[],"circlet_count":0,"master_deck":["Strike_G","Strike_G","Strike_G","Strike_G","Strike_G+1","Defend_G","Defend_G","Defend_G","Defend_G","Defend_G+1","Survivor","Neutralize","Dash","Backflip","PiercingWail","Backstab"],"relics":["Ring of the Snake","Strawberry","Happy Flower"],"acts_visited":["Exordium"],"potions_floor_usage":[6],"damage_taken":[{"damage":1,"enemies":"2 Louse","floor":1,"turns":3},{"damage":0,"enemies":"Jaw Worm","floor":2,"turns":4},{"damage":1,"enemies":"Cultist","floor":5,"turns":4},{"damage":19,"enemies":"Gremlin Nob","floor":6,"turns":4}],"seed_played":"7644755639885576681","potions_obtained":[{"floor":1,"key":"SkillPotion"},{"floor":2,"key":"LiquidBronze"}],"is_trial":false,"path_per_floor":["M","M","?","?","M","E"],"character_chosen":"THE_SILENT","items_purchased":[],"campfire_rested":0,"item_purchase_floors":[],"current_hp_per_floor":[62,62,46,31,30,11,11],"gold":142,"neow_bonus":"THREE_CARDS","is_daily":false,"chose_seed":false,"campfire_upgraded":0,"win_rate":0.0,"timestamp":1614362304,"path_taken":["M","M","?","?","M","E"],"items_purchased_type":[],"build_version":"2020-12-22","purchased_purges":0,"victory":false,"max_hp_per_floor":[70,70,77,77,77,77,77],"relic_stats":{"Happy Flower":[2],"counters":[4,15],"obtain_stats":[{"Happy Flower":3,"Strawberry":3,"Ring of the Snake":0},{"Happy Flower":2,"Strawberry":2,"Ring of the Snake":0},{"Happy Flower":7,"Strawberry":7,"Ring of the Snake":0}],"Ring of the Snake":[8]},"card_choices":[{"not_picked":["Bane","PiercingWail"],"picked":"Dash","floor":0},{"not_picked":["Flechettes","Prepared"],"picked":"Backflip","floor":1},{"not_picked":["Backflip","Cloak And Dagger"],"picked":"PiercingWail","floor":2},{"not_picked":["Backflip","Flying Knee"],"picked":"Backstab","floor":5}],"player_experience":502339,"relics_obtained":[],"event_choices":[{"damage_healed":0,"gold_gain":1,"player_choice":"Relic Relic ","damage_taken":23,"max_hp_gain":0,"max_hp_loss":0,"event_name":"betterThird:BetterScrap","floor":3,"gold_loss":0,"cards_obtained":["Weave"]},{"damage_healed":46,"gold_gain":0,"player_choice":"Upgrade","damage_taken":15,"max_hp_gain":0,"max_hp_loss":77,"event_name":"betterThird:BetterShining","floor":4,"gold_loss":0,"cards_upgraded":["Strike_G","Defend_G"]}],"is_beta":false,"boss_relics":[],"items_purged_floors":[],"is_endless":false,"potions_floor_spawned":[1,2],"killed_by":"Gremlin Nob","ascension_level":6}}