{"host":"7s0ipaqx8m4pdduf","time":1614381322,"event":{"mods":["BaseMod","BetterRewards","Colored Map","Infinite Spire","Minty Spire (QoL Compilation)","StSLib","SuperFastMode"],"gold_per_floor":[116,116,129,149,168,168,195,195,195,206,244,244,277,296,296,370,370,389,389,389,439,439,439,468,479,479,479,497,497,497,578,578,655,655,669,669,11,29,49,49,69,119,119,119,119],"floor_reached":44,"language":"ENG","playtime":1580,"items_purged":["Strike_G","Strike_G"],"score":1117,"play_id":"f770d067-c319-4c51-919c-d1cf1193c0d0","local_time":"20210227001522","is_ascension_mode":true,"campfire_choices":[{"data":"Neutralize","floor":6.0,"key":"SMITH"},{"data":"Infinite Blades","floor":8.0,"key":"SMITH"},{"floor":12.0,"key":"REST"},{"data":"All Out Attack","floor":15,"key":"SMITH"},{"floor":23,"key":"REST"},{"floor":27,"key":"REST"},{"data":"infinitespire:NeuralNetwork","floor":29,"key":"SMITH"},{"floor":32,"key":"REST"},{"floor":40,"key":"REST"}],"circlet_count":0,"master_deck":["AscendersBane","Strike_G","Strike_G","Strike_G","Defend_G","Defend_G","Defend_G","Defend_G","Defend_G","Survivor","Neutralize+1","Terror","Sucker Punch","Footwork","Blade Dance","Infinite Blades+1","All Out Attack+1","Venomology","Die Die Die","Prepared+1","infinitespire:NeuralNetwork+1","Caltrops","Flying Knee+1","Malaise","Quick Slash+1","Die Die Die+1","Noxious Fumes","Poisoned Stab+1","Cloak And Dagger"],"relics":["Ring of the Snake","Du-Vu Doll","Toolbox","TungstenRod","infinitespire:Eraser","Darkstone Periapt","infinitespire:EmpoweringShard","WristBlade","StrikeDummy","Molten Egg 2","MutagenicStrength","infinitespire:ShieldingShard","SacredBark","Ice Cream","Pen Nib","Ninja Scroll"],"acts_visited":["TheCity","TheBeyond"],"potions_floor_usage":[13,13,16,25,25,28,28,28,33,39,39,41,44,44],"damage_taken":[{"damage":0.0,"enemies":"Small Slimes","floor":1.0,"turns":4.0},{"damage":0.0,"enemies":"2 Louse","floor":3.0,"turns":4.0},{"damage":0.0,"enemies":"Cultist","floor":4.0,"turns":2.0},{"damage":2.0,"enemies":"Looter","floor":5.0,"turns":4.0},{"damage":1.0,"enemies":"Nightmare","floor":7.0,"turns":8.0},{"damage":0.0,"enemies":"2 Fungi Beasts","floor":10.0,"turns":3.0},{"damage":6.0,"enemies":"3 Louse","floor":11.0,"turns":2.0},{"damage":7,"enemies":"Gremlin Nob","floor":13,"turns":3},{"damage":0,"enemies":"Looter","floor":14,"turns":2},{"damage":14,"enemies":"Slime Boss","floor":16,"turns":8},{"damage":15,"enemies":"Spheric Guardian","floor":18,"turns":4},{"damage":27,"enemies":"Gremlin Leader","floor":24,"turns":5},{"damage":0,"enemies":"3 Byrds","floor":25,"turns":3},{"damage":2,"enemies":"Snake Plant","floor":28,"turns":3},{"damage":41,"enemies":"Collector","floor":33,"turns":7},{"damage":34,"enemies":"3 Darklings","floor":35,"turns":5},{"damage":1,"enemies":"3 Shapes","floor":38,"turns":9},{"damage":10,"enemies":"Spire Growth","floor":39,"turns":3},{"damage":0,"enemies":"Transient","floor":41,"turns":6},{"damage":37,"enemies":"Nemesis","floor":44,"turns":3}],"seed_played":"-8319125022718669487","potions_obtained":[{"floor":5.0,"key":"CultistPotion"},{"floor":10.0,"key":"Dexterity Potion"},{"floor":11.0,"key":"PowerPotion"},{"floor":16,"key":"FearPotion"},{"floor":24,"key":"LiquidMemories"},{"floor":25,"key":"DistilledChaos"},{"floor":33,"key":"DistilledChaos"},{"floor":39,"key":"DistilledChaos"},{"floor":41,"key":"Swift Potion"}],"is_trial":false,"path_per_floor":["M","?","M","M","M","R","NM","R","T","M","M","R","E","M","R","B",null,"M","?","AVR","?","?","R","E","M","T","R","M","R","?","T","R","B",null,"M","?","$","M","M","R","M","?","T","E"],"character_chosen":"THE_SILENT","items_purchased":["Du-Vu Doll","Toolbox","CunningPotion","Ice Cream","Pen Nib","Die Die Die+1"],"campfire_rested":5,"item_purchase_floors":[0,0,0,37,37,37],"current_hp_per_floor":[28,28,28,28,26,26,25,25,25,25,19,38,31,31,31,17,54,39,39,39,39,22,43,16,16,16,37,35,35,35,35,56,15,57,23,23,23,22,12,33,33,33,33,0,0],"gold":119,"neow_bonus":"","is_daily":false,"chose_seed":false,"campfire_upgraded":4,"win_rate":0.0,"timestamp":1614381322,"path_taken":["M","?","M","M","M","R","NM","R","T","M","M","R","E","M","R","BOSS","M","?","AVR","?","?","R","E","M","T","R","M","R","?","?","R","BOSS","M","?","$","M","M","R","M","?","T","E"],"items_purchased_type":["Relic","Relic","Potion","Relic","Relic","Card"],"build_version":"2020-12-22","purchased_purges":2,"victory":false,"max_hp_per_floor":[66,66,66,66,66,66,66,66,66,66,66,66,66,66,66,66,66,66,66,66,66,71,71,71,71,71,71,71,71,71,71,71,71,71,71,71,71,71,71,71,71,71,71,71,71],"card_choices":[{"not_picked":["Blade Dance","Dodge and Roll"],"picked":"Terror","floor":1.0},{"not_picked":["Backflip","Quick Slash"],"picked":"Sucker Punch","floor":3.0},{"not_picked":["Underhanded Strike","Blur"],"picked":"Footwork","floor":4.0},{"not_picked":["Distraction","Reflex"],"picked":"Blade Dance","floor":5.0},{"not_picked":["Dagger Spray","Heel Hook"],"picked":"Infinite Blades","floor":7.0},{"not_picked":["Prepared","Quick Slash"],"picked":"All Out Attack","floor":10.0},{"not_picked":["Acrobatics","Prepared","Slice"],"picked":"SKIP","floor":11.0},{"not_picked":["All Out Attack","Underhanded Strike","Finisher"],"picked":"SKIP","floor":13},{"not_picked":["Cloak And Dagger","Slice"],"picked":"Venomology","floor":14},{"not_picked":["Storm of Steel","Adrenaline"],"picked":"Die Die Die","floor":16},{"not_picked":["Outmaneuver","Sucker Punch"],"picked":"Prepared+1","floor":18},{"not_picked":["Underhanded Strike","Prepared"],"picked":"Caltrops","floor":24},{"not_picked":["Finisher","Dagger Throw","Backflip"],"picked":"SKIP","floor":25},{"not_picked":["Choke+1","Underhanded Strike+1"],"picked":"Flying Knee+1","floor":28},{"not_picked":["Die Die Die+1","Unload+1"],"picked":"Malaise","floor":33},{"not_picked":["Caltrops","Heel Hook+1"],"picked":"Quick Slash+1","floor":35},{"not_picked":["Underhanded Strike+1","Poisoned Stab+1"],"picked":"Noxious Fumes","floor":38},{"not_picked":["Deflect","Crippling Poison"],"picked":"Poisoned Stab+1","floor":39},{"not_picked":["Calculated Gamble+1","Choke+1"],"picked":"Cloak And Dagger","floor":41}],"player_experience":2144986,"relics_obtained":[{"floor":7.0,"key":"infinitespire:Eraser"},{"floor":9.0,"key":"Darkstone Periapt"},{"floor":13,"key":"infinitespire:EmpoweringShard"},{"floor":24,"key":"StrikeDummy"},{"floor":26,"key":"Molten Egg 2"},{"floor":31,"key":"infinitespire:ShieldingShard"},{"floor":43,"key":"Ninja Scroll"}],"event_choices":[{"damage_healed":0.0,"max_hp_gain":0.0,"max_hp_loss":0.0,"gold_gain":0.0,"event_name":"Golden Wing","player_choice":"Ignored","floor":2.0,"gold_loss":0.0,"damage_taken":0.0},{"damage_healed":0,"gold_gain":0,"player_choice":"Ignored","damage_taken":0,"max_hp_gain":0,"max_hp_loss":0,"event_name":"The Mausoleum","floor":19,"gold_loss":0},{"damage_healed":0,"gold_gain":50,"player_choice":"Stole From Cult","damage_taken":0,"max_hp_gain":0,"max_hp_loss":0,"event_name":"Nest","floor":21,"gold_loss":0},{"damage_healed":0,"gold_gain":0,"player_choice":"Shed Blood","damage_taken":23,"max_hp_gain":5,"max_hp_loss":0,"event_name":"Forgotten Altar","floor":22,"gold_loss":0},{"damage_healed":0,"gold_gain":0,"player_choice":"Inject Mutagens","damage_taken":0,"relics_obtained":["MutagenicStrength"],"max_hp_gain":0,"max_hp_loss":0,"event_name":"Drug Dealer","floor":30,"gold_loss":0},{"damage_healed":0,"gold_gain":0,"player_choice":"Ignored","damage_taken":0,"max_hp_gain":0,"max_hp_loss":0,"event_name":"Tomb of Lord Red Mask","floor":36,"gold_loss":0},{"damage_healed":0,"gold_gain":50,"player_choice":"Pray","damage_taken":0,"max_hp_gain":0,"max_hp_loss":0,"event_name":"Golden Shrine","floor":42,"gold_loss":0}],"is_beta":false,"boss_relics":[{"not_picked":["Astrolabe","Coffee Dripper"],"picked":"WristBlade"},{"not_picked":["Calling Bell","Fusion Hammer"],"picked":"SacredBark"}],"items_purged_floors":[0,20],"is_endless":false,"potions_floor_spawned":[5,10,11,16,24,25,33,39,41],"killed_by":"Nemesis","ascension_level":18}}