{"host":"k9djwzw02bmhn5cl","time":1614345000,"event":{"mods":["AchievementEnabler","BaseMod","Colored Map","Colored Powertips","Highlight Path","Minty Spire (QoL Compilation)","Quick Restart","Rare Cards Sparkle","StSLib"],"gold_per_floor":[115,115,65,65,65,93,112,122,122,122,141,156,156,176,176,273,273,293,322,322,341,114,114,114,129,211,230,320,320,338,352,352,352,352],"floor_reached":33,"language":"JPN","playtime":2100,"items_purged":[],"score":324,"play_id":"43db1817-099e-4ac4-8bca-71a4b48afdbc","local_time":"20210226221000","is_ascension_mode":false,"campfire_choices":[{"data":"Perfected Strike","floor":10.0,"key":"SMITH"},{"data":"Spot Weakness","floor":15,"key":"SMITH"},{"data":"Anger","floor":23,"key":"SMITH"},{"data":"Rupture","floor":29,"key":"SMITH"},{"floor":32,"key":"REST"}],"circlet_count":0,"master_deck":["Strike_R","Strike_R","Strike_R","Strike_R","Strike_R","Defend_R","Defend_R","Bash","Perfected Strike+1","Wild Strike","Reaper","Power Through","Spot Weakness+1","Seeing Red","Fiend Fire","Hemokinesis+1","Pommel Strike","Anger+1","Rupture+1","Pommel Strike+1","Wild Strike","Finesse+1","Anger+1"],"relics":["Black Blood","NeowsBlessing","Gremlin Horn","GremlinMask","StrikeDummy","Eternal Feather","Vajra","Nloth\u0027s Gift","Toxic Egg 2"],"acts_visited":["Exordium","TheCity"],"potions_floor_usage":[16,16,27,27,30,30,31],"damage_taken":[{"damage":0.0,"enemies":"2 Louse","floor":1.0,"turns":1.0},{"damage":0.0,"enemies":"Gremlin Nob","floor":6.0,"turns":1.0},{"damage":0.0,"enemies":"Small Slimes","floor":7.0,"turns":1.0},{"damage":0.0,"enemies":"Cultist","floor":8.0,"turns":2.0},{"damage":20.0,"enemies":"Exordium Thugs","floor":11.0,"turns":3.0},{"damage":0.0,"enemies":"Looter","floor":12.0,"turns":2.0},{"damage":19.0,"enemies":"Blue Slaver","floor":14.0,"turns":3.0},{"damage":0,"enemies":"Slime Boss","floor":16,"turns":5},{"damage":20,"enemies":"Spheric Guardian","floor":18,"turns":4},{"damage":29,"enemies":"Masked Bandits","floor":19,"turns":5},{"damage":3,"enemies":"Chosen","floor":21,"turns":3},{"damage":42,"enemies":"Sentry and Sphere","floor":25,"turns":5},{"damage":32,"enemies":"Centurion and Healer","floor":27,"turns":7},{"damage":20,"enemies":"Snake Plant","floor":30,"turns":3},{"damage":25,"enemies":"Snecko","floor":31,"turns":4},{"damage":60,"enemies":"Champ","floor":33,"turns":10}],"seed_played":"8496298066418062091","potions_obtained":[{"floor":7.0,"key":"PowerPotion"},{"floor":11.0,"key":"LiquidMemories"},{"floor":12.0,"key":"Swift Potion"},{"floor":14.0,"key":"EssenceOfSteel"},{"floor":18,"key":"Ancient Potion"},{"floor":19,"key":"AttackPotion"},{"floor":27,"key":"ColorlessPotion"},{"floor":30,"key":"Strength Potion"}],"is_trial":false,"path_per_floor":["M","?","?","?","?","E","M","M","T","R","M","M","$","M","R","B",null,"M","?","?","M","$","R","?","M","T","M","?","R","M","M","R","B"],"character_chosen":"IRONCLAD","items_purchased":["Rupture","Vajra"],"campfire_rested":1,"item_purchase_floors":[22,22],"current_hp_per_floor":[80,77,77,70,70,76,80,80,80,80,66,72,72,59,65,77,80,72,61,61,70,70,79,79,49,49,39,21,33,25,23,59,0,0],"gold":352,"neow_bonus":"THREE_ENEMY_KILL","is_daily":false,"chose_seed":false,"campfire_upgraded":4,"win_rate":0.0,"timestamp":1614345000,"path_taken":["M","?","?","?","?","E","M","?","T","R","M","M","?","M","R","BOSS","M","?","?","?","$","R","?","M","T","?","?","R","?","M","R","BOSS"],"items_purchased_type":["Card","Relic"],"build_version":"2020-12-22","purchased_purges":0,"victory":false,"max_hp_per_floor":[80,80,80,80,80,80,80,80,80,80,80,80,80,80,80,80,80,80,80,80,80,80,80,80,80,80,80,80,80,80,80,80,80,80],"card_choices":[{"not_picked":["Cleave","Shrug It Off"],"picked":"Perfected Strike","floor":1.0},{"not_picked":["Sword Boomerang","Carnage"],"picked":"Wild Strike","floor":6.0},{"not_picked":["Clothesline","Flex"],"picked":"Reaper","floor":7.0},{"not_picked":["Cleave","Entrench"],"picked":"Power Through","floor":8.0},{"not_picked":["Carnage","Clothesline","Sword Boomerang"],"picked":"SKIP","floor":11.0},{"not_picked":["Armaments","Sword Boomerang"],"picked":"Spot Weakness","floor":12.0},{"not_picked":["Body Slam","Dual Wield"],"picked":"Seeing Red","floor":14.0},{"not_picked":["Corruption","Reaper"],"picked":"Fiend Fire","floor":16},{"not_picked":["Carnage","Reckless Charge"],"picked":"Hemokinesis+1","floor":18},{"not_picked":["Clothesline","Battle Trance+1"],"picked":"Pommel Strike","floor":19},{"not_picked":["Armaments","Whirlwind"],"picked":"Anger","floor":21},{"not_picked":["Perfected Strike","Sword Boomerang+1"],"picked":"Pommel Strike+1","floor":25},{"not_picked":["Rage+1","Iron Wave"],"picked":"Wild Strike","floor":27},{"not_picked":["Heavy Blade","Whirlwind+1","Uppercut"],"picked":"SKIP","floor":30},{"not_picked":["Havoc+1","Shockwave+1"],"picked":"Anger+1","floor":31}],"player_experience":188880,"relics_obtained":[{"floor":6.0,"key":"StrikeDummy"},{"floor":9.0,"key":"Eternal Feather"},{"floor":19,"key":"Red Mask"},{"floor":26,"key":"Toxic Egg 2"}],"event_choices":[{"damage_healed":0.0,"max_hp_gain":0.0,"max_hp_loss":0.0,"gold_gain":0.0,"event_name":"Scrap Ooze","player_choice":"Success","floor":2.0,"gold_loss":0.0,"damage_taken":3.0,"relics_obtained":["Gremlin Horn"]},{"cards_removed":["Defend_R"],"damage_healed":0.0,"max_hp_gain":0.0,"max_hp_loss":0.0,"gold_gain":0.0,"event_name":"The Cleric","player_choice":"Card Removal","floor":3.0,"gold_loss":50.0,"damage_taken":0.0},{"cards_removed":["Defend_R"],"damage_healed":0.0,"max_hp_gain":0.0,"max_hp_loss":0.0,"gold_gain":0.0,"event_name":"Golden Wing","player_choice":"Card Removal","floor":4.0,"gold_loss":0.0,"damage_taken":7.0},{"damage_healed":0.0,"max_hp_gain":0.0,"max_hp_loss":0.0,"gold_gain":0.0,"event_name":"FaceTrader","player_choice":"Trade","floor":5.0,"gold_loss":0.0,"damage_taken":0.0,"relics_obtained":["GremlinMask"]},{"damage_healed":0,"gold_gain":0,"player_choice":"Fought Bandits","damage_taken":0,"max_hp_gain":0,"max_hp_loss":0,"event_name":"Masked Bandits","floor":19,"gold_loss":0},{"damage_healed":0,"gold_gain":0,"player_choice":"Ignored","damage_taken":0,"max_hp_gain":0,"max_hp_loss":0,"event_name":"Vampires","floor":20,"gold_loss":0},{"damage_healed":0,"gold_gain":0,"player_choice":"Traded Relic","damage_taken":0,"relics_obtained":["Nloth\u0027s Gift"],"max_hp_gain":0,"max_hp_loss":0,"event_name":"N\u0027loth","floor":24,"relics_lost":["Red Mask"],"gold_loss":0},{"damage_healed":0,"gold_gain":90,"player_choice":"CARD GOLD ","damage_taken":18,"max_hp_gain":0,"max_hp_loss":0,"event_name":"Knowing Skull","floor":28,"potions_obtained":[],"gold_loss":0,"cards_obtained":["Finesse"]}],"is_beta":false,"boss_relics":[{"not_picked":["Pandora\u0027s Box","Empty Cage"],"picked":"Black Blood"}],"items_purged_floors":[],"is_endless":false,"potions_floor_spawned":[7,11,12,14,18,19,27,30],"killed_by":"Champ","ascension_level":0}}