{"host":"649x15fmap4sa1sx","time":1614316694,"event":{"mods":["2.2 Compatiblity","AchievementEnabler","BaseMod","BetterRewards","Colored Map","Conspire","Downfall","Hubris","Infinite Spire","Minty Spire (QoL Compilation)","Permanent Neow","Reliquary","Replay The Spire","Shop Mod","StSLib","The IronCluck"],"gold_per_floor":[14,14,14,33,10,37,37,70,70,89,122,122,122,156,156,260,260,280,280,280,280,294,321,321,501,501,29,148,148,148,168,168,263,263,280,280,291,301,301,326,9,20,46,73,108,121,152,169,169,169],"floor_reached":51,"language":"ENG","playtime":2127,"items_purged":["Defend_R"],"score":881,"play_id":"6a357bb8-4084-404a-a2eb-d0178efc22c3","local_time":"20210225231814","is_ascension_mode":true,"campfire_choices":[{"data":"Whirlwind","floor":7,"key":"SMITH"},{"data":"Exhume","floor":12,"key":"SMITH"},{"data":"ReplayTheSpireMod:Limb From Limb","floor":15,"key":"SMITH"},{"data":"ReplayTheSpireMod:LeadingStrike","floor":24,"key":"SMITH"},{"floor":29,"key":"REST"},{"floor":32,"key":"REST"},{"data":"Perfected Strike","floor":49,"key":"SMITH"}],"circlet_count":0,"master_deck":["Strike_R","Strike_R","Strike_R","Strike_R","Defend_R","Defend_R","Defend_R","Bash","Exhume+1","Pommel Strike","Wild Strike","Whirlwind+1","Perfected Strike","Spot Weakness","ReplayTheSpireMod:Limb From Limb+1","ReplayTheSpireMod:LeadingStrike+1","ReplayTheSpireMod:Strike From Hell","hubris:StunningStrike","Burning Pact","RitualDagger","ReplayTheSpireMod:Corrosion Curse","Heavy Blade+1","Jack Of All Trades","Shrug It Off","Inflame","Heavy Blade+1","Immolate","Massacre+1","Dropkick","ReplayTheSpireMod:Muscle Training","Sword Boomerang+1","conspire:Banana","Flex","Perfected Strike+1"],"relics":["Burning Blood","Oddly Smooth Stone","Calipers","HornCleat","Happy Flower","hubris:Towel","Nunchaku","hubris:Backtick","Strange Spoon","hubris:Icosahedron","MutagenicStrength","reliquary:ExpiredCoupon","infinitespire:EmpoweringShard","Shuriken","Bag of Marbles","reliquary:WritOfMandamus","Ring of Chaos","Ring of Searing","Blue Doll","MerchantsRug","reliquary:SharkskinSheath","Replay:Wax Seal","MealTicket","hubris:IronBody"],"acts_visited":["Exordium","TheCity","TheBeyond"],"potions_floor_usage":[6,8,16,22,28,31,33,45,45,50,50,50],"damage_taken":[{"damage":3,"enemies":"2 Louse","floor":1,"turns":3},{"damage":1,"enemies":"Cultist","floor":4,"turns":3},{"damage":20,"enemies":"3 Sentries","floor":6,"turns":4},{"damage":16,"enemies":"Gremlin Nob","floor":8,"turns":3},{"damage":0,"enemies":"Small Slimes","floor":10,"turns":3},{"damage":20,"enemies":"Lagavulin","floor":11,"turns":5},{"damage":10,"enemies":"Gremlin Nob","floor":14,"turns":4},{"damage":19,"enemies":"Fading Forest","floor":16,"turns":11},{"damage":0,"enemies":"3 Byrds","floor":18,"turns":3},{"damage":0,"enemies":"conspire:FuzzyDice","floor":22,"turns":4},{"damage":46,"enemies":"conspire:SneckoGhost","floor":23,"turns":7},{"damage":0,"enemies":"Snecko","floor":28,"turns":3},{"damage":20,"enemies":"conspire:HollyBat","floor":31,"turns":5},{"damage":40,"enemies":"hubris:MusketHawk","floor":33,"turns":5},{"damage":0,"enemies":"Orb Walker","floor":35,"turns":1},{"damage":0,"enemies":"3 Shapes","floor":37,"turns":2},{"damage":0,"enemies":"Sphere and 2 Shapes","floor":38,"turns":1},{"damage":21,"enemies":"Nemesis","floor":40,"turns":3},{"damage":6,"enemies":"Transient","floor":42,"turns":5},{"damage":11,"enemies":"conspire:MimicChest","floor":45,"turns":3},{"damage":0,"enemies":"3 Darklings","floor":46,"turns":1},{"damage":16,"enemies":"R_Hoarder","floor":47,"turns":5},{"damage":1,"enemies":"Maw","floor":48,"turns":3},{"damage":32,"enemies":"Replay:Hell Engine","floor":50,"turns":3}],"seed_played":"-6647149181961842826","potions_obtained":[{"floor":1,"key":"Explosive Potion"},{"floor":6,"key":"AttackPotion"},{"floor":14,"key":"Strength Potion"},{"floor":18,"key":"Weak Potion"},{"floor":31,"key":"champ:CounterPotion"},{"floor":33,"key":"ColorlessPotion"},{"floor":37,"key":"SteroidPotion"},{"floor":38,"key":"champ:CounterPotion"},{"floor":45,"key":"PowerPotion"},{"floor":46,"key":"Strength Potion"}],"is_trial":false,"path_per_floor":["M","$","?","M","$","E","R","E","T","M","E","R","?","E","R","B",null,"M","?","?","?","M","E","R","?","T","$","M","R","?","M","R","B",null,"M","?","M","M","?","E","$","M","T","T","?","M","E","M","R","B",null],"character_chosen":"IRONCLAD","items_purchased":["Perfected Strike","Shuriken","Jack Of All Trades","Bag of Marbles","conspire:Banana","Flex","MerchantsRug"],"campfire_rested":2,"item_purchase_floors":[5,27,27,27,41,41,41],"current_hp_per_floor":[75,75,75,80,80,66,66,56,56,62,48,48,48,44,44,49,72,78,78,72,72,80,40,40,21,21,21,27,51,51,37,61,27,67,73,73,79,80,80,65,65,65,65,65,62,68,59,65,65,39],"gold":169,"neow_bonus":"THREE_RARE_CARDS","is_daily":false,"chose_seed":false,"campfire_upgraded":5,"win_rate":0.0,"timestamp":1614316694,"path_taken":["M","$","?","M","?","E","R","E","T","M","E","R","?","E","R","BOSS","M","?","?","?","M","E","R","?","T","$","?","R","?","M","R","BOSS","M","?","?","M","?","E","$","M","T","?","?","?","E","M","R","BOSS"],"items_purchased_type":["Card","Relic","Card","Relic","Card","Card","Relic"],"build_version":"2020-12-22","purchased_purges":1,"victory":true,"max_hp_per_floor":[80,80,80,80,80,80,80,80,80,80,80,80,80,80,80,80,80,80,80,80,80,80,80,80,80,80,80,80,80,80,80,80,80,80,80,80,80,80,80,80,80,80,80,80,82,82,83,84,84,84],"card_choices":[{"not_picked":["Berserk","Limit Break"],"picked":"Exhume","floor":0},{"not_picked":["True Grit","Shrug It Off"],"picked":"Pommel Strike","floor":1},{"not_picked":["Wild Strike","Havoc"],"picked":"Whirlwind","floor":4},{"not_picked":["Metallicize","conspire:ExplosiveBarrier"],"picked":"Spot Weakness","floor":6},{"not_picked":["conspire:Charge","Inflame"],"picked":"ReplayTheSpireMod:Limb From Limb","floor":8},{"not_picked":["Havoc","Searing Blow"],"picked":"ReplayTheSpireMod:LeadingStrike","floor":10},{"not_picked":["Searing Blow","Warcry","Anger"],"picked":"SKIP","floor":11},{"not_picked":["Havoc","Power Through"],"picked":"ReplayTheSpireMod:Strike From Hell","floor":14},{"not_picked":["Limit Break","Exhume"],"picked":"hubris:StunningStrike","floor":16},{"not_picked":["Run Through","ReplayTheSpireMod:Corrosion Curse"],"picked":"Burning Pact","floor":18},{"not_picked":["Warcry","Heavy Blade"],"picked":"ReplayTheSpireMod:Corrosion Curse","floor":22},{"not_picked":["Body Slam+1","Iron Wave+1"],"picked":"Heavy Blade+1","floor":23},{"not_picked":["Clothesline","Flame Barrier"],"picked":"Shrug It Off","floor":28},{"not_picked":["ReplayTheSpireMod:Corrosion Curse","Carnage"],"picked":"Heavy Blade+1","floor":31},{"not_picked":["Replay:Many Hands","Corruption"],"picked":"Immolate","floor":33},{"not_picked":["Thunderclap","Barricade"],"picked":"Massacre+1","floor":35},{"not_picked":["Combust+1","Defy Death+1"],"picked":"Dropkick","floor":37},{"not_picked":["True Grit","conspire:Charge"],"picked":"ReplayTheSpireMod:Muscle Training","floor":38},{"not_picked":["Cleave+1","Pommel Strike+1"],"picked":"Sword Boomerang+1","floor":40},{"not_picked":["Clash","ReplayTheSpireMod:LeadingStrike+1","Second Wind+1"],"picked":"SKIP","floor":42},{"not_picked":["Heavy Blade","Wild Strike+1","Whirlwind"],"picked":"SKIP","floor":46},{"not_picked":["Warcry","hubris:SharpeningStone","Massacre"],"picked":"SKIP","floor":47},{"not_picked":["Dark Embrace","Flex+1"],"picked":"Perfected Strike","floor":48}],"player_experience":224610,"relics_obtained":[{"floor":6,"key":"Oddly Smooth Stone"},{"floor":8,"key":"Calipers"},{"floor":9,"key":"HornCleat"},{"floor":11,"key":"Happy Flower"},{"floor":14,"key":"Nunchaku"},{"floor":23,"key":"reliquary:ExpiredCoupon"},{"floor":26,"key":"infinitespire:EmpoweringShard"},{"floor":39,"key":"Ring of Chaos"},{"floor":39,"key":"Ring of Searing"},{"floor":40,"key":"Blue Doll"},{"floor":43,"key":"reliquary:SharkskinSheath"},{"floor":44,"key":"Replay:Wax Seal"},{"floor":45,"key":"MealTicket"},{"floor":47,"key":"hubris:IronBody"}],"event_choices":[{"damage_healed":0,"gold_gain":0,"cards_transformed":["Strike_R"],"player_choice":"Transformed","damage_taken":0,"max_hp_gain":0,"max_hp_loss":0,"event_name":"Transmorgrifier","floor":3,"gold_loss":0,"cards_obtained":["Wild Strike"]},{"damage_healed":0,"gold_gain":0,"player_choice":"Joined the Cult","damage_taken":6,"max_hp_gain":0,"max_hp_loss":0,"event_name":"Nest","floor":20,"gold_loss":0,"cards_obtained":["RitualDagger"]},{"damage_healed":0,"gold_gain":0,"player_choice":"Inject Mutagens","damage_taken":0,"relics_obtained":["MutagenicStrength"],"max_hp_gain":0,"max_hp_loss":0,"event_name":"Drug Dealer","floor":21,"gold_loss":0},{"damage_healed":0,"gold_gain":180,"player_choice":"GOLD GOLD ","damage_taken":19,"max_hp_gain":0,"max_hp_loss":0,"event_name":"Knowing Skull","floor":25,"potions_obtained":[],"gold_loss":0,"cards_obtained":[]},{"damage_healed":0,"gold_gain":0,"player_choice":"Ignored","damage_taken":0,"max_hp_gain":0,"max_hp_loss":0,"event_name":"SecretPortal","floor":36,"gold_loss":0}],"is_beta":false,"boss_relics":[{"not_picked":["Philosopher\u0027s Stone","hubris:BlackHole"],"picked":"hubris:Backtick"},{"not_picked":["Runic Cube","Electric Blood"],"picked":"reliquary:WritOfMandamus"}],"items_purged_floors":[41],"is_endless":false,"potions_floor_spawned":[1,6,14,18,31,33,37,38,45,46],"ascension_level":8}}