{"host":"nv1rw0372aj1kj6e","time":1614366369,"event":{"mods":["AchievementEnabler","BaseMod","Minty Spire (QoL Compilation)","Rare Cards Sparkle","Replay The Spire","StSLib","everything is the same but u backflip on backflip"],"gold_per_floor":[119,138,149,245,260,291,306,306,306,76,76,90,90,90,173,304,304,322,322,247,262,262,301,301,339,339,354,254,272,272,3,3,122,122,147,197,232,17,17,17,17],"floor_reached":40,"language":"ENG","playtime":3473,"items_purged":["Strike_R","Strike_R","Strike_R","Strike_R"],"score":530,"play_id":"3f4a995a-cc32-47c1-a9d3-81a5cc4e282e","local_time":"20210226200609","is_ascension_mode":true,"campfire_choices":[{"data":"Bludgeon","floor":8,"key":"SMITH"},{"data":"Iron Wave","floor":13,"key":"SMITH"},{"data":"Armaments","floor":24,"key":"SMITH"},{"data":"1","floor":30,"key":"LIFT"},{"floor":32,"key":"REST"}],"circlet_count":0,"master_deck":["Defend_R","Defend_R","Defend_R","Bash","Bludgeon+1","Iron Wave+1","Cleave","Hemokinesis","ReplayTheSpireMod:Muscle Training","ReplayTheSpireMod:Muscle Training","Sword Boomerang","Inflame","Shrug It Off","Double Tap","Armaments+1","Sword Boomerang+1","J.A.X.","ReplayTheSpireMod:Limb From Limb+1","Shrug It Off","Deep Breath","Dark Shackles","ReplayTheSpireMod:Private Reserves"],"relics":["Black Blood","Oddly Smooth Stone","Garlic","Golden Idol","Ancient Tea Set","Thread and Needle","Girya","ReplayTheSpireMod:TigerMarble","Ring of Chaos","Ring of Hypnosis","Ring of Greed","Membership Card","MawBank","Pet Ghost","TheAbacus"],"acts_visited":["Exordium","TheCity","TheBeyond"],"potions_floor_usage":[6,7,16,18,18,23,37,40],"damage_taken":[{"damage":6,"enemies":"2 Louse","floor":1,"turns":2},{"damage":4,"enemies":"Jaw Worm","floor":2,"turns":3},{"damage":6,"enemies":"Small Slimes","floor":3,"turns":2},{"damage":2,"enemies":"3 Louse","floor":5,"turns":4},{"damage":10,"enemies":"Replay:BlueRogue","floor":6,"turns":3},{"damage":2,"enemies":"Blue Slaver","floor":7,"turns":1},{"damage":2,"enemies":"Large Slime","floor":12,"turns":4},{"damage":15,"enemies":"Hexaghost","floor":16,"turns":6},{"damage":4,"enemies":"3 Byrds","floor":18,"turns":4},{"damage":23,"enemies":"2 Thieves","floor":21,"turns":3},{"damage":23,"enemies":"Slavers","floor":23,"turns":4},{"damage":21,"enemies":"Replay:Snechameleon","floor":25,"turns":6},{"damage":22,"enemies":"Shelled Parasite and Fungi","floor":27,"turns":5},{"damage":20,"enemies":"Snake Plant","floor":29,"turns":3},{"damage":52,"enemies":"Champ","floor":33,"turns":10},{"damage":15,"enemies":"Orb Walker","floor":35,"turns":4},{"damage":26,"enemies":"3 Darklings","floor":37,"turns":7},{"damage":45,"enemies":"Reptomancer","floor":40,"turns":4}],"seed_played":"6381850705667188786","potions_obtained":[{"floor":5,"key":"FearPotion"},{"floor":6,"key":"Energy Potion"},{"floor":12,"key":"Fire Potion"},{"floor":16,"key":"SteroidPotion"},{"floor":18,"key":"Explosive Potion"},{"floor":23,"key":"Elixir"},{"floor":29,"key":"BlessingOfTheForge"},{"floor":33,"key":"Strength Potion"},{"floor":35,"key":"Block Potion"}],"is_trial":false,"path_per_floor":["M","M","M","?","M","E","M","R","T","$","?","M","R","?","R","B",null,"M","$","?","M","?","E","R","E","T","M","$","M","R","$","R","B",null,"M","?","M","$","?","E"],"character_chosen":"IRONCLAD","items_purchased":["Sword Boomerang","Inflame","PowerPotion","ReplayTheSpireMod:TigerMarble","Pet Ghost","TheAbacus"],"campfire_rested":1,"item_purchase_floors":[10,10,10,31,38,38],"current_hp_per_floor":[80,80,80,80,80,76,80,80,80,80,73,77,77,57,57,48,72,80,80,80,69,69,58,58,49,49,39,39,31,31,31,55,30,68,65,65,51,51,41,0,0],"gold":17,"neow_bonus":"ONE_RANDOM_RARE_CARD","is_daily":false,"chose_seed":false,"campfire_upgraded":3,"win_rate":0.0,"timestamp":1614366369,"path_taken":["M","M","M","?","M","E","M","R","T","$","?","M","R","?","R","BOSS","M","$","?","M","?","E","R","E","T","M","$","M","R","?","R","BOSS","M","?","M","$","?","E"],"items_purchased_type":["Card","Card","Potion","Relic","Relic","Relic"],"build_version":"2020-12-22","purchased_purges":4,"victory":false,"max_hp_per_floor":[80,80,80,80,80,80,80,80,80,80,80,80,80,80,80,80,80,80,80,80,80,80,80,80,80,80,80,80,80,80,80,80,80,80,80,80,80,80,80,80,80],"card_choices":[{"not_picked":["ReplayTheSpireMod:Strike From Hell","Carnage"],"picked":"Iron Wave","floor":1},{"not_picked":["Havoc","Perfected Strike","Anger"],"picked":"SKIP","floor":2},{"not_picked":["Pummel","Ghostly Armor"],"picked":"Cleave","floor":3},{"not_picked":["Cleave","Clash"],"picked":"Hemokinesis","floor":4},{"not_picked":["Clothesline","Sword Boomerang"],"picked":"ReplayTheSpireMod:Muscle Training","floor":4},{"not_picked":["ReplayTheSpireMod:Stacked","Perfected Strike"],"picked":"ReplayTheSpireMod:Muscle Training","floor":4},{"not_picked":["Power Through","Searing Blow","Wild Strike"],"picked":"SKIP","floor":5},{"not_picked":["Dark Embrace","Intimidate","Defy Death"],"picked":"SKIP","floor":6},{"not_picked":["Life Link","Clothesline","Uppercut"],"picked":"SKIP","floor":7},{"not_picked":["Uppercut","Searing Blow"],"picked":"Shrug It Off","floor":12},{"not_picked":["Corruption","Eclipse"],"picked":"Double Tap","floor":16},{"not_picked":["Iron Wave","Flex+1"],"picked":"Armaments","floor":18},{"not_picked":["Dropkick+1","Body Slam"],"picked":"Sword Boomerang+1","floor":21},{"not_picked":["Uppercut","Warcry","Clash"],"picked":"SKIP","floor":23},{"not_picked":["Wild Strike+1","Run Through","Sword Boomerang"],"picked":"SKIP","floor":25},{"not_picked":["Body Slam","Impervious"],"picked":"ReplayTheSpireMod:Limb From Limb+1","floor":27},{"not_picked":["Clash","ReplayTheSpireMod:Corrosion Curse"],"picked":"Shrug It Off","floor":29},{"not_picked":["Pommel Strike","Cleave","Fire Breathing+1"],"picked":"SKIP","floor":35},{"not_picked":["Life Link","True Grit+1","Body Slam+1"],"picked":"SKIP","floor":37},{"not_picked":["Metamorphosis","PanicButton"],"picked":"Deep Breath","floor":39},{"not_picked":["Replay:Sssssssssshield","Midas Touch"],"picked":"Dark Shackles","floor":39},{"not_picked":["Replay:Sssssssssstrike","Jack Of All Trades"],"picked":"ReplayTheSpireMod:Private Reserves","floor":39}],"player_experience":243750,"relics_obtained":[{"floor":6,"key":"Oddly Smooth Stone"},{"floor":9,"key":"Garlic"},{"floor":23,"key":"Ancient Tea Set"},{"floor":25,"key":"Thread and Needle"},{"floor":26,"key":"Girya"},{"floor":36,"key":"Ring of Hypnosis"},{"floor":36,"key":"Ring of Greed"},{"floor":36,"key":"Membership Card"},{"floor":36,"key":"MawBank"}],"event_choices":[{"cards_removed":["Strike_R"],"damage_healed":0,"gold_gain":0,"player_choice":"Card Removal","damage_taken":7,"max_hp_gain":0,"max_hp_loss":0,"event_name":"Golden Wing","floor":11,"gold_loss":0},{"damage_healed":0,"gold_gain":0,"player_choice":"Take Damage","damage_taken":20,"relics_obtained":["Golden Idol"],"max_hp_gain":0,"max_hp_loss":0,"event_name":"Golden Idol","floor":14,"gold_loss":0},{"cards_removed":["Defend_R"],"damage_healed":0,"gold_gain":0,"player_choice":"Gave Gold","damage_taken":0,"max_hp_gain":0,"max_hp_loss":0,"event_name":"Beggar","floor":20,"gold_loss":75},{"damage_healed":0,"gold_gain":0,"player_choice":"Obtain J.A.X.","damage_taken":0,"max_hp_gain":0,"max_hp_loss":0,"event_name":"Drug Dealer","floor":22,"gold_loss":0,"cards_obtained":["J.A.X."]},{"damage_healed":0,"gold_gain":0,"player_choice":"Memory 3","damage_taken":10,"max_hp_gain":0,"max_hp_loss":0,"event_name":"SensoryStone","floor":39,"gold_loss":0}],"is_beta":false,"boss_relics":[{"not_picked":["Pandora\u0027s Box","Replay:Drink Me"],"picked":"Black Blood"},{"not_picked":["Empty Cage","Astrolabe"],"picked":"Ring of Chaos"}],"items_purged_floors":[10,28,31,38],"is_endless":false,"potions_floor_spawned":[5,6,12,16,18,23,29,33,35],"killed_by":"Reptomancer","ascension_level":5}}