{"host":"egwexuw5uvnxf11j","time":1614320122,"event":{"mods":["2.2 Compatiblity","Aspiration","BaseMod","Better Note","Better Sensory Stone","Better Third Choice","Displayed Cursed Tome","Downfall","Hermit","Key Reminder","Koishi","Marisa????????","Minty Spire (QoL Compilation)","Quick Restart","Shade Mod","Spicy Shops","StSLib","The Construct","The Cursed","The Runesmith","The Senshi","The Servant 0.9.4","Transform Curses"],"gold_per_floor":[116,134,82,98,98,98,130,130,154,170,170,170,202,215,215,312,312,324,239,91,103,117,117,143,156,156,156,166,166,177,177,177,273,273,291,291,305,305,305,305],"floor_reached":39,"language":"ENG","playtime":1224,"items_purged":[],"score":523,"play_id":"c816fc7f-c915-4b5c-b9d3-fe0953a8837a","local_time":"20210226011522","is_ascension_mode":true,"campfire_choices":[{"data":"Electrodynamics","floor":6,"key":"SMITH"},{"data":"Gash","floor":8,"key":"SMITH"},{"data":"Beam Cell","floor":12,"key":"SMITH"},{"floor":15,"key":"REST"},{"floor":23,"key":"REST"},{"floor":27,"key":"REST"},{"floor":32,"key":"REST"}],"circlet_count":0,"master_deck":["Strike_B","Strike_B","Strike_B","Strike_B","Defend_B","Defend_B","Defend_B","Defend_B","Zap+1","Dualcast","Gash+1","Electrodynamics+1","Beam Cell+1","BootSequence","Darkness","Rebound","Core Surge","Sweeping Beam","Machine Learning","CurseOfTheBell","Gash+1","Darkness","Melter+1","Self Repair","Beam Cell+1","Sunder+1","Ball Lightning+1","Go for the Eyes+1","Loop+1","Machine Learning","Leap","Beam Cell+1","AscendersBane","Echo Form"],"relics":["Cracked Core","Incense Burner","Blood Vial","PreservedInsect","Calling Bell","Juzu Bracelet","Molten Egg 2","Ice Cream","Slimebound:PreparedRelic","Pocketwatch","Question Card","aspiration:BursterCore"],"acts_visited":["Exordium","TheCity","TheBeyond"],"potions_floor_usage":[7,7,16,22,24,24,25,33],"damage_taken":[{"damage":0,"enemies":"2 Louse","floor":1,"turns":2},{"damage":0,"enemies":"Small Slimes","floor":2,"turns":3},{"damage":0,"enemies":"Cultist","floor":4,"turns":3},{"damage":0,"enemies":"3 Sentries","floor":7,"turns":2},{"damage":0,"enemies":"Blue Slaver","floor":10,"turns":2},{"damage":15,"enemies":"Gremlin Nob","floor":13,"turns":3},{"damage":0,"enemies":"Exordium Wildlife","floor":14,"turns":3},{"damage":50,"enemies":"The Guardian","floor":16,"turns":9},{"damage":45,"enemies":"Shell Parasite","floor":18,"turns":7},{"damage":30,"enemies":"3 Byrds","floor":21,"turns":4},{"damage":9,"enemies":"Centurion and Healer","floor":22,"turns":3},{"damage":18,"enemies":"Gremlin Leader","floor":24,"turns":5},{"damage":19,"enemies":"Snake Plant","floor":25,"turns":3},{"damage":1,"enemies":"Snecko","floor":28,"turns":4},{"damage":23,"enemies":"Shelled Parasite and Fungi","floor":30,"turns":3},{"damage":45,"enemies":"Champ","floor":33,"turns":9},{"damage":24,"enemies":"3 Shapes","floor":35,"turns":4},{"damage":32,"enemies":"3 Darklings","floor":37,"turns":3},{"damage":45,"enemies":"Writhing Mass","floor":39,"turns":3}],"seed_played":"-2134517611161334585","potions_obtained":[{"floor":2,"key":"EntropicBrew"},{"floor":10,"key":"SpeedPotion"},{"floor":13,"key":"BlessingOfTheForge"},{"floor":16,"key":"Weak Potion"},{"floor":22,"key":"Block Potion"},{"floor":24,"key":"Fire Potion"},{"floor":30,"key":"hexamod:SoulburnPotion"}],"is_trial":false,"path_per_floor":["M","M","$","M","?","R","E","R","T","M","$","R","E","M","R","B",null,"M","?","$","M","M","R","E","M","T","R","M","?","M","?","R","B",null,"M","?","M","?","M"],"character_chosen":"DEFECT","items_purchased":["Beam Cell","Darkness","Melter+1"],"campfire_rested":4,"item_purchase_floors":[3,20,20],"current_hp_per_floor":[82,82,82,82,82,82,82,82,82,82,82,82,67,69,82,32,82,37,37,37,9,9,33,24,14,14,38,46,46,25,33,57,14,82,65,65,42,42,0,0],"gold":305,"neow_bonus":"TEN_PERCENT_HP_BONUS","is_daily":false,"chose_seed":false,"campfire_upgraded":3,"win_rate":0.0,"timestamp":1614320122,"path_taken":["M","M","$","M","?","R","E","R","T","M","$","R","E","M","R","BOSS","M","?","$","M","M","R","E","M","T","R","M","?","M","?","R","BOSS","M","?","M","?","M"],"items_purchased_type":["Card","Card","Card"],"build_version":"2020-12-22","purchased_purges":0,"victory":false,"max_hp_per_floor":[82,82,82,82,82,82,82,82,82,82,82,82,82,82,82,82,82,82,82,82,82,82,82,82,82,82,82,82,82,82,82,82,82,82,82,82,82,82,82,82],"card_choices":[{"not_picked":["Turbo","Cold Snap"],"picked":"Gash","floor":1},{"not_picked":["Redo","Hologram"],"picked":"Electrodynamics","floor":2},{"not_picked":["Cold Snap","Heatsinks"],"picked":"BootSequence","floor":4},{"not_picked":["Double Energy","Steam"],"picked":"Darkness","floor":7},{"not_picked":["Streamline","Double Energy"],"picked":"Rebound","floor":10},{"not_picked":["Leap","Reprogram"],"picked":"Core Surge","floor":13},{"not_picked":["Compile Driver","Streamline"],"picked":"Sweeping Beam","floor":14},{"not_picked":["Core Surge","Meteor Strike"],"picked":"Machine Learning","floor":16},{"not_picked":["Conserve Battery","Cold Snap+1"],"picked":"Gash+1","floor":18},{"not_picked":["Darkness+1","Core Surge+1"],"picked":"Self Repair","floor":21},{"not_picked":["Barrage+1","Sweeping Beam+1"],"picked":"Beam Cell+1","floor":22},{"not_picked":["Tempest","Lockon+1"],"picked":"Sunder+1","floor":24},{"not_picked":["Coolheaded","Beam Cell+1"],"picked":"Ball Lightning+1","floor":25},{"not_picked":["Chill","Undo+1","Sweeping Beam+1"],"picked":"Go for the Eyes+1","floor":28},{"not_picked":["Hologram","Buffer","Stack"],"picked":"Loop+1","floor":30},{"not_picked":["Reboot","Seek","Amplify"],"picked":"Machine Learning","floor":33},{"not_picked":["aspiration:Polymerization","Turbo+1","Chill"],"picked":"Leap","floor":35},{"not_picked":["Steam+1","Undo","Hologram+1"],"picked":"Beam Cell+1","floor":37}],"player_experience":2146328,"relics_obtained":[{"floor":7,"key":"Incense Burner"},{"floor":9,"key":"Blood Vial"},{"floor":13,"key":"PreservedInsect"},{"floor":17,"key":"Juzu Bracelet"},{"floor":17,"key":"Molten Egg 2"},{"floor":17,"key":"Ice Cream"},{"floor":24,"key":"Pocketwatch"},{"floor":26,"key":"Question Card"}],"event_choices":[{"damage_healed":0,"gold_gain":0,"player_choice":"Grow","damage_taken":0,"max_hp_gain":0,"max_hp_loss":0,"event_name":"Living Wall","floor":5,"gold_loss":0,"cards_upgraded":["Zap"]},{"damage_healed":0,"gold_gain":0,"player_choice":"Obtained Relic","damage_taken":0,"relics_obtained":["Slimebound:PreparedRelic"],"max_hp_gain":0,"max_hp_loss":0,"event_name":"Addict","floor":19,"gold_loss":85},{"damage_healed":0,"gold_gain":0,"player_choice":"Ignored","damage_taken":0,"max_hp_gain":0,"max_hp_loss":0,"event_name":"Ghosts","floor":29,"gold_loss":0},{"damage_healed":0,"gold_gain":0,"player_choice":"Ignored","damage_taken":0,"max_hp_gain":0,"max_hp_loss":0,"event_name":"Tomb of Lord Red Mask","floor":36,"gold_loss":0},{"damage_healed":0,"gold_gain":3,"player_choice":"3","damage_taken":0,"max_hp_gain":0,"max_hp_loss":0,"event_name":"betterStone:BetterStone","floor":38,"gold_loss":0,"cards_obtained":["Echo Form"]}],"is_beta":false,"boss_relics":[{"not_picked":["aspiration:PoetsPen_weak","aspiration:Stellarator"],"picked":"Calling Bell"},{"not_picked":["Inserter","aspiration:SecretTechniqueScroll"],"picked":"aspiration:BursterCore"}],"items_purged_floors":[],"is_endless":false,"potions_floor_spawned":[2,10,13,16,22,24,30],"killed_by":"Writhing Mass","ascension_level":4}}