{"host":"9h5iyctwfxwfihmv","time":1614351533,"event":{"mods":["100% Spire Juice","2.2 Compatiblity","Act Like it!","BaseMod","Better Note","Better Third Choice","BetterRewards","Colored Map","Colored Powertips","Custom Start","Defective Defect","Disable Question Mark Monsters","Energized Spire","Friendly Minions","Gensokyo","Hallownest","Ironclad Rager","MarisaÅiñ∂âJÅ@ñÇóùçπÅj","Minty Spire (QoL Compilation)","Permanent Neow","Quick Restart","Random Character Button","Rare Cards Sparkle","Relic Filter","Relic Stats","Ruina","StSLib","Td1madao Mod","The Awakened One except there are too many feathers","The Jungle","The Servant 0.9.4","Transform Curses","Uncapped","Unceasing Turn Reminder","UnlockEverythingMod","Waifu the Spire","egg","everything is the same but u backflip on backflip","slay the spire mod where everything is the same but ironclad has a cowboy hat"],"gold_per_floor":[118,85,97,97,97,97,111,131,154,64,81,99,114,131,131,233,233,132,12,25,38,55,55,55,87,166,73,73,91,101,101,101,204,204,220,220,238,9,25,25,25],"floor_reached":40,"language":"ENG","playtime":3518,"items_purged":["Regret"],"score":434,"play_id":"978ffe15-eadc-4236-8417-421d80905cbc","local_time":"20210226095853","is_ascension_mode":false,"campfire_choices":[{"data":"Moonworks:Ambush","floor":6.0,"key":"SMITH"},{"floor":15.0,"key":"REST"},{"data":"Moonworks:x16BigRocket","floor":23,"key":"SMITH"},{"data":"Moonworks:x16BigRocket+2","floor":32,"key":"SMITH"}],"circlet_count":1,"master_deck":["Moonworks:Strike","Moonworks:Strike","Moonworks:Strike","Moonworks:Strike","Moonworks:Defend","Moonworks:Defend","Moonworks:Defend","Moonworks:Defend","Moonworks:Ambush+1","Moonworks:LongDistanceShot","Moonworks:MiracleRedBeanIceCream","Moonworks:EvilSpyWorkPreparation+1","Moonworks:StiffCrystal+1","Moonworks:x16BigRocket+4","Moonworks:LulusLuckyEgg","Moonworks:TacticalRetreat","Moonworks:AccelHyper","Moonworks:Dash","Moonworks:RagingMadness","Moonworks:BindingChains","Moonworks:HolyNight","Moonworks:IndiscriminateFireSupport+1","Moonworks:LuckyCharm+1","Moonworks:OutOfAmmo","Moonworks:JonathanRush","Moonworks:JonathanRush+1","Moonworks:CrystalBarrier","Moonworks:SakisCookie"],"relics":["Moonworks:BrokenBomb","Moonworks:Homemark","Circlet","betterThird:SlimedRelic","Pen Nib","Bag of Marbles","Bottled Lightning","energizedSpire:CursedPentagram","Nunchaku","Moonworks:LittleGull","PreservedInsect","Busted Crown","War Paint"],"acts_visited":["Exordium","TheCity","TheBeyond"],"potions_floor_usage":[25,27,29,39,39],"damage_taken":[{"damage":5.0,"enemies":"Small Slimes","floor":1.0,"turns":4.0},{"damage":0.0,"enemies":"2 Louse","floor":3.0,"turns":4.0},{"damage":1.0,"enemies":"Jaw Worm","floor":7.0,"turns":3.0},{"damage":1.0,"enemies":"Exordium Wildlife","floor":8.0,"turns":3.0},{"damage":31.0,"enemies":"Lagavulin","floor":10.0,"turns":7.0},{"damage":4.0,"enemies":"Looter","floor":11.0,"turns":2.0},{"damage":0.0,"enemies":"2 Fungi Beasts","floor":12.0,"turns":4.0},{"damage":0.0,"enemies":"Lots of Slimes","floor":13.0,"turns":3.0},{"damage":4.0,"enemies":"Looter","floor":14.0,"turns":3.0},{"damage":31.0,"enemies":"The Guardian","floor":16.0,"turns":12.0},{"damage":0,"enemies":"2 Thieves","floor":18,"turns":5},{"damage":0,"enemies":"3 Byrds","floor":20,"turns":1},{"damage":11,"enemies":"3 Cultists","floor":21,"turns":4},{"damage":1,"enemies":"Cultist and Chosen","floor":22,"turns":4},{"damage":5,"enemies":"Gremlin Leader","floor":25,"turns":5},{"damage":1,"enemies":"Book of Stabbing","floor":27,"turns":4},{"damage":4,"enemies":"Snake Plant","floor":29,"turns":3},{"damage":5,"enemies":"Chosen and Byrds","floor":30,"turns":4},{"damage":21,"enemies":"Champ","floor":33,"turns":11},{"damage":19,"enemies":"3 Shapes","floor":35,"turns":4},{"damage":1,"enemies":"Orb Walker","floor":37,"turns":3},{"damage":47,"enemies":"Sphere and 2 Shapes","floor":39,"turns":5},{"damage":40,"enemies":"Reptomancer","floor":40,"turns":2}],"seed_played":"-3721193739682899851","potions_obtained":[{"floor":7.0,"key":"Fruit Juice"},{"floor":10.0,"key":"EssenceOfSteel"},{"floor":12.0,"key":"LiquidMemories"},{"floor":16.0,"key":"Weak Potion"},{"floor":20,"key":"GamblersBrew"},{"floor":22,"key":"AttackPotion"},{"floor":25,"key":"Swift Potion"},{"floor":27,"key":"Regen Potion"},{"floor":31,"key":"Weak Potion"},{"floor":37,"key":"Fruit Juice"},{"floor":39,"key":"Ancient Potion"}],"is_trial":false,"path_per_floor":["M","?","M","?","?","R","M","M","T","E","M","M","M","M","R","B",null,"M","$","M","M","M","R","$","E","T","E","?","M","M","?","R","B",null,"M","?","M","$","M","E"],"character_chosen":"THE_STARBREAKER","items_purchased":["War Paint"],"campfire_rested":1,"item_purchase_floors":[38],"current_hp_per_floor":[60,49,54,36,36,36,40,49,49,23,19,24,29,25,44,18,65,65,65,65,59,63,63,63,63,63,62,62,58,58,58,58,42,65,51,51,50,50,27,0,0],"gold":25,"neow_bonus":"THREE_CARDS","is_daily":false,"chose_seed":false,"campfire_upgraded":3,"win_rate":0.0,"timestamp":1614351533,"path_taken":["M","?","M","?","?","R","M","?","T","E","M","M","M","M","R","BOSS","M","$","M","M","M","R","$","E","T","E","?","M","?","?","R","BOSS","M","?","?","$","M","E"],"items_purchased_type":["Relic"],"build_version":"2020-12-22","purchased_purges":1,"victory":false,"max_hp_per_floor":[60,60,60,60,60,60,60,65,65,65,65,65,65,65,65,65,65,65,65,65,65,65,65,65,65,65,65,65,65,65,65,65,65,65,65,65,65,65,70,70,70],"relic_stats":{"Nunchaku":[8],"Busted Crown":6,"counters":[23,100],"Pen Nib":[19],"PreservedInsect":61,"War Paint":["Moonworks:EvilSpyWorkPreparation","Moonworks:LuckyCharm"],"obtain_stats":[{"Moonworks:LittleGull":26,"Circlet":0,"Pen Nib":4,"PreservedInsect":27,"War Paint":38,"Nunchaku":25,"energizedSpire:CursedPentagram":17,"Busted Crown":34,"Moonworks:Homemark":0,"betterThird:SlimedRelic":2,"LetterFromLob":1,"Bag of Marbles":9,"Bottled Lightning":10,"Moonworks:BrokenBomb":0},{"Moonworks:LittleGull":15,"Circlet":0,"Pen Nib":2,"PreservedInsect":16,"War Paint":21,"Nunchaku":15,"energizedSpire:CursedPentagram":10,"Busted Crown":19,"Moonworks:Homemark":0,"betterThird:SlimedRelic":1,"LetterFromLob":1,"Bag of Marbles":4,"Bottled Lightning":5,"Moonworks:BrokenBomb":0},{"Moonworks:LittleGull":64,"Circlet":0,"Pen Nib":8,"PreservedInsect":68,"War Paint":93,"Nunchaku":64,"energizedSpire:CursedPentagram":45,"Busted Crown":86,"Moonworks:Homemark":0,"betterThird:SlimedRelic":4,"LetterFromLob":4,"Bag of Marbles":14,"Bottled Lightning":21,"Moonworks:BrokenBomb":0}]},"card_choices":[{"not_picked":["Moonworks:CookingTime","Moonworks:JonathanRush"],"picked":"Moonworks:MiracleRedBeanIceCream","floor":0.0},{"not_picked":["Moonworks:WindyEnchantment","Moonworks:Poppoformation"],"picked":"Moonworks:EvilSpyWorkPreparation","floor":1.0},{"not_picked":["Moonworks:Poppoformation","Moonworks:SakisCookie"],"picked":"Moonworks:StiffCrystal","floor":3.0},{"not_picked":["Moonworks:AwakeningOfTalent","Moonworks:JonathanRush"],"picked":"Moonworks:x16BigRocket","floor":7.0},{"not_picked":["Moonworks:ImOnFire","Moonworks:BigMagnum"],"picked":"Moonworks:LulusLuckyEgg","floor":8.0},{"not_picked":["Moonworks:JonathanRush","Moonworks:LulusLuckyEgg"],"picked":"Moonworks:TacticalRetreat","floor":10.0},{"not_picked":["Moonworks:ForcedRevival","Moonworks:JonathanRush"],"picked":"Moonworks:AccelHyper","floor":11.0},{"not_picked":["Moonworks:Assault","Moonworks:SakisCookie"],"picked":"Moonworks:Dash","floor":12.0},{"not_picked":["Moonworks:DeployBits","Moonworks:Dash"],"picked":"Moonworks:RagingMadness","floor":13.0},{"not_picked":["Moonworks:Assault","Moonworks:ReproductionOfRecords"],"picked":"Moonworks:BindingChains","floor":14.0},{"not_picked":["Moonworks:AccelHyper","Moonworks:RocketCannon"],"picked":"Moonworks:HolyNight","floor":16.0},{"not_picked":["Moonworks:EvilSpyWorkPreparation","Moonworks:BigMagnum"],"picked":"Moonworks:IndiscriminateFireSupport+1","floor":18},{"not_picked":["Moonworks:ImOnFire","Moonworks:EvilSpyWorkPreparation","Moonworks:IndiscriminateFireSupport+1"],"picked":"SKIP","floor":20},{"not_picked":["Moonworks:TreasureThief+1","Moonworks:EvilSpyWorkPreparation"],"picked":"Moonworks:LuckyCharm","floor":21},{"not_picked":["Moonworks:NicePresent","Moonworks:EvilSpyWorkPreparation","Moonworks:LulusLuckyEgg"],"picked":"SKIP","floor":22},{"not_picked":["Moonworks:FullSpeedAlicianrone+1","Moonworks:Assault"],"picked":"Moonworks:OutOfAmmo","floor":25},{"not_picked":["Moonworks:NicePresent","Moonworks:SakisCookie"],"picked":"Moonworks:JonathanRush","floor":27},{"not_picked":["Moonworks:NicePresent","Moonworks:ImOnFire","Moonworks:DeployBits+1"],"picked":"SKIP","floor":29},{"not_picked":["Moonworks:TacticalRetreat+1","Moonworks:Dinner"],"picked":"Moonworks:JonathanRush+1","floor":30},{"not_picked":["Moonworks:Blazing","Moonworks:MetallicMonocoque"],"picked":"Moonworks:CrystalBarrier","floor":33},{"not_picked":["Moonworks:IndiscriminateFireSupport+1"],"picked":"SKIP","floor":35},{"not_picked":["Moonworks:IndiscriminateFireSupport+1"],"picked":"SKIP","floor":37},{"not_picked":[],"picked":"Moonworks:SakisCookie","floor":39}],"player_experience":193515,"relics_obtained":[{"floor":1.0,"key":"LetterFromLob"},{"floor":9.0,"key":"Bag of Marbles"},{"floor":10.0,"key":"Bottled Lightning"},{"floor":25,"key":"Nunchaku"},{"floor":26,"key":"Moonworks:LittleGull"},{"floor":27,"key":"PreservedInsect"}],"event_choices":[{"damage_healed":0.0,"max_hp_gain":0.0,"max_hp_loss":0.0,"gold_gain":0.0,"event_name":"betterThird:BetterGoop","player_choice":"Slimed","floor":2.0,"gold_loss":33.0,"damage_taken":11.0},{"damage_healed":0.0,"max_hp_gain":0.0,"max_hp_loss":0.0,"gold_gain":0.0,"event_name":"betterThird:BetterScrap","player_choice":"Relic ","floor":4.0,"gold_loss":0.0,"damage_taken":18.0,"cards_obtained":["Wraith Form v2"]},{"damage_healed":0.0,"max_hp_gain":0.0,"max_hp_loss":0.0,"gold_gain":0.0,"event_name":"Living Wall","player_choice":"Grow","floor":5.0,"gold_loss":0.0,"damage_taken":0.0,"cards_upgraded":["Moonworks:StiffCrystal"]},{"damage_healed":0,"gold_gain":0,"player_choice":"Upgraded","damage_taken":0,"max_hp_gain":0,"max_hp_loss":0,"event_name":"Upgrade Shrine","floor":28,"gold_loss":0,"cards_upgraded":["Moonworks:x16BigRocket"]},{"damage_healed":0,"gold_gain":0,"player_choice":"Got Potions","damage_taken":0,"max_hp_gain":0,"max_hp_loss":0,"event_name":"Lab","floor":31,"gold_loss":0},{"damage_healed":0,"gold_gain":0,"player_choice":"Upgraded","damage_taken":0,"max_hp_gain":0,"max_hp_loss":0,"event_name":"Upgrade Shrine","floor":36,"gold_loss":0,"cards_upgraded":["Moonworks:x16BigRocket"]}],"is_beta":false,"boss_relics":[{"not_picked":["energizedSpire:RedRose","Empty Cage"],"picked":"energizedSpire:CursedPentagram"},{"not_picked":["energizedSpire:MagnifyingGlass","Moonworks:SBBomb"],"picked":"Busted Crown"}],"items_purged_floors":[38],"is_endless":false,"potions_floor_spawned":[7,10,12,16,20,22,25,27,37,39],"killed_by":"Reptomancer","ascension_level":0}}