{"host":"0kk91h4bq4kgfj0u","time":1614299542,"event":{"mods":["BaseMod","Bestiary","Block Reminder","Colored Map","Colored Powertips","Curses Come First","Highlight Path","Minty Spire (QoL Compilation)","Relic Stats","StSLib"],"gold_per_floor":[109,125,29,49,69,102,102,102,176,193,193,212,226,259,259,364,364,384,584,597,43,61,61,72,98,98,48,48,48,82,82,82,187,187,198,198,212,212,232,232,232,232],"floor_reached":41,"language":"ENG","playtime":1518,"items_purged":[],"score":667,"play_id":"a2ea8350-a213-4b16-9ab9-2f532594daca","local_time":"20210225193222","is_ascension_mode":true,"campfire_choices":[{"floor":8.0,"key":"REST"},{"floor":11.0,"key":"REST"},{"floor":15.0,"key":"RECALL"},{"data":"1","floor":23.0,"key":"LIFT"},{"floor":28,"key":"REST"},{"floor":32,"key":"REST"},{"floor":40,"key":"REST"}],"circlet_count":0,"master_deck":["Bash","Flame Barrier","Spot Weakness","Iron Wave","Twin Strike","Heavy Blade","Anger","Flex","Power Through","Bloodletting+1","Demon Form","Rupture","Offering","Heavy Blade","Dual Wield+1","Bludgeon","Offering","Headbutt","Twin Strike","Rage+1","Panache","Flex","Pommel Strike","Shrug It Off","Battle Trance+1","Anger","Dropkick","Immolate","Shame","Armaments+1","Spot Weakness+1","Flame Barrier+1","Parasite"],"relics":["Black Blood","Pocketwatch","Kunai","Dream Catcher","Pandora\u0027s Box","Girya","War Paint","Pear","MutagenicStrength","Question Card","Orichalcum"],"acts_visited":["Exordium","TheCity","TheBeyond"],"potions_floor_usage":[25,33,33],"damage_taken":[{"damage":6.0,"enemies":"Cultist","floor":1.0,"turns":3.0},{"damage":11.0,"enemies":"Jaw Worm","floor":2.0,"turns":4.0},{"damage":4.0,"enemies":"Small Slimes","floor":4.0,"turns":4.0},{"damage":9.0,"enemies":"Looter","floor":5.0,"turns":4.0},{"damage":59.0,"enemies":"Lagavulin","floor":6.0,"turns":7.0},{"damage":7.0,"enemies":"3 Louse","floor":10.0,"turns":4.0},{"damage":3.0,"enemies":"Blue Slaver","floor":12.0,"turns":3.0},{"damage":7.0,"enemies":"Exordium Wildlife","floor":13.0,"turns":4.0},{"damage":37.0,"enemies":"Gremlin Nob","floor":14.0,"turns":4.0},{"damage":33.0,"enemies":"Slime Boss","floor":16.0,"turns":8.0},{"damage":6.0,"enemies":"Chosen","floor":18.0,"turns":4.0},{"damage":6.0,"enemies":"Shell Parasite","floor":20.0,"turns":4.0},{"damage":12.0,"enemies":"Shelled Parasite and Fungi","floor":22.0,"turns":4.0},{"damage":16,"enemies":"3 Cultists","floor":24,"turns":4},{"damage":36,"enemies":"Slavers","floor":25,"turns":4},{"damage":27,"enemies":"Book of Stabbing","floor":30,"turns":4},{"damage":119,"enemies":"Collector","floor":33,"turns":8},{"damage":32,"enemies":"3 Darklings","floor":35,"turns":4},{"damage":13,"enemies":"3 Shapes","floor":37,"turns":5},{"damage":43,"enemies":"3 Darklings","floor":39,"turns":4},{"damage":74,"enemies":"Writhing Mass","floor":41,"turns":7}],"seed_played":"6034783767344249810","potions_obtained":[{"floor":2.0,"key":"Strength Potion"},{"floor":5.0,"key":"EssenceOfSteel"},{"floor":6.0,"key":"Fruit Juice"},{"floor":10.0,"key":"SteroidPotion"},{"floor":18.0,"key":"DistilledChaos"}],"is_trial":false,"path_per_floor":["M","M","$","M","M","E","$","R","T","M","R","M","M","E","R","B",null,"M","?","M","$","M","R","M","E","T","$","R","?","E","?","R","B",null,"M","?","M","?","M","R","M"],"character_chosen":"IRONCLAD","items_purchased":["FairyPotion","Panache","Girya","Flex","Pommel Strike","BloodPotion"],"campfire_rested":5,"item_purchase_floors":[3,21,21,21,21,27],"current_hp_per_floor":[80,75,75,77,74,26,26,53,53,52,79,82,81,50,50,23,76,76,76,76,76,70,70,60,30,40,40,70,70,49,49,79,36,86,66,66,65,65,34,64,0,0],"gold":232,"neow_bonus":"TEN_PERCENT_HP_BONUS","is_daily":false,"chose_seed":false,"campfire_upgraded":0,"win_rate":0.0,"timestamp":1614299542,"path_taken":["M","M","$","M","M","E","?","R","T","M","R","M","M","E","R","BOSS","M","?","?","$","M","R","M","E","T","?","R","?","E","?","R","BOSS","M","?","M","?","M","R","M"],"items_purchased_type":["Potion","Card","Relic","Card","Card","Potion"],"build_version":"2020-12-22","purchased_purges":0,"victory":false,"max_hp_per_floor":[88,88,88,88,88,93,93,93,93,93,93,93,93,93,93,93,93,93,93,93,93,93,93,93,93,103,103,103,103,103,103,103,103,103,103,103,103,103,103,103,103,103],"relic_stats":{"Dream Catcher":3,"counters":[21,97],"Black Blood":138,"Pandora\u0027s Box":["Rupture","Brutality","Offering","Heavy Blade","Dual Wield","Bludgeon","Offering","Headbutt","Twin Strike"],"Kunai":[18],"War Paint":["Dual Wield","Bloodletting"],"Orichalcum":[60],"Question Card":6,"obtain_stats":[{"Girya":21,"Dream Catcher":14,"Pear":26,"MutagenicStrength":29,"Black Blood":34,"Pandora\u0027s Box":17,"Kunai":9,"War Paint":25,"Orichalcum":31,"Question Card":30,"Burning Blood":0,"Pocketwatch":6},{"Girya":12,"Dream Catcher":9,"Pear":15,"MutagenicStrength":15,"Black Blood":17,"Pandora\u0027s Box":10,"Kunai":5,"War Paint":15,"Orichalcum":16,"Question Card":16,"Burning Blood":0,"Pocketwatch":5},{"Girya":53,"Dream Catcher":37,"Pear":65,"MutagenicStrength":65,"Black Blood":77,"Pandora\u0027s Box":45,"Kunai":22,"War Paint":65,"Orichalcum":69,"Question Card":69,"Burning Blood":0,"Pocketwatch":22}],"Pocketwatch":[96]},"card_choices":[{"not_picked":["Clash","Feel No Pain"],"picked":"Flame Barrier","floor":1.0},{"not_picked":["Cleave","Clash"],"picked":"Spot Weakness","floor":2.0},{"not_picked":["Sword Boomerang","Feel No Pain"],"picked":"Iron Wave","floor":4.0},{"not_picked":["Flame Barrier","Corruption"],"picked":"Twin Strike","floor":5.0},{"not_picked":["Bloodletting","Combust"],"picked":"Heavy Blade","floor":6.0},{"not_picked":["Body Slam","Sever Soul"],"picked":"Anger","floor":10.0},{"not_picked":["Shockwave","Rupture"],"picked":"Flex","floor":12.0},{"not_picked":["Dropkick","Heavy Blade"],"picked":"Power Through","floor":13.0},{"not_picked":["Sever Soul","Iron Wave"],"picked":"Bloodletting","floor":14.0},{"not_picked":["Berserk","Double Tap"],"picked":"Demon Form","floor":16.0},{"not_picked":["Clash","Armaments"],"picked":"Rage+1","floor":18.0},{"not_picked":["Iron Wave","Flame Barrier","Pummel"],"picked":"SKIP","floor":20.0},{"not_picked":["True Grit","Body Slam"],"picked":"Shrug It Off","floor":22.0},{"not_picked":["Body Slam","Juggernaut"],"picked":"Battle Trance+1","floor":24},{"not_picked":["Iron Wave","Shrug It Off"],"picked":"Anger","floor":25},{"not_picked":["Iron Wave","Perfected Strike"],"picked":"Dropkick","floor":28},{"not_picked":["Perfected Strike","Fire Breathing+1"],"picked":"Immolate","floor":30},{"not_picked":["Perfected Strike+1","Sentinel","Headbutt"],"picked":"Armaments+1","floor":35},{"not_picked":["Dark Embrace","Havoc","Perfected Strike+1"],"picked":"Spot Weakness+1","floor":37},{"not_picked":["Battle Trance+1","True Grit","Seeing Red"],"picked":"Flame Barrier+1","floor":39}],"player_experience":923567,"relics_obtained":[{"floor":6.0,"key":"Pocketwatch"},{"floor":9.0,"key":"Kunai"},{"floor":14.0,"key":"Dream Catcher"},{"floor":25,"key":"War Paint"},{"floor":26,"key":"Pear"},{"floor":30,"key":"Question Card"}],"event_choices":[{"damage_healed":0.0,"max_hp_gain":0.0,"max_hp_loss":0.0,"gold_gain":250.0,"event_name":"The Joust","player_choice":"Bet on Owner","floor":19.0,"gold_loss":50.0,"damage_taken":0.0},{"damage_healed":0,"gold_gain":0,"player_choice":"Inject Mutagens","damage_taken":0,"relics_obtained":["MutagenicStrength"],"max_hp_gain":0,"max_hp_loss":0,"event_name":"Drug Dealer","floor":29,"gold_loss":0},{"damage_healed":0,"gold_gain":0,"player_choice":"Stole Relic","damage_taken":0,"relics_obtained":["Orichalcum"],"max_hp_gain":0,"max_hp_loss":0,"event_name":"Addict","floor":31,"gold_loss":0,"cards_obtained":["Shame"]},{"cards_removed":["Brutality"],"damage_healed":0,"gold_gain":0,"player_choice":"Removed Power","damage_taken":0,"max_hp_gain":0,"max_hp_loss":0,"event_name":"Falling","floor":36,"gold_loss":0},{"damage_healed":0,"gold_gain":0,"player_choice":"Ignored","damage_taken":0,"max_hp_gain":0,"max_hp_loss":0,"event_name":"Mysterious Sphere","floor":38,"gold_loss":0}],"is_beta":false,"boss_relics":[{"not_picked":["Runic Cube","Snecko Eye"],"picked":"Pandora\u0027s Box"},{"not_picked":["Velvet Choker","Fusion Hammer"],"picked":"Black Blood"}],"items_purged_floors":[],"is_endless":false,"potions_floor_spawned":[2,5,6,10,13,14,18,24,30],"killed_by":"Writhing Mass","ascension_level":9}}