{"host":"9h5iyctwfxwfihmv","time":1614353440,"event":{"mods":["100% Spire Juice","2.2 Compatiblity","Act Like it!","BaseMod","Better Note","Better Third Choice","BetterRewards","Colored Map","Colored Powertips","Custom Start","Defective Defect","Disable Question Mark Monsters","Energized Spire","Friendly Minions","Gensokyo","Hallownest","Ironclad Rager","MarisaÅiñ∂âJÅ@ñÇóùçπÅj","Minty Spire (QoL Compilation)","Permanent Neow","Quick Restart","Random Character Button","Rare Cards Sparkle","Relic Filter","Relic Stats","Ruina","StSLib","Td1madao Mod","The Awakened One except there are too many feathers","The Jungle","The Servant 0.9.4","Transform Curses","Uncapped","Unceasing Turn Reminder","UnlockEverythingMod","Waifu the Spire","egg","everything is the same but u backflip on backflip","slay the spire mod where everything is the same but ironclad has a cowboy hat"],"gold_per_floor":[13,13,13,13,31,62,62,62,62,95,110,129,141,165,165,165,165],"floor_reached":16,"language":"ENG","playtime":595,"items_purged":[],"score":110,"play_id":"127b0ceb-0182-47f3-92ec-6df94c927209","local_time":"20210226103040","is_ascension_mode":false,"campfire_choices":[{"data":"Moonworks:x16BigRocket","floor":7,"key":"SMITH"},{"floor":15,"key":"REST"}],"circlet_count":0,"master_deck":["Moonworks:Strike","Moonworks:Strike","Moonworks:Strike","Moonworks:Strike","Moonworks:Defend","Moonworks:Defend","Moonworks:Defend","Moonworks:Defend","Moonworks:NicePresent","Moonworks:IndiscriminateFireSupport+1","Moonworks:x16BigRocket+1","Pain"],"relics":["Moonworks:BrokenBomb","Moonworks:Homemark","Ancient Tea Set","Gensokyo:LunaticRedEyes","Pen Nib","InkBottle","Bag of Preparation"],"acts_visited":["Exordium"],"potions_floor_usage":[10,16],"damage_taken":[{"damage":4,"enemies":"Gensokyo:3_Fairies","floor":1,"turns":5},{"damage":0,"enemies":"Gensokyo:2_Kodama","floor":5,"turns":1},{"damage":10,"enemies":"Gensokyo:Aya","floor":6,"turns":4},{"damage":24,"enemies":"Gensokyo:Mamizou","floor":10,"turns":6},{"damage":2,"enemies":"Gensokyo:Python","floor":11,"turns":2},{"damage":1,"enemies":"Gensokyo:LivingMonolith","floor":12,"turns":2},{"damage":17,"enemies":"Gensokyo:CorruptedTreant","floor":13,"turns":3},{"damage":27,"enemies":"Gensokyo:Yukari","floor":16,"turns":3}],"seed_played":"5255115702001522259","potions_obtained":[{"floor":5,"key":"PowerPotion"},{"floor":11,"key":"Weak Potion"}],"is_trial":false,"path_per_floor":["M","$","?","?","M","E","R","?","T","E","M","M","M","T","R","B"],"character_chosen":"THE_STARBREAKER","items_purchased":[],"campfire_rested":1,"item_purchase_floors":[],"current_hp_per_floor":[56,56,56,56,56,46,46,46,46,22,20,19,2,2,20,0,0],"gold":165,"neow_bonus":"REMOVE_TWO","is_daily":false,"chose_seed":false,"campfire_upgraded":1,"win_rate":0.0,"timestamp":1614353440,"path_taken":["M","?","?","?","?","E","R","?","T","E","M","M","M","?","R","BOSS"],"items_purchased_type":[],"build_version":"2020-12-22","purchased_purges":0,"victory":false,"max_hp_per_floor":[60,60,60,60,60,60,60,60,60,60,60,60,60,60,60,60,60],"relic_stats":{"counters":[8,26],"Pen Nib":[2],"Bag of Preparation":[2],"obtain_stats":[{"Moonworks:Homemark":0,"Pen Nib":9,"Bag of Preparation":14,"Ancient Tea Set":6,"Gensokyo:LunaticRedEyes":8,"InkBottle":10,"Moonworks:BrokenBomb":0},{"Moonworks:Homemark":0,"Pen Nib":3,"Bag of Preparation":7,"Ancient Tea Set":3,"Gensokyo:LunaticRedEyes":3,"InkBottle":4,"Moonworks:BrokenBomb":0},{"Moonworks:Homemark":0,"Pen Nib":10,"Bag of Preparation":23,"Ancient Tea Set":10,"Gensokyo:LunaticRedEyes":10,"InkBottle":16,"Moonworks:BrokenBomb":0}],"InkBottle":[2]},"card_choices":[{"not_picked":["Moonworks:BigMagnum","Moonworks:CloudOfSeagulls"],"picked":"Moonworks:NicePresent","floor":1},{"not_picked":["Moonworks:ImOnFire","Moonworks:NicePresent","Moonworks:IndiscriminateFireSupport"],"picked":"SKIP","floor":5},{"not_picked":["Moonworks:MiracleWalker","Moonworks:CloudOfSeagulls"],"picked":"Moonworks:x16BigRocket","floor":6},{"not_picked":["Moonworks:EvilSpyWorkPreparation","Moonworks:Bloodlust","Moonworks:RocketCannon"],"picked":"SKIP","floor":10},{"not_picked":["Moonworks:ImOnFire","Moonworks:BigMagnum","Moonworks:IndiscriminateFireSupport"],"picked":"SKIP","floor":11},{"not_picked":["Moonworks:EvilSpyWorkPreparation","Moonworks:CloudOfSeagulls","Moonworks:BigMagnum"],"picked":"SKIP","floor":12},{"not_picked":["Moonworks:StiffCrystal","Moonworks:MiracleWalker","Moonworks:LulusLuckyEgg"],"picked":"SKIP","floor":13}],"player_experience":193515,"relics_obtained":[{"floor":6,"key":"Ancient Tea Set"},{"floor":9,"key":"Pen Nib"},{"floor":10,"key":"InkBottle"},{"floor":14,"key":"Bag of Preparation"}],"event_choices":[],"is_beta":false,"boss_relics":[],"items_purged_floors":[],"is_endless":false,"potions_floor_spawned":[5,11],"killed_by":"Gensokyo:Yukari","ascension_level":0}}