{"host":"qrfkyfrpo74atslb","time":1614318156,"event":{"mods":["AchievementEnabler","Aspiration","Astrologer","Bartender","BaseMod","Beaked The Cultist","Better Note","Better Third Choice","BetterRewards","CapriCore","Colored Map","Colored Powertips","Conspire","DeckTracker","Downfall","Duelist Mod","GungeonMod","Halation","Hermit","Hero for Fun","Hubris","Koishi","LagranYue(???·?)","Mad Scientist","Marisa????????","Minty Spire (QoL Compilation)","Prisma Mod","Rare Cards Sparkle","Reimu??????","Remilia??????","Replay The Spire","Spicy Shops","StSLib","The Administrix","The Alterego","The Bladedancer","The Construct","The Cursed","The Disciple","The Gatherer","The Hierophant","The Immortal","The Mystic","The Necromancer","The Runesmith","The Senshi","The Servant 0.9.4","The Wild Card","TheSwordswoman","WarShipGirlsR/????R mod","Yakumo Yukari mod","Yuyuko"],"gold_per_floor":[142,142,152,38,49,26,26],"floor_reached":6,"language":"ENG","playtime":230,"items_purged":[],"score":36,"play_id":"6c6ddbe5-c42e-4d16-9400-7c81d7600ee1","local_time":"20210226184236","is_ascension_mode":false,"campfire_choices":[],"circlet_count":0,"master_deck":["theDuelist:BeaverWarrior","theDuelist:BeaverWarrior","theDuelist:CastleWalls","theDuelist:CastleWalls","theDuelist:FinalFlame","theDuelist:GiantSoldier","theDuelist:GiantSoldier","theDuelist:ScrapFactory","theDuelist:Sparks","theDuelist:Sparks","theDuelist:HappyLover","Poor:ReiMu","theDuelist:HappyLover","theDuelist:WhiteMagicalHat","theDuelist:WhiteMagicalHat","theDuelist:GravityLash"],"relics":["theDuelist:MillenniumPuzzle","theDuelist:CardPoolRelic","theDuelist:CardPoolBasicRelic","theDuelist:BoosterPackPoolRelic","theDuelist:CardPoolAddRelic","theDuelist:CardPoolMinusRelic","theDuelist:CardPoolSaveRelic","theDuelist:CardPoolOptionsRelic","LagranYue:RandomDrawCardRelic","NeowsBlessing","YidongShenshe:ReiMu","Snake Skull"],"acts_visited":["Exordium"],"potions_floor_usage":[],"damage_taken":[{"damage":0,"enemies":"conspire:RoseBush","floor":1,"turns":1},{"damage":0,"enemies":"2 Louse","floor":3,"turns":2},{"damage":0,"enemies":"Jaw Worm","floor":5,"turns":1},{"damage":19,"enemies":"Gremlin Nob","floor":6,"turns":5}],"seed_played":"-3613872317321337944","potions_obtained":[{"floor":1,"key":"champ:CounterPotion"},{"floor":3,"key":"theDuelist:WaterBottle"}],"is_trial":false,"path_per_floor":["M","?","M","$","M","E"],"character_chosen":"THE_DUELIST","items_purchased":["Snake Skull","theDuelist:WhiteMagicalHat"],"campfire_rested":0,"item_purchase_floors":[4,4],"current_hp_per_floor":[80,80,80,80,80,61,61],"gold":26,"neow_bonus":"THREE_ENEMY_KILL","is_daily":false,"chose_seed":false,"campfire_upgraded":0,"win_rate":0.0,"timestamp":1614318156,"path_taken":["M","?","M","$","M","E"],"items_purchased_type":["Relic","Card"],"build_version":"2020-12-22","purchased_purges":0,"victory":false,"max_hp_per_floor":[80,80,80,80,80,80,80],"card_choices":[{"not_picked":["theDuelist:DokiDoki","theDuelist:GiantSoldierSteel","theDuelist:LabyrinthWall","theDuelist:MillenniumGolem"],"picked":"theDuelist:HappyLover","floor":1},{"not_picked":["theDuelist:RainbowNeos","theDuelist:KamionTimelord","theDuelist:Eva","theDuelist:RainbowKuriboh"],"picked":"theDuelist:HappyLover","floor":3},{"not_picked":["theDuelist:PineappleBlast","theDuelist:ForbiddenLance","theDuelist:AmuletAmbition","theDuelist:Mathematician"],"picked":"theDuelist:GravityLash","floor":5}],"player_experience":152316,"relics_obtained":[],"event_choices":[{"damage_healed":0,"gold_gain":0,"player_choice":"Take Tiny Shrine away","damage_taken":0,"relics_obtained":["YidongShenshe:ReiMu"],"max_hp_gain":0,"max_hp_loss":0,"event_name":"yidonshenshe","floor":2,"gold_loss":0,"cards_obtained":["Poor:ReiMu"]}],"is_beta":false,"boss_relics":[],"items_purged_floors":[],"is_endless":false,"potions_floor_spawned":[1,3],"killed_by":"Gremlin Nob","ascension_level":0}}