{"host":"1bzbl1adcbkdzqlf","time":1614368211,"event":{"mods":["BaseMod","Minty Spire (QoL Compilation)","Slay the Relics Exporter"],"gold_per_floor":[110,120,120,140,153,153,188,188,212,212,226,226,226,255,255,352,352,370,370,381,51,63,63,63],"floor_reached":23,"language":"ENG","playtime":2966,"items_purged":["Pain"],"score":241,"play_id":"9ce7b3be-1867-4054-b24e-722ebe6d47dd","local_time":"20210226133651","is_ascension_mode":true,"campfire_choices":[{"data":"Infinite Blades","floor":6,"key":"SMITH"},{"data":"Dagger Spray","floor":8,"key":"SMITH"},{"data":"Well Laid Plans","floor":12,"key":"SMITH"},{"floor":15,"key":"REST"}],"circlet_count":0,"master_deck":["Strike_G","Strike_G+1","Strike_G","Strike_G","Defend_G+1","Defend_G","Defend_G+1","Defend_G","Defend_G","Survivor","Neutralize","Poisoned Stab","Dagger Spray+1","Infinite Blades+1","Slice","Backflip+1","Well Laid Plans+1","Cloak And Dagger","Envenom","Calculated Gamble","Footwork+1","Blade Dance+1"],"relics":["Ring of the Snake","Mango","War Paint","Bag of Marbles","Oddly Smooth Stone","SlaversCollar","WarpedTongs","White Beast Statue"],"acts_visited":["Exordium","TheCity"],"potions_floor_usage":[16,18,22,23,23],"damage_taken":[{"damage":7,"enemies":"Jaw Worm","floor":1,"turns":6},{"damage":0,"enemies":"Small Slimes","floor":2,"turns":3},{"damage":0,"enemies":"Cultist","floor":4,"turns":2},{"damage":1,"enemies":"2 Fungi Beasts","floor":5,"turns":4},{"damage":17,"enemies":"3 Sentries","floor":7,"turns":6},{"damage":18,"enemies":"Large Slime","floor":11,"turns":3},{"damage":4,"enemies":"Lagavulin","floor":14,"turns":6},{"damage":8,"enemies":"The Guardian","floor":16,"turns":14},{"damage":0,"enemies":"3 Byrds","floor":18,"turns":3},{"damage":20,"enemies":"Spheric Guardian","floor":20,"turns":5},{"damage":14,"enemies":"Shelled Parasite and Fungi","floor":22,"turns":6},{"damage":63,"enemies":"Gremlin Leader","floor":23,"turns":5}],"seed_played":"7947048757597964053","potions_obtained":[{"floor":2,"key":"LiquidBronze"},{"floor":5,"key":"Dexterity Potion"},{"floor":18,"key":"PowerPotion"},{"floor":20,"key":"Swift Potion"},{"floor":22,"key":"Poison Potion"}],"is_trial":false,"path_per_floor":["M","M","?","M","M","R","E","R","T","?","M","R","?","E","R","B",null,"M","?","M","$","M","E"],"character_chosen":"THE_SILENT","items_purchased":["White Beast Statue"],"campfire_rested":1,"item_purchase_floors":[21],"current_hp_per_floor":[70,70,55,55,54,54,37,37,37,42,24,24,17,13,37,29,82,82,82,62,62,48,0,0],"gold":63,"neow_bonus":"ONE_RARE_RELIC","is_daily":false,"chose_seed":false,"campfire_upgraded":3,"win_rate":0.0,"timestamp":1614368211,"path_taken":["M","M","?","M","M","R","E","R","T","?","M","R","?","E","R","BOSS","M","?","M","$","?","E"],"items_purchased_type":["Relic"],"build_version":"2020-12-22","purchased_purges":1,"victory":false,"max_hp_per_floor":[77,77,77,77,77,77,77,77,77,82,82,82,82,82,82,82,82,82,82,82,82,82,82,82],"card_choices":[{"not_picked":["PiercingWail","Flying Knee"],"picked":"Poisoned Stab","floor":1},{"not_picked":["Poisoned Stab","Backstab"],"picked":"Dagger Spray","floor":2},{"not_picked":["Reflex","Tools of the Trade"],"picked":"Infinite Blades","floor":4},{"not_picked":["Prepared","Heel Hook"],"picked":"Slice","floor":5},{"not_picked":["Crippling Poison","Poisoned Stab"],"picked":"Backflip","floor":7},{"not_picked":["Sucker Punch","Cloak And Dagger"],"picked":"Well Laid Plans","floor":11},{"not_picked":["Catalyst","Finisher"],"picked":"Cloak And Dagger","floor":14},{"not_picked":["Night Terror","Storm of Steel"],"picked":"Envenom","floor":16},{"not_picked":["Acrobatics","Underhanded Strike"],"picked":"Calculated Gamble","floor":18},{"not_picked":["Blur","Heel Hook"],"picked":"Footwork+1","floor":20},{"not_picked":["Choke","Sucker Punch"],"picked":"Blade Dance+1","floor":22}],"player_experience":578045,"relics_obtained":[{"floor":7,"key":"War Paint"},{"floor":9,"key":"Bag of Marbles"},{"floor":14,"key":"Oddly Smooth Stone"}],"event_choices":[{"damage_healed":0,"gold_gain":0,"player_choice":"Entered Light","damage_taken":15,"max_hp_gain":0,"max_hp_loss":0,"event_name":"Shining Light","floor":3,"gold_loss":0,"cards_upgraded":["Strike_G","Defend_G"]},{"damage_healed":0,"gold_gain":0,"player_choice":"Donut","damage_taken":0,"max_hp_gain":5,"max_hp_loss":0,"event_name":"Big Fish","floor":10,"gold_loss":0},{"cards_removed":["Strike_G"],"damage_healed":0,"gold_gain":0,"player_choice":"Card Removal","damage_taken":7,"max_hp_gain":0,"max_hp_loss":0,"event_name":"Golden Wing","floor":13,"gold_loss":0},{"damage_healed":0,"gold_gain":0,"player_choice":"Rummage","damage_taken":0,"relics_obtained":["WarpedTongs"],"max_hp_gain":0,"max_hp_loss":0,"event_name":"Accursed Blacksmith","floor":19,"gold_loss":0,"cards_obtained":["Pain"]}],"is_beta":false,"boss_relics":[{"not_picked":["Pandora\u0027s Box","HoveringKite"],"picked":"SlaversCollar"}],"items_purged_floors":[21],"is_endless":false,"potions_floor_spawned":[2,5,18,20,22],"killed_by":"Gremlin Leader","ascension_level":4}}