{"host":"8hlq24ta5nit70vz","time":1614344026,"event":{"mods":["Act Like it!","Arknights","BaseMod","Better Skull","Better Third Choice","Friendly Minions","Highlight Path","Minty Spire (QoL Compilation)","Relic Stats","Reliquary","Replay The Spire","Ruina","Shop Mod","Spicy Shops","Spire Arcade","StSLib"],"gold_per_floor":[113,128,128,143,156,191,209,209,256,285,285,342,357,532,532,637,637,651,651,651,663,62,87,87,87,87,87,18,18,18,18,36,67,67,171,171,181,181,181,10,24,24,56,56,79,129,13,38,49,49,49,49,49],"floor_reached":52,"language":"ENG","playtime":7981,"items_purged":["Doubt"],"score":574,"play_id":"ddd356e2-e1a8-4a98-9f7e-ed6158ae5aad","local_time":"20210226135346","is_ascension_mode":false,"campfire_choices":[{"floor":8.0,"key":"REST"},{"floor":11.0,"key":"REST"},{"floor":15.0,"key":"RECALL"},{"floor":25.0,"key":"REST"},{"floor":27.0,"key":"REST"},{"floor":34,"key":"REST"},{"data":"ats:Roar Of Ursus","floor":42,"key":"SMITH"},{"data":"ats:Healing Strengthening","floor":44,"key":"SMITH"},{"data":"Delirium","floor":51,"key":"PURGE"}],"circlet_count":0,"master_deck":["ats:Strike C","ats:Strike G+1","ats:Strike S","ats:Strike V","ats:Armor Crushing Shot","ats:Defend","ats:Defend","ats:Defend","ats:Defend","ats:Emotion Absorption","ats:Explosion Area Strengthen","ats:Cat Scratch+1","ats:Support Order","ats:Soul Absorption","ats:Apocalypse","ats:Sashimi Platter","ats:Blood Oath","ats:Neurotoxin","ats:Consecutive Shot Auto","ats:Wolf Pack","ats:Thorns","ats:Sunburst","ats:Poison Spread","ats:Composite Medical Shells","ats:Explosion Area Strengthen","ats:Healing Strengthening+1","ats:Sashimi Platter","ats:Roar Of Ursus+1","ats:Magnetic Hammer+1","Madness","Madness","ats:Encircling Forest+1","ats:Closed Bolt Burst Fire","ats:Mental Burst","Parasite","ats:Ignite","ats:Shell Defense+1","ats:Guardian Obelisk+1"],"relics":["ats:Sanity","ats:Originium","Whetstone","Blood Vial","Replay:Bottled Flurry","HornCleat","Runic Pyramid","Boot","Tiny Chest","reliquary:ExpiredCoupon","HornCleat","HandDrill","reliquary:Knoch","Blue Doll","Replay:WaspNest","ReplayTheSpireMod:Ninjato","reliquary:PrincelyHelmet","Cursed Key","Replay:Kaleidoscope","Lantern","Unceasing Top","Girya","reliquary:SilkGlove"],"acts_visited":["Exordium","ruina:Briah","TheBeyond"],"potions_floor_usage":[35,46,49],"damage_taken":[{"damage":2.0,"enemies":"Small Slimes","floor":1.0,"turns":4.0},{"damage":6.0,"enemies":"Cultist","floor":2.0,"turns":3.0},{"damage":6.0,"enemies":"Jaw Worm","floor":4.0,"turns":3.0},{"damage":12.0,"enemies":"Looter","floor":5.0,"turns":4.0},{"damage":30.0,"enemies":"Replay:BlueRogue","floor":6.0,"turns":6.0},{"damage":13.0,"enemies":"3 Louse","floor":7.0,"turns":3.0},{"damage":48.0,"enemies":"Lagavulin","floor":10.0,"turns":8.0},{"damage":8.0,"enemies":"Exordium Wildlife","floor":13.0,"turns":5.0},{"damage":75.0,"enemies":"Fading Forest","floor":16.0,"turns":11.0},{"damage":26.0,"enemies":"ruina:BadWolf","floor":18.0,"turns":8.0},{"damage":3.0,"enemies":"ruina:2_Scarecrows","floor":21.0,"turns":6.0},{"damage":47.0,"enemies":"ruina:ServantOfWrath","floor":23.0,"turns":6.0},{"damage":15.0,"enemies":"ruina:Woodsman","floor":32.0,"turns":4.0},{"damage":55,"enemies":"ruina:Mountain","floor":33,"turns":9},{"damage":59,"enemies":"ruina:Red_and_Wolf","floor":35,"turns":9},{"damage":11,"enemies":"3 Shapes","floor":37,"turns":5},{"damage":1,"enemies":"3 Darklings","floor":41,"turns":4},{"damage":23,"enemies":"R_Hoarder","floor":43,"turns":10},{"damage":28,"enemies":"Mind Bloom Boss Battle","floor":46,"turns":6},{"damage":20,"enemies":"Writhing Mass","floor":49,"turns":4},{"damage":114,"enemies":"Awakened One","floor":52,"turns":11}],"seed_played":"-7735213456978654305","potions_obtained":[{"floor":1.0,"key":"Swift Potion"},{"floor":3.0,"key":"CultistPotion"},{"floor":3.0,"key":"Reflective Coating"},{"floor":3.0,"key":"Block Potion"},{"floor":4.0,"key":"Regen Potion"},{"floor":7.0,"key":"SkillPotion"},{"floor":12.0,"key":"ats:Burn Big Potion"},{"floor":16.0,"key":"Block Potion"},{"floor":33,"key":"AttackPotion"},{"floor":35,"key":"ats:Emergency Sanity Potion"},{"floor":43,"key":"Milkshake"},{"floor":46,"key":"ats:Burn Small Potion"}],"is_trial":false,"path_per_floor":["M","M","?","M","M","E","M","R","T","E","R","?","M","?","R","B",null,"M","?","?","M","$","E","T","R","T","R","$","PTL","PTL","T","M","E","R","B",null,"M","?","?","$","M","R","E","R","T","?","$","T","M","$","R","B"],"character_chosen":"DOCTOR_CLASS","items_purchased":["reliquary:SculptingSteel","HandDrill","reliquary:Knoch","ats:Poison Spread","ats:Explosion Area Strengthen","ats:Encircling Forest+1","ats:Shell Defense+1","Girya"],"campfire_rested":5,"item_purchase_floors":[22,22,22,22,28,40,47,47],"current_hp_per_floor":[77,71,71,65,65,35,26,49,49,25,48,48,54,54,54,7,79,63,79,27,39,39,6,6,29,29,52,52,52,52,52,51,20,43,23,79,68,58,58,58,70,70,79,79,79,72,72,72,59,59,59,0,0],"gold":49,"neow_bonus":"TEN_PERCENT_HP_BONUS","is_daily":false,"chose_seed":false,"campfire_upgraded":2,"win_rate":0.0,"timestamp":1614344026,"path_taken":["M","M","?","M","?","E","M","R","T","E","R","?","M","?","R","BOSS","M","?","?","?","$","E","?","R","T","R","?","PTL","PTL","?","M","E","R","BOSS","M","?","?","$","M","R","E","R","T","?","$","?","?","?","R","BOSS"],"items_purchased_type":["Relic","Relic","Relic","Card","Card","Card","Card","Relic"],"build_version":"2020-12-22","purchased_purges":1,"victory":false,"max_hp_per_floor":[79,79,79,79,79,79,79,79,79,79,79,79,79,79,79,79,79,79,79,79,79,79,79,79,79,79,79,79,79,79,79,79,79,79,79,79,79,79,79,79,79,79,79,79,79,79,79,79,79,79,79,79,79],"relic_stats":{"Blood Vial":24,"counters":[21,129],"Tiny Chest":2,"HandDrill":[38],"Whetstone":["ats:Cat Scratch","ats:Strike G"],"Boot":[114],"Cursed Key":2,"obtain_stats":[{"Girya":47,"Lantern":45,"ReplayTheSpireMod:Ninjato":31,"reliquary:SilkGlove":48,"reliquary:PrincelyHelmet":33,"Blue Doll":23,"Replay:WaspNest":26,"Whetstone":6,"Replay:Kaleidoscope":43,"Boot":20,"Cursed Key":36,"Blood Vial":9,"reliquary:ExpiredCoupon":20,"Frozen Eye":21,"HornCleat":12,"ats:Originium":6,"Tiny Chest":20,"reliquary:SculptingSteel":22,"Replay:Bottled Flurry":10,"HandDrill":22,"ats:Sanity":0,"reliquary:Knoch":22,"Unceasing Top":46,"Runic Pyramid":17},{"Girya":19,"Lantern":18,"ReplayTheSpireMod:Ninjato":12,"reliquary:SilkGlove":19,"reliquary:PrincelyHelmet":14,"Blue Doll":12,"Replay:WaspNest":12,"Whetstone":5,"Replay:Kaleidoscope":18,"Boot":10,"Cursed Key":15,"Blood Vial":6,"reliquary:ExpiredCoupon":10,"Frozen Eye":10,"HornCleat":7,"ats:Originium":5,"Tiny Chest":10,"reliquary:SculptingSteel":11,"Replay:Bottled Flurry":7,"HandDrill":11,"ats:Sanity":0,"reliquary:Knoch":11,"Unceasing Top":19,"Runic Pyramid":9},{"Girya":114,"Lantern":108,"ReplayTheSpireMod:Ninjato":67,"reliquary:SilkGlove":114,"reliquary:PrincelyHelmet":80,"Blue Doll":67,"Replay:WaspNest":67,"Whetstone":20,"Replay:Kaleidoscope":108,"Boot":55,"Cursed Key":89,"Blood Vial":23,"reliquary:ExpiredCoupon":55,"Frozen Eye":55,"HornCleat":31,"ats:Originium":20,"Tiny Chest":55,"reliquary:SculptingSteel":61,"Replay:Bottled Flurry":31,"HandDrill":61,"ats:Sanity":0,"reliquary:Knoch":61,"Unceasing Top":114,"Runic Pyramid":47}],"Unceasing Top":[0]},"card_choices":[{"not_picked":["ats:Sashimi Platter","ats:Consecutive Shot Auto"],"picked":"ats:Explosion Area Strengthen","floor":1.0},{"not_picked":["ats:Leaping Hammer","ats:Literary Storm"],"picked":"ats:Cat Scratch","floor":2.0},{"not_picked":["ats:Blood Oath","ats:Cat Scratch"],"picked":"ats:Support Order","floor":4.0},{"not_picked":["ats:Guardian Obelisk","ats:Powerful Strike"],"picked":"ats:Soul Absorption","floor":5.0},{"not_picked":["ats:Counter Healing Mode","ats:Rapid Magazine"],"picked":"ats:Apocalypse","floor":6.0},{"not_picked":["ats:Powerful Strike","ats:Rapid Magazine"],"picked":"ats:Sashimi Platter","floor":7.0},{"not_picked":["ats:Ignite","ats:Literary Storm"],"picked":"ats:Blood Oath","floor":10.0},{"not_picked":["ats:Curse Doll","ats:Absolute Focus"],"picked":"ats:Neurotoxin","floor":12.0},{"not_picked":["ats:Apocalypse","ats:Ignite"],"picked":"ats:Consecutive Shot Auto","floor":13.0},{"not_picked":["ats:Ambush","ats:True Silver Slash"],"picked":"ats:Wolf Pack","floor":16.0},{"not_picked":["ats:Very Hot Blade","ats:Consecutive Shot Auto"],"picked":"ats:Thorns","floor":18.0},{"not_picked":["ats:Leaping Hammer","ats:Explosion Area Strengthen+1"],"picked":"ats:Sunburst","floor":21.0},{"not_picked":["ats:Ignite","ats:Curse Doll"],"picked":"ats:Composite Medical Shells","floor":23.0},{"not_picked":["ats:Curse Doll+1","ats:Explosion Area Strengthen"],"picked":"ats:Healing Strengthening","floor":32.0},{"not_picked":["ats:Hammer On","ats:Consecutive Shot Auto+1"],"picked":"ats:Sashimi Platter","floor":33},{"not_picked":["ats:Shadow Assault","ats:Durian"],"picked":"ats:Roar Of Ursus","floor":35},{"not_picked":["ats:Consecutive Shot Auto","ats:Steam Pump"],"picked":"ats:Magnetic Hammer+1","floor":37},{"not_picked":["ats:Sunburst","ats:Very Hot Blade+1"],"picked":"ats:Closed Bolt Burst Fire","floor":41},{"not_picked":["ats:Steam Pump+1","ats:Closed Bolt Burst Fire"],"picked":"ats:Mental Burst","floor":43},{"not_picked":["ats:Blood Oath","ats:Closed Bolt Burst Fire+1"],"picked":"ats:Ignite","floor":46},{"not_picked":["ats:LN2 Cannon","ats:Ignite+1"],"picked":"ats:Guardian Obelisk+1","floor":49}],"player_experience":267409,"relics_obtained":[{"floor":6.0,"key":"ats:Originium"},{"floor":6.0,"key":"Whetstone"},{"floor":9.0,"key":"Blood Vial"},{"floor":10.0,"key":"ats:Originium"},{"floor":10.0,"key":"Replay:Bottled Flurry"},{"floor":12.0,"key":"HornCleat"},{"floor":23.0,"key":"Blue Doll"},{"floor":23.0,"key":"ats:Originium"},{"floor":26.0,"key":"Replay:WaspNest"},{"floor":31.0,"key":"ReplayTheSpireMod:Ninjato"},{"floor":33,"key":"ats:Originium"},{"floor":33,"key":"reliquary:PrincelyHelmet"},{"floor":43,"key":"Replay:Kaleidoscope"},{"floor":45,"key":"Lantern"},{"floor":46,"key":"Unceasing Top"},{"floor":48,"key":"reliquary:SilkGlove"}],"event_choices":[{"damage_healed":0.0,"max_hp_gain":0.0,"max_hp_loss":0.0,"gold_gain":0.0,"event_name":"Lab","player_choice":"Got Potions","floor":3.0,"gold_loss":0.0,"damage_taken":0.0},{"damage_healed":0.0,"max_hp_gain":0.0,"max_hp_loss":0.0,"gold_gain":175.0,"event_name":"betterThird:BetterSerpent","player_choice":"AGREE","floor":14.0,"gold_loss":0.0,"damage_taken":357.0},{"damage_healed":0.0,"max_hp_gain":0.0,"max_hp_loss":0.0,"gold_gain":0.0,"event_name":"betterSkull:BetterSkull","player_choice":"RE RE RE ","floor":20.0,"gold_loss":0.0,"damage_taken":58.0,"cards_upgraded":[],"relics_obtained":["Boot","Tiny Chest","reliquary:ExpiredCoupon"]},{"damage_healed":0,"gold_gain":0,"player_choice":"Embrace Madness","damage_taken":10,"max_hp_gain":0,"max_hp_loss":0,"event_name":"Winding Halls","floor":38,"gold_loss":0,"cards_obtained":["Madness","Madness"]},{"damage_healed":0,"gold_gain":0,"player_choice":"Ignored","damage_taken":0,"max_hp_gain":0,"max_hp_loss":0,"event_name":"Tomb of Lord Red Mask","floor":39,"gold_loss":0},{"damage_healed":0,"gold_gain":0,"player_choice":"Fight","damage_taken":0,"max_hp_gain":0,"max_hp_loss":0,"event_name":"MindBloom","floor":46,"gold_loss":0}],"is_beta":false,"boss_relics":[{"not_picked":["reliquary:WritOfMandamus","reliquary:KinkedSpring"],"picked":"Runic Pyramid"},{"not_picked":["Busted Crown","Calling Bell"],"picked":"Cursed Key"}],"items_purged_floors":[40],"is_endless":false,"potions_floor_spawned":[1,4,7,16,33,35,43,46],"killed_by":"Awakened One","ascension_level":0}}