{"host":"mtqc4a62lmlvqbqj","time":1614347854,"event":{"mods":["AchievementEnabler","BaseMod","Better Match","Better Third Choice","BetterRewards","Minty Spire (QoL Compilation)","StSLib"],"gold_per_floor":[113,133,150,169,187,187,212,228,228,239,239,272,197,217,217,314,314,282,282,282],"floor_reached":19,"language":"ENG","playtime":3171,"items_purged":["Strike_G"],"score":283,"play_id":"a9a6cd53-4c36-482b-92fd-c8df870b7d41","local_time":"20210226145734","is_ascension_mode":false,"campfire_choices":[{"floor":6,"key":"REST"},{"floor":11,"key":"REST"},{"floor":15,"key":"REST"}],"circlet_count":0,"master_deck":["Strike_G","Strike_G","Strike_G","Strike_G","Defend_G","Defend_G","Defend_G","Defend_G","Defend_G","Survivor","Neutralize","Poisoned Stab","Noxious Fumes","Burst","Deadly Poison","Poisoned Stab","Prepared","Envenom","CurseOfTheBell","Catalyst"],"relics":["Ring of the Snake","Happy Flower","Strawberry","MealTicket","Calling Bell","Omamori","Eternal Feather","StoneCalendar"],"acts_visited":["Exordium","TheCity"],"potions_floor_usage":[10,12,18],"damage_taken":[{"damage":0,"enemies":"Cultist","floor":1,"turns":4},{"damage":3,"enemies":"Jaw Worm","floor":2,"turns":3},{"damage":0,"enemies":"2 Louse","floor":3,"turns":2},{"damage":0,"enemies":"2 Fungi Beasts","floor":4,"turns":4},{"damage":5,"enemies":"3 Louse","floor":5,"turns":4},{"damage":20,"enemies":"Gremlin Nob","floor":7,"turns":4},{"damage":7,"enemies":"Looter","floor":8,"turns":3},{"damage":15,"enemies":"Exordium Wildlife","floor":10,"turns":4},{"damage":18,"enemies":"3 Sentries","floor":12,"turns":6},{"damage":7,"enemies":"Blue Slaver","floor":14,"turns":4},{"damage":34,"enemies":"The Guardian","floor":16,"turns":8},{"damage":32,"enemies":"2 Thieves","floor":18,"turns":5},{"damage":46,"enemies":"3 Byrds","floor":19,"turns":4}],"seed_played":"-5641749755767343651","potions_obtained":[{"floor":1,"key":"ColorlessPotion"},{"floor":3,"key":"CultistPotion"},{"floor":5,"key":"SkillPotion"},{"floor":12,"key":"AttackPotion"}],"is_trial":false,"path_per_floor":["M","M","M","M","M","R","E","M","T","M","R","E","$","M","R","B",null,"M","M"],"character_chosen":"THE_SILENT","items_purchased":["Poisoned Stab","Noxious Fumes","Burst","Deadly Poison","Poisoned Stab"],"campfire_rested":3,"item_purchase_floors":[0,0,0,0,0],"current_hp_per_floor":[49,46,46,46,41,62,42,35,42,27,50,32,47,40,63,29,77,45,0,0],"gold":282,"neow_bonus":"","is_daily":false,"chose_seed":false,"campfire_upgraded":0,"win_rate":0.0,"timestamp":1614347854,"path_taken":["M","M","M","M","?","R","E","?","T","M","R","E","$","M","R","BOSS","M","M"],"items_purchased_type":["Card","Card","Card","Card","Card"],"build_version":"2020-12-22","purchased_purges":1,"victory":false,"max_hp_per_floor":[70,70,70,70,70,70,70,70,77,77,77,77,77,77,77,77,77,77,77,77],"card_choices":[{"not_picked":["Deflect","Slice","Terror"],"picked":"SKIP","floor":1},{"not_picked":["Blade Dance","Finisher","Deflect"],"picked":"SKIP","floor":2},{"not_picked":["Terror","Dagger Throw"],"picked":"Prepared","floor":3},{"not_picked":["Calculated Gamble","Leg Sweep","Slice"],"picked":"SKIP","floor":4},{"not_picked":["Dagger Throw","Reflex","Backflip"],"picked":"SKIP","floor":5},{"not_picked":["Sucker Punch","Riddle With Holes","Distraction"],"picked":"SKIP","floor":7},{"not_picked":["Distraction","Calculated Gamble","PiercingWail"],"picked":"SKIP","floor":8},{"not_picked":["Flying Knee","Outmaneuver","Dagger Spray"],"picked":"SKIP","floor":10},{"not_picked":["Flechettes","Caltrops","All Out Attack"],"picked":"SKIP","floor":12},{"not_picked":["Endless Agony","Backflip","Flying Knee"],"picked":"SKIP","floor":14},{"not_picked":["After Image","Die Die Die"],"picked":"Envenom","floor":16},{"not_picked":["Endless Agony","Tactician"],"picked":"Catalyst","floor":18}],"player_experience":40266,"relics_obtained":[{"floor":7,"key":"Happy Flower"},{"floor":9,"key":"Strawberry"},{"floor":12,"key":"MealTicket"},{"floor":17,"key":"Omamori"},{"floor":17,"key":"Eternal Feather"},{"floor":17,"key":"StoneCalendar"}],"event_choices":[],"is_beta":false,"boss_relics":[{"not_picked":["Tiny House","Ring of the Serpent"],"picked":"Calling Bell"}],"items_purged_floors":[13],"is_endless":false,"potions_floor_spawned":[1,3,5,12],"killed_by":"3 Byrds","ascension_level":0}}