{"host":"mz5qq3pkwvwcu15a","time":1614358133,"event":{"mods":["Act Like it!","BaseMod","Better Match","Better Note","Better Sensory Stone","Better Third Choice","Colored Map","Colored Powertips","Downfall","Highlight Path","Marisa????????","Marked Mod","Melee Mod","Minty Spire (QoL Compilation)","Morshu Shopkeeper","Morshu Shopkeeper - ENHANCED","Permanent Neow","Quick Restart","READ ME - Snecko Mod","Random Character Button","Rare Cards Sparkle","Relic Stats","Shop Mod","StSLib","Swap Starting Deck Mod","The Bug Knight","Useless Jewels Mod","Virulent Crown"],"gold_per_floor":[99,112,15,15,0,0,71,71,81,81,99,110,110,26,37,139,139,151,179,209,192,206,15,15,15,15,15,35,45,64,76,91,91,91,91],"floor_reached":33,"language":"ENG","playtime":1453,"items_purged":[],"score":253,"play_id":"fc5e1125-78ee-4488-a354-d751c12e2717","local_time":"20210226114853","is_ascension_mode":true,"campfire_choices":[{"data":"Slimebound:CorrosiveSpit","floor":1.0,"key":"SMITH"},{"data":"Slimebound:MegaLick","floor":6.0,"key":"SMITH"},{"data":"Slimebound:HauntingLick","floor":8.0,"key":"SMITH"},{"data":"Slimebound:ItLooksTasty","floor":10.0,"key":"SMITH"},{"data":"Slimebound:Schlurp","floor":13.0,"key":"SMITH"},{"data":"Slimebound:OozeBath","floor":18.0,"key":"SMITH"},{"data":"Slimebound:AcidTongue","floor":25.0,"key":"SMITH"}],"circlet_count":0,"master_deck":["Slimebound:Strike_Slimebound","Slimebound:Strike_Slimebound","Slimebound:Strike_Slimebound","Slimebound:Defend_Slimebound","Slimebound:Defend_Slimebound","Slimebound:Defend_Slimebound","Slimebound:Defend_Slimebound","Slimebound:Split+1","Slimebound:CorrosiveSpit+1","Slimebound:HauntingLick+1","Slimebound:Schlurp+1","Slimebound:AcidTongue+1","Slimebound:MegaLick+1","Slimebound:ItLooksTasty+1","Slimebound:TongueLash+1","Slimebound:PressTheAttack+1","Slimebound:SplitAcid","Slimebound:GoopSpray","Slimebound:TongueLash+1","Slimebound:LeechEnergy+1","Slimebound:OozeBath+1","Slimebound:Gluttony+1","Slimebound:FinishingTackle+1","Slimebound:Repurpose","Slimebound:HauntingLick","Slimebound:GoopSpray","Slimebound:Gluttony","Slimebound:LeechLife+1","Slimebound:Schlurp","Slimebound:Dissolve","Slimebound:HauntingLick+1","Slimebound:LivingWall","Slimebound:TongueLash+1","Slimebound:SamplingLick"],"relics":["Slimebound:AbsorbEndCombat","Molten Egg 2","Singing Bowl","Calipers","MerchantsRug","Kunai"],"acts_visited":["Exordium","TheCity"],"potions_floor_usage":[32,33,33,33],"damage_taken":[{"damage":0.0,"enemies":"2 Louse","floor":2.0,"turns":3.0},{"damage":8.0,"enemies":"downfall:FleeingMerchant","floor":3.0,"turns":4.0},{"damage":4.0,"enemies":"downfall:FleeingMerchant","floor":5.0,"turns":4.0},{"damage":0.0,"enemies":"Cultist","floor":9.0,"turns":2.0},{"damage":3.0,"enemies":"Small Slimes","floor":11.0,"turns":3.0},{"damage":3.0,"enemies":"Red Slaver","floor":12.0,"turns":2.0},{"damage":10.0,"enemies":"downfall:FleeingMerchant","floor":14.0,"turns":4.0},{"damage":11.0,"enemies":"Large Slime","floor":15.0,"turns":4.0},{"damage":7.0,"enemies":"WA_ARCHETYPE_RETAIN","floor":16.0,"turns":4.0},{"damage":1.0,"enemies":"Chosen","floor":19.0,"turns":3.0},{"damage":1.0,"enemies":"Shell Parasite","floor":20.0,"turns":2.0},{"damage":28.0,"enemies":"downfall:FleeingMerchant","floor":21.0,"turns":4.0},{"damage":15.0,"enemies":"Snake Plant","floor":22.0,"turns":3.0},{"damage":21.0,"enemies":"Centurion and Healer","floor":28.0,"turns":5.0},{"damage":50.0,"enemies":"Cultist and Chosen","floor":29.0,"turns":7.0},{"damage":16.0,"enemies":"Snecko","floor":30.0,"turns":4.0},{"damage":23.0,"enemies":"3 Cultists","floor":31.0,"turns":5.0},{"damage":34,"enemies":"Chosen and Byrds","floor":32,"turns":5},{"damage":19,"enemies":"SI_MIRROR_ARCHETYPE","floor":33,"turns":4}],"seed_played":"-2734988354827943801","potions_obtained":[{"floor":9.0,"key":"Fire Potion"},{"floor":11.0,"key":"ColorlessPotion"},{"floor":16.0,"key":"Regen Potion"},{"floor":22.0,"key":"Weak Potion"},{"floor":30.0,"key":"Dexterity Potion"},{"floor":31.0,"key":"Slimebound:SlimedPotion"},{"floor":32,"key":"PowerPotion"}],"is_trial":false,"path_per_floor":["R","M","$","?","$","R","T","R","M","R","M","M","R","$","M","B",null,"R","M","M","$","M","$","T","R","?","?","M","M","M","M","M","B"],"character_chosen":"SLIMEBOUND","items_purchased":["Slimebound:AcidTongue","Slimebound:TongueLash+1","Slimebound:HauntingLick","Slimebound:GoopSpray","Lee\u0027s Waffle","MerchantsRug","Slimebound:Gluttony","Slimebound:LeechLife+1","Slimebound:Schlurp"],"campfire_rested":0,"item_purchase_floors":[3,14,21,21,21,21,21,23,23],"current_hp_per_floor":[65,65,59,59,61,61,61,61,65,65,64,65,65,61,58,59,65,65,65,65,72,63,63,63,63,63,63,74,32,34,31,5,0,0,0],"gold":91,"neow_bonus":"UPGRADE_CARD","is_daily":false,"chose_seed":false,"campfire_upgraded":7,"win_rate":0.0,"timestamp":1614358133,"path_taken":["R","M","$","?","$","R","T","R","M","R","?","M","R","?","M","BOSS","R","M","M","$","M","$","T","R","?","?","M","M","M","M","M","BOSS"],"items_purchased_type":["Card","Card","Card","Card","Relic","Relic","Card","Card","Card"],"build_version":"2020-12-22","purchased_purges":0,"victory":false,"max_hp_per_floor":[65,65,65,65,65,65,65,65,65,65,65,65,65,65,65,65,65,65,65,65,72,74,74,74,74,74,74,74,74,74,74,74,74,74,74],"relic_stats":{"Singing Bowl":2,"counters":[19,69],"Kunai":[1],"obtain_stats":[{"Calling Bell":17,"MerchantsRug":21,"Lee\u0027s Waffle":21,"Calipers":17,"Singing Bowl":17,"Molten Egg 2":7,"Slimebound:AbsorbEndCombat":0,"Kunai":24,"MawBank":17},{"Calling Bell":9,"MerchantsRug":12,"Lee\u0027s Waffle":12,"Calipers":9,"Singing Bowl":9,"Molten Egg 2":3,"Slimebound:AbsorbEndCombat":0,"Kunai":13,"MawBank":9},{"Calling Bell":28,"MerchantsRug":37,"Lee\u0027s Waffle":37,"Calipers":28,"Singing Bowl":28,"Molten Egg 2":10,"Slimebound:AbsorbEndCombat":0,"Kunai":40,"MawBank":28}]},"card_choices":[{"not_picked":["Slimebound:Prepare","Slimebound:RollThrough"],"picked":"Slimebound:HauntingLick","floor":2.0},{"not_picked":["Slimebound:Prepare","Slimebound:LivingWall"],"picked":"Slimebound:Schlurp","floor":3.0},{"not_picked":["Slimebound:GoopTackle","Slimebound:Prepare"],"picked":"Slimebound:ItLooksTasty","floor":5.0},{"not_picked":["Slimebound:ItLooksTasty+1","Slimebound:ComboTackle+1"],"picked":"Slimebound:TongueLash+1","floor":9.0},{"not_picked":["Slimebound:Schlurp","Slimebound:MegaLick"],"picked":"Slimebound:PressTheAttack+1","floor":11.0},{"not_picked":["Slimebound:DivideAndConquer+1","Slimebound:SelfFormingGoo"],"picked":"Slimebound:SplitAcid","floor":12.0},{"not_picked":["Slimebound:Dissolve","Slimebound:DivideAndConquer+1"],"picked":"Slimebound:GoopSpray","floor":14.0},{"not_picked":["Slimebound:Repurpose","Slimebound:SplitBruiser"],"picked":"Slimebound:LeechEnergy+1","floor":15.0},{"not_picked":["Slimebound:LeechLife+1","Slimebound:FirmFortitude"],"picked":"Slimebound:OozeBath","floor":16.0},{"not_picked":["Slimebound:GrowthPunch+1","Slimebound:SplitLeeching"],"picked":"Slimebound:Gluttony+1","floor":19.0},{"not_picked":["Slimebound:PressTheAttack+1","Slimebound:SplitBruiser+1"],"picked":"Slimebound:FinishingTackle+1","floor":20.0},{"not_picked":["Slimebound:MinionMaster","Slimebound:FormOfPuddle+1"],"picked":"Slimebound:Repurpose","floor":21.0},{"not_picked":["Slimebound:PressTheAttack+1","Slimebound:FinishingTackle+1","Slimebound:GoopTackle+1"],"picked":"Singing Bowl","floor":22.0},{"not_picked":["Slimebound:SlimeTap+1","Slimebound:SpikyOuterGoop"],"picked":"Slimebound:Dissolve","floor":28.0},{"not_picked":["Slimebound:PressTheAttack+1","Slimebound:SplitLeeching"],"picked":"Slimebound:HauntingLick+1","floor":29.0},{"not_picked":["Slimebound:ServeAndProtect","Slimebound:LeechingTouch+1"],"picked":"Slimebound:LivingWall","floor":30.0},{"not_picked":["Slimebound:AcidTongue","Slimebound:MegaLick"],"picked":"Slimebound:TongueLash+1","floor":31.0},{"not_picked":["Slimebound:RollThrough+1","Slimebound:SplitLeeching"],"picked":"Slimebound:SamplingLick","floor":32}],"player_experience":875760,"relics_obtained":[{"floor":7.0,"key":"Molten Egg 2"},{"floor":17.0,"key":"MawBank"},{"floor":17.0,"key":"Singing Bowl"},{"floor":17.0,"key":"Calipers"},{"floor":24.0,"key":"Kunai"}],"event_choices":[],"is_beta":false,"boss_relics":[{"not_picked":["Pandora\u0027s Box","SlaversCollar"],"picked":"Calling Bell"}],"items_purged_floors":[],"is_endless":false,"potions_floor_spawned":[9,11,16,22,30,31,32],"killed_by":"SI_MIRROR_ARCHETYPE","ascension_level":1}}