{"host":"kvrrge95grenviwt","time":1614312942,"event":{"mods":["AchievementEnabler","BaseMod","Better Vampires","Colored Map","Colored Powertips","Highlight Path","Minty Spire (QoL Compilation)","noobMod"],"gold_per_floor":[118,118,6,6,6,41,65,88,88,116,149,169,194,232,232,357,357,381,244,244,264,264,297,297,333,333,333,364,364,364,364,364,490,490,505,520,545,545,8,8,51,70,124,144,165,165,165,165,165,165,165,165,6,47,47],"floor_reached":56,"language":"ZHS","playtime":4203,"items_purged":["Defend_G","Defend_G","Defend_G","Strike_G"],"score":1379,"play_id":"0cdfe0a1-328d-496f-88ca-f7f5e3dc40dc","local_time":"20210226121542","is_ascension_mode":true,"campfire_choices":[{"data":"Cloak And Dagger","floor":15.0,"key":"SMITH"},{"data":"Bouncing Flask","floor":24.0,"key":"SMITH"},{"data":"Malaise","floor":27.0,"key":"SMITH"},{"data":"Neutralize","floor":29.0,"key":"SMITH"},{"data":"Well Laid Plans","floor":32.0,"key":"SMITH"},{"floor":40.0,"key":"RECALL"},{"data":"PiercingWail","floor":47.0,"key":"SMITH"},{"data":"Prepared","floor":49.0,"key":"SMITH"},{"data":"Reflex","floor":52.0,"key":"SMITH"}],"circlet_count":0,"master_deck":["Strike_G+1","Survivor+1","Neutralize+1","Adrenaline+1","Crippling Poison+1","Heel Hook+1","Backflip","Well Laid Plans+1","Footwork","Terror","Prepared+1","Cloak And Dagger+1","Bouncing Flask+1","Reflex+1","Caltrops","Expertise","Tools of the Trade","Acrobatics+1","Blade Dance+1","Reflex+1","Reflex","Noxious Fumes+1","Concentrate","PiercingWail+1","Finesse","Finesse","After Image"],"relics":["ice","Astrolabe","Golden Idol","StrikeDummy","MealTicket","Odd Mushroom","Kunai","Oddly Smooth Stone","Philosopher\u0027s Stone","Orichalcum","The Courier","Eternal Feather","Mercury Hourglass","Bottled Flame","WristBlade","Orrery","Bag of Preparation","Question Card","Paper Crane","Akabeko"],"acts_visited":["Exordium","TheCity","TheBeyond","TheEnding"],"potions_floor_usage":[55,55],"damage_taken":[{"damage":0.0,"enemies":"2 Louse","floor":1.0,"turns":3.0},{"damage":0.0,"enemies":"Lagavulin","floor":6.0,"turns":9.0},{"damage":1.0,"enemies":"Small Slimes","floor":7.0,"turns":4.0},{"damage":0.0,"enemies":"Cultist","floor":8.0,"turns":3.0},{"damage":0.0,"enemies":"The Mushroom Lair","floor":10.0,"turns":3.0},{"damage":14.0,"enemies":"3 Sentries","floor":11.0,"turns":13.0},{"damage":0.0,"enemies":"Large Slime","floor":12.0,"turns":5.0},{"damage":0.0,"enemies":"3 Louse","floor":13.0,"turns":2.0},{"damage":0.0,"enemies":"Gremlin Nob","floor":14.0,"turns":4.0},{"damage":24.0,"enemies":"Slime Boss","floor":16.0,"turns":11.0},{"damage":10.0,"enemies":"Spheric Guardian","floor":18.0,"turns":5.0},{"damage":7.0,"enemies":"2 Thieves","floor":21.0,"turns":5.0},{"damage":28.0,"enemies":"Gremlin Leader","floor":23.0,"turns":6.0},{"damage":24.0,"enemies":"Slavers","floor":25.0,"turns":5.0},{"damage":8.0,"enemies":"Book of Stabbing","floor":28.0,"turns":4.0},{"damage":13.0,"enemies":"Automaton","floor":33.0,"turns":9.0},{"damage":2.0,"enemies":"Orb Walker","floor":35.0,"turns":3.0},{"damage":0.0,"enemies":"3 Shapes","floor":36.0,"turns":4.0},{"damage":15.0,"enemies":"Maw","floor":37.0,"turns":6.0},{"damage":7.0,"enemies":"Nemesis","floor":41.0,"turns":3.0},{"damage":0.0,"enemies":"Spire Growth","floor":42.0,"turns":3.0},{"damage":0.0,"enemies":"Jaw Worm Horde","floor":44.0,"turns":2.0},{"damage":6.0,"enemies":"Writhing Mass","floor":45.0,"turns":3.0},{"damage":1.0,"enemies":"Awakened One","floor":50.0,"turns":7.0},{"damage":0.0,"enemies":"Shield and Spear","floor":54.0,"turns":3.0},{"damage":29,"enemies":"The Heart","floor":55,"turns":6}],"seed_played":"2080351599156864752","potions_obtained":[{"floor":1.0,"key":"Strength Potion"},{"floor":7.0,"key":"Swift Potion"},{"floor":11.0,"key":"Strength Potion"},{"floor":28.0,"key":"FearPotion"},{"floor":37.0,"key":"SkillPotion"},{"floor":41.0,"key":"Energy Potion"},{"floor":44.0,"key":"CultistPotion"}],"is_trial":false,"path_per_floor":["M","?","$","?","?","E","M","M","T","?","E","M","M","E","R","B",null,"M","$","?","M","?","E","R","E","T","R","E","R","?","?","R","B",null,"M","M","M","?","$","R","E","M","T","M","M","?","R","?","R","B",null,"R","$","E","B",null],"character_chosen":"THE_SILENT","items_purchased":["Well Laid Plans","Bouncing Flask","Orrery","Bag of Preparation","Question Card","Dexterity Potion"],"campfire_rested":0,"item_purchase_floors":[3,19,39,39,39,53],"current_hp_per_floor":[70,65,65,70,56,56,55,55,55,55,41,41,41,41,41,17,70,60,70,70,63,63,35,35,11,11,23,15,27,27,27,36,23,70,68,68,53,53,68,70,63,63,63,63,57,57,70,65,70,69,70,70,70,70,41],"gold":47,"neow_bonus":"BOSS_RELIC","is_daily":false,"chose_seed":false,"campfire_upgraded":8,"win_rate":0.0,"timestamp":1614312942,"path_taken":["M","?","$","?","?","E","M","M","T","?","E","M","M","E","R","BOSS","M","$","?","?","?","E","R","E","T","R","E","R","?","?","R","BOSS","M","?","M","?","$","R","E","M","T","M","?","?","R","?","R","BOSS","R","$","E","BOSS"],"items_purchased_type":["Card","Card","Relic","Relic","Relic","Potion"],"build_version":"2020-12-22","purchased_purges":4,"victory":true,"max_hp_per_floor":[70,65,65,70,70,70,70,70,70,70,70,70,70,70,70,70,70,70,70,70,70,70,70,70,70,70,70,70,70,70,70,70,70,70,70,70,70,70,70,70,70,70,70,70,70,70,70,70,70,70,70,70,70,70,70],"card_choices":[{"not_picked":["Concentrate","Eviscerate"],"picked":"Backflip","floor":1.0},{"not_picked":["Deadly Poison","Bane"],"picked":"Footwork","floor":6.0},{"not_picked":["Underhanded Strike","Quick Slash","Flechettes"],"picked":"SKIP","floor":7.0},{"not_picked":["Deadly Poison","Bane","Deflect"],"picked":"SKIP","floor":8.0},{"not_picked":["Prepared","Poisoned Stab"],"picked":"Malaise","floor":11.0},{"not_picked":["Deadly Poison","Bane"],"picked":"Terror","floor":12.0},{"not_picked":["Eviscerate","Finisher"],"picked":"Prepared","floor":13.0},{"not_picked":["Reflex","Dagger Spray"],"picked":"Cloak And Dagger","floor":14.0},{"not_picked":["Slice","Dagger Spray","Dash"],"picked":"SKIP","floor":18.0},{"not_picked":["Caltrops","Backflip+1"],"picked":"Infinite Blades+1","floor":21.0},{"not_picked":["Crippling Poison","Dagger Spray","Slice+1"],"picked":"SKIP","floor":23.0},{"not_picked":["Dagger Spray","Dodge and Roll+1"],"picked":"Reflex","floor":25.0},{"not_picked":["Night Terror","Footwork","All Out Attack"],"picked":"SKIP","floor":28.0},{"not_picked":["Die Die Die","Venomology"],"picked":"Tools of the Trade","floor":33.0},{"not_picked":["Underhanded Strike","Quick Slash+1","Expertise+1"],"picked":"SKIP","floor":35.0},{"not_picked":["Concentrate+1","Prepared"],"picked":"Acrobatics+1","floor":36.0},{"not_picked":["Dodge and Roll","Crippling Poison+1"],"picked":"Blade Dance+1","floor":37.0},{"not_picked":["Deflect","Dagger Throw+1"],"picked":"Reflex+1","floor":39.0},{"not_picked":["Poisoned Stab","Expertise+1"],"picked":"Reflex","floor":39.0},{"not_picked":["Blur","Burst"],"picked":"Noxious Fumes+1","floor":39.0},{"not_picked":["Bane","Quick Slash+1"],"picked":"Concentrate","floor":39.0},{"not_picked":["Bouncing Flask","Caltrops+1","Deflect","Poisoned Stab+1"],"picked":"SKIP","floor":41.0},{"not_picked":["Crippling Poison+1","Bouncing Flask+1","Dagger Spray+1","Quick Slash"],"picked":"SKIP","floor":42.0},{"not_picked":["Slice","Poisoned Stab+1","Finisher","Bouncing Flask"],"picked":"SKIP","floor":44.0},{"not_picked":["Choke+1","After Image","Dagger Throw+1"],"picked":"PiercingWail","floor":45.0},{"not_picked":["Good Instincts","Swift Strike","Flash of Steel"],"picked":"Finesse","floor":48.0},{"not_picked":["Forethought","Swift Strike","Deep Breath"],"picked":"Finesse","floor":48.0},{"not_picked":["Flying Knee+1","PiercingWail","Slice+1"],"picked":"After Image","floor":54.0}],"player_experience":297873,"relics_obtained":[{"floor":6.0,"key":"StrikeDummy"},{"floor":9.0,"key":"MealTicket"},{"floor":10.0,"key":"Odd Mushroom"},{"floor":11.0,"key":"Kunai"},{"floor":14.0,"key":"Oddly Smooth Stone"},{"floor":23.0,"key":"The Courier"},{"floor":25.0,"key":"Eternal Feather"},{"floor":26.0,"key":"Mercury Hourglass"},{"floor":28.0,"key":"Bottled Flame"},{"floor":41.0,"key":"Paper Crane"},{"floor":54.0,"key":"Akabeko"}],"event_choices":[{"damage_healed":0.0,"max_hp_gain":0.0,"max_hp_loss":5.0,"gold_gain":0.0,"event_name":"Golden Idol","player_choice":"Lose Max HP","floor":2.0,"gold_loss":0.0,"damage_taken":0.0,"relics_obtained":["Golden Idol"]},{"damage_healed":0.0,"max_hp_gain":5.0,"max_hp_loss":0.0,"gold_gain":0.0,"event_name":"Big Fish","player_choice":"Donut","floor":4.0,"gold_loss":0.0,"damage_taken":0.0},{"damage_healed":0.0,"max_hp_gain":0.0,"max_hp_loss":0.0,"gold_gain":0.0,"event_name":"Shining Light","player_choice":"Entered Light","floor":5.0,"gold_loss":0.0,"damage_taken":14.0,"cards_upgraded":["Survivor","Strike_G"]},{"damage_healed":0.0,"max_hp_gain":0.0,"max_hp_loss":0.0,"gold_gain":0.0,"event_name":"Mushrooms","player_choice":"Fought Mushrooms","floor":10.0,"gold_loss":0.0,"damage_taken":0.0},{"damage_healed":0.0,"max_hp_gain":0.0,"max_hp_loss":0.0,"gold_gain":0.0,"event_name":"WeMeetAgain","player_choice":"Gave Potion","floor":20.0,"gold_loss":0.0,"damage_taken":0.0,"relics_obtained":["Orichalcum"]},{"damage_healed":0.0,"max_hp_gain":0.0,"max_hp_loss":0.0,"gold_gain":0.0,"event_name":"The Mausoleum","player_choice":"Ignored","floor":22.0,"gold_loss":0.0,"damage_taken":0.0},{"damage_healed":0.0,"max_hp_gain":0.0,"max_hp_loss":0.0,"gold_gain":0.0,"cards_transformed":["Infinite Blades","Malaise"],"event_name":"Drug Dealer","player_choice":"Became Test Subject","floor":30.0,"gold_loss":0.0,"damage_taken":0.0,"cards_obtained":["Caltrops","Expertise"]},{"cards_removed":["Defend_G"],"damage_healed":0.0,"max_hp_gain":0.0,"max_hp_loss":0.0,"gold_gain":0.0,"event_name":"Bonfire Elementals","player_choice":"Offered Basic","floor":31.0,"gold_loss":0.0,"damage_taken":0.0},{"cards_removed":["Defend_G"],"damage_healed":0.0,"max_hp_gain":0.0,"max_hp_loss":0.0,"gold_gain":0.0,"event_name":"Wheel of Change","player_choice":"Card Removal","floor":38.0,"gold_loss":0.0,"damage_taken":0.0},{"damage_healed":0.0,"max_hp_gain":0.0,"max_hp_loss":0.0,"gold_gain":0.0,"event_name":"Tomb of Lord Red Mask","player_choice":"Ignored","floor":46.0,"gold_loss":0.0,"damage_taken":0.0},{"damage_healed":0.0,"max_hp_gain":0.0,"max_hp_loss":0.0,"gold_gain":0.0,"event_name":"SensoryStone","player_choice":"Memory 2","floor":48.0,"gold_loss":0.0,"damage_taken":5.0}],"is_beta":false,"boss_relics":[{"not_picked":["Calling Bell","Velvet Choker"],"picked":"Philosopher\u0027s Stone"},{"not_picked":["Runic Dome","Busted Crown"],"picked":"WristBlade"}],"items_purged_floors":[3,19,39,53],"is_endless":false,"potions_floor_spawned":[1,7,11,14,18,28,37,41,44],"ascension_level":2}}