{"host":"by2xx8ri294xcjpl","time":1614320940,"event":{"mods":["ATMod(阿瑾Mod)","Act Like it!","BaseMod","Dota2Spire","Downfall","Minty Spire (QoL Compilation)","Relic Stats","Replay The Spire","StSLib","【功能Mod】混沌之环修复补丁","【功能Mod】精心准备","【遗物Mod】简单游戏","【遗物卡牌】REMEMod"],"gold_per_floor":[99,109,125,125,141,126,126,152,152,152,166,2,2,29,42,138,138,138,151,151,162,174,174,200,212,212,40,40,54,70,90,103,103,103,103],"floor_reached":33,"language":"ZHS","playtime":1908,"items_purged":[],"score":261,"play_id":"7ba3f9df-0329-464f-9a9d-f41c0414495b","local_time":"20210226142900","is_ascension_mode":false,"campfire_choices":[{"data":"sneckomod:UnknownBlock","floor":13,"key":"SMITH"},{"data":"sneckomod:DiceBoulder","floor":18,"key":"SMITH"}],"circlet_count":0,"master_deck":["sneckomod:Strike","sneckomod:Strike","sneckomod:Strike","sneckomod:Defend","sneckomod:Defend","sneckomod:Defend","sneckomod:TailWhip","sneckomod:SnekBite","AT_DivineConfetti","Slimebound:OneTwoCombo","sneckomod:ImprovisedGuard+1","sneckomod:SoulCleanse","sneckomod:Unknown","sneckomod:UnknownBlock+1","sneckomod:SlitherStrike","sneckomod:DiceBoulder+1","sneckomod:DiceBlock+1","Reprogram","sneckomod:SerpentIdol","AbeCurse","sneckomod:UnknownClassSLIMEBOUND","sneckomod:UnknownUncommonPower","sneckomod:UnknownUncommonSkill","sneckomod:DiceBoulder+1","sneckomod:UnknownCommonSkill+1","J.A.X.","sneckomod:UnknownClassRED","expansioncontent:StudyTheSpire","sneckomod:DiceBlock+1","sneckomod:UnknownRareSkill","sneckomod:DiceBoulder+1"],"relics":["sneckomod:SneckoSoul","REME_ComplimentaryCards","EasyRelic","AT_ATBox","Bag of Marbles","m_SnakeBloodCore","Membership Card","Replay:Bottled Steam","Abe\u0027s Treasure","War Paint","PreservedInsect"],"acts_visited":["Exordium","TheCity"],"potions_floor_usage":[32,33,33,33],"damage_taken":[{"damage":0,"enemies":"Small Slimes","floor":2,"turns":2},{"damage":0,"enemies":"Cultist","floor":3,"turns":2},{"damage":0,"enemies":"2 Louse","floor":5,"turns":2},{"damage":3,"enemies":"downfall:FleeingMerchant","floor":6,"turns":4},{"damage":8,"enemies":"3 Sentries","floor":8,"turns":5},{"damage":6,"enemies":"2 Fungi Beasts","floor":11,"turns":3},{"damage":0,"enemies":"downfall:FleeingMerchant","floor":12,"turns":4},{"damage":4,"enemies":"Gremlin Nob","floor":14,"turns":3},{"damage":4,"enemies":"Red Slaver","floor":15,"turns":2},{"damage":30,"enemies":"IC_STATUS_ARCHETYPE","floor":16,"turns":5},{"damage":5,"enemies":"Shell Parasite","floor":19,"turns":4},{"damage":3,"enemies":"Spheric Guardian","floor":21,"turns":2},{"damage":18,"enemies":"Centurion and Healer","floor":22,"turns":7},{"damage":21,"enemies":"Cultist and Chosen","floor":25,"turns":6},{"damage":3,"enemies":"downfall:FleeingMerchant","floor":27,"turns":4},{"damage":0,"enemies":"Snake Plant","floor":29,"turns":2},{"damage":13,"enemies":"Centurion and Healer","floor":30,"turns":5},{"damage":21,"enemies":"Shelled Parasite and Fungi","floor":31,"turns":6},{"damage":0,"enemies":"Sentry and Sphere","floor":32,"turns":6},{"damage":23,"enemies":"DF_ARCHETYPE_CLAW","floor":33,"turns":3}],"seed_played":"-4746511935306592335","potions_obtained":[{"floor":2,"key":"Elixir"},{"floor":8,"key":"LiquidBronze"},{"floor":10,"key":"LiquidMemories"},{"floor":20,"key":"CultistPotion"},{"floor":32,"key":"Dota2Spire:HealingSalve"}],"is_trial":false,"path_per_floor":["R","M","M","?","M","$","T","E","?","?","M","$","R","E","M","B",null,"R","M","?","M","M","?","T","M","?","$","?","M","M","M","M","B"],"character_chosen":"THE_SNECKO","items_purchased":["Membership Card","PreservedInsect","expansioncontent:StudyTheSpire"],"campfire_rested":0,"item_purchase_floors":[12,27,27],"current_hp_per_floor":[99,99,99,99,99,96,96,88,88,88,85,88,88,87,86,69,99,99,97,97,97,82,82,82,64,64,64,35,38,28,10,13,0,0,0],"gold":103,"neow_bonus":"TEN_PERCENT_HP_BONUS","is_daily":false,"chose_seed":false,"campfire_upgraded":2,"win_rate":0.0,"timestamp":1614320940,"path_taken":["R","M","M","?","M","?","T","E","?","?","?","$","R","E","M","BOSS","R","M","?","M","M","?","T","?","?","$","?","M","?","M","M","BOSS"],"items_purchased_type":["Relic","Relic","Card"],"build_version":"2020-12-22","purchased_purges":0,"victory":false,"max_hp_per_floor":[99,99,99,99,99,99,99,99,99,99,99,99,99,99,99,99,99,99,99,99,99,99,99,99,99,99,99,99,99,99,99,99,99,99,99],"relic_stats":{"counters":[20,77],"PreservedInsect":0,"War Paint":["sneckomod:ImprovisedGuard","sneckomod:DiceBlock"],"obtain_stats":[{"AT_ATBox":0,"m_SnakeBloodCore":9,"PreservedInsect":27,"Bag of Marbles":8,"Membership Card":12,"War Paint":24,"sneckomod:SneckoSoul":0,"Abe\u0027s Treasure":17,"REME_ComplimentaryCards":0,"EasyRelic":0,"Replay:Bottled Steam":14},{"AT_ATBox":0,"m_SnakeBloodCore":5,"PreservedInsect":15,"Bag of Marbles":5,"Membership Card":7,"War Paint":13,"sneckomod:SneckoSoul":0,"Abe\u0027s Treasure":10,"REME_ComplimentaryCards":0,"EasyRelic":0,"Replay:Bottled Steam":8},{"AT_ATBox":0,"m_SnakeBloodCore":15,"PreservedInsect":55,"Bag of Marbles":15,"Membership Card":22,"War Paint":45,"sneckomod:SneckoSoul":0,"Abe\u0027s Treasure":32,"REME_ComplimentaryCards":0,"EasyRelic":0,"Replay:Bottled Steam":25}]},"card_choices":[{"not_picked":["sneckomod:UnknownCommonSkill","sneckomod:QuickBite"],"picked":"sneckomod:ImprovisedGuard","floor":2},{"not_picked":["sneckomod:UnknownCommonAttack","sneckomod:Unknown1Cost"],"picked":"sneckomod:SoulCleanse","floor":3},{"not_picked":["sneckomod:WideSting","sneckomod:UnknownCommonSkill"],"picked":"sneckomod:UnknownBlock","floor":5},{"not_picked":["sneckomod:QuickMove","sneckomod:SoulRoll"],"picked":"sneckomod:SlitherStrike","floor":6},{"not_picked":["sneckomod:QuickMove","sneckomod:UnknownX"],"picked":"sneckomod:DiceBoulder","floor":8},{"not_picked":["sneckomod:SoulRoll","sneckomod:UnknownBlock"],"picked":"sneckomod:DiceBlock","floor":11},{"not_picked":["ReplayTheSpireMod:LeadingStrike","sneckomod:WideSting","sneckomod:MorePower"],"picked":"SKIP","floor":12},{"not_picked":["sneckomod:SlitherStrike","Dual Wield"],"picked":"Reprogram","floor":14},{"not_picked":["sneckomod:UnknownDraw","sneckomod:UnknownUncommonSkill"],"picked":"sneckomod:SerpentIdol","floor":15},{"not_picked":["sneckomod:QuickMove","sneckomod:SoulRoll"],"picked":"sneckomod:UnknownClassSLIMEBOUND","floor":19},{"not_picked":["sneckomod:SoulCleanse","sneckomod:QuickMove+1"],"picked":"sneckomod:UnknownUncommonPower","floor":21},{"not_picked":["sneckomod:SoulRoll","sneckomod:UnknownClassRED"],"picked":"sneckomod:UnknownUncommonSkill","floor":22},{"not_picked":["sneckomod:UnknownBlock","sneckomod:WideSting"],"picked":"sneckomod:UnknownCommonSkill+1","floor":25},{"not_picked":["sneckomod:ImprovisedGuard","sneckomod:DiceCrush"],"picked":"sneckomod:UnknownClassRED","floor":27},{"not_picked":["sneckomod:WideSting","sneckomod:ImprovisedAttack"],"picked":"sneckomod:DiceBlock+1","floor":29},{"not_picked":["sneckomod:SoulRoll","sneckomod:UnendingSupply+1","sneckomod:UnknownDraw"],"picked":"SKIP","floor":30},{"not_picked":["sneckomod:UnknownClassRED","sneckomod:SnakeSap+1"],"picked":"sneckomod:UnknownRareSkill","floor":31},{"not_picked":["sneckomod:TrashToTreasure+1","sneckomod:SoulRoll"],"picked":"sneckomod:DiceBoulder+1","floor":32}],"player_experience":45921,"relics_obtained":[{"floor":8,"key":"Bag of Marbles"},{"floor":14,"key":"Replay:Bottled Steam"},{"floor":24,"key":"War Paint"}],"event_choices":[{"cards_removed":["sneckomod:Unknown"],"damage_healed":0,"gold_gain":0,"player_choice":"Offered Basic","damage_taken":0,"max_hp_gain":0,"max_hp_loss":0,"event_name":"Bonfire Elementals","floor":4,"gold_loss":0},{"damage_healed":0,"gold_gain":0,"player_choice":"Got Potions","damage_taken":0,"max_hp_gain":0,"max_hp_loss":0,"event_name":"Lab","floor":10,"gold_loss":0},{"damage_healed":0,"gold_gain":0,"player_choice":"Obtain J.A.X.","damage_taken":0,"max_hp_gain":0,"max_hp_loss":0,"event_name":"Drug Dealer","floor":26,"gold_loss":0,"cards_obtained":["J.A.X."]}],"is_beta":false,"boss_relics":[{"not_picked":["ReplayTheSpireMod:DimensionalGlitch","Replay:Ancient Bell"],"picked":"Abe\u0027s Treasure"}],"items_purged_floors":[],"is_endless":false,"potions_floor_spawned":[2,8,11,15,22,29,30,31,32],"killed_by":"DF_ARCHETYPE_CLAW","ascension_level":0}}