{"host":"p9xedk00duaz8l9n","time":1614338870,"event":{"mods":["BaseMod","Colored Map","DeckTracker","Highlight Path","Minty Spire (QoL Compilation)","Relic Stats","SuperFastMode"],"gold_per_floor":[10,27,46,64,74,74,102,102,102,428,7,7,27,56,56,131,131,147,147,167,67,78,78,78],"floor_reached":23,"language":"JPN","playtime":731,"items_purged":["Strike_R","Pain"],"score":426,"play_id":"21b10699-2e52-4594-a3c3-a6d640ba5b6a","local_time":"20210226202750","is_ascension_mode":true,"campfire_choices":[{"data":"Armaments","floor":6,"key":"SMITH"},{"floor":8,"key":"REST"},{"floor":15,"key":"REST"}],"circlet_count":0,"master_deck":["AscendersBane","Strike_R","Strike_R+1","Strike_R","Strike_R","Defend_R","Defend_R","Defend_R+1","Defend_R","Bash","Immolate","Inflame","Anger","Armaments+1","Ghostly Armor","Demon Form","Combust","Dark Embrace","Impervious","Rupture"],"relics":["Burning Blood","Regal Pillow","Bottled Flame","Old Coin","Mummified Hand","Darkstone Periapt","Fusion Hammer","WarpedTongs"],"acts_visited":["Exordium","TheCity"],"potions_floor_usage":[3,16,23,23],"damage_taken":[{"damage":14,"enemies":"Jaw Worm","floor":1,"turns":5},{"damage":4,"enemies":"2 Louse","floor":2,"turns":2},{"damage":1,"enemies":"Cultist","floor":3,"turns":3},{"damage":14,"enemies":"Blue Slaver","floor":4,"turns":4},{"damage":12,"enemies":"Exordium Wildlife","floor":5,"turns":3},{"damage":32,"enemies":"Gremlin Nob","floor":7,"turns":4},{"damage":20,"enemies":"3 Sentries","floor":10,"turns":7},{"damage":0,"enemies":"3 Louse","floor":13,"turns":1},{"damage":32,"enemies":"Gremlin Nob","floor":14,"turns":4},{"damage":36,"enemies":"Slime Boss","floor":16,"turns":6},{"damage":30,"enemies":"Shell Parasite","floor":18,"turns":7},{"damage":13,"enemies":"2 Thieves","floor":20,"turns":4},{"damage":19,"enemies":"Centurion and Healer","floor":22,"turns":6},{"damage":22,"enemies":"Slavers","floor":23,"turns":3}],"seed_played":"231805269031500061","potions_obtained":[{"floor":1,"key":"FearPotion"},{"floor":2,"key":"CultistPotion"},{"floor":7,"key":"ElixirPotion"},{"floor":13,"key":"Ancient Potion"},{"floor":16,"key":"Ancient Potion"},{"floor":22,"key":"PowerPotion"}],"is_trial":false,"path_per_floor":["M","M","M","M","M","R","E","R","T","E","$","?","M","E","R","B",null,"M","?","M","$","M","E"],"character_chosen":"IRONCLAD","items_purchased":["Mummified Hand","Combust"],"campfire_rested":2,"item_purchase_floors":[11,11],"current_hp_per_floor":[60,62,67,59,53,53,27,64,64,50,50,27,33,7,44,14,60,36,42,35,35,22,0,0],"gold":78,"neow_bonus":"THREE_RARE_CARDS","is_daily":false,"chose_seed":true,"campfire_upgraded":1,"win_rate":0.0,"timestamp":1614338870,"path_taken":["M","M","M","M","M","R","E","R","T","E","$","?","M","E","R","BOSS","M","?","M","$","?","E"],"items_purchased_type":["Relic","Card"],"build_version":"2020-12-22","purchased_purges":2,"victory":false,"max_hp_per_floor":[75,75,75,75,75,75,75,75,75,75,75,75,75,75,75,75,75,75,81,81,81,81,81,81],"relic_stats":{"Darkstone Periapt":6,"Regal Pillow":30,"counters":[14,59],"Mummified Hand":[28],"obtain_stats":[{"Darkstone Periapt":14,"Regal Pillow":7,"Bottled Flame":9,"Mummified Hand":11,"Fusion Hammer":17,"Burning Blood":0,"Old Coin":10,"WarpedTongs":19},{"Darkstone Periapt":9,"Regal Pillow":6,"Bottled Flame":6,"Mummified Hand":7,"Fusion Hammer":10,"Burning Blood":0,"Old Coin":7,"WarpedTongs":11},{"Darkstone Periapt":33,"Regal Pillow":21,"Bottled Flame":21,"Mummified Hand":28,"Fusion Hammer":39,"Burning Blood":0,"Old Coin":28,"WarpedTongs":46}],"Burning Blood":78,"WarpedTongs":[13]},"card_choices":[{"not_picked":["Barricade","Feed"],"picked":"Immolate","floor":0},{"not_picked":["Sentinel","Heavy Blade"],"picked":"Inflame","floor":1},{"not_picked":["Cleave","Body Slam","Metallicize"],"picked":"SKIP","floor":2},{"not_picked":["Headbutt","Blood for Blood"],"picked":"Anger","floor":3},{"not_picked":["Wild Strike","Havoc"],"picked":"Armaments","floor":4},{"not_picked":["Entrench","Dropkick","Cleave"],"picked":"SKIP","floor":5},{"not_picked":["Perfected Strike","Flex"],"picked":"Ghostly Armor","floor":7},{"not_picked":["Thunderclap","Reckless Charge"],"picked":"Demon Form","floor":10},{"not_picked":["True Grit","Cleave"],"picked":"Dark Embrace","floor":13},{"not_picked":["Cleave","Carnage","Iron Wave"],"picked":"SKIP","floor":14},{"not_picked":["Brutality","Limit Break"],"picked":"Impervious","floor":16},{"not_picked":["Metallicize","Headbutt"],"picked":"Rupture","floor":18},{"not_picked":["Havoc","Sword Boomerang","Wild Strike"],"picked":"SKIP","floor":20},{"not_picked":["Combust","Uppercut","Sword Boomerang"],"picked":"SKIP","floor":22}],"player_experience":880129,"relics_obtained":[{"floor":7,"key":"Regal Pillow"},{"floor":9,"key":"Bottled Flame"},{"floor":10,"key":"Old Coin"},{"floor":14,"key":"Darkstone Periapt"}],"event_choices":[{"damage_healed":0,"gold_gain":0,"player_choice":"Entered Light","damage_taken":23,"max_hp_gain":0,"max_hp_loss":0,"event_name":"Shining Light","floor":12,"gold_loss":0,"cards_upgraded":["Strike_R","Defend_R"]},{"damage_healed":0,"gold_gain":0,"player_choice":"Rummage","damage_taken":0,"relics_obtained":["WarpedTongs"],"max_hp_gain":0,"max_hp_loss":0,"event_name":"Accursed Blacksmith","floor":19,"gold_loss":0,"cards_obtained":["Pain"]}],"is_beta":false,"boss_relics":[{"not_picked":["Runic Cube","Velvet Choker"],"picked":"Fusion Hammer"}],"items_purged_floors":[11,21],"is_endless":false,"potions_floor_spawned":[1,2,7,13,16,22],"killed_by":"Slavers","ascension_level":20}}