{"host":"kzw87w9fb0mudblt","time":1614305516,"event":{"mods":["BaseMod","Colored Map","Minty Spire (QoL Compilation)","Replay The Spire","StSLib","SuperFastMode"],"gold_per_floor":[118,118,134,134,205,239,239,257,257,131,148,167,167,177,177,276,276,296,296,307,323,335,335,335,44,67,17,32,32,32,47,47,144,144,162,180,33,33,33,33],"floor_reached":39,"language":"ENG","playtime":3436,"items_purged":["Strike_P"],"score":558,"play_id":"cddcb181-3cde-483c-a9e9-f914e9c0e686","local_time":"20210226031156","is_ascension_mode":false,"campfire_choices":[{"data":"Eruption","floor":7,"key":"SMITH"},{"data":"Adaptation","floor":13,"key":"SMITH"},{"floor":15,"key":"REST"},{"data":"SandsOfTime","floor":23,"key":"SMITH"},{"data":"EmptyFist","floor":29,"key":"SMITH"},{"floor":32,"key":"REST"}],"circlet_count":0,"master_deck":["Strike_P","Defend_P","Defend_P","Eruption+1","Vigilance","FollowUp","EmptyFist+1","SandsOfTime+1","Replay:Vibes","Adaptation+1","Replay:DivineShield","TalkToTheHand","ConjureBlade","CutThroughFate+1","Omniscience+1","Study+1","FearNoEvil","SandsOfTime","Scrawl","Conclude+1"],"relics":["PureWater","NeowsBlessing","Simple Rune","Regal Pillow","Meat on the Bone","Astrolabe","Divine Protection","Oddly Smooth Stone","SlaversCollar","Replay:Mystery Machine"],"acts_visited":["Exordium","TheCity","TheBeyond"],"potions_floor_usage":[11,12,16,21,28,31,31,33,35],"damage_taken":[{"damage":0,"enemies":"Jaw Worm","floor":1,"turns":1},{"damage":0,"enemies":"2 Louse","floor":3,"turns":1},{"damage":0,"enemies":"3 Sentries","floor":6,"turns":1},{"damage":3,"enemies":"Small Slimes","floor":8,"turns":3},{"damage":6,"enemies":"Blue Slaver","floor":11,"turns":3},{"damage":7,"enemies":"Exordium Thugs","floor":12,"turns":4},{"damage":0,"enemies":"Gremlin Gang","floor":14,"turns":3},{"damage":31,"enemies":"The Guardian","floor":16,"turns":7},{"damage":0,"enemies":"Spheric Guardian","floor":18,"turns":1},{"damage":20,"enemies":"2 Thieves","floor":20,"turns":4},{"damage":12,"enemies":"Centurion and Healer","floor":21,"turns":6},{"damage":15,"enemies":"Chosen and Byrds","floor":22,"turns":6},{"damage":0,"enemies":"Snecko","floor":28,"turns":4},{"damage":11,"enemies":"Cultist and Chosen","floor":31,"turns":5},{"damage":23,"enemies":"Pondfish","floor":33,"turns":8},{"damage":28,"enemies":"3 Darklings","floor":35,"turns":6},{"damage":9,"enemies":"3 Shapes","floor":36,"turns":3},{"damage":59,"enemies":"Spire Growth","floor":39,"turns":4}],"seed_played":"6379967031684491221","potions_obtained":[{"floor":6,"key":"Milkshake"},{"floor":11,"key":"ColorlessPotion"},{"floor":14,"key":"BlessingOfTheForge"},{"floor":16,"key":"Elixir"},{"floor":20,"key":"FearPotion"},{"floor":21,"key":"EntropicBrew"},{"floor":33,"key":"SkillPotion"}],"is_trial":false,"path_per_floor":["M","?","M","?","T","E","R","M","T","$","M","M","R","M","R","B",null,"M","?","M","M","M","R","?","$","T","?","M","R","?","M","R","B",null,"M","M","$","?","M"],"character_chosen":"WATCHER","items_purchased":["AttackPotion","Divine Protection","FearNoEvil","Replay:Mystery Machine"],"campfire_rested":2,"item_purchase_floors":[10,25,25,37],"current_hp_per_floor":[72,77,77,58,58,58,58,55,55,55,49,42,42,42,77,46,77,77,77,57,45,42,42,28,28,28,28,40,40,40,41,80,57,82,54,45,45,45,0,0],"gold":33,"neow_bonus":"THREE_ENEMY_KILL","is_daily":false,"chose_seed":false,"campfire_upgraded":4,"win_rate":0.0,"timestamp":1614305516,"path_taken":["M","?","M","?","?","E","R","M","T","$","M","?","R","?","R","BOSS","M","?","M","M","M","R","?","$","T","?","?","R","?","M","R","BOSS","M","?","$","?","M"],"items_purchased_type":["Potion","Relic","Card","Relic"],"build_version":"2020-12-22","purchased_purges":1,"victory":false,"max_hp_per_floor":[72,77,77,77,77,77,77,77,77,77,77,77,77,77,77,77,77,77,77,77,77,77,77,82,82,82,82,82,82,82,82,82,82,82,82,82,82,82,82,82],"card_choices":[{"not_picked":["Replay:AtTheReady","CrushJoints"],"picked":"FollowUp","floor":1},{"not_picked":["CrushJoints","FollowUp"],"picked":"EmptyFist","floor":3},{"not_picked":["Replay:BluntJabs","CrushJoints"],"picked":"SandsOfTime","floor":4},{"not_picked":["DeceiveReality","JustLucky"],"picked":"Replay:Vibes","floor":6},{"not_picked":["DeceiveReality","FollowUp"],"picked":"Adaptation","floor":8},{"not_picked":["EmptyFist","Worship","DevaForm"],"picked":"SKIP","floor":11},{"not_picked":["Replay:AtTheReady","EmptyBody"],"picked":"Replay:DivineShield","floor":12},{"not_picked":["Worship","CutThroughFate"],"picked":"TalkToTheHand","floor":14},{"not_picked":["Vault","Devotion"],"picked":"ConjureBlade","floor":16},{"not_picked":["Weave","Evaluate+1","PathToVictory"],"picked":"SKIP","floor":18},{"not_picked":["CrushJoints+1","Worship","Fasting2+1"],"picked":"SKIP","floor":20},{"not_picked":["Evaluate","SignatureMove+1","Judgement"],"picked":"SKIP","floor":21},{"not_picked":["SashWhip","FlyingSleeves+1","ClearTheMind"],"picked":"SKIP","floor":22},{"not_picked":["Evaluate","SashWhip","ClearTheMind+1"],"picked":"SKIP","floor":28},{"not_picked":["FollowUp","Prostrate"],"picked":"SandsOfTime","floor":31},{"not_picked":["Vault","Blasphemy"],"picked":"Scrawl","floor":33},{"not_picked":["Protect+1","TalkToTheHand"],"picked":"Conclude+1","floor":35},{"not_picked":["Replay:ManipulateFuture+1","SashWhip","Adaptation+1"],"picked":"SKIP","floor":36}],"player_experience":37445,"relics_obtained":[{"floor":4,"key":"Simple Rune"},{"floor":6,"key":"Regal Pillow"},{"floor":9,"key":"Meat on the Bone"},{"floor":26,"key":"Oddly Smooth Stone"}],"event_choices":[{"damage_healed":0,"gold_gain":0,"player_choice":"Donut","damage_taken":0,"max_hp_gain":5,"max_hp_loss":0,"event_name":"Big Fish","floor":2,"gold_loss":0},{"damage_healed":0,"gold_gain":0,"player_choice":"Ignored","damage_taken":0,"max_hp_gain":0,"max_hp_loss":0,"event_name":"Cursed Tome","floor":19,"gold_loss":0},{"damage_healed":0,"gold_gain":0,"player_choice":"Shed Blood","damage_taken":19,"max_hp_gain":5,"max_hp_loss":0,"event_name":"Forgotten Altar","floor":24,"gold_loss":0},{"damage_healed":0,"gold_gain":0,"player_choice":"Bet on Owner","damage_taken":0,"max_hp_gain":0,"max_hp_loss":0,"event_name":"The Joust","floor":27,"gold_loss":50},{"cards_removed":["Defend_P"],"damage_healed":0,"gold_gain":0,"player_choice":"Purged","damage_taken":0,"max_hp_gain":0,"max_hp_loss":0,"event_name":"Purifier","floor":30,"gold_loss":0},{"damage_healed":0,"gold_gain":0,"player_choice":"Memory 1","damage_taken":0,"max_hp_gain":0,"max_hp_loss":0,"event_name":"SensoryStone","floor":38,"gold_loss":0}],"is_beta":false,"boss_relics":[{"not_picked":["Replay:Grab Bag","Philosopher\u0027s Stone"],"picked":"Astrolabe"},{"not_picked":["Fusion Hammer","Replay:Bronze Core"],"picked":"SlaversCollar"}],"items_purged_floors":[10],"is_endless":false,"potions_floor_spawned":[6,11,14,16,20,21,33],"killed_by":"Spire Growth","ascension_level":0}}