{"host":"r4yhuzs0e1z69tr3","time":1614298197,"event":{"mods":["BaseMod","Minty Spire (QoL Compilation)","Rare Cards Sparkle"],"gold_per_floor":[111,121,121,151,338,350,391,403,415,427,212,228,242,256,256,355,355,372,388,398,105,117,148,148,168,192,232,232,232],"floor_reached":28,"language":"ENG","playtime":3120,"items_purged":["Doubt"],"score":275,"play_id":"c14661b0-2968-42f3-addb-b4f056f32f41","local_time":"20210225190957","is_ascension_mode":true,"campfire_choices":[{"data":"Blade Dance","floor":6.0,"key":"SMITH"},{"data":"Accuracy","floor":8,"key":"SMITH"},{"floor":15,"key":"REST"},{"floor":24,"key":"REST"}],"circlet_count":0,"master_deck":["Strike_G","Strike_G","Strike_G","Strike_G","Strike_G","Defend_G","Defend_G","Defend_G","Defend_G","Defend_G","Survivor","Neutralize","Blade Dance+1","Accuracy+1","Choke","Blade Dance","Blade Dance+1","Infinite Blades","Blur","Corpse Explosion","Crippling Poison","Backflip+1","Bane","Noxious Fumes+1"],"relics":["Ring of the Snake","NeowsBlessing","MawBank","Torii","Mummified Hand","Girya","DollysMirror","HoveringKite","StrikeDummy","Singing Bowl","CeramicFish","Omamori"],"acts_visited":["Exordium","TheCity"],"potions_floor_usage":[7,14,19,23,23,23],"damage_taken":[{"damage":0.0,"enemies":"Cultist","floor":1.0,"turns":1.0},{"damage":0.0,"enemies":"Small Slimes","floor":2.0,"turns":1.0},{"damage":0.0,"enemies":"2 Louse","floor":4.0,"turns":1.0},{"damage":3,"enemies":"Gremlin Nob","floor":7,"turns":4},{"damage":0,"enemies":"Blue Slaver","floor":12,"turns":1},{"damage":1,"enemies":"Gremlin Gang","floor":13,"turns":3},{"damage":0,"enemies":"Red Slaver","floor":14,"turns":1},{"damage":13,"enemies":"Hexaghost","floor":16,"turns":6},{"damage":10,"enemies":"2 Thieves","floor":18,"turns":2},{"damage":3,"enemies":"Spheric Guardian","floor":19,"turns":6},{"damage":13,"enemies":"Snecko","floor":20,"turns":5},{"damage":11,"enemies":"Centurion and Healer","floor":22,"turns":7},{"damage":29,"enemies":"Slavers","floor":23,"turns":5},{"damage":10,"enemies":"Snake Plant","floor":25,"turns":5},{"damage":11,"enemies":"Gremlin Leader","floor":27,"turns":6},{"damage":21,"enemies":"Shelled Parasite and Fungi","floor":28,"turns":2}],"seed_played":"7587406090647668605","potions_obtained":[{"floor":2.0,"key":"SneckoOil"},{"floor":12,"key":"SkillPotion"},{"floor":13,"key":"FearPotion"},{"floor":16,"key":"Fire Potion"},{"floor":20,"key":"Explosive Potion"},{"floor":22,"key":"Regen Potion"}],"is_trial":false,"path_per_floor":["M","M","?","M","?","R","E","R","T","T","$","M","M","M","R","B",null,"M","M","M","$","M","E","R","M","T","E","M"],"character_chosen":"THE_SILENT","items_purchased":["DollysMirror","StrikeDummy","Block Potion"],"campfire_rested":2,"item_purchase_floors":[11,21,21],"current_hp_per_floor":[70,70,52,52,52,52,49,49,49,49,49,49,48,48,69,56,70,60,57,44,44,33,11,32,24,24,13,0,0],"gold":232,"neow_bonus":"THREE_ENEMY_KILL","is_daily":false,"chose_seed":false,"campfire_upgraded":2,"win_rate":0.0,"timestamp":1614298197,"path_taken":["M","?","?","M","?","R","E","R","T","?","$","M","M","M","R","BOSS","M","M","?","?","M","E","R","M","T","E","M"],"items_purchased_type":["Relic","Relic","Potion"],"build_version":"2020-12-22","purchased_purges":1,"victory":false,"max_hp_per_floor":[70,70,70,70,70,70,70,70,70,70,70,70,70,70,70,70,70,70,70,70,70,70,72,72,74,74,74,74,74],"card_choices":[{"not_picked":["Underhanded Strike","Outmaneuver"],"picked":"Blade Dance","floor":1.0},{"not_picked":["Dodge and Roll","Deflect"],"picked":"Accuracy","floor":2.0},{"not_picked":["Escape Plan","Outmaneuver"],"picked":"Choke","floor":4.0},{"not_picked":["A Thousand Cuts","Backflip"],"picked":"Blade Dance","floor":7},{"not_picked":["Tactician","Accuracy"],"picked":"Infinite Blades","floor":12},{"not_picked":["Finisher","Quick Slash"],"picked":"Blur","floor":13},{"not_picked":["Finisher","Blur","Bane"],"picked":"SKIP","floor":14},{"not_picked":["Wraith Form v2","Phantasmal Killer"],"picked":"Corpse Explosion","floor":16},{"not_picked":["Prepared","Dagger Spray"],"picked":"Crippling Poison","floor":18},{"not_picked":["Bouncing Flask","Backstab"],"picked":"Backflip+1","floor":19},{"not_picked":["Cloak And Dagger","Dagger Throw"],"picked":"Bane","floor":20},{"not_picked":["Bane+1","Setup","Infinite Blades"],"picked":"SKIP","floor":22},{"not_picked":["Outmaneuver","Dagger Spray","All Out Attack"],"picked":"Singing Bowl","floor":23},{"not_picked":["Flying Knee","Masterful Stab","Backflip"],"picked":"Singing Bowl","floor":25},{"not_picked":["Deadly Poison+1","Quick Slash"],"picked":"Noxious Fumes+1","floor":27}],"player_experience":192912,"relics_obtained":[{"floor":7,"key":"Torii"},{"floor":9,"key":"Mummified Hand"},{"floor":10,"key":"Girya"},{"floor":23,"key":"Singing Bowl"},{"floor":26,"key":"CeramicFish"},{"floor":27,"key":"Omamori"}],"event_choices":[{"damage_healed":0.0,"max_hp_gain":0.0,"max_hp_loss":0.0,"gold_gain":0.0,"event_name":"Scrap Ooze","player_choice":"Success","floor":3.0,"gold_loss":0.0,"damage_taken":18.0,"relics_obtained":["MawBank"]},{"damage_healed":0.0,"max_hp_gain":0.0,"max_hp_loss":0.0,"gold_gain":175.0,"event_name":"Liars Game","player_choice":"AGREE","floor":5.0,"gold_loss":0.0,"damage_taken":0.0,"cards_obtained":["Doubt"]}],"is_beta":false,"boss_relics":[{"not_picked":["Empty Cage","Ectoplasm"],"picked":"HoveringKite"}],"items_purged_floors":[11],"is_endless":false,"potions_floor_spawned":[2,12,13,16,20,22],"killed_by":"Shelled Parasite and Fungi","ascension_level":1}}