{"host":"dhv3u8yhd2rnugsp","time":1614378910,"event":{"mods":["BaseMod","Block Reminder","Colored Map","Googly Eyes","Highlight Path","Minty Spire (QoL Compilation)","Permanent Neow","Quick Restart","Random Character Button","StSLib"],"gold_per_floor":[116,133,150,150,166,166,191,191,218,24,41,41,41,65,65,65,65],"floor_reached":16,"language":"ENG","playtime":478,"items_purged":[],"score":204,"play_id":"9fb2d6aa-b93c-4b13-ae6d-f8646eed88b9","local_time":"20210226163510","is_ascension_mode":true,"campfire_choices":[{"data":"Skewer","floor":6,"key":"SMITH"},{"data":"Dagger Spray","floor":8,"key":"SMITH"},{"data":"Neutralize","floor":12,"key":"SMITH"},{"data":"PiercingWail","floor":15,"key":"SMITH"}],"circlet_count":0,"master_deck":["AscendersBane","Strike_G","Strike_G","Strike_G","Strike_G","Strike_G","Defend_G","Defend_G","Defend_G","Defend_G","Defend_G","Survivor","Neutralize+1","Adrenaline","Dagger Spray+1","Skewer+1","Adrenaline","Backstab","PiercingWail+1"],"relics":["Ring of the Snake","Tiny Chest","MawBank","ClockworkSouvenir","Golden Idol"],"acts_visited":["Exordium"],"potions_floor_usage":[7,7,16],"damage_taken":[{"damage":1,"enemies":"Small Slimes","floor":1,"turns":4},{"damage":1,"enemies":"Cultist","floor":2,"turns":3},{"damage":3,"enemies":"Jaw Worm","floor":3,"turns":3},{"damage":1,"enemies":"Looter","floor":5,"turns":4},{"damage":16,"enemies":"Lagavulin","floor":7,"turns":7},{"damage":0,"enemies":"Large Slime","floor":11,"turns":4},{"damage":4,"enemies":"Red Slaver","floor":14,"turns":3},{"damage":24,"enemies":"Slime Boss","floor":16,"turns":9}],"seed_played":"8136875156892041961","potions_obtained":[{"floor":1,"key":"BlessingOfTheForge"},{"floor":2,"key":"SpeedPotion"},{"floor":14,"key":"Block Potion"}],"is_trial":false,"path_per_floor":["M","M","M","?","M","R","E","R","T","$","M","R","?","M","R","B"],"character_chosen":"THE_SILENT","items_purchased":["Backstab","ClockworkSouvenir"],"campfire_rested":0,"item_purchase_floors":[10,10],"current_hp_per_floor":[43,42,39,44,43,43,27,27,27,27,27,27,27,23,23,0,0],"gold":65,"neow_bonus":"THREE_RARE_CARDS","is_daily":false,"chose_seed":false,"campfire_upgraded":4,"win_rate":0.0,"timestamp":1614378910,"path_taken":["M","M","M","?","M","R","E","R","T","$","M","R","?","M","R","BOSS"],"items_purchased_type":["Card","Relic"],"build_version":"2020-12-22","purchased_purges":0,"victory":false,"max_hp_per_floor":[66,66,66,71,71,71,71,71,71,71,71,71,64,64,64,64,64],"card_choices":[{"not_picked":["Phantasmal Killer","Glass Knife"],"picked":"Adrenaline","floor":0},{"not_picked":["Footwork","Dagger Throw"],"picked":"Dagger Spray","floor":1},{"not_picked":["Predator","Quick Slash"],"picked":"Skewer","floor":2},{"not_picked":["Slice","Underhanded Strike","Deadly Poison"],"picked":"SKIP","floor":3},{"not_picked":["Dagger Spray","Accuracy","Predator"],"picked":"SKIP","floor":5},{"not_picked":["Eviscerate","Deflect"],"picked":"Adrenaline","floor":7},{"not_picked":["Expertise","Sucker Punch","Outmaneuver"],"picked":"SKIP","floor":11},{"not_picked":["Flechettes","Quick Slash"],"picked":"PiercingWail","floor":14}],"player_experience":1716900,"relics_obtained":[{"floor":7,"key":"Tiny Chest"},{"floor":9,"key":"MawBank"}],"event_choices":[{"damage_healed":0,"gold_gain":0,"player_choice":"Donut","damage_taken":0,"max_hp_gain":5,"max_hp_loss":0,"event_name":"Big Fish","floor":4,"gold_loss":0},{"damage_healed":0,"gold_gain":0,"player_choice":"Lose Max HP","damage_taken":0,"relics_obtained":["Golden Idol"],"max_hp_gain":0,"max_hp_loss":7,"event_name":"Golden Idol","floor":13,"gold_loss":0}],"is_beta":false,"boss_relics":[],"items_purged_floors":[],"is_endless":false,"potions_floor_spawned":[1,2,14],"killed_by":"Slime Boss","ascension_level":20}}