{"host":"dkr0dog13pegamnp","time":1614351474,"event":{"mods":["AchievementEnabler","BaseMod","Minty Spire (QoL Compilation)","Rare Cards Sparkle","StSLib","SuperFastMode","everything is the same but u backflip on backflip"],"gold_per_floor":[213,58,74,74,93,93,105,125,151,162,162,262,262,280,280,280,280],"floor_reached":16,"language":"KOR","playtime":327,"items_purged":[],"score":160,"play_id":"b47e7d65-02e2-4c55-9095-887ca9b75044","local_time":"20210226235754","is_ascension_mode":true,"campfire_choices":[{"data":"Caltrops","floor":6,"key":"SMITH"},{"floor":11,"key":"REST"},{"data":"Backstab","floor":13,"key":"SMITH"},{"data":"Poisoned Stab","floor":15,"key":"SMITH"}],"circlet_count":0,"master_deck":["AscendersBane","Strike_G","Strike_G","Strike_G","Strike_G","Strike_G","Defend_G","Defend_G","Defend_G","Defend_G","Defend_G","Survivor","Neutralize","Caltrops+1","Poisoned Stab+1","Backstab+1","PiercingWail"],"relics":["Ring of the Snake","Oddly Smooth Stone","Centennial Puzzle","Omamori"],"acts_visited":["Exordium"],"potions_floor_usage":[7,10,16],"damage_taken":[{"damage":2,"enemies":"2 Louse","floor":1,"turns":5},{"damage":0,"enemies":"Jaw Worm","floor":3,"turns":5},{"damage":0,"enemies":"Cultist","floor":5,"turns":4},{"damage":9,"enemies":"Exordium Thugs","floor":7,"turns":6},{"damage":24,"enemies":"Large Slime","floor":8,"turns":10},{"damage":2,"enemies":"3 Louse","floor":10,"turns":3},{"damage":3,"enemies":"Gremlin Gang","floor":14,"turns":4},{"damage":24,"enemies":"The Guardian","floor":16,"turns":4}],"seed_played":"-1587675123472928407","potions_obtained":[{"floor":1,"key":"SkillPotion"},{"floor":8,"key":"Block Potion"},{"floor":10,"key":"SkillPotion"}],"is_trial":false,"path_per_floor":["M","$","M","?","M","R","M","M","T","M","R","?","R","M","R","B"],"character_chosen":"THE_SILENT","items_purchased":["Oddly Smooth Stone"],"campfire_rested":1,"item_purchase_floors":[2],"current_hp_per_floor":[57,57,57,39,39,39,30,6,6,4,23,23,23,20,20,0,0],"gold":280,"neow_bonus":"HUNDRED_GOLD","is_daily":false,"chose_seed":false,"campfire_upgraded":3,"win_rate":0.0,"timestamp":1614351474,"path_taken":["M","$","M","?","M","R","M","M","T","M","R","?","R","M","R","BOSS"],"items_purchased_type":["Relic"],"build_version":"2020-12-22","purchased_purges":0,"victory":false,"max_hp_per_floor":[66,66,66,66,66,66,66,66,66,66,66,66,66,66,66,66,66],"card_choices":[{"not_picked":["Deadly Poison","Slice"],"picked":"Caltrops","floor":1},{"not_picked":["Concentrate","Riddle With Holes","Bane"],"picked":"SKIP","floor":3},{"not_picked":["PiercingWail","Deflect","Bane"],"picked":"SKIP","floor":5},{"not_picked":["Skewer","Prepared","PiercingWail"],"picked":"SKIP","floor":7},{"not_picked":["Prepared","Underhanded Strike"],"picked":"Poisoned Stab","floor":8},{"not_picked":["Outmaneuver","Concentrate"],"picked":"Backstab","floor":10},{"not_picked":["Skewer","Accuracy"],"picked":"PiercingWail","floor":14}],"player_experience":122366,"relics_obtained":[{"floor":9,"key":"Omamori"}],"event_choices":[{"damage_healed":0,"gold_gain":0,"player_choice":"Success","damage_taken":18,"relics_obtained":["Centennial Puzzle"],"max_hp_gain":0,"max_hp_loss":0,"event_name":"Scrap Ooze","floor":4,"gold_loss":0},{"damage_healed":0,"gold_gain":100,"player_choice":"Pray","damage_taken":0,"max_hp_gain":0,"max_hp_loss":0,"event_name":"Golden Shrine","floor":12,"gold_loss":0}],"is_beta":false,"boss_relics":[],"items_purged_floors":[],"is_endless":false,"potions_floor_spawned":[1,8,10],"killed_by":"The Guardian","ascension_level":14}}