{"host":"ao8ok4k25npyixk7","time":1614368610,"event":{"mods":["BaseMod","Colored Map","Minty Spire (QoL Compilation)"],"gold_per_floor":[112,262,262,280,297,297,327,327,351,121,139,39,72,84,84,162,162,174,174,189,64,82,82,102,102,102,119,119,148,148,175,175,252,252,272,283,12,12,37,37,72,72,72,72,0,25,40,40,40,40,40],"floor_reached":52,"language":"ENG","playtime":2814,"items_purged":["Strike_G","Strike_G","Phantasmal Killer"],"score":2137,"play_id":"d96a0374-46d0-413c-a970-169104452285","local_time":"20210226204330","is_ascension_mode":true,"campfire_choices":[{"data":"Blade Dance","floor":6,"key":"SMITH"},{"data":"Neutralize","floor":8,"key":"SMITH"},{"data":"Dagger Spray","floor":15,"key":"SMITH"},{"floor":23,"key":"REST"},{"floor":25,"key":"REST"},{"data":"After Image","floor":28,"key":"SMITH"},{"floor":30,"key":"REST"},{"data":"Adrenaline","floor":32,"key":"SMITH"},{"floor":40,"key":"DIG"},{"floor":42,"key":"DIG"},{"floor":44,"key":"DIG"},{"floor":49,"key":"DIG"}],"circlet_count":0,"master_deck":["AscendersBane","Survivor","Neutralize+1","Dagger Spray+1","PiercingWail","Blade Dance+1","Adrenaline+1","Phantasmal Killer+1","Deadly Poison+1","After Image+1","Tactician+1","Phantasmal Killer+1","Dagger Spray","Deflect+1","Corpse Explosion+1","Prepared+1","Doppelganger+1","Outmaneuver+1","PiercingWail+1","Leg Sweep+1","Backflip+1","Cloak And Dagger+1","Escape Plan+1","PiercingWail+1","Burst+1","Blade Dance+1","Prepared+1","Master of Strategy+1","Trip+1","Discovery+1","Acrobatics+1","Night Terror+1","Doubt","Backflip+1","PiercingWail+1"],"relics":["Ring of the Snake","NeowsBlessing","Boot","Juzu Bracelet","Toxic Egg 2","Pandora\u0027s Box","Ninja Scroll","Regal Pillow","Blood Vial","Cursed Key","Sling","Shovel","Art of War","Oddly Smooth Stone","CaptainsWheel","Omamori","Vajra","Red Mask","Bird Faced Urn","Ornamental Fan"],"acts_visited":["Exordium","TheCity","TheBeyond"],"potions_floor_usage":[7,21,24,31,33,50,51],"damage_taken":[{"damage":0,"enemies":"Small Slimes","floor":1,"turns":1},{"damage":0,"enemies":"2 Louse","floor":4,"turns":1},{"damage":0,"enemies":"Cultist","floor":5,"turns":1},{"damage":8,"enemies":"Gremlin Nob","floor":7,"turns":3},{"damage":2,"enemies":"Exordium Wildlife","floor":11,"turns":3},{"damage":14,"enemies":"3 Sentries","floor":13,"turns":10},{"damage":5,"enemies":"Exordium Thugs","floor":14,"turns":4},{"damage":13,"enemies":"Hexaghost","floor":16,"turns":9},{"damage":24,"enemies":"Shell Parasite","floor":18,"turns":4},{"damage":17,"enemies":"3 Byrds","floor":20,"turns":2},{"damage":6,"enemies":"Centurion and Healer","floor":22,"turns":3},{"damage":1,"enemies":"Shelled Parasite and Fungi","floor":24,"turns":4},{"damage":0,"enemies":"3 Cultists","floor":27,"turns":3},{"damage":0,"enemies":"Book of Stabbing","floor":29,"turns":5},{"damage":5,"enemies":"Gremlin Leader","floor":31,"turns":5},{"damage":23,"enemies":"Collector","floor":33,"turns":9},{"damage":0,"enemies":"3 Darklings","floor":35,"turns":3},{"damage":0,"enemies":"Orb Walker","floor":36,"turns":2},{"damage":0,"enemies":"Mind Bloom Boss Battle","floor":39,"turns":3},{"damage":0,"enemies":"Nemesis","floor":41,"turns":4},{"damage":0,"enemies":"Reptomancer","floor":46,"turns":2},{"damage":6,"enemies":"Sphere and 2 Shapes","floor":47,"turns":3},{"damage":20,"enemies":"Donu and Deca","floor":50,"turns":6},{"damage":41,"enemies":"Time Eater","floor":51,"turns":14}],"seed_played":"-1433989663200171013","potions_obtained":[{"floor":1,"key":"SteroidPotion"},{"floor":11,"key":"GhostInAJar"},{"floor":18,"key":"Fruit Juice"},{"floor":22,"key":"Swift Potion"},{"floor":27,"key":"DistilledChaos"},{"floor":46,"key":"Regen Potion"}],"is_trial":false,"path_per_floor":["M","?","?","M","M","R","E","R","T","$","M","$","E","M","R","B",null,"M","?","M","$","M","R","M","R","T","M","R","E","R","E","R","B",null,"M","M","$","?","?","R","E","R","T","R","?","E","M","?","R","B","B",null],"character_chosen":"THE_SILENT","items_purchased":["Phantasmal Killer","Sling","GhostInAJar"],"campfire_rested":3,"item_purchase_floors":[10,37,37],"current_hp_per_floor":[59,59,59,59,59,59,51,51,51,51,49,49,35,30,30,17,54,30,21,4,9,3,24,23,44,44,44,44,44,71,66,66,45,65,67,69,69,59,61,61,63,63,63,63,63,65,63,63,63,56,21],"gold":40,"neow_bonus":"THREE_ENEMY_KILL","is_daily":false,"chose_seed":false,"campfire_upgraded":5,"win_rate":0.0,"timestamp":1614368610,"path_taken":["M","?","?","M","?","R","E","R","T","$","M","$","E","M","R","BOSS","M","?","M","?","M","R","M","R","T","M","R","E","R","E","R","BOSS","M","M","$","?","?","R","E","R","T","R","?","E","M","?","R","BOSS","BOSS"],"items_purchased_type":["Card","Relic","Potion"],"build_version":"2020-12-22","purchased_purges":3,"victory":true,"max_hp_per_floor":[66,66,66,66,66,66,66,66,66,66,66,66,66,66,66,66,66,66,66,66,71,71,71,71,71,71,71,71,71,71,71,71,71,71,71,71,71,71,71,71,71,71,71,71,71,71,71,67,67,67,67],"card_choices":[{"not_picked":["Acrobatics","Footwork"],"picked":"Dagger Spray","floor":1},{"not_picked":["Catalyst","Flying Knee"],"picked":"PiercingWail","floor":4},{"not_picked":["Deflect","All Out Attack"],"picked":"Blade Dance","floor":5},{"not_picked":["Sucker Punch","Setup","Bane"],"picked":"SKIP","floor":7},{"not_picked":["Blade Dance","Poisoned Stab"],"picked":"Adrenaline","floor":11},{"not_picked":["Flying Knee","Deflect+1"],"picked":"Phantasmal Killer+1","floor":13},{"not_picked":["Poisoned Stab","Underhanded Strike"],"picked":"Deadly Poison+1","floor":14},{"not_picked":["Storm of Steel+1","A Thousand Cuts"],"picked":"After Image","floor":16},{"not_picked":["Poisoned Stab","Outmaneuver+1"],"picked":"PiercingWail+1","floor":18},{"not_picked":["Poisoned Stab","Bane"],"picked":"Leg Sweep+1","floor":20},{"not_picked":["Eviscerate","Deadly Poison+1"],"picked":"Backflip+1","floor":22},{"not_picked":["Escape Plan+1","Caltrops"],"picked":"Cloak And Dagger+1","floor":24},{"not_picked":["Flying Knee","Dash","Quick Slash"],"picked":"SKIP","floor":27},{"not_picked":["Dagger Throw","Flechettes"],"picked":"Escape Plan+1","floor":29},{"not_picked":["Grand Finale","Sucker Punch"],"picked":"PiercingWail+1","floor":31},{"not_picked":["Corpse Explosion+1","Grand Finale"],"picked":"Burst+1","floor":33},{"not_picked":["Outmaneuver+1","Deflect+1"],"picked":"Blade Dance+1","floor":35},{"not_picked":["Poisoned Stab","Underhanded Strike+1"],"picked":"Prepared+1","floor":36},{"not_picked":["Flash of Steel","Discovery+1"],"picked":"Master of Strategy+1","floor":38},{"not_picked":["Mind Blast","Good Instincts+1"],"picked":"Trip+1","floor":38},{"not_picked":["Flash of Steel","Trip+1"],"picked":"Discovery+1","floor":38},{"not_picked":["Deflect+1","Deadly Poison+1"],"picked":"Acrobatics+1","floor":39},{"not_picked":["Bouncing Flask+1","Outmaneuver+1"],"picked":"Night Terror+1","floor":41},{"not_picked":["Cloak And Dagger+1","Eviscerate+1"],"picked":"Backflip+1","floor":46},{"not_picked":["Slice","Bane"],"picked":"PiercingWail+1","floor":47}],"player_experience":284462,"relics_obtained":[{"floor":7,"key":"Boot"},{"floor":9,"key":"Juzu Bracelet"},{"floor":13,"key":"Toxic Egg 2"},{"floor":26,"key":"Ninja Scroll"},{"floor":29,"key":"Regal Pillow"},{"floor":31,"key":"Blood Vial"},{"floor":39,"key":"Shovel"},{"floor":40,"key":"Art of War"},{"floor":41,"key":"Oddly Smooth Stone"},{"floor":42,"key":"CaptainsWheel"},{"floor":43,"key":"Omamori"},{"floor":44,"key":"Vajra"},{"floor":46,"key":"Bird Faced Urn"},{"floor":49,"key":"Ornamental Fan"}],"event_choices":[{"damage_healed":0,"gold_gain":150,"player_choice":"AGREE","damage_taken":0,"max_hp_gain":0,"max_hp_loss":0,"event_name":"Liars Game","floor":2,"gold_loss":0,"cards_obtained":["Doubt"]},{"cards_removed":["Doubt"],"damage_healed":0,"gold_gain":0,"player_choice":"Purged","damage_taken":0,"max_hp_gain":0,"max_hp_loss":0,"event_name":"Purifier","floor":3,"gold_loss":0},{"damage_healed":0,"gold_gain":0,"player_choice":"Damaged","damage_taken":9,"max_hp_gain":0,"max_hp_loss":0,"event_name":"Wheel of Change","floor":19,"gold_loss":0},{"damage_healed":0,"gold_gain":0,"player_choice":"Memory 3","damage_taken":10,"max_hp_gain":0,"max_hp_loss":0,"event_name":"SensoryStone","floor":38,"gold_loss":0},{"damage_healed":0,"gold_gain":0,"player_choice":"Fight","damage_taken":0,"max_hp_gain":0,"max_hp_loss":0,"event_name":"MindBloom","floor":39,"gold_loss":0},{"damage_healed":0,"gold_gain":0,"player_choice":"Paid","damage_taken":0,"relics_obtained":["Red Mask"],"max_hp_gain":0,"max_hp_loss":0,"event_name":"Tomb of Lord Red Mask","floor":45,"gold_loss":72},{"damage_healed":0,"gold_gain":0,"player_choice":"Max HP","damage_taken":0,"max_hp_gain":0,"max_hp_loss":4,"event_name":"Winding Halls","floor":48,"gold_loss":0}],"is_beta":false,"boss_relics":[{"not_picked":["Astrolabe","Coffee Dripper"],"picked":"Pandora\u0027s Box"},{"not_picked":["Runic Dome","Empty Cage"],"picked":"Cursed Key"}],"items_purged_floors":[10,12,21],"is_endless":false,"potions_floor_spawned":[1,11,18,22,27,46],"ascension_level":20}}