{"host":"nihqlga4zpmrcpl9","time":1614343642,"event":{"mods":["BaseMod","LagranYue(拉格朗・月)","Marisa（F雨　魔理沙）","Minty Spire (QoL Compilation)","Replay The Spire","Shop Mod","StSLib","The Bug Knight","The Cursed","The Hierophant","The Servant 0.9.4"],"gold_per_floor":[15,32,32,49,67,67,99,99,123,123,134,152,43,43,43],"floor_reached":14,"language":"ZHS","playtime":446,"items_purged":[],"score":138,"play_id":"d3485f54-ccb6-426c-8eee-bf0327cb9af3","local_time":"20210226204722","is_ascension_mode":true,"campfire_choices":[{"data":"Armaments","floor":6,"key":"SMITH"},{"data":"Juggernaut","floor":8,"key":"SMITH"},{"data":"Fire Breathing","floor":10,"key":"SMITH"}],"circlet_count":0,"master_deck":["AscendersBane","Strike_R","Strike_R","Strike_R","Strike_R","Strike_R","Defend_R","Defend_R","Defend_R","Defend_R","Bash","Juggernaut+1","Perfected Strike","Armaments+1","Shrug It Off","Fire Breathing+1","ReplayTheSpireMod:Stacked","Perfected Strike","Disarm","Shrug It Off","Shrug It Off"],"relics":["Burning Blood","LagranYue:RandomDrawCardRelic","Nunchaku","Replay:Baseball"],"acts_visited":["Exordium"],"potions_floor_usage":[7,12],"damage_taken":[{"damage":7,"enemies":"Small Slimes","floor":1,"turns":4},{"damage":1,"enemies":"Cultist","floor":2,"turns":4},{"damage":11,"enemies":"2 Louse","floor":4,"turns":2},{"damage":25,"enemies":"Lots of Slimes","floor":5,"turns":7},{"damage":33,"enemies":"Lagavulin","floor":7,"turns":7},{"damage":11,"enemies":"Exordium Wildlife","floor":11,"turns":3},{"damage":17,"enemies":"3 Louse","floor":12,"turns":3},{"damage":34,"enemies":"Gremlin Nob","floor":14,"turns":3}],"seed_played":"2009282696098288320","potions_obtained":[{"floor":2,"key":"ColorlessPotion"},{"floor":5,"key":"Strength Potion"},{"floor":11,"key":"SneckoOil"},{"floor":12,"key":"Toxic Potion"}],"is_trial":false,"path_per_floor":["M","M","?","M","M","R","E","R","T","R","M","M","$","E"],"character_chosen":"IRONCLAD","items_purchased":["Disarm","Shrug It Off"],"campfire_rested":0,"item_purchase_floors":[13,13],"current_hp_per_floor":[71,76,80,75,56,56,29,29,29,29,24,13,13,0,0],"gold":43,"neow_bonus":"THREE_RARE_CARDS","is_daily":false,"chose_seed":false,"campfire_upgraded":3,"win_rate":0.0,"timestamp":1614343642,"path_taken":["M","M","?","M","?","R","E","R","T","R","M","M","$","E"],"items_purchased_type":["Card","Card"],"build_version":"2020-12-22","purchased_purges":0,"victory":false,"max_hp_per_floor":[80,80,80,80,80,80,80,80,80,80,80,80,80,80,80],"card_choices":[{"not_picked":["Brutality","Immolate"],"picked":"Juggernaut","floor":0},{"not_picked":["Wild Strike","Twin Strike"],"picked":"Cleave","floor":1},{"not_picked":["True Grit","Evolve"],"picked":"Perfected Strike","floor":2},{"not_picked":["Havoc","Life Link"],"picked":"Armaments","floor":4},{"not_picked":["Twin Strike","Clothesline"],"picked":"Shrug It Off","floor":5},{"not_picked":["Thunderclap","Seeing Red"],"picked":"Fire Breathing","floor":7},{"not_picked":["Feel No Pain","Eclipse"],"picked":"ReplayTheSpireMod:Stacked","floor":11},{"not_picked":["Cleave","Evolve"],"picked":"Perfected Strike","floor":12}],"player_experience":845326,"relics_obtained":[{"floor":7,"key":"Nunchaku"},{"floor":9,"key":"Replay:Baseball"}],"event_choices":[{"cards_removed":["Cleave"],"damage_healed":5,"gold_gain":0,"player_choice":"Offered Common","damage_taken":0,"max_hp_gain":0,"max_hp_loss":0,"event_name":"Bonfire Elementals","floor":3,"gold_loss":0},{"cards_removed":["Cleave"],"damage_healed":5,"gold_gain":0,"player_choice":"Offered Special","damage_taken":0,"max_hp_gain":0,"max_hp_loss":0,"event_name":"Bonfire Elementals","floor":3,"gold_loss":0}],"is_beta":false,"boss_relics":[],"items_purged_floors":[],"is_endless":false,"potions_floor_spawned":[2,5,11,12],"killed_by":"Gremlin Nob","ascension_level":10}}