{"host":"qgrlfjrqk9z96gfi","time":1614312174,"event":{"mods":["BaseMod","Block Reminder","Colored Map","Custom Start","DeckTracker","Minty Spire (QoL Compilation)"],"gold_per_floor":[112,112,124,143,143,143,172,217,240,240,240,240],"floor_reached":11,"language":"ENG","playtime":182,"items_purged":[],"score":142,"play_id":"b4981d2c-6085-4cef-a2e9-0e569f292923","local_time":"20210225180254","is_ascension_mode":true,"campfire_choices":[{"data":"Eviscerate","floor":6,"key":"SMITH"},{"floor":10,"key":"REST"}],"circlet_count":0,"master_deck":["AscendersBane","Strike_G","Strike_G","Strike_G","Strike_G","Strike_G","Defend_G","Defend_G","Defend_G","Defend_G","Defend_G","Survivor","Neutralize","Predator","Decay","Eviscerate+1","Blur+1"],"relics":["Ring of the Snake","NeowsBlessing","Toxic Egg 2","Omamori","Bag of Preparation","Orichalcum"],"acts_visited":["Exordium"],"potions_floor_usage":[11,11],"damage_taken":[{"damage":0,"enemies":"2 Louse","floor":1,"turns":1},{"damage":0,"enemies":"Cultist","floor":3,"turns":1},{"damage":0,"enemies":"Jaw Worm","floor":4,"turns":1},{"damage":56,"enemies":"Gremlin Nob","floor":7,"turns":6},{"damage":27,"enemies":"Lagavulin","floor":11,"turns":8}],"seed_played":"7770172962946391349","potions_obtained":[{"floor":3,"key":"Dexterity Potion"},{"floor":7,"key":"SpeedPotion"}],"is_trial":false,"path_per_floor":["M","?","M","M","T","R","E","T","T","R","E"],"character_chosen":"THE_SILENT","items_purchased":[],"campfire_rested":1,"item_purchase_floors":[],"current_hp_per_floor":[59,59,59,59,59,59,3,3,3,22,0,0],"gold":240,"neow_bonus":"THREE_ENEMY_KILL","is_daily":false,"chose_seed":false,"campfire_upgraded":1,"win_rate":0.0,"timestamp":1614312174,"path_taken":["M","?","M","?","?","R","E","?","T","R","E"],"items_purchased_type":[],"build_version":"2020-12-22","purchased_purges":0,"victory":false,"max_hp_per_floor":[66,66,66,66,66,66,66,66,66,66,66,66],"card_choices":[{"not_picked":["Prepared","Acrobatics"],"picked":"Predator","floor":1},{"not_picked":["Heel Hook","Caltrops"],"picked":"Eviscerate","floor":3},{"not_picked":["Setup","Distraction","Sucker Punch"],"picked":"SKIP","floor":4},{"not_picked":["Catalyst+1","Sucker Punch"],"picked":"Blur+1","floor":7}],"player_experience":1196624,"relics_obtained":[{"floor":5,"key":"Toxic Egg 2"},{"floor":7,"key":"Omamori"},{"floor":8,"key":"Bag of Preparation"},{"floor":9,"key":"Orichalcum"}],"event_choices":[{"damage_healed":0,"gold_gain":0,"player_choice":"Cursed","damage_taken":0,"max_hp_gain":0,"max_hp_loss":0,"event_name":"Wheel of Change","floor":2,"gold_loss":0,"cards_obtained":["Decay"]}],"is_beta":false,"boss_relics":[],"items_purged_floors":[],"is_endless":false,"potions_floor_spawned":[3,7],"killed_by":"Lagavulin","ascension_level":20}}