{"host":"u2qrfxkm3wve0vp3","time":1614364363,"event":{"mods":["AchievementEnabler","BaseMod","Better Match","Better Note","Better Third Choice","Better Vampires","Downfall","Minty Spire (QoL Compilation)","Quick Restart","Shop Mod","StSLib","The Cursed","The Marked","The Servant 0.9.4"],"gold_per_floor":[115,115,115,133,156,187,198,224,224,238,252,266,280,312,312,312,312],"floor_reached":16,"language":"ZHS","playtime":453,"items_purged":[],"score":156,"play_id":"bfd9ca0e-640f-4c7b-84db-5325be69a7f4","local_time":"20210227023243","is_ascension_mode":true,"campfire_choices":[{"data":"TheWorld","floor":15,"key":"SMITH"}],"circlet_count":0,"master_deck":["Strike_S","Strike_S","Strike_S+1","Defend_S","Defend_S","Defend_S","Defend_S","KidneyShot+1","Exchange","FastForward","TheWorld+1","SurpressingFire"],"relics":["Uniform","NeowsBlessing","Bronze Scales","Meat on the Bone","Eternal Feather","Vajra"],"acts_visited":["Exordium"],"potions_floor_usage":[8,10,16],"damage_taken":[{"damage":0,"enemies":"Small Slimes","floor":1,"turns":1},{"damage":0,"enemies":"Jaw Worm","floor":4,"turns":1},{"damage":0,"enemies":"3 Sentries","floor":6,"turns":1},{"damage":0,"enemies":"Cultist","floor":7,"turns":3},{"damage":4,"enemies":"Gremlin Nob","floor":8,"turns":3},{"damage":3,"enemies":"Gremlin Gang","floor":10,"turns":3},{"damage":9,"enemies":"Lots of Slimes","floor":11,"turns":3},{"damage":0,"enemies":"Red Slaver","floor":12,"turns":4},{"damage":0,"enemies":"Blue Slaver","floor":13,"turns":3},{"damage":2,"enemies":"Lagavulin","floor":14,"turns":8},{"damage":70,"enemies":"Slime Boss","floor":16,"turns":10}],"seed_played":"29501504771235253","potions_obtained":[{"floor":1,"key":"FairyPotion"},{"floor":7,"key":"AttackPotion"},{"floor":8,"key":"AttackPotion"},{"floor":10,"key":"GamblersBrew"},{"floor":14,"key":"AttackPotion"}],"is_trial":false,"path_per_floor":["M","?","?","M","T","E","M","E","T","M","M","M","M","E","R","B"],"character_chosen":"THE_SERVANT","items_purchased":[],"campfire_rested":0,"item_purchase_floors":[],"current_hp_per_floor":[65,52,52,52,52,52,52,48,48,45,36,36,36,34,40,0,0],"gold":312,"neow_bonus":"THREE_ENEMY_KILL","is_daily":false,"chose_seed":false,"campfire_upgraded":1,"win_rate":0.0,"timestamp":1614364363,"path_taken":["M","?","?","M","?","E","M","E","T","M","M","M","?","E","R","BOSS"],"items_purchased_type":[],"build_version":"2020-12-22","purchased_purges":0,"victory":false,"max_hp_per_floor":[65,65,65,65,65,65,65,65,65,65,65,65,65,65,65,65,65],"card_choices":[{"not_picked":["Advance","RealityMarble","Rearm"],"picked":"SKIP","floor":1},{"not_picked":["Spin","Ricochet","Unruled"],"picked":"SKIP","floor":4},{"not_picked":["DoubleEdge","Revamp"],"picked":"FastForward","floor":6},{"not_picked":["Replace","BestPractice","Revamp"],"picked":"SKIP","floor":7},{"not_picked":["Comet","Alleviate","DualDimension"],"picked":"SKIP","floor":8},{"not_picked":["Defy","Ricochet","TimeWarp"],"picked":"SKIP","floor":10},{"not_picked":["Potential","StarChef"],"picked":"TheWorld","floor":11},{"not_picked":["Replace","Potential"],"picked":"SurpressingFire","floor":12},{"not_picked":["Alleviate","Unruled","DoubleEdge"],"picked":"SKIP","floor":13},{"not_picked":["FastForward","TimeWarp","Spin"],"picked":"SKIP","floor":14}],"player_experience":353417,"relics_obtained":[{"floor":6,"key":"Bronze Scales"},{"floor":8,"key":"Meat on the Bone"},{"floor":9,"key":"Eternal Feather"},{"floor":14,"key":"Vajra"}],"event_choices":[{"damage_healed":65,"gold_gain":0,"player_choice":"Upgrade","damage_taken":13,"max_hp_gain":0,"max_hp_loss":65,"event_name":"betterThird:BetterShining","floor":2,"gold_loss":0,"cards_upgraded":["KidneyShot","Strike_S"]},{"cards_removed":["Strike_S"],"damage_healed":0,"gold_gain":0,"player_choice":"Forget","damage_taken":0,"max_hp_gain":0,"max_hp_loss":0,"event_name":"Living Wall","floor":3,"gold_loss":0}],"is_beta":false,"boss_relics":[],"items_purged_floors":[],"is_endless":false,"potions_floor_spawned":[1,7,8,10,14],"killed_by":"Slime Boss","ascension_level":1}}