{"host":"kh6fvhxn285ncg0o","time":1614332662,"event":{"mods":["Act Like it!","BaseMod","Colored Map","Friendly Minions","Keyboard Shortcuts","Minty Spire (QoL Compilation)","Quick Restart","Relic Stats","StSLib","SuperFastMode","UnlockEverythingMod"],"gold_per_floor":[113,38,38,38,38,79,79,122,122,122,147,190,217,257,257,346,346,364,382,124,124,124,162,185,205,229,279,303,303,339,339,339,415,415,458,458,558,599,599,599],"floor_reached":39,"language":"KOR","playtime":1111,"items_purged":["Defend_P","Strike_P"],"score":1136,"play_id":"814cdbfe-34f2-405f-b6f6-0bdd60074767","local_time":"20210226184422","is_ascension_mode":true,"campfire_choices":[{"data":"Eruption","floor":7.0,"key":"SMITH"},{"data":"CrushJoints","floor":15.0,"key":"SMITH"},{"data":"MentalFortress","floor":29,"key":"SMITH"},{"data":"Meditate","floor":32,"key":"SMITH"}],"circlet_count":0,"master_deck":["AscendersBane","Eruption+1","Vigilance","CrushJoints+1","DeusExMachina","Meditate+1","Halt","DeceiveReality","Vault","MentalFortress+1","WheelKick","WreathOfFlame","Wish","Tantrum","Deep Breath"],"relics":["PureWater","NeowsBlessing","Bloody Idol","MealTicket","Thread and Needle","Yang","Regal Pillow","Pen Nib","Centennial Puzzle","Runic Pyramid","Sling","Omamori","Letter Opener","Pandora\u0027s Box","CloakClasp"],"acts_visited":["Exordium","TheCity","TheBeyond"],"potions_floor_usage":[19,33,37],"damage_taken":[{"damage":0.0,"enemies":"Jaw Worm","floor":1.0,"turns":1.0},{"damage":0.0,"enemies":"Lagavulin","floor":6.0,"turns":1.0},{"damage":0.0,"enemies":"3 Sentries","floor":8.0,"turns":1.0},{"damage":0.0,"enemies":"Small Slimes","floor":11.0,"turns":3.0},{"damage":12.0,"enemies":"Gremlin Nob","floor":12.0,"turns":3.0},{"damage":27.0,"enemies":"3 Sentries","floor":14.0,"turns":6.0},{"damage":4.0,"enemies":"Slime Boss","floor":16.0,"turns":7.0},{"damage":13,"enemies":"2 Thieves","floor":18,"turns":4},{"damage":17,"enemies":"Shell Parasite","floor":19,"turns":6},{"damage":2,"enemies":"Slavers","floor":23,"turns":5},{"damage":0,"enemies":"Cultist and Chosen","floor":24,"turns":6},{"damage":0,"enemies":"3 Cultists","floor":25,"turns":6},{"damage":0,"enemies":"Snake Plant","floor":28,"turns":4},{"damage":0,"enemies":"Book of Stabbing","floor":30,"turns":4},{"damage":0,"enemies":"Champ","floor":33,"turns":8},{"damage":0,"enemies":"Orb Walker","floor":35,"turns":3},{"damage":28,"enemies":"2 Orb Walkers","floor":37,"turns":4},{"damage":0,"enemies":"3 Darklings","floor":38,"turns":6}],"seed_played":"-5868674893122596262","potions_obtained":[{"floor":1.0,"key":"DuplicationPotion"},{"floor":12.0,"key":"Strength Potion"},{"floor":14.0,"key":"Ancient Potion"},{"floor":16.0,"key":"Regen Potion"},{"floor":19,"key":"Energy Potion"},{"floor":33,"key":"ColorlessPotion"}],"is_trial":false,"path_per_floor":["M","$","?","?","?","E","R","E","T","?","M","E","T","E","R","B",null,"M","M","$","?","?","E","M","M","T","?","M","R","E","?","R","B",null,"M","?","?","M","?"],"character_chosen":"WATCHER","items_purchased":["Sling"],"campfire_rested":0,"item_purchase_floors":[20],"current_hp_per_floor":[61,61,61,61,61,61,61,61,61,61,61,49,49,22,22,18,51,38,36,51,51,51,49,49,49,49,43,43,43,43,43,43,48,59,62,52,39,49,49,49],"gold":599,"neow_bonus":"THREE_ENEMY_KILL","is_daily":false,"chose_seed":false,"campfire_upgraded":4,"win_rate":0.0,"timestamp":1614332662,"path_taken":["M","$","?","?","?","E","R","E","T","?","M","E","?","E","R","BOSS","M","M","$","?","?","E","M","M","T","?","?","R","E","?","R","BOSS","M","?","?","?","?"],"items_purchased_type":["Relic"],"build_version":"2020-12-22","purchased_purges":2,"victory":false,"max_hp_per_floor":[68,68,68,68,62,62,62,62,62,62,62,62,62,62,62,62,62,62,62,62,62,62,62,62,62,62,62,62,62,62,62,62,62,62,62,62,62,62,62,62],"relic_stats":{"Regal Pillow":0,"Centennial Puzzle":[15],"counters":[18,78],"Bloody Idol":33,"MealTicket":15,"Yang":[144],"Pandora\u0027s Box":["WreathOfFlame","Wish"],"Pen Nib":[13],"CloakClasp":[27],"Letter Opener":[74],"obtain_stats":[{"Regal Pillow":12,"NeowsBlessing":0,"Golden Idol":5,"Thread and Needle":8,"Yang":9,"Pen Nib":13,"Omamori":23,"CloakClasp":37,"Letter Opener":30,"Sling":20,"Centennial Puzzle":14,"Bloody Idol":31,"MealTicket":6,"Pandora\u0027s Box":34,"PureWater":0,"Runic Pyramid":17},{"Regal Pillow":5,"NeowsBlessing":0,"Golden Idol":1,"Thread and Needle":3,"Yang":3,"Pen Nib":5,"Omamori":10,"CloakClasp":17,"Letter Opener":14,"Sling":9,"Centennial Puzzle":6,"Bloody Idol":14,"MealTicket":2,"Pandora\u0027s Box":15,"PureWater":0,"Runic Pyramid":7},{"Regal Pillow":9,"NeowsBlessing":0,"Golden Idol":1,"Thread and Needle":3,"Yang":3,"Pen Nib":9,"Omamori":37,"CloakClasp":72,"Letter Opener":57,"Sling":32,"Centennial Puzzle":15,"Bloody Idol":57,"MealTicket":2,"Pandora\u0027s Box":65,"PureWater":0,"Runic Pyramid":22}]},"card_choices":[{"not_picked":["FlyingSleeves","Weave"],"picked":"CrushJoints","floor":6.0},{"not_picked":["Perseverance","Protect"],"picked":"DeusExMachina","floor":8.0},{"not_picked":["JustLucky","CrushJoints","Study"],"picked":"SKIP","floor":11.0},{"not_picked":["Brilliance","Perseverance","CarveReality"],"picked":"SKIP","floor":12.0},{"not_picked":["CutThroughFate","Evaluate"],"picked":"Meditate","floor":14.0},{"not_picked":["EmptyBody","SignatureMove","CrushJoints"],"picked":"SKIP","floor":18},{"not_picked":["SashWhip","EmptyMind+1"],"picked":"Halt","floor":19},{"not_picked":["Study","EmptyMind","ClearTheMind"],"picked":"SKIP","floor":23},{"not_picked":["EmptyMind","Study"],"picked":"MentalFortress","floor":24},{"not_picked":["SashWhip","EmptyFist","Conclude"],"picked":"SKIP","floor":25},{"not_picked":["LikeWater","Worship","Prostrate"],"picked":"SKIP","floor":28},{"not_picked":["Evaluate","Indignation"],"picked":"WheelKick","floor":30},{"not_picked":["CrushJoints","BowlingBash"],"picked":"Tantrum","floor":35},{"not_picked":["Bandage Up","Trip"],"picked":"Deep Breath","floor":36},{"not_picked":["FlurryOfBlows","CrushJoints","Worship"],"picked":"SKIP","floor":38}],"player_experience":1559307,"relics_obtained":[{"floor":6.0,"key":"MealTicket"},{"floor":8.0,"key":"Thread and Needle"},{"floor":9.0,"key":"Yang"},{"floor":12.0,"key":"Regal Pillow"},{"floor":13.0,"key":"Pen Nib"},{"floor":14.0,"key":"Centennial Puzzle"},{"floor":23,"key":"Omamori"},{"floor":30,"key":"Letter Opener"},{"floor":37,"key":"CloakClasp"}],"event_choices":[{"cards_removed":["Strike_P"],"damage_healed":0.0,"max_hp_gain":0.0,"max_hp_loss":0.0,"gold_gain":0.0,"event_name":"Living Wall","player_choice":"Forget","floor":3.0,"gold_loss":0.0,"damage_taken":0.0},{"damage_healed":0.0,"max_hp_gain":0.0,"max_hp_loss":0.0,"gold_gain":0.0,"event_name":"The Cleric","player_choice":"Leave","floor":4.0,"gold_loss":0.0,"damage_taken":0.0},{"damage_healed":0.0,"max_hp_gain":0.0,"max_hp_loss":6.0,"gold_gain":0.0,"event_name":"Golden Idol","player_choice":"Lose Max HP","floor":5.0,"gold_loss":0.0,"damage_taken":0.0,"relics_obtained":["Golden Idol"]},{"damage_healed":0.0,"max_hp_gain":0.0,"max_hp_loss":0.0,"gold_gain":0.0,"event_name":"Dead Adventurer","player_choice":"Searched \u00271\u0027 times","floor":10.0,"gold_loss":0.0,"damage_taken":0.0},{"damage_healed":0,"gold_gain":0,"cards_transformed":["Defend_P","Strike_P"],"player_choice":"Became Test Subject","damage_taken":0,"max_hp_gain":0,"max_hp_loss":0,"event_name":"Drug Dealer","floor":21,"gold_loss":0,"cards_obtained":["DeceiveReality","Vault"]},{"cards_removed":["Defend_P"],"damage_healed":0,"gold_gain":0,"player_choice":"Elegance","damage_taken":0,"max_hp_gain":0,"max_hp_loss":0,"event_name":"Back to Basics","floor":22,"gold_loss":0},{"damage_healed":0,"gold_gain":50,"player_choice":"Touch","damage_taken":6,"max_hp_gain":0,"max_hp_loss":0,"event_name":"FaceTrader","floor":27,"gold_loss":0},{"damage_healed":0,"gold_gain":0,"player_choice":"Gave Idol","damage_taken":0,"relics_obtained":["Bloody Idol"],"max_hp_gain":0,"max_hp_loss":0,"event_name":"Forgotten Altar","floor":31,"relics_lost":["Golden Idol"],"gold_loss":0},{"damage_healed":0,"gold_gain":0,"player_choice":"Memory 3","damage_taken":10,"max_hp_gain":0,"max_hp_loss":0,"event_name":"SensoryStone","floor":36,"gold_loss":0},{"damage_healed":0,"gold_gain":0,"player_choice":"Fight","damage_taken":0,"max_hp_gain":0,"max_hp_loss":0,"event_name":"Mysterious Sphere","floor":37,"gold_loss":0}],"is_beta":false,"boss_relics":[{"not_picked":["SlaversCollar","Fusion Hammer"],"picked":"Runic Pyramid"},{"not_picked":["Snecko Eye","SacredBark"],"picked":"Pandora\u0027s Box"}],"items_purged_floors":[2,20],"is_endless":false,"potions_floor_spawned":[1,12,14,16,19,25,33],"ascension_level":20}}