{"host":"uj9w4ppfbvfw2v3t","time":1614347444,"event":{"mods":["AchievementEnabler","BaseMod","Colored Map","Colored Powertips","Keyboard Shortcuts","Marisa£¨Ùöéë¡¡Øª×âÞÞ£©","Minty Spire (QoL Compilation)","Quick Restart","Say the Spire","StSLib","SuperFastMode","WarShipGirlsR/??á´Ò³R mod"],"gold_per_floor":[217,61,76,76,76,76,105,124,206,236,264,275,275,289,289,392,442,442,442],"floor_reached":18,"language":"KOR","playtime":559,"items_purged":["rmod:strick"],"score":298,"play_id":"c0d62215-552c-4725-ac81-9cafaff22e1e","local_time":"20210226225044","is_ascension_mode":true,"campfire_choices":[{"data":"rmod:ridicule","floor":6.0,"key":"SMITH"},{"data":"rmod:expedition","floor":15.0,"key":"SMITH"}],"circlet_count":0,"master_deck":["rmod:strick","rmod:strick","rmod:strick","rmod:defend","rmod:defend","rmod:defend","rmod:defend","rmod:basicallowance","rmod:maingunfire","rmod:firesupport","rmod:ridicule+1","rmod:rockthrower","rmod:expedition+1","rmod:tearstotiara+1","rmod:firesupport+1","rmod:fuelsupply","rmod:smokecover","rmod:u235","rmod:aggressivemary+1"],"relics":["rmod:firstchargereward","Nunchaku","Singing Bowl","White Beast Statue","Du-Vu Doll","Molten Egg 2","Tiny House"],"acts_visited":["Exordium","TheCity"],"potions_floor_usage":[],"damage_taken":[{"damage":0.0,"enemies":"2 Louse","floor":1.0,"turns":4.0},{"damage":6.0,"enemies":"Small Slimes","floor":3.0,"turns":3.0},{"damage":0.0,"enemies":"Gremlin Nob","floor":7.0,"turns":2.0},{"damage":4.0,"enemies":"Jaw Worm","floor":8.0,"turns":2.0},{"damage":16.0,"enemies":"Lagavulin","floor":11.0,"turns":3.0},{"damage":0.0,"enemies":"2 Fungi Beasts","floor":12.0,"turns":1.0},{"damage":12.0,"enemies":"Blue Slaver","floor":14.0,"turns":2.0},{"damage":12.0,"enemies":"Slime Boss","floor":16.0,"turns":6.0},{"damage":6,"enemies":"3 Byrds","floor":18,"turns":2}],"seed_played":"8511846773098854068","potions_obtained":[{"floor":11.0,"key":"Energy Potion"},{"floor":12.0,"key":"SmokeBomb"},{"floor":14.0,"key":"Block Potion"},{"floor":16.0,"key":"Strength Potion"},{"floor":17.0,"key":"Fruit Juice"}],"is_trial":false,"path_per_floor":["M","$","M","?","?","R","E","M","T","?","E","M","?","M","R","B",null,"M"],"character_chosen":"PRAEFECT","items_purchased":["rmod:ridicule"],"campfire_rested":0,"item_purchase_floors":[2],"current_hp_per_floor":[68,68,62,59,59,59,59,55,55,55,39,39,44,32,32,20,75,69,69],"gold":442,"neow_bonus":"HUNDRED_GOLD","is_daily":false,"chose_seed":false,"campfire_upgraded":2,"win_rate":0.0,"timestamp":1614347444,"path_taken":["M","$","M","?","?","R","E","M","T","?","E","M","?","M","R","BOSS","M"],"items_purchased_type":["Card"],"build_version":"2020-12-22","purchased_purges":1,"victory":false,"max_hp_per_floor":[75,75,75,75,75,75,75,75,75,75,75,75,80,80,80,80,90,90,90],"card_choices":[{"not_picked":["rmod:victimresponsibility","rmod:fletcherpendant"],"picked":"rmod:firesupport","floor":1.0},{"not_picked":["rmod:fletcherpendant","rmod:steelsupply"],"picked":"rmod:rockthrower","floor":3.0},{"not_picked":["rmod:ring","rmod:smokecover"],"picked":"rmod:expedition","floor":7.0},{"not_picked":["rmod:diaomin","rmod:overbreakdown"],"picked":"rmod:tearstotiara","floor":8.0},{"not_picked":["rmod:fletcherpendant+1","rmod:lonelyqueen"],"picked":"rmod:firesupport+1","floor":11.0},{"not_picked":["rmod:wife","rmod:diaomin"],"picked":"rmod:fuelsupply","floor":12.0},{"not_picked":["rmod:supportescort","rmod:steelsupply"],"picked":"rmod:smokecover","floor":14.0},{"not_picked":["rmod:abidefaith","rmod:seals"],"picked":"rmod:u235","floor":16.0},{"not_picked":["rmod:fletcherpendant+1","rmod:unsinkable"],"picked":"rmod:aggressivemary+1","floor":17.0}],"player_experience":341976,"relics_obtained":[{"floor":7.0,"key":"Singing Bowl"},{"floor":9.0,"key":"White Beast Statue"},{"floor":11.0,"key":"Molten Egg 2"}],"event_choices":[{"damage_healed":0.0,"max_hp_gain":0.0,"max_hp_loss":0.0,"gold_gain":0.0,"event_name":"Scrap Ooze","player_choice":"Success","floor":4.0,"gold_loss":0.0,"damage_taken":3.0,"relics_obtained":["Nunchaku"]},{"damage_healed":0.0,"max_hp_gain":0.0,"max_hp_loss":0.0,"gold_gain":0.0,"event_name":"Liars Game","player_choice":"Ignored","floor":5.0,"gold_loss":0.0,"damage_taken":0.0},{"damage_healed":0.0,"max_hp_gain":0.0,"max_hp_loss":0.0,"gold_gain":30.0,"event_name":"Dead Adventurer","player_choice":"Searched \u00272\u0027 times","floor":10.0,"gold_loss":0.0,"damage_taken":0.0,"relics_obtained":["Du-Vu Doll"]},{"damage_healed":0.0,"max_hp_gain":5.0,"max_hp_loss":0.0,"gold_gain":0.0,"event_name":"Big Fish","player_choice":"Donut","floor":13.0,"gold_loss":0.0,"damage_taken":0.0}],"is_beta":false,"boss_relics":[{"not_picked":["rmod:mogul","Ectoplasm"],"picked":"Tiny House"}],"items_purged_floors":[2],"is_endless":false,"potions_floor_spawned":[11,12,14,16],"killed_by":"3 Byrds","ascension_level":8}}