{"host":"dwyzfvnzfcqffr30","time":1614352468,"event":{"mods":["2.2 Compatiblity","Act Like it!","Aspiration","BaseMod","Beaked The Cultist","Better Altar","Better Match","Better Note","Better Sensory Stone","Better Skull","Better Third Choice","Clockwork Mod","Colored Map","Colored Powertips","Conspire","Downfall","Elementarium","GifTheSpireLib","Halation","Hermit","Hubris","Infinite Spire","Ironclad Rager","Jedi Mod","Menagerie","Mimic Mod","Minty Spire (QoL Compilation)","Permanent Neow","Random Character Button","Relic Filter Mod","Reliquary","Replay The Spire","Shapeshifter Mod","Spicy Shops","Spikes Relics","StSLib","Stuff the Spire","The Construct","The Disciple","The Druid","The Marked","TheFirefly","Trackpad","Wandering Minibosses"],"gold_per_floor":[18,35,53,53,53,69,92,127,127,147,183,183,230,230,87,128,128,213,213,247,276,311,344,56,56,86,107,141,176,51,51,51,51,69,69,69,144,144,164,190,215,215,240,291,291,392,432,479,479,524,583,583,583,583,583,583,26,59,59],"floor_reached":60,"language":"ENG","playtime":20798,"items_purged":["Strike_G+1","Strike_G+1","Strike_G+1","Strike_G+1","Strike_G+1"],"score":2994,"play_id":"8bb40b41-6d42-41ac-9dc9-ee4089f800f4","local_time":"20210226071428","is_ascension_mode":true,"campfire_choices":[{"floor":9,"key":"RECALL"},{"floor":17,"key":"REST"},{"floor":25,"key":"REST"},{"floor":36,"key":"REST"},{"data":"Accuracy+1","floor":45,"key":"SMITH"},{"floor":53,"key":"REST"},{"data":"hubris:Sniper+1","floor":56,"key":"SMITH"}],"circlet_count":0,"master_deck":["AscendersBane","StSShapeShifter:Sap_Burst+1","Defend_G+1","Defend_G+1","Defend_G+1","Defend_G+1","Defend_G+1","Survivor+1","Neutralize+1","Replay:Dark Deal+1","Apotheosis+1","MasterReality+1","Prepared+1","Blade Dance+1","Cloak And Dagger+1","Dagger Spray+1","Unload+1","Accuracy+3","ReplayTheSpireMod:Speed Training+1","hubris:Sniper+2","Infinite Blades+1","reliquary:Vim+1","jedi:unstablefumes+1","StuffTheSpire:Incantation+1"],"relics":["Ring of the Serpent","Frozen Egg 2","Toxic Egg 2","Molten Egg 2","Quantum Egg","SacredBark","conspire:InfiniteJournal","infinitespire:EvilPickle","halation:Prosthetics","hubris:TinFlute","Bottled Tornado","conspire:Dentures","hubris:MobiusCoin","trackpad:DisasterInABottle","Ancient Tea Set","Replay:Baseball","jedi:sprinkler","Shuriken","trackpad:ByrdCharm","aspiration:SeaSaltIceCream","Chameleon Ring","HornCleat","HandDrill","beaked:SacredDeck","Elementarium:ElementariumTrophy","hubris:HollowSoul","jedi:rubbersling","Art of War","MealTicket","trackpad:SneckoScepter","jedi:gremlinknob","ToxicTincture","halation:PromiseList"],"acts_visited":["Exordium","Elementarium:Elementarium","TheBeyond","TheEnding"],"potions_floor_usage":[7,13,18,29,29,41,51,54,58,59],"damage_taken":[{"damage":0,"enemies":"Cultist","floor":1,"turns":3},{"damage":4,"enemies":"Jaw Worm","floor":2,"turns":5},{"damage":0,"enemies":"infinitespire:Voidling","floor":3,"turns":3},{"damage":0,"enemies":"conspire:2 RoseBushes","floor":6,"turns":6},{"damage":0,"enemies":"Exordium Thugs","floor":7,"turns":3},{"damage":0,"enemies":"Replay:BlueRogue","floor":8,"turns":4},{"damage":18,"enemies":"Large Slime","floor":10,"turns":5},{"damage":0,"enemies":"conspire:2 RoseBushes","floor":11,"turns":5},{"damage":0,"enemies":"Lagavulin","floor":13,"turns":7},{"damage":0,"enemies":"Replay:BlueRogue","floor":16,"turns":6},{"damage":0,"enemies":"Slime Boss","floor":18,"turns":4},{"damage":6,"enemies":"Elementarium:2_ELEMENTALS","floor":20,"turns":4},{"damage":7,"enemies":"Elementarium:Cyclone","floor":21,"turns":4},{"damage":28,"enemies":"Elementarium:VoidBeast","floor":22,"turns":4},{"damage":6,"enemies":"Elementarium:STONE_GOLEMS","floor":23,"turns":5},{"damage":1,"enemies":"Elementarium:WarGolem","floor":26,"turns":3},{"damage":0,"enemies":"Elementarium:VOID_CORRUPTION_AND_TAR_GOLEM","floor":27,"turns":3},{"damage":0,"enemies":"Elementarium:VoidBeast","floor":28,"turns":4},{"damage":0,"enemies":"Elementarium:FIRE_NOBILITY","floor":29,"turns":7},{"damage":9,"enemies":"Elementarium:VoidBeast","floor":34,"turns":3},{"damage":0,"enemies":"Elementarium:GoldenDragon","floor":37,"turns":5},{"damage":0,"enemies":"Orb Walker","floor":39,"turns":3},{"damage":0,"enemies":"3 Darklings","floor":40,"turns":4},{"damage":6,"enemies":"Writhing Mass","floor":41,"turns":3},{"damage":0,"enemies":"Sphere and 2 Shapes","floor":43,"turns":3},{"damage":0,"enemies":"Giant Head","floor":44,"turns":6},{"damage":0,"enemies":"beaked:SuperParasite","floor":46,"turns":3},{"damage":0,"enemies":"Maw","floor":47,"turns":4},{"damage":0,"enemies":"Maw","floor":48,"turns":5},{"damage":1,"enemies":"3 Darklings","floor":50,"turns":4},{"damage":6,"enemies":"Reptomancer","floor":51,"turns":5},{"damage":0,"enemies":"Time Eater","floor":54,"turns":7},{"damage":0,"enemies":"Shield and Spear","floor":58,"turns":4},{"damage":5,"enemies":"The Heart","floor":59,"turns":6}],"seed_played":"8274657104379936586","potions_obtained":[{"floor":2,"key":"SkillPotion"},{"floor":3,"key":"BlessingOfTheForge"},{"floor":8,"key":"SpeedPotion"},{"floor":13,"key":"Block Potion"},{"floor":18,"key":"BlessingOfTheForge"},{"floor":23,"key":"BlessingOfTheForge"},{"floor":39,"key":"hexamod:SoulburnPotion"},{"floor":50,"key":"SkillPotion"},{"floor":51,"key":"Languid Potion"}],"is_trial":false,"path_per_floor":["M","M","M","PTL","PTL","M","M","E","R","M","MIM","T","E","?","$","E","R","B",null,"M","M","M","M","$","R","E","M","MIM","E","$","PTL","PTL","?","M","AVR","R","B",null,"M","M","M","AVR","M","E","R","E","MIM","M","?","M","E","?","R","B",null,"R","$","E","B",null],"character_chosen":"THE_SILENT","items_purchased":["Replay:Baseball","Shuriken","Infinite Blades+1","ToxicTincture","halation:PromiseList","EssenceOfSteel"],"campfire_rested":4,"item_purchase_floors":[15,24,30,57,57,57],"current_hp_per_floor":[66,62,62,62,62,62,66,66,66,48,48,48,48,48,48,48,66,66,66,60,53,25,19,19,38,37,37,37,37,37,37,37,37,28,28,47,47,61,61,61,55,55,55,55,55,55,66,66,66,65,59,59,66,66,66,66,66,66,61],"gold":59,"neow_bonus":"RANDOM_COLORLESS_2","is_daily":false,"chose_seed":false,"campfire_upgraded":2,"win_rate":0.0,"timestamp":1614352468,"path_taken":["M","M","?","PTL","PTL","M","M","E","R","M","MIM","?","E","?","$","E","R","BOSS","M","M","M","M","$","R","E","?","MIM","E","?","PTL","PTL","?","M","AVR","R","BOSS","M","M","M","AVR","M","E","R","E","MIM","M","?","M","E","?","R","BOSS","R","$","E","BOSS"],"items_purchased_type":["Relic","Relic","Card","Relic","Relic","Potion"],"build_version":"2020-12-22","purchased_purges":5,"victory":true,"max_hp_per_floor":[66,66,66,66,66,66,66,66,66,66,66,66,66,66,66,66,66,66,66,66,66,66,66,66,66,66,66,66,66,66,66,66,66,66,66,66,66,66,66,66,66,66,66,66,66,66,66,66,66,66,66,66,66,66,66,66,66,66,66],"card_choices":[{"not_picked":["jedi:cleanse","ReplayTheSpireMod:Necrogeddon"],"picked":"Replay:Dark Deal","floor":0},{"not_picked":["Acrobatics+1","Slice+1"],"picked":"Prepared+1","floor":1},{"not_picked":["Endless Agony+1","PiercingWail+1"],"picked":"Blade Dance+1","floor":2},{"not_picked":["Flying Knee+1","jedi:acidrain+1","Dodge and Roll+1"],"picked":"SKIP","floor":3},{"not_picked":["aspiration:Lunge+1","Prepared+1"],"picked":"Cloak And Dagger+1","floor":6},{"not_picked":["Masterful Stab+1","Acrobatics+1","Poisoned Stab+1"],"picked":"SKIP","floor":7},{"not_picked":["Replay:Poison Smokescreen+1","Backflip+1","Acrobatics+1"],"picked":"SKIP","floor":8},{"not_picked":["hubris:SlightOfHand+1","Heel Hook+1","Deflect+1"],"picked":"SKIP","floor":10},{"not_picked":["PiercingWail+1","Acrobatics+1"],"picked":"Dagger Spray+1","floor":11},{"not_picked":["Riddle With Holes+1","Dagger Throw+1","Underhanded Strike+1"],"picked":"SKIP","floor":13},{"not_picked":["Dagger Spray+1","Blade Dance+1","Outmaneuver+1"],"picked":"SKIP","floor":16},{"not_picked":["jedi:brewingpoison+1","Night Terror+1"],"picked":"Unload+1","floor":18},{"not_picked":["Dash+1","Masterful Stab+1","StuffTheSpire:BumpUp+1"],"picked":"SKIP","floor":20},{"not_picked":["jedi:pocketpoison+1","StuffTheSpire:Python+1"],"picked":"Accuracy+1","floor":21},{"not_picked":["Poisoned Stab+1","All Out Attack+1","Flying Knee+1"],"picked":"SKIP","floor":22},{"not_picked":["Riddle With Holes+1","Prepared+1","ReplayTheSpireMod:Exploit Weakness+1"],"picked":"SKIP","floor":23},{"not_picked":["PiercingWail+1","Outmaneuver+1","Poisoned Stab+1"],"picked":"SKIP","floor":26},{"not_picked":["Dagger Spray+1","All Out Attack+1"],"picked":"ReplayTheSpireMod:Speed Training+1","floor":27},{"not_picked":["Dagger Throw+1","ReplayTheSpireMod:Scrap Shanks+1"],"picked":"hubris:Sniper+1","floor":29},{"not_picked":["Expertise+1","Quick Slash+1","Storm of Steel+1"],"picked":"SKIP","floor":34},{"not_picked":["Choke+1","Tactician+1","Backflip+1"],"picked":"SKIP","floor":39},{"not_picked":["StuffTheSpire:Repulse+1","Prepared+1","StuffTheSpire:Python+1"],"picked":"SKIP","floor":40},{"not_picked":["jedi:pocketpoison+1","Bane+1","hubris:SlightOfHand+1"],"picked":"SKIP","floor":41},{"not_picked":["Acrobatics+1","StuffTheSpire:Injection+1"],"picked":"jedi:unstablefumes+1","floor":43},{"not_picked":["jedi:collectorvenom+1","Leg Sweep+1","InfectiousVector+1"],"picked":"SKIP","floor":44},{"not_picked":["Outmaneuver+1","jedi:unstablefumes+1","All Out Attack+1"],"picked":"SKIP","floor":46},{"not_picked":["Replay:Poison Smokescreen+1","ReplayTheSpireMod:Exploit Weakness+1"],"picked":"StuffTheSpire:Incantation+1","floor":47},{"not_picked":["Escape Plan+1","Flying Knee+1","StuffTheSpire:Incursion+1"],"picked":"SKIP","floor":48},{"not_picked":["hubris:SlightOfHand+1","StuffTheSpire:BrimstoneBlast+1","StuffTheSpire:Python+1"],"picked":"SKIP","floor":50},{"not_picked":["infinitespire:Neurotoxin+1","Skewer+1","Doppelganger+1"],"picked":"SKIP","floor":51},{"not_picked":["Underhanded Strike+1","Doppelganger+1","Slice+1"],"picked":"SKIP","floor":58}],"player_experience":3714010,"relics_obtained":[{"floor":8,"key":"conspire:Dentures"},{"floor":12,"key":"hubris:MobiusCoin"},{"floor":13,"key":"trackpad:DisasterInABottle"},{"floor":16,"key":"jedi:sprinkler"},{"floor":26,"key":"trackpad:ByrdCharm"},{"floor":28,"key":"aspiration:SeaSaltIceCream"},{"floor":29,"key":"HornCleat"},{"floor":44,"key":"Art of War"},{"floor":46,"key":"MealTicket"},{"floor":47,"key":"trackpad:SneckoScepter"},{"floor":51,"key":"jedi:gremlinknob"}],"event_choices":[{"damage_healed":0,"gold_gain":0,"player_choice":"Simplicity","damage_taken":0,"max_hp_gain":0,"max_hp_loss":10,"event_name":"betterThird:BetterWriting","floor":0,"gold_loss":0},{"damage_healed":0,"gold_gain":0,"player_choice":"Gave Potion","damage_taken":0,"relics_obtained":["Ancient Tea Set"],"max_hp_gain":0,"max_hp_loss":0,"event_name":"WeMeetAgain","floor":14,"gold_loss":0},{"damage_healed":0,"gold_gain":0,"player_choice":"Ignored","damage_taken":0,"max_hp_gain":0,"max_hp_loss":0,"event_name":"Elementarium:FountainOfGold","floor":33,"gold_loss":0},{"damage_healed":0,"gold_gain":0,"player_choice":"Ignored","damage_taken":0,"max_hp_gain":0,"max_hp_loss":0,"event_name":"Elementarium:ChestOfTheGoldenMirage","floor":49,"gold_loss":0},{"damage_healed":0,"gold_gain":0,"player_choice":"Upgraded","damage_taken":0,"max_hp_gain":0,"max_hp_loss":0,"event_name":"Upgrade Shrine","floor":52,"gold_loss":0,"cards_upgraded":["Accuracy"]}],"is_beta":false,"boss_relics":[{"not_picked":["Snecko Eye","Empty Cage"],"picked":"Ring of the Serpent"},{"not_picked":["trackpad:Coffee","ReplayTheSpireMod:SealedPack"],"picked":"hubris:HollowSoul"}],"items_purged_floors":[15,30,35,42,57],"is_endless":false,"potions_floor_spawned":[2,3,8,13,18,22,23,26,39,50,51],"ascension_level":18}}