{"host":"9gxprskaw0c5jpbt","time":1614377278,"event":{"mods":["AchievementEnabler","BaseMod","Colored Map","Highlight Path","KOR Keyword Fix","Minty Spire (QoL Compilation)","Rare Cards Sparkle","StSLib","SuperFastMode","everything is the same but u backflip on backflip"],"gold_per_floor":[110,133,149,149,34,34,75,75,101,126,126,51,8,32,32,32,32],"floor_reached":16,"language":"KOR","playtime":216,"items_purged":[],"score":234,"play_id":"fa5d94cc-95ad-4109-9f92-98a7f63bb491","local_time":"20210227070758","is_ascension_mode":true,"campfire_choices":[{"data":"Dualcast","floor":6.0,"key":"SMITH"},{"data":"Hologram","floor":8.0,"key":"SMITH"},{"data":"Zap","floor":11,"key":"SMITH"},{"floor":15,"key":"REST"}],"circlet_count":0,"master_deck":["AscendersBane","Strike_B","Strike_B","Strike_B","Strike_B","Defend_B","Defend_B","Defend_B","Defend_B","Zap+1","Dualcast+1","Hologram+1","Turbo","Turbo","Lockon","Leap"],"relics":["Cracked Core","NeowsBlessing","Bronze Scales","Golden Idol","Sundial","Orichalcum","Pen Nib"],"acts_visited":[],"potions_floor_usage":[16,16],"damage_taken":[{"damage":0.0,"enemies":"Cultist","floor":1.0,"turns":1.0},{"damage":0.0,"enemies":"Small Slimes","floor":3.0,"turns":1.0},{"damage":0.0,"enemies":"Gremlin Nob","floor":7.0,"turns":1.0},{"damage":3,"enemies":"2 Louse","floor":10,"turns":2},{"damage":31,"enemies":"Exordium Wildlife","floor":14,"turns":5},{"damage":53,"enemies":"Hexaghost","floor":16,"turns":9}],"seed_played":"3376804761517638898","potions_obtained":[{"floor":3.0,"key":"Energy Potion"},{"floor":14,"key":"Explosive Potion"}],"is_trial":false,"path_per_floor":["M","T","M","?","?","R","E","R","T","M","R","?","$","M","R","B"],"character_chosen":"DEFECT","items_purchased":["Lockon"],"campfire_rested":1,"item_purchase_floors":[13],"current_hp_per_floor":[64,64,64,64,64,64,64,64,64,61,61,61,61,30,51,0,0],"gold":32,"neow_bonus":"THREE_ENEMY_KILL","is_daily":false,"chose_seed":false,"campfire_upgraded":3,"win_rate":0.0,"timestamp":1614377278,"path_taken":["M","?","M","?","?","R","E","R","T","?","R","?","?","M","R","BOSS"],"items_purchased_type":["Card"],"build_version":"2020-12-22","purchased_purges":0,"victory":false,"max_hp_per_floor":[71,71,71,71,71,71,71,71,71,71,71,71,71,71,71,71,71],"card_choices":[{"not_picked":["Compile Driver","Melter","Sweeping Beam"],"picked":"SKIP","floor":1.0},{"not_picked":["Rebound","Aggregate"],"picked":"Hologram","floor":3.0},{"not_picked":["Beam Cell","Cold Snap"],"picked":"Turbo","floor":7.0},{"not_picked":["Barrage","Compile Driver"],"picked":"Turbo","floor":10},{"not_picked":["Coolheaded","Go for the Eyes"],"picked":"Leap","floor":14}],"player_experience":992889,"relics_obtained":[{"floor":2.0,"key":"Bronze Scales"},{"floor":7.0,"key":"Orichalcum"},{"floor":9.0,"key":"Pen Nib"}],"event_choices":[{"damage_healed":0.0,"max_hp_gain":0.0,"max_hp_loss":0.0,"gold_gain":0.0,"event_name":"Golden Idol","player_choice":"Take Wound","floor":4.0,"gold_loss":0.0,"damage_taken":0.0,"relics_obtained":["Golden Idol"],"cards_obtained":["Injury"]},{"damage_healed":0.0,"max_hp_gain":0.0,"max_hp_loss":0.0,"gold_gain":0.0,"event_name":"WeMeetAgain","player_choice":"Paid Gold","floor":5.0,"gold_loss":115.0,"damage_taken":0.0,"relics_obtained":["Sundial"]},{"cards_removed":["Injury"],"damage_healed":0,"gold_gain":0,"player_choice":"Card Removal","damage_taken":0,"max_hp_gain":0,"max_hp_loss":0,"event_name":"The Cleric","floor":12,"gold_loss":75}],"is_beta":false,"boss_relics":[],"items_purged_floors":[],"is_endless":false,"potions_floor_spawned":[3,14],"killed_by":"Hexaghost","ascension_level":18}}