{"host":"y2pjqcsmy9rp2w9n","time":1614378932,"event":{"mods":["BaseMod","Curses Come First","Downfall","Highlight Path","Marisa????????","Minty Spire (QoL Compilation)","StSLib","The Cursed","The Hierophant"],"gold_per_floor":[99,116,26,39,57,57,82,96,160,176,176,176,188,488,499,499,499,499],"floor_reached":16,"language":"ENG","playtime":869,"items_purged":["champ:Strike"],"score":94,"play_id":"98372179-347a-485a-a605-0e232257d25d","local_time":"20210226163532","is_ascension_mode":false,"campfire_choices":[{"floor":1,"key":"RECALL"},{"data":"champ:Backstep","floor":6,"key":"SMITH"}],"circlet_count":0,"master_deck":["champ:Strike","champ:Strike","champ:Strike","champ:Defend","champ:Defend","champ:Defend","champ:Defend","champ:Execute","champ:Taunt","champ:FanOfKnives","champ:FlashCut","champ:GutPunch","champ:Backstep+1","champ:LastStand","champ:RisingSlash","champ:AdrenalArmor","downfall:Icky","downfall:Icky","champ:IronFortress"],"relics":["champ:ChampionCrown","Ornamental Fan","Peace Pipe"],"acts_visited":["Exordium"],"potions_floor_usage":[9,9,16],"damage_taken":[{"damage":28,"enemies":"Cultist","floor":2,"turns":5},{"damage":15,"enemies":"downfall:FleeingMerchant","floor":3,"turns":4},{"damage":15,"enemies":"Small Slimes","floor":4,"turns":3},{"damage":12,"enemies":"2 Louse","floor":5,"turns":2},{"damage":10,"enemies":"2 Fungi Beasts","floor":8,"turns":3},{"damage":26,"enemies":"Gremlin Nob","floor":9,"turns":5},{"damage":10,"enemies":"Large Slime","floor":10,"turns":5},{"damage":21,"enemies":"downfall:LooterAlt","floor":13,"turns":3},{"damage":7,"enemies":"3 Louse","floor":15,"turns":3},{"damage":48,"enemies":"SI_SHIV_ARCHETYPE","floor":16,"turns":10}],"seed_played":"4001491673459244727","potions_obtained":[{"floor":4,"key":"Weak Potion"},{"floor":5,"key":"FearPotion"},{"floor":8,"key":"Weak Potion"}],"is_trial":false,"path_per_floor":["R","M","$","M","M","R","T","M","?","M","?","?","M","?","M","B"],"character_chosen":"THE_CHAMP","items_purchased":[],"campfire_rested":0,"item_purchase_floors":[],"current_hp_per_floor":[99,91,91,86,84,84,84,84,68,68,56,56,50,50,48,0,0,0],"gold":499,"neow_bonus":"TEN_PERCENT_HP_BONUS","is_daily":false,"chose_seed":false,"campfire_upgraded":1,"win_rate":0.0,"timestamp":1614378932,"path_taken":["R","M","$","M","M","R","T","?","?","M","?","?","M","?","M","BOSS"],"items_purchased_type":[],"build_version":"2020-12-22","purchased_purges":1,"victory":false,"max_hp_per_floor":[99,99,99,99,99,99,99,99,99,99,99,99,99,99,99,99,99,99],"card_choices":[{"not_picked":["champ:BladeFlurry","champ:Duel"],"picked":"champ:FanOfKnives","floor":2},{"not_picked":["champ:SetATrap","champ:DefensiveShout"],"picked":"champ:FlashCut","floor":3},{"not_picked":["champ:FancyFootwork","champ:RapidStrikes"],"picked":"champ:GutPunch","floor":4},{"not_picked":["champ:SetATrap","champ:ShieldSlam"],"picked":"champ:Backstep","floor":5},{"not_picked":["champ:Parry","champ:Encircle"],"picked":"champ:LastStand","floor":8},{"not_picked":["champ:ArenaPreparation","champ:Lariat"],"picked":"champ:RisingSlash","floor":9},{"not_picked":["champ:FaceSlap","champ:Haymaker","champ:GladiatorStyle"],"picked":"SKIP","floor":10},{"not_picked":["champ:FaceSlap","champ:PreciseThrust"],"picked":"champ:AdrenalArmor","floor":13},{"not_picked":["champ:Circumvent","champ:StanceDance"],"picked":"champ:IronFortress","floor":15}],"player_experience":126695,"relics_obtained":[{"floor":9,"key":"Ornamental Fan"}],"event_choices":[{"damage_healed":0,"gold_gain":0,"player_choice":"Success","damage_taken":12,"relics_obtained":["Peace Pipe"],"max_hp_gain":0,"max_hp_loss":0,"event_name":"Scrap Ooze","floor":11,"gold_loss":0}],"is_beta":false,"boss_relics":[],"items_purged_floors":[3],"is_endless":false,"potions_floor_spawned":[4,5,8],"killed_by":"SI_SHIV_ARCHETYPE","ascension_level":0}}