{"host":"1fg35w36yojk0fzz","time":1614366371,"event":{"mods":["100% Spire Juice","AchievementEnabler","Act Like it!","BaseMod","Better Note","BetterRewards","CapriCore","Defuse TimeMaze Blight","Gensokyo","KinomotoSakuraMod(ñÿîVñ{?)","Koishi","MarisaÅiñ∂âJÅ@ñÇóùçπÅj","Minty Spire (QoL Compilation)","Relic Stats","Replay The Spire","Shop Mod","StSLib","Wandering Minibosses"],"gold_per_floor":[110,110,3,21,72,100,416,416,416,416,448,461,508,508,508,629,629,650,650,650,457,577,627,665,710,737,149,221,221,221,258,258,565,565,591,591,609,665,134,134,153,224,224,767,783,783,824,858,858,896,896,896,198,249,289],"floor_reached":56,"language":"ENG","playtime":10726,"items_purged":["ClowCardTheSword","ClowCardTheSword","ClowCardTheSword","ClowCardTheShield","ClowCardTheShield"],"score":2270,"play_id":"1837abc6-82be-41b5-a081-89b35b694961","local_time":"20210227040611","is_ascension_mode":true,"campfire_choices":[{"floor":8,"key":"REST"},{"floor":10,"key":"RECALL"},{"data":"SpellCardSeal","floor":15,"key":"SMITH"},{"floor":32,"key":"DIG"},{"data":"CommonCold","floor":49,"key":"PURGE"},{"data":"ClowCardTheFight","floor":52,"key":"SMITH"}],"circlet_count":0,"master_deck":["SakuraCardTheWatery+","SakuraCardTheWindy+","ClowCardTheSword","ClowCardTheShield","ClowCardTheShield","SpellCardSeal+1","SpellCardRelease","ClowCardTheWave","ClowCardTheCloud","ClowCardTheJump","ClowCardTheLoop","ClowCardTheShadow","ClowCardTheSilent","ClowCardTheThunder","ClowCardTheFloat","ClowCardTheWindy","ClowCardTheLight","Gensokyo:ManorOfTheDishes","Gensokyo:LittleGreenMen","ClowCardTheMove","ClowCardTheFloat+1","ClowCardTheJump","ClowCardTheGlow+1","ClowCardTheRain+1","ClowCardTheFlower+1","Gensokyo:ShootingStar+1","ClowCardTheTwin","ClowCardTheTwin","ClowCardTheLock+1","Gensokyo:SevenSchoolMysteries","ClowCardTheMist+1","ClowCardTheFight+1","ClowCardTheDash+1","Gensokyo:UnlikelyAid+1","ClowCardTheLock+1","ClowCardTheDash+1"],"relics":["KSMOD_SealedBook","KSMOD_SealedWand","MerchantsRug","Lizard Tail","Oddly Smooth Stone","Replay:Towering Pillar of Hats","Unceasing Top","Lantern","Ring of Peace","Ring of Fury","Happy Flower","Replay:Bandana","KSMOD_MoonBell","Counterbalance","Letter Opener","wanderingMiniBosses:OtherGremlinHorn","Gensokyo:OccultBall","Philosopher\u0027s Stone","CaptainsWheel","Simple Rune","Question Card","Orichalcum","Frozen Eye","DollysMirror","Chemical X","Gensokyo:RedStar","Toxic Egg 2","Dream Catcher","Mirror","BranchBurnRelic","Ancient Tea Set","Sozu","Gensokyo:EmptyGrave","ClockworkSouvenir","ReplayTheSpireMod:Shallot","ReplayTheSpireMod:Ninjato","KSMOD_RollerSkates","TungstenRod","Mummified Hand","Medical Kit","Snack Pack"],"acts_visited":["Exordium","Gensokyo:Gensokyo","Gensokyo:Gensokyoer","TheEnding"],"potions_floor_usage":[6,6],"damage_taken":[{"damage":2,"enemies":"Gensokyo:2_Kodama","floor":1,"turns":8},{"damage":0,"enemies":"Gensokyo:3_Fairies","floor":4,"turns":10},{"damage":14,"enemies":"Gensokyo:Aya","floor":6,"turns":9},{"damage":0,"enemies":"Gensokyo:Python","floor":7,"turns":7},{"damage":0,"enemies":"Gensokyo:Cirno","floor":11,"turns":12},{"damage":0,"enemies":"Gensokyo:CorruptedTreant","floor":12,"turns":8},{"damage":15,"enemies":"Gensokyo:Yukari","floor":16,"turns":12},{"damage":0,"enemies":"Gensokyo:2_Gloops","floor":18,"turns":5},{"damage":0,"enemies":"Gensokyo:2_Gloops","floor":22,"turns":6},{"damage":0,"enemies":"Gensokyo:Koishi","floor":23,"turns":6},{"damage":0,"enemies":"Gensokyo:Chomper","floor":24,"turns":3},{"damage":0,"enemies":"Gensokyo:Reisen","floor":25,"turns":6},{"damage":0,"enemies":"Gensokyo:Swordslinger","floor":28,"turns":3},{"damage":10,"enemies":"Gensokyo:Slime_Group","floor":31,"turns":6},{"damage":0,"enemies":"Gensokyo:Eternal_Rivals","floor":33,"turns":10},{"damage":0,"enemies":"Gensokyo:3_Bats","floor":35,"turns":8},{"damage":0,"enemies":"Gensokyo:AncientGuardian","floor":37,"turns":7},{"damage":0,"enemies":"Gensokyo:Dusk_and_Dawn","floor":38,"turns":6},{"damage":0,"enemies":"Gensokyo:Sharpion","floor":41,"turns":5},{"damage":0,"enemies":"Gensokyo:Doremy","floor":42,"turns":7},{"damage":0,"enemies":"Gensokyo:Kasen","floor":44,"turns":5},{"damage":0,"enemies":"Gensokyo:Kasen","floor":45,"turns":5},{"damage":0,"enemies":"Gensokyo:Kasen","floor":47,"turns":7},{"damage":0,"enemies":"Gensokyo:AtlasGolem","floor":48,"turns":3},{"damage":0,"enemies":"Gensokyo:Yuyuko","floor":50,"turns":7},{"damage":0,"enemies":"Shield and Spear","floor":54,"turns":2},{"damage":0,"enemies":"The Heart","floor":55,"turns":5}],"seed_played":"-3578062751352221708","potions_obtained":[{"floor":4,"key":"Swift Potion"},{"floor":6,"key":"SteroidPotion"},{"floor":16,"key":"Weak Potion"},{"floor":18,"key":"FairyPotion"},{"floor":25,"key":"Fire Potion"},{"floor":31,"key":"DistilledChaos"}],"is_trial":false,"path_per_floor":["M","?","COS","M","T","E","M","R","T","R","E","M","T","?","R","B",null,"M","?","?","$","?","E","M","E","T","COS","M","?","T","M","R","B",null,"M","?","M","M","COS","?","M","E","T","E","?","?","R","M","R","B",null,"R","$","E","B",null],"character_chosen":"KINOMOTOSAKURA","items_purchased":["MerchantsRug","ClowCardTheWave","ClowCardTheTime","Oddly Smooth Stone","ClowCardTheCloud","ClowCardTheJump","ClowCardTheLoop","Lantern","AttackPotion","ClowCardTheMove","Mummified Hand","Medical Kit","ClowCardTheDash+1"],"campfire_rested":1,"item_purchase_floors":[0,0,0,0,0,0,0,0,0,21,53,53,53],"current_hp_per_floor":[26,26,26,26,26,12,12,33,33,33,36,41,41,41,41,30,70,70,70,63,63,63,63,63,63,63,63,63,63,63,57,57,63,63,63,58,58,58,58,58,58,58,58,58,58,58,58,58,58,58,58,58,58,58,58],"gold":289,"neow_bonus":"","is_daily":false,"chose_seed":false,"campfire_upgraded":2,"win_rate":0.0,"timestamp":1614366371,"path_taken":["M","?","COS","M","?","E","?","R","T","R","E","M","?","?","R","BOSS","M","?","?","?","?","E","?","E","T","COS","M","?","?","M","R","BOSS","M","?","?","M","COS","?","?","E","T","E","?","?","R","M","R","BOSS","R","$","E","BOSS"],"items_purchased_type":["Relic","Card","Card","Relic","Card","Card","Card","Relic","Potion","Card","Relic","Relic","Card"],"build_version":"2020-12-22","purchased_purges":5,"victory":true,"max_hp_per_floor":[70,70,70,70,70,70,70,70,70,70,70,70,70,70,70,70,70,70,70,63,63,63,63,63,63,63,63,63,63,63,63,63,63,63,63,58,58,58,58,58,58,58,58,58,58,58,58,58,58,58,58,58,58,58,58],"relic_stats":{"Happy Flower":[53],"counters":[68,404],"Letter Opener":[960],"Orichalcum":[18],"Question Card":17,"Medical Kit":[3],"Sozu":6,"Lizard Tail":0,"Dream Catcher":0,"Mummified Hand":[35],"Chemical X":[3],"obtain_stats":[{"Golden Egg":9,"Vajra":8,"wanderingMiniBosses:OtherGremlinHorn":12,"Boot":6,"Old Coin":20,"Sozu":34,"Lizard Tail":0,"HornCleat":25,"DollysMirror":27,"Strawberry":6,"Prayer Wheel":0,"Philosopher\u0027s Stone":17,"Iron Hammer":26,"Replay:Wax Seal":12,"Toxic Egg 2":30,"MerchantsRug":0,"KSMOD_RollerSkates":44,"Pear":10,"Happy Flower":11,"KSMOD_SealedBook":23,"Dead Branch":20,"Counterbalance":11,"Oddly Smooth Stone":0,"Letter Opener":11,"Question Card":25,"ReplayTheSpireMod:Shallot":42,"Simple Rune":23,"ReplayTheSpireMod:TigerMarble":29,"Mirror":31,"hermit:Momento":0,"Unceasing Top":0,"Lantern":0,"SacredBark":17,"Blue Doll":0,"Mango":0,"Gensokyo:NagashiBinaDoll":4,"Gensokyo:PortableGap":15,"Smiling Mask":31,"Ancient Tea Set":32,"Gensokyo:LunaticRedEyes":2,"Replay:Rubber Ducky":0,"ClockworkSouvenir":39,"Frozen Eye":6,"BranchBurnRelic":24,"Replay:Bandana":12,"Dream Catcher":13,"Mummified Hand":53,"Ring of Peace":2,"Gensokyo:OccultBall":14,"KSMOD_SealedWand":23,"Chemical X":27,"Koishi:BloodstainedWhiteRose":23,"Koishi:LettersToReimu":27,"ReplayTheSpireMod:Ninjato":11,"Replay:Towering Pillar of Hats":0,"ReplayTheSpireMod:Ring of Sloth":12,"Omamori":0,"Ring of Greed":12,"Frozen Egg 2":4,"Orichalcum":26,"KSMOD_MoonBell":9,"Gensokyo:RedStar":29,"Medical Kit":53,"Gensokyo:EmptyGrave":36,"CaptainsWheel":22,"Gensokyo:Mercy":7,"Ring of Fury":2,"Turnip":15,"Snack Pack":54,"Membership Card":19,"ReplayTheSpireMod:Ring of Challenge":31,"TungstenRod":47,"Koishi:ImaginaryFriend":6},{"Golden Egg":14,"Vajra":22,"wanderingMiniBosses:OtherGremlinHorn":47,"Boot":21,"Old Coin":27,"Sozu":56,"Lizard Tail":41,"HornCleat":29,"DollysMirror":53,"Strawberry":36,"Prayer Wheel":18,"Philosopher\u0027s Stone":48,"Iron Hammer":29,"Replay:Wax Seal":15,"Toxic Egg 2":54,"MerchantsRug":18,"KSMOD_RollerSkates":62,"Pear":15,"Happy Flower":15,"KSMOD_SealedBook":51,"Dead Branch":27,"Counterbalance":46,"Oddly Smooth Stone":41,"Letter Opener":46,"Question Card":53,"ReplayTheSpireMod:Shallot":61,"Simple Rune":51,"ReplayTheSpireMod:TigerMarble":31,"Mirror":55,"hermit:Momento":0,"Unceasing Top":32,"Lantern":41,"SacredBark":25,"Blue Doll":18,"Mango":18,"Gensokyo:NagashiBinaDoll":13,"Gensokyo:PortableGap":24,"Smiling Mask":31,"Ancient Tea Set":55,"Gensokyo:LunaticRedEyes":33,"Replay:Rubber Ducky":18,"ClockworkSouvenir":59,"Frozen Eye":21,"BranchBurnRelic":28,"Replay:Bandana":15,"Dream Catcher":40,"Mummified Hand":66,"Ring of Peace":42,"Gensokyo:OccultBall":47,"KSMOD_SealedWand":51,"Chemical X":53,"Koishi:BloodstainedWhiteRose":28,"Koishi:LettersToReimu":30,"ReplayTheSpireMod:Ninjato":23,"Replay:Towering Pillar of Hats":41,"ReplayTheSpireMod:Ring of Sloth":15,"Omamori":18,"Ring of Greed":15,"Frozen Egg 2":34,"Orichalcum":53,"KSMOD_MoonBell":45,"Gensokyo:RedStar":54,"Medical Kit":66,"Gensokyo:EmptyGrave":57,"CaptainsWheel":50,"Gensokyo:Mercy":14,"Ring of Fury":42,"Turnip":17,"Snack Pack":67,"Membership Card":26,"ReplayTheSpireMod:Ring of Challenge":31,"TungstenRod":64,"Koishi:ImaginaryFriend":21},{"Golden Egg":82,"Vajra":127,"wanderingMiniBosses:OtherGremlinHorn":281,"Boot":119,"Old Coin":159,"Sozu":337,"Lizard Tail":227,"HornCleat":173,"DollysMirror":318,"Strawberry":203,"Prayer Wheel":103,"Philosopher\u0027s Stone":293,"Iron Hammer":173,"Replay:Wax Seal":88,"Toxic Egg 2":321,"MerchantsRug":103,"KSMOD_RollerSkates":375,"Pear":88,"Happy Flower":88,"KSMOD_SealedBook":309,"Dead Branch":159,"Counterbalance":267,"Oddly Smooth Stone":227,"Letter Opener":273,"Question Card":318,"ReplayTheSpireMod:Shallot":370,"Simple Rune":309,"ReplayTheSpireMod:TigerMarble":185,"Mirror":327,"hermit:Momento":0,"Unceasing Top":187,"Lantern":227,"SacredBark":145,"Blue Doll":103,"Mango":103,"Gensokyo:NagashiBinaDoll":80,"Gensokyo:PortableGap":135,"Smiling Mask":185,"Ancient Tea Set":327,"Gensokyo:LunaticRedEyes":190,"Replay:Rubber Ducky":103,"ClockworkSouvenir":358,"Frozen Eye":113,"BranchBurnRelic":166,"Replay:Bandana":88,"Dream Catcher":223,"Mummified Hand":397,"Ring of Peace":235,"Gensokyo:OccultBall":281,"KSMOD_SealedWand":309,"Chemical X":318,"Koishi:BloodstainedWhiteRose":166,"Koishi:LettersToReimu":178,"ReplayTheSpireMod:Ninjato":131,"Replay:Towering Pillar of Hats":227,"ReplayTheSpireMod:Ring of Sloth":88,"Omamori":103,"Ring of Greed":88,"Frozen Egg 2":191,"Orichalcum":318,"KSMOD_MoonBell":261,"Gensokyo:RedStar":321,"Medical Kit":397,"Gensokyo:EmptyGrave":345,"CaptainsWheel":304,"Gensokyo:Mercy":82,"Ring of Fury":235,"Turnip":96,"Snack Pack":399,"Membership Card":151,"ReplayTheSpireMod:Ring of Challenge":185,"TungstenRod":383,"Koishi:ImaginaryFriend":119}],"Unceasing Top":[9],"TungstenRod":0},"card_choices":[{"not_picked":["ClowCardTheErase","ClowCardTheLibra"],"picked":"ClowCardTheShadow","floor":1},{"not_picked":["ClowCardTheMist","ClowCardTheVoice"],"picked":"ClowCardTheSilent","floor":4},{"not_picked":["ClowCardTheShadow","ClowCardTheLoop"],"picked":"ClowCardTheThunder","floor":6},{"not_picked":["ClowCardTheStorm","ClowCardTheWood","ClowCardTheIllusion"],"picked":"SKIP","floor":7},{"not_picked":["ClowCardTheMirror","ClowCardTheLittle"],"picked":"ClowCardTheFloat","floor":11},{"not_picked":["ClowCardTheIllusion","ClowCardTheErase"],"picked":"ClowCardTheWindy","floor":12},{"not_picked":["ClowCardTheReturn","ClowCardTheTime"],"picked":"ClowCardTheLight","floor":16},{"not_picked":["ClowCardTheSand","ClowCardTheSilent+1","ClowCardTheWood"],"picked":"SKIP","floor":18},{"not_picked":["Gensokyo:HAARP","Gensokyo:EightFeetTall"],"picked":"Gensokyo:LittleGreenMen","floor":20},{"not_picked":["ClowCardTheSand+1","ClowCardTheMist"],"picked":"ClowCardTheFloat+1","floor":22},{"not_picked":["ClowCardTheIllusion+1","ClowCardTheFirey+1"],"picked":"ClowCardTheJump","floor":23},{"not_picked":["ClowCardTheErase","ClowCardTheSand"],"picked":"ClowCardTheWindy","floor":24},{"not_picked":["ClowCardTheRain","ClowCardTheShadow+1"],"picked":"ClowCardTheGlow+1","floor":25},{"not_picked":["ClowCardTheWood+1","ClowCardTheEarthy+1","ClowCardTheShot+1"],"picked":"ClowCardTheRain+1","floor":28},{"not_picked":["ClowCardThePower","ClowCardTheCloud","ClowCardTheEarthy"],"picked":"ClowCardTheCreate","floor":28},{"not_picked":["ClowCardTheSilent+1","ClowCardTheIllusion+1","ClowCardTheWood+1"],"picked":"ClowCardTheFlower+1","floor":31},{"not_picked":[],"picked":"Gensokyo:ShootingStar","floor":33},{"not_picked":["ClowCardTheReturn","ClowCardTheDark","ClowCardTheThunder"],"picked":"ClowCardTheTwin","floor":33},{"not_picked":["ClowCardTheDash","ClowCardTheReturn","ClowCardTheDark"],"picked":"ClowCardTheTwin","floor":35},{"not_picked":["ClowCardTheCloud+1","ClowCardTheShadow+1","ClowCardTheFirey+1"],"picked":"ClowCardTheLock+1","floor":35},{"not_picked":["ClowCardTheSand+1","ClowCardTheLibra+1","ClowCardTheDream+1"],"picked":"ClowCardTheWatery+1","floor":37},{"not_picked":["ClowCardTheFirey+1","ClowCardTheLibra+1","ClowCardTheMaze+1","ClowCardTheSnow+1"],"picked":"SKIP","floor":38},{"not_picked":["ClowCardTheIllusion+1","ClowCardTheShadow+1","ClowCardTheLibra+1"],"picked":"ClowCardTheMist+1","floor":41},{"not_picked":["ClowCardTheDash","ClowCardTheTwin","ClowCardTheCreate"],"picked":"ClowCardTheFight","floor":42},{"not_picked":["ClowCardTheSong","ClowCardTheDream+1","ClowCardTheStorm","ClowCardTheLibra+1"],"picked":"SKIP","floor":42},{"not_picked":["ClowCardTheStorm","ClowCardTheWave","ClowCardTheArrow+1"],"picked":"ClowCardTheDash+1","floor":44},{"not_picked":["Gensokyo:MorningStar+1","Gensokyo:UnhurriedMind+1"],"picked":"Gensokyo:UnlikelyAid+1","floor":45},{"not_picked":["ClowCardTheWave","ClowCardTheIllusion+1","ClowCardTheJump+1","ClowCardTheLittle+1"],"picked":"SKIP","floor":47},{"not_picked":["ClowCardTheSilent+1","ClowCardTheVoice+1","ClowCardTheLibra+1"],"picked":"ClowCardTheLock+1","floor":48},{"not_picked":["ClowCardTheErase","ClowCardTheSleep+1","ClowCardTheShadow+1","ClowCardTheWave+1"],"picked":"SKIP","floor":54}],"player_experience":560185,"relics_obtained":[{"floor":2,"key":"Ring of Peace"},{"floor":2,"key":"Ring of Fury"},{"floor":5,"key":"Happy Flower"},{"floor":6,"key":"Replay:Bandana"},{"floor":9,"key":"KSMOD_MoonBell"},{"floor":11,"key":"Letter Opener"},{"floor":12,"key":"wanderingMiniBosses:OtherGremlinHorn"},{"floor":16,"key":"Gensokyo:OccultBall"},{"floor":18,"key":"Gensokyo:OccultBall"},{"floor":22,"key":"Dead Branch"},{"floor":22,"key":"CaptainsWheel"},{"floor":22,"key":"Gensokyo:OccultBall"},{"floor":23,"key":"Simple Rune"},{"floor":25,"key":"Question Card"},{"floor":26,"key":"Orichalcum"},{"floor":30,"key":"Toxic Egg 2"},{"floor":31,"key":"Mirror"},{"floor":32,"key":"Ancient Tea Set"},{"floor":33,"key":"Gensokyo:OccultBall"},{"floor":37,"key":"Gensokyo:OccultBall"},{"floor":38,"key":"Gensokyo:OccultBall"},{"floor":42,"key":"ReplayTheSpireMod:Shallot"},{"floor":43,"key":"ReplayTheSpireMod:Ninjato"},{"floor":44,"key":"KSMOD_RollerSkates"},{"floor":47,"key":"Gensokyo:OccultBall"},{"floor":54,"key":"Snack Pack"}],"event_choices":[],"is_beta":false,"boss_relics":[{"not_picked":["Runic Dome","Velvet Choker"],"picked":"Philosopher\u0027s Stone"},{"not_picked":["Tiny House","SacredBark"],"picked":"Sozu"}],"items_purged_floors":[0,0,0,21,53],"is_endless":false,"potions_floor_spawned":[4,6,16,18,25,31,37,42,44,47,48,54],"ascension_level":4}}