{"host":"v86vpwf004p2esb7","time":1614325585,"event":{"mods":["AchievementEnabler","BaseMod","BetterRewards","Colored Powertips","Minty Spire (QoL Compilation)","Quick Restart","StSLib","Transform Curses"],"gold_per_floor":[115,130,141,161,121,152,152,182,206,235,252,268,296,311,311,407,407,420,437,437,120,130,158,158,158,158],"floor_reached":25,"language":"ENG","playtime":1173,"items_purged":[],"score":319,"play_id":"6536d10b-e2e7-4b7a-b3e5-86fc05426577","local_time":"20210225234625","is_ascension_mode":true,"campfire_choices":[{"data":"Armaments","floor":7,"key":"SMITH"},{"floor":15,"key":"REST"},{"floor":24,"key":"REST"}],"circlet_count":0,"master_deck":["Strike_R","Strike_R","Strike_R+1","Strike_R","Strike_R","Defend_R","Defend_R","Defend_R","Defend_R","Bash","Evolve","Wild Strike","Armaments+1","Spot Weakness","Thunderclap","Impervious","Flame Barrier","Heavy Blade","Fire Breathing","Heavy Blade","Perfected Strike+1","Power Through","Double Tap","Reaper","CurseOfTheBell","Twin Strike","Iron Wave+1","Metallicize","Perfected Strike","Entrench"],"relics":["Burning Blood","Bird Faced Urn","Turnip","Potion Belt","Bag of Preparation","Red Skull","Ancient Tea Set","Torii","Calling Bell","Blood Vial","Pantograph","Unceasing Top","HornCleat","Whetstone"],"acts_visited":["Exordium","TheCity"],"potions_floor_usage":[8,8,8,10,10,10,10,10,16,19,19,23,23],"damage_taken":[{"damage":0,"enemies":"Cultist","floor":1,"turns":4},{"damage":7,"enemies":"Small Slimes","floor":2,"turns":4},{"damage":6,"enemies":"2 Louse","floor":3,"turns":3},{"damage":12,"enemies":"Exordium Thugs","floor":4,"turns":5},{"damage":37,"enemies":"Lagavulin","floor":6,"turns":8},{"damage":17,"enemies":"Gremlin Nob","floor":8,"turns":4},{"damage":13,"enemies":"Lagavulin","floor":10,"turns":5},{"damage":13,"enemies":"Blue Slaver","floor":11,"turns":4},{"damage":8,"enemies":"3 Louse","floor":12,"turns":3},{"damage":18,"enemies":"Gremlin Nob","floor":13,"turns":3},{"damage":0,"enemies":"2 Fungi Beasts","floor":14,"turns":2},{"damage":38,"enemies":"Slime Boss","floor":16,"turns":6},{"damage":23,"enemies":"Shell Parasite","floor":18,"turns":5},{"damage":18,"enemies":"Spheric Guardian","floor":19,"turns":5},{"damage":27,"enemies":"Cultist and Chosen","floor":22,"turns":8},{"damage":49,"enemies":"Book of Stabbing","floor":23,"turns":7},{"damage":49,"enemies":"Gremlin Leader","floor":25,"turns":5}],"seed_played":"-5455025882930352756","potions_obtained":[{"floor":1,"key":"SneckoOil"},{"floor":3,"key":"FearPotion"},{"floor":5,"key":"LiquidBronze"},{"floor":5,"key":"EntropicBrew"},{"floor":5,"key":"EntropicBrew"},{"floor":8,"key":"BlessingOfTheForge"},{"floor":12,"key":"AttackPotion"},{"floor":13,"key":"SpeedPotion"},{"floor":14,"key":"SteroidPotion"},{"floor":18,"key":"EntropicBrew"},{"floor":19,"key":"Block Potion"}],"is_trial":false,"path_per_floor":["M","M","M","M","?","E","R","E","T","E","M","M","E","M","R","B",null,"M","M","?","$","M","E","R","E"],"character_chosen":"IRONCLAD","items_purchased":["Bird Faced Urn","Evolve","Turnip","Wild Strike","Potion Belt","Metallicize","HornCleat"],"campfire_rested":2,"item_purchase_floors":[0,0,0,0,0,21,21],"current_hp_per_floor":[52,53,55,49,49,20,20,11,11,30,27,27,15,21,45,17,64,49,43,69,69,56,17,41,0,0],"gold":158,"neow_bonus":"","is_daily":false,"chose_seed":false,"campfire_upgraded":1,"win_rate":0.0,"timestamp":1614325585,"path_taken":["M","M","?","?","?","E","R","E","T","E","M","M","E","M","R","BOSS","M","?","?","?","M","E","R","E"],"items_purchased_type":["Relic","Card","Relic","Card","Relic","Card","Relic"],"build_version":"2020-12-22","purchased_purges":0,"victory":false,"max_hp_per_floor":[80,80,80,80,80,80,80,80,80,80,80,80,80,80,80,80,80,80,80,80,80,80,80,80,80,80],"card_choices":[{"not_picked":["Blood for Blood","Body Slam"],"picked":"Armaments","floor":1},{"not_picked":["Feel No Pain","Shrug It Off"],"picked":"Spot Weakness","floor":2},{"not_picked":["Shockwave","Ghostly Armor"],"picked":"Thunderclap","floor":3},{"not_picked":["Flex","Battle Trance"],"picked":"Impervious","floor":4},{"not_picked":["Headbutt","Havoc"],"picked":"Flame Barrier","floor":6},{"not_picked":["Second Wind","Brutality"],"picked":"Heavy Blade","floor":8},{"not_picked":["Body Slam","Pummel"],"picked":"Fire Breathing","floor":10},{"not_picked":["Evolve","Sentinel"],"picked":"Heavy Blade","floor":11},{"not_picked":["Rupture","Carnage"],"picked":"Perfected Strike","floor":12},{"not_picked":["Thunderclap","Bloodletting"],"picked":"Power Through","floor":13},{"not_picked":["Bloodletting","Ghostly Armor"],"picked":"Double Tap","floor":14},{"not_picked":["Impervious","Corruption"],"picked":"Reaper","floor":16},{"not_picked":["Sentinel","Armaments"],"picked":"Twin Strike","floor":18},{"not_picked":["True Grit+1","Cleave"],"picked":"Iron Wave+1","floor":19},{"not_picked":["Hemokinesis+1","Twin Strike"],"picked":"Perfected Strike","floor":22},{"not_picked":["Warcry+1","Uppercut+1"],"picked":"Entrench","floor":23}],"player_experience":217696,"relics_obtained":[{"floor":6,"key":"Bag of Preparation"},{"floor":8,"key":"Red Skull"},{"floor":10,"key":"Ancient Tea Set"},{"floor":13,"key":"Torii"},{"floor":17,"key":"Blood Vial"},{"floor":17,"key":"Pantograph"},{"floor":17,"key":"Unceasing Top"},{"floor":23,"key":"Whetstone"}],"event_choices":[{"damage_healed":0,"gold_gain":0,"player_choice":"Bought 3 Potions","damage_taken":0,"max_hp_gain":0,"max_hp_loss":0,"event_name":"The Woman in Blue","floor":5,"gold_loss":0},{"damage_healed":26,"gold_gain":0,"player_choice":"Heal","damage_taken":0,"max_hp_gain":0,"max_hp_loss":0,"event_name":"The Library","floor":20,"gold_loss":0}],"is_beta":false,"boss_relics":[{"not_picked":["Runic Dome","Ectoplasm"],"picked":"Calling Bell"}],"items_purged_floors":[],"is_endless":false,"potions_floor_spawned":[1,3,8,12,13,14,18,19],"killed_by":"Gremlin Leader","ascension_level":5}}