{"host":"u9xtr94typ21duox","time":1614305428,"event":{"mods":["Act Like it!","BaseMod","Downfall","Key Reminder","KinomotoSakuraMod(木之本樱)","LagranYue(拉格朗・月)","Luminous","Marisa（F雨　魔理沙）","Minty Spire (QoL Compilation)","Quick Restart","READ ME - Guardian Mod","Reimu（博丽灵梦）","Remilia（蕾米莉亚）","Replay The Spire","SIMod","SOS（斯巴达之子）","Shop Mod","StSLib","Td1madao Mod","The Administrix","The Bladedancer","The Bug Knight","The Construct","The Cursed","The Gatherer","The Runesmith","The Senshi","The Servant 0.9.4","WarShipGirlsR/战舰少女R mod","Warlord Emblem","Youmu（魂魄妖梦）","[GremlinLeader]The Maniac"],"gold_per_floor":[368,148,81,101,121,153,153,169,169,202,202,202,202,235,235,337,337,348,367,377,377,827,855,855,855],"floor_reached":24,"language":"ZHS","playtime":954,"items_purged":["theSenshi:SailorKick"],"score":336,"play_id":"80eae75d-a536-49f2-b284-0124d193f9c0","local_time":"20210226101028","is_ascension_mode":true,"campfire_choices":[{"data":"theSenshi:CrisisMakeUp","floor":7.0,"key":"SMITH"},{"data":"theSenshi:MoonPrincessHalation","floor":11.0,"key":"SMITH"},{"floor":13.0,"key":"REST"},{"data":"theSenshi:MoonCrystalPowerMakeUp","floor":15.0,"key":"SMITH"}],"circlet_count":0,"master_deck":["theSenshi:SailorKick","theSenshi:SailorKick","theSenshi:SailorKick","theSenshi:SailorBlock","theSenshi:SailorBlock","theSenshi:SailorBlock","theSenshi:SailorBlock","theSenshi:RoseThrow","theSenshi:MoonPrismPowerMakeUp","theSenshi:MoonPrincessHalation+1","theSenshi:MoonCrystalPowerMakeUp+1","theSenshi:CrisisMakeUp+1","Pain","theSenshi:ChibiMoonsLove+1","theSenshi:SailorStarHealerAssists+1"],"relics":["theSenshi:TransformationBroochRelic","LagranYue:RandomDrawCardRelic","Strawberry","Pear","Centennial Puzzle","Golden Egg","Blue Candle","WarpedTongs","Replay:Bronze Core","Iron Hammer"],"acts_visited":["Exordium","TheCity"],"potions_floor_usage":[24,24],"damage_taken":[{"damage":2.0,"enemies":"Jaw Worm","floor":1.0,"turns":4.0},{"damage":1.0,"enemies":"Cultist","floor":4.0,"turns":5.0},{"damage":7.0,"enemies":"2 Louse","floor":5.0,"turns":3.0},{"damage":0.0,"enemies":"Replay:BlueRogue","floor":6.0,"turns":6.0},{"damage":31.0,"enemies":"Lots of Slimes","floor":8.0,"turns":8.0},{"damage":29.0,"enemies":"3 Sentries","floor":10.0,"turns":9.0},{"damage":9.0,"enemies":"Gremlin Nob","floor":14.0,"turns":3.0},{"damage":26.0,"enemies":"Hexaghost","floor":16.0,"turns":6.0},{"damage":4.0,"enemies":"Chosen","floor":18.0,"turns":4.0},{"damage":23.0,"enemies":"Spheric Guardian","floor":19.0,"turns":9.0},{"damage":13.0,"enemies":"3 Cultists","floor":20.0,"turns":5.0},{"damage":37.0,"enemies":"Book of Stabbing","floor":23.0,"turns":6.0},{"damage":12,"enemies":"Snake Plant","floor":24,"turns":1}],"seed_played":"-8395107489580249330","potions_obtained":[{"floor":1.0,"key":"PowerPotion"},{"floor":10.0,"key":"Fire Potion"},{"floor":16.0,"key":"ZuzhouPotion:ReiMu"},{"floor":23.0,"key":"EntropicBrew"}],"is_trial":false,"path_per_floor":["M","$","?","M","M","E","R","M","T","E","R","?","R","E","R","B",null,"M","M","M","?","?","E","M"],"character_chosen":"THE_SENSHI","items_purchased":["Strawberry"],"campfire_rested":1,"item_purchase_floors":[2],"current_hp_per_floor":[66,73,83,82,75,75,75,44,44,15,15,15,40,31,31,20,85,85,78,73,73,27,10,0,0],"gold":855,"neow_bonus":"TWO_FIFTY_GOLD","is_daily":false,"chose_seed":false,"campfire_upgraded":3,"win_rate":0.0,"timestamp":1614305428,"path_taken":["M","$","?","M","?","E","R","M","T","E","R","?","R","E","R","BOSS","M","?","M","?","?","E","M"],"items_purchased_type":["Relic"],"build_version":"2020-12-22","purchased_purges":1,"victory":false,"max_hp_per_floor":[68,75,85,85,85,85,85,85,85,85,85,85,85,85,85,85,85,85,85,85,85,85,85,85,85],"card_choices":[{"not_picked":["theSenshi:MoonPunch","theSenshi:LunasBite"],"picked":"theSenshi:MoonPrincessHalation","floor":1.0},{"not_picked":["theSenshi:MoonsReflection","theSenshi:SailorMercuryAssists"],"picked":"theSenshi:MoonCrystalPowerMakeUp","floor":4.0},{"not_picked":["theSenshi:MoonPrincessHalation","theSenshi:EncouragingSpeech","theSenshi:SailorChibiMoonAssists"],"picked":"SKIP","floor":5.0},{"not_picked":["theSenshi:LateForSchool","theSenshi:DramaticEntrance"],"picked":"theSenshi:CrisisMakeUp","floor":6.0},{"not_picked":["theSenshi:MercurysCunning","theSenshi:MoonPrincessHalation","theSenshi:TuxedoMaskAssists"],"picked":"SKIP","floor":8.0},{"not_picked":["theSenshi:NeptunesGrace","theSenshi:MoonSpiralHeartAttack","theSenshi:MoonPower"],"picked":"SKIP","floor":10.0},{"not_picked":["theSenshi:SailorNeptuneAssists","theSenshi:VenusGlamour"],"picked":"theSenshi:ChibiMoonsLove","floor":14.0},{"not_picked":["theSenshi:FatedKiss","theSenshi:SailorPlutoAssists"],"picked":"theSenshi:SailorStarHealerAssists","floor":16.0},{"not_picked":["theSenshi:MoonsReflection","theSenshi:SailorJupiterAssists","theSenshi:SailorMarsAssists"],"picked":"SKIP","floor":18.0},{"not_picked":["theSenshi:MoonPower","theSenshi:SailorPlanetPower","theSenshi:OdangoHead"],"picked":"SKIP","floor":19.0},{"not_picked":["theSenshi:SupersonicWaves+1","theSenshi:MoonTiaraMagic","theSenshi:MoonsReflection"],"picked":"SKIP","floor":20.0},{"not_picked":["theSenshi:SailorCosmosAssists","theSenshi:SailorMarsAssists","theSenshi:SailorJupiterAssists"],"picked":"SKIP","floor":23.0}],"player_experience":422300,"relics_obtained":[{"floor":6.0,"key":"Centennial Puzzle"},{"floor":9.0,"key":"Golden Egg"},{"floor":10.0,"key":"Blue Candle"},{"floor":23.0,"key":"Iron Hammer"}],"event_choices":[{"damage_healed":0.0,"max_hp_gain":0.0,"max_hp_loss":0.0,"gold_gain":0.0,"event_name":"WeMeetAgain","player_choice":"Paid Gold","floor":3.0,"gold_loss":67.0,"damage_taken":0.0,"relics_obtained":["Pear"]},{"damage_healed":0.0,"max_hp_gain":0.0,"max_hp_loss":0.0,"gold_gain":0.0,"event_name":"Accursed Blacksmith","player_choice":"Rummage","floor":12.0,"gold_loss":0.0,"damage_taken":0.0,"relics_obtained":["WarpedTongs"],"cards_obtained":["Pain"]},{"damage_healed":0.0,"max_hp_gain":0.0,"max_hp_loss":0.0,"gold_gain":0.0,"event_name":"Vampires","player_choice":"Ignored","floor":21.0,"gold_loss":0.0,"damage_taken":0.0},{"damage_healed":0.0,"max_hp_gain":0.0,"max_hp_loss":0.0,"gold_gain":450.0,"event_name":"Knowing Skull","player_choice":"GOLD GOLD GOLD GOLD GOLD ","floor":22.0,"potions_obtained":[],"gold_loss":0.0,"damage_taken":46.0,"cards_obtained":[]}],"is_beta":false,"boss_relics":[{"not_picked":["bronze:MakeshiftBattery","Replay:Ancient Bell"],"picked":"Replay:Bronze Core"}],"items_purged_floors":[2],"is_endless":false,"potions_floor_spawned":[1,10,16,23],"killed_by":"Snake Plant","ascension_level":4}}