{"host":"s41rn2jhghpwfrvz","time":1614364709,"event":{"mods":["BaseMod","Minty Spire (QoL Compilation)","Quick Restart","Relic Stats","SuperFastMode"],"gold_per_floor":[117,127,127,138,138,194,238,265,265,265,296,307,327,352,352,424,424,439,459,298,310,320,345,345,370,370,399,410,410,438,139,139,216,216,228,228,67,86,86,112,112,112,112],"floor_reached":42,"language":"ENG","playtime":1374,"items_purged":["Steam"],"score":1272,"play_id":"aa95258e-837d-44c4-90ad-385b06e0232c","local_time":"20210226203829","daily_mods":["SealedDeck","Diverse","Elite Swarm"],"is_ascension_mode":true,"campfire_choices":[{"data":"1","floor":15,"key":"LIFT"},{"data":"2","floor":24,"key":"LIFT"},{"data":"3","floor":32,"key":"LIFT"},{"floor":41,"key":"RECALL"}],"circlet_count":0,"master_deck":["AscendersBane","Double Energy","Skewer","Dagger Spray","PiercingWail","Footwork","Blade Dance","Quick Slash","Adrenaline","Burning Pact","Shrug It Off","Double Tap","Turbo+1","DeusExMachina","After Image","Limit Break","Madness","Madness","Chill"],"relics":["Black Blood","HornCleat","Girya","Ornamental Fan","Lantern","Coffee Dripper","Potion Belt","Orichalcum","Bottled Tornado","Self Forming Clay","Nunchaku","Lizard Tail","TheAbacus","OrangePellets","The Courier"],"acts_visited":["Exordium","TheCity","TheBeyond"],"potions_floor_usage":[6,6,8,16,16,21,23,27,38,42,42],"damage_taken":[{"damage":5,"enemies":"2 Louse","floor":1,"turns":2},{"damage":6,"enemies":"Jaw Worm","floor":2,"turns":3},{"damage":0,"enemies":"Cultist","floor":4,"turns":2},{"damage":0,"enemies":"Lagavulin","floor":6,"turns":3},{"damage":0,"enemies":"2 Fungi Beasts","floor":7,"turns":3},{"damage":0,"enemies":"Gremlin Nob","floor":8,"turns":3},{"damage":20,"enemies":"3 Sentries","floor":11,"turns":5},{"damage":0,"enemies":"Lots of Slimes","floor":12,"turns":2},{"damage":1,"enemies":"3 Louse","floor":13,"turns":2},{"damage":0,"enemies":"Gremlin Nob","floor":14,"turns":3},{"damage":66,"enemies":"Hexaghost","floor":16,"turns":12},{"damage":0,"enemies":"Spheric Guardian","floor":18,"turns":1},{"damage":1,"enemies":"Shell Parasite","floor":19,"turns":3},{"damage":23,"enemies":"Snecko","floor":21,"turns":4},{"damage":20,"enemies":"Snake Plant","floor":22,"turns":3},{"damage":39,"enemies":"Slavers","floor":23,"turns":5},{"damage":16,"enemies":"Book of Stabbing","floor":25,"turns":4},{"damage":0,"enemies":"Slavers","floor":27,"turns":4},{"damage":7,"enemies":"Cultist and Chosen","floor":28,"turns":4},{"damage":7,"enemies":"Book of Stabbing","floor":30,"turns":4},{"damage":15,"enemies":"Collector","floor":33,"turns":5},{"damage":0,"enemies":"3 Darklings","floor":35,"turns":3},{"damage":10,"enemies":"3 Shapes","floor":38,"turns":6},{"damage":1,"enemies":"Giant Head","floor":40,"turns":5},{"damage":139,"enemies":"Nemesis","floor":42,"turns":10}],"seed_played":"7492028934969065295","potions_obtained":[{"floor":1,"key":"AttackPotion"},{"floor":2,"key":"DuplicationPotion"},{"floor":7,"key":"FearPotion"},{"floor":12,"key":"BloodPotion"},{"floor":14,"key":"EssenceOfSteel"},{"floor":21,"key":"EntropicBrew"},{"floor":22,"key":"FairyPotion"},{"floor":23,"key":"Fruit Juice"},{"floor":27,"key":"LiquidBronze"},{"floor":35,"key":"Energy Potion"}],"is_trial":true,"path_per_floor":["M","M","?","M","?","E","M","E","T","?","E","M","M","E","R","B",null,"M","M","$","M","M","E","R","E","T","E","M","?","E","$","R","B",null,"M","?","$","M","?","E","R","E"],"character_chosen":"IRONCLAD","items_purchased":["Potion Belt","TheAbacus","BloodPotion","OrangePellets"],"campfire_rested":0,"item_purchase_floors":[20,31,31,37],"current_hp_per_floor":[69,69,62,68,68,74,75,75,75,75,61,67,72,75,75,30,64,70,75,75,58,44,16,16,30,30,36,35,23,22,22,22,13,63,75,61,61,63,63,74,74,0,0],"gold":112,"neow_bonus":"","is_daily":false,"chose_seed":false,"campfire_upgraded":0,"win_rate":0.0,"timestamp":1614364709,"path_taken":["M","M","?","M","?","E","?","E","T","?","E","M","M","E","R","BOSS","M","?","$","M","M","E","R","E","T","E","M","?","E","?","R","BOSS","M","?","$","M","?","E","R","E"],"items_purchased_type":["Relic","Relic","Potion","Relic"],"build_version":"2020-12-22","purchased_purges":1,"victory":false,"max_hp_per_floor":[75,75,75,75,75,75,75,75,75,75,75,75,75,75,75,75,75,75,75,75,75,75,80,80,80,80,80,80,80,80,80,80,80,80,80,80,80,80,80,80,80,80,80],"relic_stats":{"OrangePellets":[1],"Nunchaku":[9],"Lizard Tail":40,"TheAbacus":[78],"counters":[25,101],"Ornamental Fan":[184],"Self Forming Clay":[33],"Black Blood":148,"Orichalcum":[6],"obtain_stats":[{"Potion Belt":20,"Girya":8,"Lantern":14,"Self Forming Clay":26,"Black Blood":34,"The Courier":40,"Orichalcum":23,"Bottled Tornado":25,"Burning Blood":0,"OrangePellets":37,"Nunchaku":27,"Lizard Tail":30,"HornCleat":6,"TheAbacus":31,"Ornamental Fan":11,"Coffee Dripper":17},{"Potion Belt":13,"Girya":6,"Lantern":10,"Self Forming Clay":17,"Black Blood":21,"The Courier":24,"Orichalcum":16,"Bottled Tornado":17,"Burning Blood":0,"OrangePellets":22,"Nunchaku":18,"Lizard Tail":20,"HornCleat":4,"TheAbacus":20,"Ornamental Fan":7,"Coffee Dripper":11},{"Potion Belt":44,"Girya":16,"Lantern":28,"Self Forming Clay":60,"Black Blood":77,"The Courier":91,"Orichalcum":56,"Bottled Tornado":60,"Burning Blood":0,"OrangePellets":80,"Nunchaku":64,"Lizard Tail":72,"HornCleat":10,"TheAbacus":72,"Ornamental Fan":21,"Coffee Dripper":40}]},"card_choices":[{"not_picked":["CrushJoints","Sunder","Cleave"],"picked":"SKIP","floor":1},{"not_picked":["Compile Driver","PathToVictory","Tantrum"],"picked":"SKIP","floor":2},{"not_picked":["Cleave","Rebound","Hello World"],"picked":"SKIP","floor":4},{"not_picked":["Berserk","Barricade"],"picked":"Adrenaline","floor":6},{"not_picked":["Rupture","Sucker Punch","Stack"],"picked":"SKIP","floor":7},{"not_picked":["Reboot","Demon Form","LessonLearned"],"picked":"SKIP","floor":8},{"not_picked":["Berserk","Bludgeon","All For One"],"picked":"SKIP","floor":11},{"not_picked":["Hologram","Consume"],"picked":"Burning Pact","floor":12},{"not_picked":["Barrage","Heavy Blade"],"picked":"Shrug It Off","floor":13},{"not_picked":["Blasphemy","Buffer","Brutality"],"picked":"SKIP","floor":14},{"not_picked":["Fiend Fire","Tools of the Trade"],"picked":"Double Tap","floor":16},{"not_picked":["Swivel","Wallop","Iron Wave+1"],"picked":"SKIP","floor":18},{"not_picked":["Capacitor+1","Perfected Strike","CrushJoints"],"picked":"SKIP","floor":19},{"not_picked":["Cleave+1","Glacier"],"picked":"Turbo+1","floor":21},{"not_picked":["BowlingBash","Feed","Flying Knee"],"picked":"SKIP","floor":22},{"not_picked":["Impervious","Brilliance"],"picked":"DeusExMachina","floor":23},{"not_picked":["Thunder Strike","Immolate"],"picked":"After Image","floor":25},{"not_picked":["DevaForm","ConjureBlade","Feed"],"picked":"SKIP","floor":27},{"not_picked":["ClearTheMind","Capacitor+1","FlurryOfBlows"],"picked":"SKIP","floor":28},{"not_picked":["Corruption","Phantasmal Killer","Judgement"],"picked":"SKIP","floor":30},{"not_picked":["Feed","Envenom"],"picked":"Limit Break","floor":33},{"not_picked":["Double Energy","Blur","White Noise"],"picked":"SKIP","floor":35},{"not_picked":["Reckless Charge","Beam Cell+1","Backstab"],"picked":"SKIP","floor":38},{"not_picked":["Malaise","Judgement","Core Surge"],"picked":"SKIP","floor":40}],"player_experience":2033792,"relics_obtained":[{"floor":6,"key":"HornCleat"},{"floor":8,"key":"Girya"},{"floor":11,"key":"Ornamental Fan"},{"floor":14,"key":"Lantern"},{"floor":23,"key":"Orichalcum"},{"floor":25,"key":"Bottled Tornado"},{"floor":26,"key":"Self Forming Clay"},{"floor":27,"key":"Nunchaku"},{"floor":30,"key":"Lizard Tail"},{"floor":40,"key":"The Courier"}],"event_choices":[{"cards_removed":["Auto Shields"],"damage_healed":0,"gold_gain":0,"player_choice":"Card Removal","damage_taken":7,"max_hp_gain":0,"max_hp_loss":0,"event_name":"Golden Wing","floor":3,"gold_loss":0},{"damage_healed":0,"gold_gain":0,"player_choice":"1 cards matched","damage_taken":0,"max_hp_gain":0,"max_hp_loss":0,"event_name":"Match and Keep!","floor":5,"gold_loss":0,"cards_obtained":["Wish"]},{"cards_removed":["Wish"],"damage_healed":0,"gold_gain":0,"player_choice":"Purged","damage_taken":0,"max_hp_gain":0,"max_hp_loss":0,"event_name":"Purifier","floor":10,"gold_loss":0},{"damage_healed":0,"gold_gain":0,"player_choice":"Damaged","damage_taken":12,"max_hp_gain":0,"max_hp_loss":0,"event_name":"Wheel of Change","floor":29,"gold_loss":0},{"damage_healed":0,"gold_gain":0,"player_choice":"Embrace Madness","damage_taken":14,"max_hp_gain":0,"max_hp_loss":0,"event_name":"Winding Halls","floor":36,"gold_loss":0,"cards_obtained":["Madness","Madness"]},{"damage_healed":0,"gold_gain":0,"cards_transformed":["Flex"],"player_choice":"Transformed","damage_taken":0,"max_hp_gain":0,"max_hp_loss":0,"event_name":"Transmorgrifier","floor":39,"gold_loss":0,"cards_obtained":["Chill"]}],"is_beta":false,"boss_relics":[{"not_picked":["Cursed Key","Ectoplasm"],"picked":"Coffee Dripper"},{"not_picked":["Philosopher\u0027s Stone","Fusion Hammer"],"picked":"Black Blood"}],"items_purged_floors":[31],"is_endless":false,"potions_floor_spawned":[1,2,7,12,14,21,22,23,27,35],"killed_by":"Nemesis","ascension_level":20}}