{"host":"cfv8orgc8997ql4r","time":1614323082,"event":{"mods":["AchievementEnabler","BaseMod","DeckTracker","Keyboard Shortcuts","Minty Spire (QoL Compilation)"],"gold_per_floor":[112,112,44,44,63,63,63,98,98,114,147,167,180,196,196,300,300,314,147,166,184,30,30,62,78,103,103,116,128,138,152,152,257,257,271,23,41,56,74,74,50,50,50,61,75,75,90,105,105,105],"floor_reached":51,"language":"KOR","playtime":1221,"items_purged":["Masterful Stab","Strike_G"],"score":1005,"play_id":"ca721f03-30d3-424b-9252-5195e9a6265a","local_time":"20210226160442","is_ascension_mode":true,"campfire_choices":[{"data":"Blade Dance","floor":6,"key":"SMITH"},{"data":"Blade Dance","floor":15,"key":"SMITH"},{"data":"Phantasmal Killer","floor":23,"key":"SMITH"},{"data":"Adrenaline","floor":32,"key":"SMITH"},{"floor":40,"key":"REST"},{"data":"Cloak And Dagger","floor":42,"key":"SMITH"},{"floor":49,"key":"REST"}],"circlet_count":0,"master_deck":["Strike_G","Strike_G","Strike_G","Strike_G","Defend_G","Defend_G","Defend_G","Defend_G","Survivor","Neutralize","Blade Dance+1","Infinite Blades","Backflip","PiercingWail","Blade Dance+1","Accuracy+1","Phantasmal Killer+1","Accuracy+1","Blade Dance","Acrobatics+1","Adrenaline+1","Cloak And Dagger","Blade Dance","Cloak And Dagger+1","Cloak And Dagger+1","Blade Dance"],"relics":["Ring of the Snake","NeowsBlessing","Meat on the Bone","Nunchaku","Frozen Egg 2","Tough Bandages","WristBlade","Dream Catcher","Bag of Marbles","Centennial Puzzle","SacredBark","Vajra","Shuriken"],"acts_visited":["Exordium","TheCity","TheBeyond"],"potions_floor_usage":[11,33,33,33,38,44,50,50,50],"damage_taken":[{"damage":0,"enemies":"Jaw Worm","floor":1,"turns":1},{"damage":0,"enemies":"2 Louse","floor":5,"turns":1},{"damage":0,"enemies":"3 Sentries","floor":8,"turns":2},{"damage":4,"enemies":"Cultist","floor":10,"turns":3},{"damage":5,"enemies":"Lagavulin","floor":11,"turns":5},{"damage":0,"enemies":"Gremlin Gang","floor":12,"turns":4},{"damage":1,"enemies":"Large Slime","floor":13,"turns":5},{"damage":0,"enemies":"Red Slaver","floor":14,"turns":3},{"damage":14,"enemies":"Hexaghost","floor":16,"turns":7},{"damage":0,"enemies":"2 Thieves","floor":18,"turns":3},{"damage":11,"enemies":"Spheric Guardian","floor":20,"turns":3},{"damage":18,"enemies":"Snake Plant","floor":21,"turns":4},{"damage":47,"enemies":"Gremlin Leader","floor":24,"turns":3},{"damage":6,"enemies":"Shelled Parasite and Fungi","floor":25,"turns":3},{"damage":12,"enemies":"Centurion and Healer","floor":28,"turns":2},{"damage":6,"enemies":"Sentry and Sphere","floor":29,"turns":3},{"damage":0,"enemies":"Snake Plant","floor":30,"turns":2},{"damage":0,"enemies":"Chosen and Byrds","floor":31,"turns":2},{"damage":16,"enemies":"Automaton","floor":33,"turns":4},{"damage":22,"enemies":"3 Darklings","floor":35,"turns":3},{"damage":4,"enemies":"Orb Walker","floor":37,"turns":2},{"damage":23,"enemies":"Maw","floor":38,"turns":3},{"damage":0,"enemies":"Writhing Mass","floor":39,"turns":2},{"damage":11,"enemies":"Jaw Worm Horde","floor":44,"turns":2},{"damage":16,"enemies":"4 Shapes","floor":45,"turns":4},{"damage":8,"enemies":"Spire Growth","floor":47,"turns":3},{"damage":0,"enemies":"Maw","floor":48,"turns":3},{"damage":9,"enemies":"Donu and Deca","floor":50,"turns":2}],"seed_played":"-7266275594490900245","potions_obtained":[{"floor":1,"key":"Weak Potion"},{"floor":5,"key":"Strength Potion"},{"floor":12,"key":"FairyPotion"},{"floor":14,"key":"FearPotion"},{"floor":20,"key":"EntropicBrew"},{"floor":24,"key":"EssenceOfSteel"},{"floor":29,"key":"Fire Potion"},{"floor":39,"key":"DuplicationPotion"},{"floor":44,"key":"Energy Potion"},{"floor":47,"key":"PowerPotion"}],"is_trial":false,"path_per_floor":["M","?","$","?","M","R","$","E","T","M","E","M","M","M","R","B",null,"M","$","M","M","$","R","E","M","T","?","M","M","M","M","R","B",null,"M","$","M","M","M","R","$","R","T","M","M","?","M","M","R","B",null],"character_chosen":"THE_SILENT","items_purchased":["Infinite Blades","Accuracy+1","Blade Dance","Adrenaline","Vajra","Blade Dance"],"campfire_rested":2,"item_purchase_floors":[3,19,19,22,36,41],"current_hp_per_floor":[63,38,38,31,43,43,43,43,43,39,46,46,45,45,45,43,63,63,63,52,46,46,46,33,39,39,39,39,45,45,45,45,41,63,41,41,37,26,38,59,59,59,59,48,44,44,36,36,57,48],"gold":105,"neow_bonus":"THREE_ENEMY_KILL","is_daily":false,"chose_seed":false,"campfire_upgraded":5,"win_rate":0.0,"timestamp":1614323082,"path_taken":["M","?","$","?","M","R","?","E","T","M","E","?","M","M","R","BOSS","M","$","M","?","$","R","E","M","T","?","M","M","M","?","R","BOSS","M","$","?","M","M","R","$","R","T","M","M","?","?","M","R","BOSS"],"items_purchased_type":["Card","Card","Card","Card","Relic","Card"],"build_version":"2020-12-22","purchased_purges":2,"victory":true,"max_hp_per_floor":[70,70,70,70,70,70,70,70,70,70,70,70,70,70,70,70,70,70,70,70,70,70,70,70,70,70,70,70,70,70,70,70,70,70,70,70,70,70,70,70,70,70,70,70,70,70,70,70,70,70],"card_choices":[{"not_picked":["Endless Agony","Backstab"],"picked":"Blade Dance","floor":1},{"not_picked":["Expertise","Quick Slash"],"picked":"Masterful Stab","floor":5},{"not_picked":["Quick Slash","Flying Knee"],"picked":"Backflip","floor":8},{"not_picked":["Terror","Acrobatics"],"picked":"PiercingWail","floor":10},{"not_picked":["Backflip","A Thousand Cuts+1","Skewer"],"picked":"SKIP","floor":11},{"not_picked":["Slice","Skewer","Heel Hook"],"picked":"SKIP","floor":12},{"not_picked":["Endless Agony","Cloak And Dagger"],"picked":"Blade Dance","floor":13},{"not_picked":["Skewer","Deadly Poison"],"picked":"Accuracy+1","floor":14},{"not_picked":["Glass Knife","Corpse Explosion"],"picked":"Phantasmal Killer","floor":16},{"not_picked":["Sucker Punch","Slice+1","Outmaneuver+1"],"picked":"SKIP","floor":18},{"not_picked":["Endless Agony","Underhanded Strike+1","Backstab"],"picked":"SKIP","floor":20},{"not_picked":["Prepared","Deadly Poison"],"picked":"Acrobatics+1","floor":21},{"not_picked":["Dodge and Roll","Dagger Spray","All Out Attack"],"picked":"SKIP","floor":24},{"not_picked":["Flying Knee","Predator+1","Acrobatics+1"],"picked":"SKIP","floor":25},{"not_picked":["Finisher","Outmaneuver+1"],"picked":"Cloak And Dagger","floor":28},{"not_picked":["Deflect","Eviscerate","Backflip"],"picked":"SKIP","floor":29},{"not_picked":["Bullet Time","Poisoned Stab+1"],"picked":"Blade Dance","floor":30},{"not_picked":["Endless Agony","Choke"],"picked":"Cloak And Dagger","floor":31},{"not_picked":["Outmaneuver+1","Slice","Sucker Punch"],"picked":"SKIP","floor":35},{"not_picked":["Slice+1","Backflip+1","Outmaneuver"],"picked":"SKIP","floor":37},{"not_picked":["Dash+1","Infinite Blades+1","Dagger Throw"],"picked":"SKIP","floor":38},{"not_picked":["Caltrops+1","Dodge and Roll","Poisoned Stab"],"picked":"SKIP","floor":39},{"not_picked":["Underhanded Strike","Backflip+1"],"picked":"Cloak And Dagger+1","floor":40},{"not_picked":["Endless Agony","Backflip","Footwork+1"],"picked":"SKIP","floor":44},{"not_picked":["Setup","Masterful Stab","Underhanded Strike+1"],"picked":"SKIP","floor":45},{"not_picked":["Deadly Poison","Bane+1","Dagger Throw"],"picked":"SKIP","floor":47},{"not_picked":["Flechettes","Infinite Blades+1","Distraction+1"],"picked":"SKIP","floor":48}],"player_experience":215088,"relics_obtained":[{"floor":8,"key":"Nunchaku"},{"floor":9,"key":"Frozen Egg 2"},{"floor":11,"key":"Tough Bandages"},{"floor":24,"key":"Dream Catcher"},{"floor":26,"key":"Bag of Marbles"},{"floor":27,"key":"Centennial Puzzle"},{"floor":43,"key":"Shuriken"}],"event_choices":[{"damage_healed":0,"gold_gain":0,"player_choice":"Success","damage_taken":25,"relics_obtained":["Meat on the Bone"],"max_hp_gain":0,"max_hp_loss":0,"event_name":"Scrap Ooze","floor":2,"gold_loss":0},{"cards_removed":["Defend_G"],"damage_healed":0,"gold_gain":0,"player_choice":"Card Removal","damage_taken":7,"max_hp_gain":0,"max_hp_loss":0,"event_name":"Golden Wing","floor":4,"gold_loss":0},{"damage_healed":0,"gold_gain":0,"player_choice":"Relic","damage_taken":0,"max_hp_gain":0,"max_hp_loss":0,"event_name":"Wheel of Change","floor":27,"gold_loss":0},{"damage_healed":0,"gold_gain":0,"player_choice":"Ignored","damage_taken":0,"max_hp_gain":0,"max_hp_loss":0,"event_name":"SecretPortal","floor":46,"gold_loss":0}],"is_beta":false,"boss_relics":[{"not_picked":["Fusion Hammer","Philosopher\u0027s Stone"],"picked":"WristBlade"},{"not_picked":["Runic Pyramid","Black Star"],"picked":"SacredBark"}],"items_purged_floors":[19,36],"is_endless":false,"potions_floor_spawned":[1,5,12,14,20,24,29,33,39,44,45,47],"ascension_level":7}}