{"host":"jt67skv49snb75sm","time":1614329855,"event":{"mods":["BaseMod","Bestiary","Minty Spire (QoL Compilation)","Relic Stats"],"gold_per_floor":[114,134,149,0,19,44,44,77,77,77,106,106,106,132,132,132,132],"floor_reached":16,"language":"ENG","playtime":785,"items_purged":["Strike_B"],"score":256,"play_id":"1e62a56a-3ce8-45db-bf1d-655bb6159a0a","local_time":"20210226095735","is_ascension_mode":true,"campfire_choices":[{"data":"Sweeping Beam","floor":7.0,"key":"SMITH"},{"data":"Sunder","floor":10.0,"key":"SMITH"},{"data":"Lockon","floor":15.0,"key":"SMITH"}],"circlet_count":0,"master_deck":["AscendersBane","Strike_B","Strike_B","Strike_B","Defend_B","Defend_B","Defend_B","Defend_B","Zap","Dualcast","Cold Snap","Lockon+1","Sweeping Beam+1","Sunder+1","Cold Snap","Compile Driver","Cold Snap","Genetic Algorithm","Auto Shields"],"relics":["Cracked Core","Tiny Chest","Akabeko","Anchor","Bag of Preparation","Shuriken","Kunai","Regal Pillow"],"acts_visited":["Exordium"],"potions_floor_usage":[16,16],"damage_taken":[{"damage":2.0,"enemies":"Cultist","floor":1.0,"turns":4.0},{"damage":5.0,"enemies":"Jaw Worm","floor":2.0,"turns":4.0},{"damage":5.0,"enemies":"Small Slimes","floor":3.0,"turns":3.0},{"damage":11.0,"enemies":"Blue Slaver","floor":5.0,"turns":3.0},{"damage":8.0,"enemies":"Gremlin Nob","floor":6.0,"turns":3.0},{"damage":12.0,"enemies":"Lagavulin","floor":8.0,"turns":6.0},{"damage":1.0,"enemies":"3 Sentries","floor":11.0,"turns":4.0},{"damage":9.0,"enemies":"Lagavulin","floor":14.0,"turns":7.0},{"damage":32,"enemies":"Hexaghost","floor":16,"turns":11}],"seed_played":"-6010954432623073983","potions_obtained":[{"floor":1.0,"key":"SteroidPotion"},{"floor":5.0,"key":"AttackPotion"},{"floor":8.0,"key":"PowerPotion"},{"floor":14.0,"key":"DuplicationPotion"}],"is_trial":false,"path_per_floor":["M","M","M","$","M","E","R","E","T","R","E","?","T","E","R","B"],"character_chosen":"DEFECT","items_purchased":["Sunder"],"campfire_rested":0,"item_purchase_floors":[4],"current_hp_per_floor":[62,57,52,52,41,33,33,21,21,21,20,43,43,34,34,2,2],"gold":132,"neow_bonus":"RANDOM_COMMON_RELIC","is_daily":false,"chose_seed":false,"campfire_upgraded":3,"win_rate":0.0,"timestamp":1614329855,"path_taken":["M","?","M","?","M","E","R","E","T","R","E","?","?","E","R","BOSS"],"items_purchased_type":["Card"],"build_version":"2020-12-22","purchased_purges":1,"victory":false,"max_hp_per_floor":[71,71,71,71,71,71,71,71,71,71,71,71,71,71,71,71,71],"relic_stats":{"Regal Pillow":0,"counters":[9,45],"Shuriken":[2],"Tiny Chest":1,"Bag of Preparation":[6],"Kunai":[2],"obtain_stats":[{"Anchor":8,"Regal Pillow":14,"Shuriken":11,"Tiny Chest":0,"Bag of Preparation":9,"Kunai":13,"Cracked Core":0,"Akabeko":6},{"Anchor":6,"Regal Pillow":8,"Shuriken":7,"Tiny Chest":0,"Bag of Preparation":6,"Kunai":7,"Cracked Core":0,"Akabeko":5},{"Anchor":23,"Regal Pillow":34,"Shuriken":27,"Tiny Chest":0,"Bag of Preparation":23,"Kunai":27,"Cracked Core":0,"Akabeko":17}]},"card_choices":[{"not_picked":["Force Field","Redo"],"picked":"Cold Snap","floor":1.0},{"not_picked":["Streamline","Tempest"],"picked":"Lockon","floor":2.0},{"not_picked":["Loop","Turbo"],"picked":"Sweeping Beam","floor":3.0},{"not_picked":["Sweeping Beam","Beam Cell"],"picked":"Cold Snap","floor":5.0},{"not_picked":["Steam","Turbo"],"picked":"Compile Driver","floor":6.0},{"not_picked":["Force Field","Rebound"],"picked":"Cold Snap","floor":8.0},{"not_picked":["Hologram","Rebound"],"picked":"Genetic Algorithm","floor":11.0},{"not_picked":["Creative AI","Force Field"],"picked":"Auto Shields","floor":14.0}],"player_experience":914885,"relics_obtained":[{"floor":6.0,"key":"Akabeko"},{"floor":8.0,"key":"Anchor"},{"floor":9.0,"key":"Bag of Preparation"},{"floor":11.0,"key":"Shuriken"},{"floor":13.0,"key":"Kunai"},{"floor":14.0,"key":"Regal Pillow"}],"event_choices":[{"damage_healed":23.0,"max_hp_gain":0.0,"max_hp_loss":0.0,"gold_gain":0.0,"event_name":"Big Fish","player_choice":"Banana","floor":12.0,"gold_loss":0.0,"damage_taken":0.0}],"is_beta":false,"boss_relics":[],"items_purged_floors":[4],"is_endless":false,"potions_floor_spawned":[1,5,8,14],"killed_by":"Hexaghost","ascension_level":20}}