{"host":"w11d5xug8ost5klq","time":1614372737,"event":{"mods":["100% Spire Juice","2.2 Compatiblity","BaseMod","Better Third Choice","Emptier Cage","Highlight Path","KinomotoSakuraMod(????)","Minty Spire (QoL Compilation)","Quick Restart","Reliquary","Shapeshifter Mod","Spicy Shops","StSLib","The Alterego","The Hierophant","WarShipGirlsR/????R mod"],"gold_per_floor":[113,113,139,174,174,174,212,212,280,317,317,334,334,367,367,359,359],"floor_reached":16,"language":"ENG","playtime":699,"items_purged":[],"score":141,"play_id":"c6652ca1-f1a0-40d5-8f21-b471ac08900d","local_time":"20210226145217","is_ascension_mode":true,"campfire_choices":[{"data":"hierophant:ChurchCoffers","floor":6,"key":"SMITH"},{"data":"hierophant:MirrorShield","floor":8,"key":"SMITH"},{"floor":11,"key":"REST"},{"data":"hierophant:Punish","floor":13,"key":"SMITH"},{"floor":15,"key":"REST"}],"circlet_count":0,"master_deck":["hierophant:Strike_Hierophant","hierophant:Strike_Hierophant","hierophant:Strike_Hierophant","hierophant:Strike_Hierophant","hierophant:Punish+1","hierophant:Defend_Hierophant","hierophant:Defend_Hierophant","hierophant:Defend_Hierophant","hierophant:Defend_Hierophant","hierophant:ChurchCoffers+1","hierophant:RustyCrate","hierophant:Doubloon","hierophant:Doubloon","hierophant:Remorse","hierophant:OrnateBuckler","hierophant:MirrorShield+1","hierophant:Doubloon+1","hierophant:Charity","hierophant:RustyCrate+1","hierophant:Doubloon+1","hierophant:Doubloon+1"],"relics":["hierophant:PropheticMaskRelic","NeowsBlessing","Akabeko","WingedGreaves","Toxic Egg 2","reliquary:Boomerang"],"acts_visited":["Exordium"],"potions_floor_usage":[10,16],"damage_taken":[{"damage":0,"enemies":"Jaw Worm","floor":1,"turns":1},{"damage":0,"enemies":"Cultist","floor":3,"turns":1},{"damage":0,"enemies":"Small Slimes","floor":4,"turns":1},{"damage":14,"enemies":"3 Sentries","floor":7,"turns":11},{"damage":42,"enemies":"Lagavulin","floor":10,"turns":7},{"damage":4,"enemies":"Gremlin Gang","floor":12,"turns":3},{"damage":0,"enemies":"Large Slime","floor":14,"turns":4},{"damage":59,"enemies":"The Guardian","floor":16,"turns":20}],"seed_played":"-6629973518630381884","potions_obtained":[{"floor":3,"key":"SmokeBomb"},{"floor":4,"key":"DistilledChaos"},{"floor":7,"key":"Swift Potion"}],"is_trial":false,"path_per_floor":["M","?","M","M","?","R","E","R","T","E","R","M","R","M","R","B"],"character_chosen":"HIEROPHANT","items_purchased":[],"campfire_rested":2,"item_purchase_floors":[],"current_hp_per_floor":[75,75,75,75,75,75,61,61,61,19,41,37,37,37,59,0,0],"gold":359,"neow_bonus":"THREE_ENEMY_KILL","is_daily":false,"chose_seed":false,"campfire_upgraded":3,"win_rate":0.0,"timestamp":1614372737,"path_taken":["M","?","?","M","?","R","E","R","T","E","R","?","R","M","R","BOSS"],"items_purchased_type":[],"build_version":"2020-12-22","purchased_purges":0,"victory":false,"max_hp_per_floor":[75,75,75,75,75,75,75,75,75,75,75,75,75,75,75,75,75],"card_choices":[{"not_picked":["hierophant:HammerAndAnvil","hierophant:OrnateBuckler"],"picked":"hierophant:RustyCrate","floor":1},{"not_picked":["hierophant:Upheaval","hierophant:Community"],"picked":"hierophant:Remorse","floor":3},{"not_picked":["hierophant:Empathy","hierophant:AuricBeam"],"picked":"hierophant:OrnateBuckler","floor":4},{"not_picked":["hierophant:Bribe","hierophant:Embezzle"],"picked":"hierophant:MirrorShield","floor":7},{"not_picked":["hierophant:HolyVerse+1","hierophant:Purify"],"picked":"hierophant:Charity","floor":10},{"not_picked":["hierophant:FieryStrike","hierophant:Prophecy+1","hierophant:Blessing+1"],"picked":"SKIP","floor":12},{"not_picked":["hierophant:FlamingChariot","hierophant:HolyVerse+1"],"picked":"hierophant:RustyCrate+1","floor":14}],"player_experience":145747,"relics_obtained":[{"floor":7,"key":"WingedGreaves"},{"floor":9,"key":"Toxic Egg 2"},{"floor":10,"key":"reliquary:Boomerang"}],"event_choices":[{"cards_removed":["hierophant:Doubloon"],"damage_healed":0,"gold_gain":0,"player_choice":"Gave Card","damage_taken":0,"relics_obtained":["Akabeko"],"max_hp_gain":0,"max_hp_loss":0,"event_name":"WeMeetAgain","floor":2,"gold_loss":0},{"damage_healed":0,"gold_gain":0,"player_choice":"0 cards matched","damage_taken":0,"max_hp_gain":0,"max_hp_loss":0,"event_name":"Match and Keep!","floor":5,"gold_loss":0,"cards_obtained":[]}],"is_beta":false,"boss_relics":[],"items_purged_floors":[],"is_endless":false,"potions_floor_spawned":[3,4,7],"killed_by":"The Guardian","ascension_level":1}}