{"host":"4sre2n8u42y8lmcx","time":1614311478,"event":{"mods":["BaseMod","Minty Spire (QoL Compilation)","StSLib"],"gold_per_floor":[115,115,115,126,138,138,156,167,167,202,202,81,101,113,113,208,208,226,226,237,254,265,265,265],"floor_reached":23,"language":"ENG","playtime":1629,"items_purged":["Strike_R"],"score":247,"play_id":"7f2928fe-f765-4c7a-ac35-cb21f0a4ab05","local_time":"20210225225118","is_ascension_mode":false,"campfire_choices":[{"data":"Feed","floor":6,"key":"SMITH"},{"data":"True Grit","floor":15,"key":"SMITH"}],"circlet_count":0,"master_deck":["Strike_R","Strike_R+1","Strike_R+1","Defend_R","Defend_R","Defend_R","Defend_R","Bash","Whirlwind","Feed+1","Entrench","Flame Barrier","True Grit+1","Shrug It Off","Pommel Strike","Offering","Dropkick","Pommel Strike","Dropkick"],"relics":["Burning Blood","Matryoshka","White Beast Statue","HornCleat","Mummified Hand","Cursed Key"],"acts_visited":["Exordium","TheCity"],"potions_floor_usage":[16,23,23],"damage_taken":[{"damage":6,"enemies":"Jaw Worm","floor":1,"turns":6},{"damage":1,"enemies":"2 Louse","floor":4,"turns":2},{"damage":0,"enemies":"Cultist","floor":5,"turns":2},{"damage":2,"enemies":"3 Louse","floor":7,"turns":2},{"damage":15,"enemies":"Gremlin Gang","floor":8,"turns":5},{"damage":17,"enemies":"Gremlin Nob","floor":10,"turns":5},{"damage":0,"enemies":"2 Fungi Beasts","floor":13,"turns":3},{"damage":0,"enemies":"Looter","floor":14,"turns":4},{"damage":45,"enemies":"The Guardian","floor":16,"turns":16},{"damage":17,"enemies":"Shell Parasite","floor":18,"turns":8},{"damage":21,"enemies":"Spheric Guardian","floor":20,"turns":7},{"damage":15,"enemies":"Centurion and Healer","floor":21,"turns":9},{"damage":13,"enemies":"Cultist and Chosen","floor":22,"turns":8},{"damage":115,"enemies":"Gremlin Leader","floor":23,"turns":11}],"seed_played":"5381227101621224401","potions_obtained":[{"floor":4,"key":"Regen Potion"},{"floor":5,"key":"LiquidBronze"},{"floor":10,"key":"SneckoOil"},{"floor":13,"key":"Ancient Potion"},{"floor":14,"key":"FairyPotion"},{"floor":16,"key":"BlessingOfTheForge"},{"floor":18,"key":"DuplicationPotion"},{"floor":19,"key":"PowerPotion"},{"floor":21,"key":"LiquidMemories"}],"is_trial":false,"path_per_floor":["M","?","?","M","M","R","M","M","T","E","?","$","M","M","R","B",null,"M","?","M","M","M","E"],"character_chosen":"IRONCLAD","items_purchased":["True Grit"],"campfire_rested":0,"item_purchase_floors":[12],"current_hp_per_floor":[80,64,57,62,71,71,79,74,74,67,67,67,77,87,87,48,103,96,96,81,76,73,0,0],"gold":265,"neow_bonus":"","is_daily":false,"chose_seed":false,"campfire_upgraded":2,"win_rate":0.0,"timestamp":1614311478,"path_taken":["M","?","?","M","M","R","M","M","T","E","?","$","M","?","R","BOSS","M","?","M","?","M","E"],"items_purchased_type":["Card"],"build_version":"2020-12-22","purchased_purges":1,"victory":false,"max_hp_per_floor":[80,80,80,80,83,83,87,91,91,95,95,95,99,103,103,103,103,107,107,107,111,115,115,115],"card_choices":[{"not_picked":["Twin Strike","Sword Boomerang"],"picked":"Whirlwind","floor":1},{"not_picked":["Shrug It Off","Armaments"],"picked":"Feed","floor":4},{"not_picked":["Iron Wave","Twin Strike"],"picked":"Entrench","floor":5},{"not_picked":["Twin Strike","Sword Boomerang"],"picked":"Flame Barrier","floor":7},{"not_picked":["Reckless Charge","Headbutt","Clothesline"],"picked":"SKIP","floor":8},{"not_picked":["Armaments","Shockwave","Dark Embrace"],"picked":"SKIP","floor":10},{"not_picked":["Cleave","True Grit"],"picked":"Shrug It Off","floor":13},{"not_picked":["Bludgeon","Fire Breathing"],"picked":"Pommel Strike","floor":14},{"not_picked":["Juggernaut","Impervious"],"picked":"Offering","floor":16},{"not_picked":["Anger","Thunderclap","Clothesline"],"picked":"SKIP","floor":18},{"not_picked":["Dual Wield","Headbutt"],"picked":"Dropkick","floor":20},{"not_picked":["Sword Boomerang+1","Anger"],"picked":"Pommel Strike","floor":21},{"not_picked":["Rage","Sword Boomerang+1"],"picked":"Dropkick","floor":22}],"player_experience":0,"relics_obtained":[{"floor":9,"key":"White Beast Statue"},{"floor":9,"key":"HornCleat"},{"floor":10,"key":"Mummified Hand"}],"event_choices":[{"damage_healed":0,"gold_gain":0,"player_choice":"Entered Light","damage_taken":16,"max_hp_gain":0,"max_hp_loss":0,"event_name":"Shining Light","floor":2,"gold_loss":0,"cards_upgraded":["Strike_R","Strike_R"]},{"damage_healed":0,"gold_gain":0,"player_choice":"Success","damage_taken":7,"relics_obtained":["Matryoshka"],"max_hp_gain":0,"max_hp_loss":0,"event_name":"Scrap Ooze","floor":3,"gold_loss":0},{"cards_removed":["Strike_R"],"damage_healed":0,"gold_gain":0,"player_choice":"Offered Basic","damage_taken":0,"max_hp_gain":0,"max_hp_loss":0,"event_name":"Bonfire Elementals","floor":11,"gold_loss":0},{"damage_healed":0,"gold_gain":0,"player_choice":"Got Potions","damage_taken":0,"max_hp_gain":0,"max_hp_loss":0,"event_name":"Lab","floor":19,"gold_loss":0}],"is_beta":false,"boss_relics":[{"not_picked":["Velvet Choker","Busted Crown"],"picked":"Cursed Key"}],"items_purged_floors":[12],"is_endless":false,"potions_floor_spawned":[4,5,10,13,14,16,18,20,21,22],"killed_by":"Gremlin Leader","ascension_level":0}}