{"host":"ssbj2e5691x5ub3h","time":1614299231,"event":{"mods":["BaseMod","Minty Spire (QoL Compilation)","Quick Restart","StSLib","SuperFastMode","The Dragon Tamer","The Gatherer","The Hierophant","The Marked"],"gold_per_floor":[115,134,234,246,262,262,276,310,310,310,329,329,342,108,108,203,203,217,217,185,136,153,163,163,173,254,12,12,25,60,75,75,75,75,75],"floor_reached":33,"language":"ENG","playtime":2740,"items_purged":[],"score":273,"play_id":"1378627b-a4a4-40c1-876a-5c2a6933e737","local_time":"20210225212711","is_ascension_mode":false,"metric_token":593,"campfire_choices":[{"data":"Gatherer:Centralize","floor":6,"key":"SMITH"},{"data":"Gatherer:RecipeChange","floor":10,"key":"SMITH"},{"data":"Gatherer:GatherMaterial","floor":12,"key":"SMITH"},{"data":"Gatherer:Transmute","floor":15,"key":"SMITH"},{"floor":24,"key":"REST"},{"data":"Gatherer:Overflowing","floor":28,"key":"SMITH"},{"data":"Gatherer:ColorfulGarden","floor":32,"key":"SMITH"}],"circlet_count":0,"master_deck":["Gatherer:Strike_Gatherer","Gatherer:Strike_Gatherer","Gatherer:Strike_Gatherer","Gatherer:Strike_Gatherer","Gatherer:Defend_Gatherer","Gatherer:Defend_Gatherer","Gatherer:Defend_Gatherer","Gatherer:Defend_Gatherer","Gatherer:Centralize+1","Gatherer:FlowerWhip","Gatherer:Transmute+1","Gatherer:FlowerFalling","Gatherer:RecipeChange+1","Gatherer:GatherMaterial+1","Gatherer:WitheringStrike","Gatherer:ColorfulGarden+1","Gatherer:WitheringStrike","Gatherer:BalancedGrowth","Gatherer:FinishingStrike","Gatherer:QuickSynthesis","Gatherer:QuickSynthesis","Gatherer:Overflowing+1","Gatherer:FlowerBeam"],"relics":["Gatherer:AlchemyBag","Orichalcum","Lizard Tail","Bottled Lightning","Anchor","Velvet Choker","The Courier","Lantern","Sling","Bag of Marbles"],"acts_visited":["Exordium","TheCity"],"potions_floor_usage":[5,6,8,16,25,29,31,33],"damage_taken":[{"damage":2,"enemies":"Small Slimes","floor":1,"turns":4},{"damage":0,"enemies":"Cultist","floor":2,"turns":3},{"damage":0,"enemies":"2 Louse","floor":4,"turns":3},{"damage":6,"enemies":"Large Slime","floor":5,"turns":4},{"damage":2,"enemies":"Looter","floor":7,"turns":3},{"damage":8,"enemies":"Gremlin Nob","floor":8,"turns":3},{"damage":1,"enemies":"Blue Slaver","floor":11,"turns":4},{"damage":3,"enemies":"Exordium Wildlife","floor":13,"turns":6},{"damage":18,"enemies":"The Guardian","floor":16,"turns":18},{"damage":4,"enemies":"Chosen","floor":18,"turns":6},{"damage":15,"enemies":"2 Thieves","floor":20,"turns":5},{"damage":8,"enemies":"Snake Plant","floor":22,"turns":5},{"damage":4,"enemies":"Centurion and Healer","floor":23,"turns":5},{"damage":0,"enemies":"Cultist and Chosen","floor":25,"turns":3},{"damage":0,"enemies":"Snecko","floor":29,"turns":5},{"damage":13,"enemies":"Book of Stabbing","floor":30,"turns":6},{"damage":0,"enemies":"Centurion and Healer","floor":31,"turns":4},{"damage":109,"enemies":"Automaton","floor":33,"turns":12}],"seed_played":"-170336423132018030","potions_obtained":[{"floor":2,"key":"ColorlessPotion"},{"floor":5,"key":"Fruit Juice"},{"floor":7,"key":"Explosive Potion"},{"floor":8,"key":"ColorlessPotion"},{"floor":18,"key":"Poison Potion"},{"floor":23,"key":"LiquidBronze"},{"floor":25,"key":"BlessingOfTheForge"},{"floor":30,"key":"Swift Potion"}],"is_trial":false,"path_per_floor":["M","M","?","M","M","R","M","E","T","R","M","R","M","$","R","B",null,"M","?","M","$","M","M","R","M","T","$","R","M","E","M","R","B"],"character_chosen":"THE_GATHERER","items_purchased":["Gatherer:WitheringStrike","Anchor","Gatherer:QuickSynthesis","Lantern","Sling"],"campfire_rested":1,"item_purchase_floors":[14,14,21,27,27],"current_hp_per_floor":[70,70,70,70,64,69,67,59,59,59,58,58,55,55,55,37,77,73,73,58,58,50,46,69,69,69,69,69,69,56,56,56,0,0,0],"gold":75,"neow_bonus":"RANDOM_COMMON_RELIC","is_daily":false,"chose_seed":false,"campfire_upgraded":6,"win_rate":0.0,"timestamp":1614299231,"path_taken":["M","M","?","M","M","R","M","E","T","R","?","R","M","$","R","BOSS","M","?","M","$","M","M","R","M","T","$","R","M","E","M","R","BOSS"],"items_purchased_type":["Card","Relic","Card","Relic","Relic"],"build_version":"2020-12-22","purchased_purges":0,"victory":false,"max_hp_per_floor":[72,72,72,72,72,77,77,77,77,77,77,77,77,77,77,77,77,77,77,77,77,77,77,77,77,77,77,77,77,77,77,77,77,77,77],"card_choices":[{"not_picked":["Gatherer:TreeGrowth","Gatherer:FlowerPower","Gatherer:Uplift"],"picked":"SKIP","floor":1},{"not_picked":["Gatherer:Herbalism","Gatherer:BigPouch"],"picked":"Gatherer:Transmute","floor":2},{"not_picked":["Gatherer:SaveValuables","Gatherer:OddSpoils","Gatherer:FruitForce"],"picked":"SKIP","floor":4},{"not_picked":["Gatherer:PotentialSlash","Gatherer:EchoOfNature","Gatherer:AromaProtection"],"picked":"SKIP","floor":5},{"not_picked":["Gatherer:BigPouch","Gatherer:Duplicator"],"picked":"Gatherer:FlowerFalling","floor":7},{"not_picked":["Gatherer:QuickSynthesis","Gatherer:TreeGrowth"],"picked":"Gatherer:RecipeChange","floor":8},{"not_picked":["Gatherer:FragileHammer","Gatherer:AcidicSpray"],"picked":"Gatherer:GatherMaterial","floor":11},{"not_picked":["Gatherer:FeelingFine","Gatherer:FragileHammer","Gatherer:HeartToFruit"],"picked":"SKIP","floor":13},{"not_picked":["Gatherer:BomberForm","Gatherer:PoisonMastery"],"picked":"Gatherer:ColorfulGarden","floor":16},{"not_picked":["Gatherer:WoolGloves+1","Gatherer:CollectorsShot"],"picked":"Gatherer:WitheringStrike","floor":18},{"not_picked":["Gatherer:CarefulStrike","Gatherer:WoolGloves+1"],"picked":"Gatherer:QuickSynthesis","floor":20},{"not_picked":["Gatherer:FragileHammer","Gatherer:Duality","Gatherer:UpgradeBag"],"picked":"SKIP","floor":22},{"not_picked":["Gatherer:ScentOfRosmari+1","Gatherer:Frenzy+1","Gatherer:Polymorphism"],"picked":"SKIP","floor":23},{"not_picked":["Gatherer:FragileHammer","Gatherer:AlchemyTrial"],"picked":"Gatherer:Overflowing","floor":25},{"not_picked":["Gatherer:AcidicSpray+1","Gatherer:CollectorsShot+1","Gatherer:TreeGrowth"],"picked":"SKIP","floor":29},{"not_picked":["Gatherer:FlowerPower","Gatherer:ScherryThrow"],"picked":"Gatherer:FlowerBeam","floor":30},{"not_picked":["Gatherer:ScherryThrow+1","Gatherer:WoolGloves","Gatherer:OddSpoils"],"picked":"SKIP","floor":31}],"player_experience":146984,"relics_obtained":[{"floor":8,"key":"Lizard Tail"},{"floor":9,"key":"Bottled Lightning"},{"floor":26,"key":"The Courier"},{"floor":30,"key":"Bag of Marbles"}],"event_choices":[{"damage_healed":0,"gold_gain":100,"player_choice":"Pray","damage_taken":0,"max_hp_gain":0,"max_hp_loss":0,"event_name":"Golden Shrine","floor":3,"gold_loss":0},{"damage_healed":0,"gold_gain":0,"cards_transformed":["Gatherer:Strike_Gatherer","Gatherer:Defend_Gatherer"],"player_choice":"Became Test Subject","damage_taken":0,"max_hp_gain":0,"max_hp_loss":0,"event_name":"Drug Dealer","floor":19,"gold_loss":0,"cards_obtained":["Gatherer:BalancedGrowth","Gatherer:FinishingStrike"]}],"is_beta":false,"boss_relics":[{"not_picked":["Coffee Dripper","Ectoplasm"],"picked":"Velvet Choker"}],"items_purged_floors":[],"is_endless":false,"potions_floor_spawned":[2,5,7,8,18,23,25,30],"killed_by":"Automaton","ascension_level":0}}