{"host":"d73an99q9oevilk5","time":1614307730,"event":{"mods":["2.2 Compatiblity","AchievementEnabler","Act Like it!","Aspiration","BaseMod","Beaked The Cultist","Better Third Choice","BetterRewards","Bossed Relics","Colored Map","Colored Powertips","Conspire","Downfall","GifTheSpireLib","GungeonMod","Halation","Hubris","Infinite Spire","Marisa????????","Mimic Mod","Minty Spire (QoL Compilation)","MostiFishMod","Quick Restart","Relic Sorter","Reliquary","Replay The Spire","Shop Mod","Spikes Relics","StSLib","Stuff the Spire","The Cursed","The Jungle","The Necromancer","The Saiyan","TheHero","Waifu the Spire","egg","slay the spire mod where everything is the same but ironclad has a cowboy hat"],"gold_per_floor":[109,109,125,205,97,97,131,131,156,49,49,67,97,108,108,203,203,222,137,121,81,100,130,142,169,251,251,280,280,299,311,311,411,411,421,421,295,295,295,295],"floor_reached":39,"language":"ENG","playtime":1463,"items_purged":["Delirium"],"score":472,"play_id":"5d08e481-d382-4e3c-b2eb-6a31b654ccb5","local_time":"20210225194850","is_ascension_mode":false,"campfire_choices":[{"data":"animeID:ShootStyle","floor":6.0,"key":"SMITH"},{"data":"animeID:Mezo","floor":6.0,"key":"SMITH"},{"data":"animeID:Kendo","floor":8.0,"key":"SMITH"},{"data":"animeID:FatGum","floor":8.0,"key":"SMITH"},{"data":"animeID:Endeavor","floor":27.0,"key":"SMITH"},{"data":"animeID:FullCowl","floor":27.0,"key":"SMITH"},{"data":"animeID:TodorokiShoto","floor":32.0,"key":"SMITH"},{"data":"animeID:DetroitDelaware","floor":32.0,"key":"SMITH"}],"circlet_count":0,"master_deck":["animeID:Deku","animeID:Bakugo","animeID:Smash","animeID:Smash","animeID:Smash","animeID:Smash","animeID:DefendMH","animeID:DefendMH","animeID:DefendMH","animeID:DefendMH","animeID:FatGum+1","animeID:Kendo+1","animeID:ShootStyle+1","animeID:Mezo+1","ReplayTheSpireMod:Private Reserves","animeID:FullCowl+1","animeID:DelawareSmash","animeID:Endeavor+1","animeID:Kirishima","animeID:Endeavor+1","animeID:ToruHagakure","animeID:DetroitDelaware+1","animeID:Rei+1","animeID:Ojiro+1","animeID:TodorokiShoto+1","animeID:Tamaki","animeID:Rei+1","animeID:Hawks","animeID:Hatsume","Apotheosis"],"relics":["animeID:HeroCostume","DaveBox","Membership Card","halation:PenCase","ClockworkSouvenir","Gremlin Food","aspiration:Lifesprig","SynthV:TestCard","reliquary:TatteredRug","Strawberry","MostiFishMod:AdaptiveDefenses","halation:PrussianBluePaint","hubris:TerracottaHorce","halation:KoshaPiece","StuffTheSpire:Gunfinga","Orichalcum","Strawberry","Omamori","Vajra","Tiny House"],"acts_visited":["Exordium","TheCity","TheBeyond"],"potions_floor_usage":[],"damage_taken":[{"damage":6.0,"enemies":"Jaw Worm","floor":1.0,"turns":3.0},{"damage":0.0,"enemies":"2 Louse","floor":3.0,"turns":1.0},{"damage":10.0,"enemies":"Gremlin Nob","floor":7.0,"turns":4.0},{"damage":0.0,"enemies":"Small Slimes","floor":12.0,"turns":2.0},{"damage":24.0,"enemies":"Replay:BlueRogue","floor":13.0,"turns":5.0},{"damage":11.0,"enemies":"Gremlin Gang","floor":14.0,"turns":5.0},{"damage":17.0,"enemies":"Slime Boss","floor":16.0,"turns":9.0},{"damage":13.0,"enemies":"Spheric Guardian","floor":18.0,"turns":4.0},{"damage":25.0,"enemies":"2 Thieves","floor":20.0,"turns":4.0},{"damage":0.0,"enemies":"Snake Plant","floor":22.0,"turns":2.0},{"damage":25.0,"enemies":"conspire:Head Lice","floor":23.0,"turns":6.0},{"damage":9.0,"enemies":"Centurion and Healer","floor":24.0,"turns":5.0},{"damage":22.0,"enemies":"conspire:SneckoGhost","floor":25.0,"turns":6.0},{"damage":0.0,"enemies":"conspire:Head Lice","floor":28.0,"turns":5.0},{"damage":5.0,"enemies":"Chosen and Byrds","floor":30.0,"turns":6.0},{"damage":6.0,"enemies":"Snecko","floor":31.0,"turns":4.0},{"damage":27.0,"enemies":"conspire:MysteriousRune","floor":33.0,"turns":7.0},{"damage":4.0,"enemies":"Orb Walker","floor":35.0,"turns":3.0},{"damage":0,"enemies":"3 Shapes","floor":39,"turns":1}],"seed_played":"-2383874036889316282","potions_obtained":[{"floor":1.0,"key":"Reflective Coating"},{"floor":7.0,"key":"BlessingOfTheForge"},{"floor":20.0,"key":"Fire Potion"},{"floor":24.0,"key":"SpeedPotion"},{"floor":31.0,"key":"Block Potion"}],"is_trial":false,"path_per_floor":["M","?","M","?","$","R","E","R","T","$","?","M","E","M","R_BF","B",null,"M","?","M","?","M","E","M","E","T","R","E","AVR","M","M","R","B",null,"M","?","$","?","M"],"character_chosen":"THE_HERO","items_purchased":["Membership Card","halation:PenCase","animeID:FatGum","ClockworkSouvenir","Gremlin Food","animeID:Kendo","Dexterity Potion","ReplayTheSpireMod:Private Reserves","animeID:FullCowl","MostiFishMod:AdaptiveDefenses","animeID:Hatsume","Apotheosis"],"campfire_rested":0,"item_purchase_floors":[0,0,0,0,0,0,5,5,10,10,37,37],"current_hp_per_floor":[69,69,71,71,71,71,63,63,70,70,78,78,66,76,76,81,82,71,71,70,70,72,71,81,67,74,74,83,83,82,78,78,73,85,88,88,88,88,88,88],"gold":295,"neow_bonus":"","is_daily":false,"chose_seed":false,"campfire_upgraded":8,"win_rate":0.0,"timestamp":1614307730,"path_taken":["M","?","M","?","?","R","E","R","T","$","?","M","E","M","R_BF","BOSS","M","?","M","?","M","E","?","E","T","R","E","AVR","M","M","R","BOSS","M","?","$","?","M"],"items_purchased_type":["Relic","Relic","Card","Relic","Relic","Card","Potion","Card","Card","Relic","Card","Card"],"build_version":"2020-12-22","purchased_purges":1,"victory":false,"max_hp_per_floor":[75,75,75,75,75,75,75,75,82,82,82,82,82,82,82,82,82,82,82,82,82,82,82,82,82,89,89,89,89,89,89,89,89,89,89,89,89,89,89,89],"card_choices":[{"not_picked":["animeID:Iida","animeID:Uraraka"],"picked":"animeID:ShootStyle","floor":1.0},{"not_picked":["animeID:DelawareSmash","animeID:Mezo","animeID:Iida","animeID:Tsuyu","animeID:GranTorino"],"picked":"SKIP","floor":3.0},{"not_picked":["animeID:DelawareSmash","animeID:Iida","animeID:Tsuyu","animeID:GranTorino"],"picked":"animeID:Mezo","floor":3.0},{"not_picked":["animeID:GentleCriminal","animeID:Mezo","animeID:Deku","animeID:Mineta","animeID:Nomu"],"picked":"SKIP","floor":7.0},{"not_picked":["animeID:Mezo","animeID:Muscular","animeID:Mina","animeID:Kaminari"],"picked":"animeID:DelawareSmash","floor":12.0},{"not_picked":["animeID:Mineta","animeID:Muscular","animeID:Uraraka","animeID:Deku"],"picked":"animeID:Endeavor","floor":13.0},{"not_picked":["animeID:Mina","animeID:TetsuTetsu","animeID:Aoyama","animeID:Kaminari"],"picked":"animeID:Kirishima","floor":14.0},{"not_picked":["animeID:USA_Smash","animeID:Shigaraki","animeID:ProminenceBurn","animeID:AllMight"],"picked":"animeID:Endeavor","floor":16.0},{"not_picked":["animeID:Aoyama","animeID:Kirishima","animeID:Mineta+1","animeID:Mezo+1"],"picked":"animeID:ToruHagakure","floor":18.0},{"not_picked":["animeID:Kirishima+1","animeID:Iida","animeID:DelawareSmash+1","animeID:Twice"],"picked":"animeID:DetroitDelaware","floor":20.0},{"not_picked":["animeID:DetroitSmash","animeID:Deku","animeID:EraserHead","animeID:Mineta+1"],"picked":"animeID:Rei+1","floor":22.0},{"not_picked":["animeID:Mina+1","animeID:Mezo","animeID:Muscular","animeID:Iida+1"],"picked":"animeID:Ojiro+1","floor":23.0},{"not_picked":["animeID:Mezo","animeID:Bakugo","animeID:Tsuyu","animeID:Momo"],"picked":"animeID:TodorokiShoto","floor":24.0},{"not_picked":["animeID:Kaminari","animeID:Kirishima","animeID:Dabi+1","animeID:Himiko"],"picked":"animeID:Tamaki","floor":25.0},{"not_picked":["animeID:HighFive","animeID:Crystallize+1","animeID:TodorokiShoto","animeID:EraserHead"],"picked":"animeID:Rei+1","floor":28.0},{"not_picked":["animeID:Aoyama","animeID:Tsuyu+1","animeID:Cementoss","animeID:Momo","animeID:Iida+1"],"picked":"SKIP","floor":30.0},{"not_picked":["animeID:TodorokiShoto","animeID:Tsuyu","animeID:Mina","animeID:Uraraka+1","animeID:Tengai+1"],"picked":"SKIP","floor":31.0},{"not_picked":["animeID:RedRiot","animeID:Shigaraki","animeID:PresentMic","animeID:AllMight"],"picked":"animeID:Hawks","floor":33.0},{"not_picked":["animeID:Deku","animeID:Uraraka+1","animeID:Iida","animeID:Himiko+1","animeID:DelawareSmash+1"],"picked":"SKIP","floor":35.0}],"player_experience":1996335,"relics_obtained":[{"floor":1.0,"key":"SynthV:TestCard"},{"floor":7.0,"key":"reliquary:TatteredRug"},{"floor":9.0,"key":"Strawberry"},{"floor":13.0,"key":"halation:PrussianBluePaint"},{"floor":23.0,"key":"StuffTheSpire:Gunfinga"},{"floor":25.0,"key":"Orichalcum"},{"floor":26.0,"key":"reliquary:SculptingSteel"},{"floor":28.0,"key":"Omamori"}],"event_choices":[{"damage_healed":0.0,"max_hp_gain":0.0,"max_hp_loss":0.0,"gold_gain":0.0,"event_name":"The Woman in Blue","player_choice":"Bought 0 Potions","floor":15.0,"gold_loss":0.0,"damage_taken":0.0},{"damage_healed":0.0,"max_hp_gain":0.0,"max_hp_loss":0.0,"gold_gain":0.0,"event_name":"Addict","player_choice":"Obtained Relic","floor":19.0,"gold_loss":85.0,"damage_taken":0.0,"relics_obtained":["halation:KoshaPiece"]},{"damage_healed":0.0,"max_hp_gain":0.0,"max_hp_loss":0.0,"gold_gain":0.0,"event_name":"Designer","player_choice":"Upgrade","floor":21.0,"gold_loss":40.0,"damage_taken":0.0,"cards_upgraded":["animeID:Endeavor"]},{"damage_healed":0.0,"max_hp_gain":0.0,"max_hp_loss":0.0,"gold_gain":0.0,"event_name":"OrinTheCat","player_choice":"Ignored","floor":38.0,"gold_loss":0.0,"damage_taken":0.0}],"is_beta":false,"boss_relics":[{"not_picked":["StuffTheSpire:Kangaroo","aspiration:RitualDagger"],"picked":"hubris:TerracottaHorce"},{"not_picked":["ExusiaiGun","beaked:MawFillet","Honey Jar"]}],"items_purged_floors":[5],"is_endless":false,"potions_floor_spawned":[1,7,20,24,31],"killed_by":"3 Shapes","ascension_level":0}}