{"host":"bakf0s4odzu8z5xt","time":1614317477,"event":{"mods":["2.2 Compatiblity","BaseMod","Downfall","Friendly Minions","Minty Spire (QoL Compilation)","StSLib"],"gold_per_floor":[99,112,123,123,8,18,41,41,26,26,39,56,56,84,95,200,200,0,11,11,11,0,18,66,96,115,145,157,57,57,83,94,194,194,194,206,213,227,240,115,138,238,238,272,7,27,55,83,96,96,96,122,8,8,8,8],"floor_reached":57,"language":"ENG","playtime":4329,"items_purged":["Regret","champ:FanOfKnives","Bite","Bite","Bite"],"score":1809,"play_id":"e1c88788-11f1-42fa-a3ed-cdbdb3423223","local_time":"20210225213117","is_ascension_mode":true,"campfire_choices":[{"floor":1,"key":"RECALL"},{"data":"champ:TornadoPunch","floor":10,"key":"SMITH"},{"data":"champ:SkillfulDodge","floor":13,"key":"SMITH"},{"data":"champ:CalledShot","floor":18,"key":"SMITH"},{"data":"champ:DefensiveStyle","floor":29,"key":"SMITH"},{"data":"champ:Parry","floor":30,"key":"SMITH"},{"data":"champ:HoldFirm","floor":35,"key":"SMITH"},{"data":"champ:HoldFirm","floor":43,"key":"SMITH"},{"data":"champ:ShieldWall","floor":54,"key":"SMITH"}],"circlet_count":0,"master_deck":["champ:Defend","champ:Defend","champ:Defend","champ:Defend","champ:Execute","champ:Taunt+1","champ:CrownThrow","champ:SkillfulDodge+1","champ:Circumvent","champ:TornadoPunch+1","champ:EnGarde","champ:ShieldThrow","champ:CalledShot+1","champ:PreemptiveStrike","champ:HoldFirm+1","champ:DefensiveStyle+1","Bite","Bite","champ:Parry+1","champ:CheapShot","champ:Circumvent","champ:HoldFirm+1","champ:FalseCounter+1","champ:ShieldWall+1","champ:Parry+1","champ:DefensiveShout+1","champ:DefensiveStyle+1","champ:Duel","champ:Circumvent+1"],"relics":["champ:ChampionCrown","Calipers","FossilizedHelix","Snecko Eye","downfall:HeartBlessingRed","downfall:HeartBlessingGreen","downfall:RedIOU","Lantern","WingedGreaves","hexamod:BolsterEngine","downfall:HeartBlessingBlue","champ:DeflectingBracers","Runic Dome","Oddly Smooth Stone","Pen Nib","Kunai","Membership Card","Juzu Bracelet","StoneCalendar","Bag of Preparation"],"acts_visited":["Exordium","TheCity","TheBeyond","TheEnding"],"potions_floor_usage":[9,16,26,52,52,56],"damage_taken":[{"damage":10,"enemies":"Cultist","floor":2,"turns":3},{"damage":12,"enemies":"Jaw Worm","floor":3,"turns":4},{"damage":12,"enemies":"downfall:FleeingMerchant","floor":5,"turns":4},{"damage":10,"enemies":"Small Slimes","floor":6,"turns":3},{"damage":0,"enemies":"downfall:FleeingMerchant","floor":9,"turns":4},{"damage":18,"enemies":"Exordium Thugs","floor":11,"turns":5},{"damage":0,"enemies":"2 Fungi Beasts","floor":12,"turns":3},{"damage":14,"enemies":"3 Sentries","floor":14,"turns":10},{"damage":8,"enemies":"Exordium Wildlife","floor":15,"turns":4},{"damage":50,"enemies":"WA_ARCHETYPE_RETAIN","floor":16,"turns":11},{"damage":42,"enemies":"3 Byrds","floor":19,"turns":6},{"damage":0,"enemies":"downfall:FleeingMerchant","floor":22,"turns":4},{"damage":10,"enemies":"Shell Parasite","floor":23,"turns":7},{"damage":0,"enemies":"Gremlin Leader","floor":25,"turns":5},{"damage":15,"enemies":"Chosen and Byrds","floor":26,"turns":6},{"damage":0,"enemies":"Slavers","floor":27,"turns":4},{"damage":0,"enemies":"Centurion and Healer","floor":28,"turns":4},{"damage":0,"enemies":"Book of Stabbing","floor":31,"turns":3},{"damage":0,"enemies":"Shelled Parasite and Fungi","floor":32,"turns":4},{"damage":41,"enemies":"SI_MIRROR_ARCHETYPE","floor":33,"turns":12},{"damage":0,"enemies":"3 Shapes","floor":36,"turns":4},{"damage":0,"enemies":"downfall:FleeingMerchant","floor":37,"turns":5},{"damage":0,"enemies":"3 Darklings","floor":38,"turns":6},{"damage":10,"enemies":"Jaw Worm Horde","floor":39,"turns":5},{"damage":0,"enemies":"Nemesis","floor":44,"turns":7},{"damage":0,"enemies":"Maw","floor":46,"turns":3},{"damage":0,"enemies":"Giant Head","floor":47,"turns":6},{"damage":0,"enemies":"Nemesis","floor":48,"turns":5},{"damage":0,"enemies":"3 Darklings","floor":49,"turns":5},{"damage":23,"enemies":"IC_BLOCK_ARCHETYPE","floor":50,"turns":7},{"damage":0,"enemies":"downfall:CharBossMerchant","floor":52,"turns":5},{"damage":0,"enemies":"downfall:NeowBoss","floor":55,"turns":9},{"damage":0,"enemies":"downfall:NeowBossFinal","floor":56,"turns":7}],"seed_played":"-2877162237133960264","potions_obtained":[{"floor":3,"key":"SkillPotion"},{"floor":11,"key":"SmokeBomb"},{"floor":14,"key":"SpeedPotion"},{"floor":15,"key":"sneckomod:MuddlingPotion"},{"floor":19,"key":"PowerPotion"},{"floor":25,"key":"FairyPotion"},{"floor":26,"key":"Dexterity Potion"},{"floor":27,"key":"Guardian:BlockOnCardUsePotion"},{"floor":32,"key":"EntropicBrew"},{"floor":39,"key":"GamblersBrew"}],"is_trial":false,"path_per_floor":["R","M","M","?","$","M","T","T","$","R","M","M","R","E","M","B",null,"R","M","?","?","$","M","T","E","M","E","M","R","R","E","M","B",null,"R","M","$","M","M","$","T","?","R","E","$","M","E","E","M","B",null,"E","$","R","B","B",null],"character_chosen":"THE_CHAMP","items_purchased":["champ:Circumvent","Oddly Smooth Stone","champ:ShieldWall","Membership Card","Ancient Potion","Swift Potion"],"campfire_rested":0,"item_purchase_floors":[5,37,37,45,45,53],"current_hp_per_floor":[90,90,88,88,86,86,86,86,90,90,87,87,87,75,67,42,80,80,63,63,63,64,64,64,64,59,61,64,74,74,74,74,63,71,71,74,74,74,74,74,74,74,74,74,74,74,74,74,74,63,71,73,73,73,73,74],"gold":8,"neow_bonus":"UPGRADE_CARD","is_daily":false,"chose_seed":false,"campfire_upgraded":8,"win_rate":0.0,"timestamp":1614317477,"path_taken":["R","M","M","?","$","M","T","?","$","R","M","M","R","E","M","BOSS","R","M","?","?","$","M","T","E","M","E","M","R","R","E","M","BOSS","R","M","$","M","M","$","T","?","R","E","$","?","E","E","M","BOSS","E","$","R","BOSS","BOSS"],"items_purchased_type":["Card","Relic","Card","Relic","Potion","Potion"],"build_version":"2020-12-22","purchased_purges":5,"victory":true,"max_hp_per_floor":[90,90,90,90,90,90,90,90,90,90,90,90,90,92,92,92,92,92,92,92,64,64,64,64,64,64,64,64,74,74,74,74,74,74,74,74,74,74,74,74,74,74,74,74,74,74,74,74,74,74,74,74,74,74,74,74],"card_choices":[{"not_picked":["champ:Haymaker","champ:Backstep"],"picked":"champ:CrownThrow","floor":2},{"not_picked":["champ:GutPunch","champ:EnGarde"],"picked":"champ:FanOfKnives","floor":3},{"not_picked":["champ:SteelEdge","champ:RageSigil"],"picked":"champ:SkillfulDodge","floor":5},{"not_picked":["champ:FanOfKnives","champ:Parry"],"picked":"champ:TornadoPunch","floor":6},{"not_picked":["champ:Backstep","champ:CrookedStrike"],"picked":"champ:EnGarde","floor":9},{"not_picked":["champ:PreciseThrust","champ:AdrenalArmor"],"picked":"champ:ShieldThrow","floor":11},{"not_picked":["champ:Haymaker","champ:BringItOn"],"picked":"champ:CalledShot","floor":12},{"not_picked":["champ:AdrenalArmor","champ:Endure","champ:Encircle"],"picked":"Singing Bowl","floor":14},{"not_picked":["champ:DefensiveShout","champ:StanceDance"],"picked":"champ:PreemptiveStrike","floor":15},{"not_picked":["champ:EnchantSword","champ:HeavySlash"],"picked":"champ:HoldFirm","floor":16},{"not_picked":["champ:BerserkersShout","champ:AdrenalArmor"],"picked":"champ:DefensiveStyle","floor":19},{"not_picked":["champ:EnGarde","champ:EndlessRage","champ:AdrenalArmor"],"picked":"SKIP","floor":22},{"not_picked":["champ:FocusedDefense+1","champ:Shatter","champ:DeathBlow+1"],"picked":"SKIP","floor":23},{"not_picked":["champ:FocusedDefense+1","champ:Encircle"],"picked":"champ:Parry","floor":25},{"not_picked":["champ:BladeFlurry","champ:Circumvent","champ:EnGarde"],"picked":"SKIP","floor":26},{"not_picked":["champ:DefensiveStyle","champ:CrownThrow"],"picked":"champ:CheapShot","floor":27},{"not_picked":["champ:BerserkersShout","champ:CrookedStrike","champ:RageSigil"],"picked":"SKIP","floor":28},{"not_picked":["champ:Shatter","champ:ViciousMockery","champ:BerserkerStyle"],"picked":"SKIP","floor":31},{"not_picked":["champ:StanceDance","champ:BladeFlurry+1"],"picked":"champ:Circumvent","floor":32},{"not_picked":["champ:SteelEdge","champ:GladiatorForm"],"picked":"champ:HoldFirm","floor":33},{"not_picked":["champ:AdrenalArmor","champ:Backstep+1","champ:BerserkersShout+1"],"picked":"SKIP","floor":36},{"not_picked":["champ:DefensiveShout","champ:Backstep+1"],"picked":"champ:FalseCounter+1","floor":37},{"not_picked":["champ:AdrenalArmor","champ:BerserkersShout","champ:StanceDance"],"picked":"SKIP","floor":38},{"not_picked":["champ:DancingMaster","champ:FancyFootwork","champ:BringItOn+1"],"picked":"SKIP","floor":39},{"not_picked":["champ:PreemptiveStrike+1","champ:RisingSlash"],"picked":"champ:Parry+1","floor":44},{"not_picked":["champ:DeathBlow","champ:Encircle"],"picked":"champ:DefensiveShout+1","floor":46},{"not_picked":["champ:FanOfKnives+1","champ:RapidStrikes+1"],"picked":"champ:DefensiveStyle+1","floor":47},{"not_picked":["champ:Backstep+1","champ:UltimateStance"],"picked":"champ:Duel","floor":48},{"not_picked":["champ:BerserkersShout+1","champ:ShieldSigil+1","champ:EnragedBash+1"],"picked":"SKIP","floor":49},{"not_picked":["champ:TripleStrike","champ:EnchantSword"],"picked":"champ:Circumvent+1","floor":52}],"player_experience":2277295,"relics_obtained":[{"floor":8,"key":"FossilizedHelix"},{"floor":14,"key":"Singing Bowl"},{"floor":24,"key":"Lantern"},{"floor":25,"key":"WingedGreaves"},{"floor":27,"key":"hexamod:BolsterEngine"},{"floor":31,"key":"champ:DeflectingBracers"},{"floor":41,"key":"Pen Nib"},{"floor":44,"key":"Kunai"},{"floor":47,"key":"Juzu Bracelet"},{"floor":48,"key":"StoneCalendar"},{"floor":52,"key":"Bag of Preparation"}],"event_choices":[{"damage_healed":0,"gold_gain":0,"player_choice":"Box","damage_taken":0,"relics_obtained":["Calipers"],"max_hp_gain":0,"max_hp_loss":0,"event_name":"Big Fish","floor":4,"gold_loss":0,"cards_obtained":["Regret"]},{"damage_healed":0,"gold_gain":0,"player_choice":"Became a vampire","damage_taken":0,"max_hp_gain":0,"max_hp_loss":28,"event_name":"Vampires","floor":21,"gold_loss":0,"cards_obtained":["Bite","Bite","Bite","Bite","Bite"]}],"is_beta":false,"boss_relics":[{"not_picked":["SlaversCollar","Fusion Hammer"],"picked":"Snecko Eye"},{"not_picked":["Calling Bell","champ:PowerArmor"],"picked":"Runic Dome"}],"items_purged_floors":[5,37,40,45,53],"is_endless":false,"potions_floor_spawned":[3,11,14,15,19,25,26,27,32,38,39,44],"ascension_level":5}}