{"host":"hqvh779b89tfrjxy","time":1614349828,"event":{"mods":["Act Like it!","BaseMod","Better Third Choice","Elementarium","Filter the Spire","GifTheSpireLib","Minty Spire (QoL Compilation)","Replay The Spire","Ruina","Spicy Shops","StSLib"],"gold_per_floor":[113,124,134,152,152,102,102,122,168,19,52,52,87,112,112,240,240,259,274,274,290,290,290,314,348,374,418,438,457,473,508,508,628,628,641,656,656,671,247,247,266,310,361,396,419,442,456,495,495,495,495,495,108,151,151],"floor_reached":56,"language":"ENG","playtime":3056,"items_purged":["Strike_G","Strike_G"],"score":1999,"play_id":"8d31b1e5-1f4a-4362-9859-29c44e04c264","local_time":"20210226153028","is_ascension_mode":true,"campfire_choices":[{"data":"Blade Dance","floor":7,"key":"SMITH"},{"data":"Accuracy","floor":15,"key":"SMITH"},{"data":"After Image","floor":23,"key":"SMITH"},{"data":"Hidden Blade","floor":32,"key":"SMITH"},{"data":"A Thousand Cuts","floor":40,"key":"SMITH"},{"floor":49,"key":"RECALL"},{"data":"Caltrops","floor":52,"key":"SMITH"}],"circlet_count":0,"master_deck":["Strike_G","Defend_G","Defend_G","Defend_G","Defend_G","Defend_G","Survivor","Neutralize","Dagger Throw","Blade Dance+1","PiercingWail","Hidden Blade+1","Accuracy+1","Blade Dance","Footwork+1","Backflip","After Image+1","Terror","Slice+1","Caltrops+1","After Image","Finisher+1","Blade Dance","Cloak And Dagger+1","Leg Sweep","A Thousand Cuts+1","Blur+1","Night Terror","Adrenaline"],"relics":["WristBlade","Golden Idol","PreservedInsect","Darkstone Periapt","Strawberry","Sozu","ruina:PrescriptsGrace","Thread and Needle","Blood Vial","Bronze Scales","Kunai","Replay:Bronze Core","ClockworkSouvenir","ReplayTheSpireMod:Lightbulb","TungstenRod","Bag of Marbles","Omamori","Replay:Rubber Ducky","Vajra","TheAbacus","Orichalcum"],"acts_visited":["Exordium","ruina:Briah","TheBeyond","TheEnding"],"potions_floor_usage":[16,33,55],"damage_taken":[{"damage":0,"enemies":"Small Slimes","floor":1,"turns":4},{"damage":0,"enemies":"Jaw Worm","floor":2,"turns":4},{"damage":0,"enemies":"Cultist","floor":3,"turns":2},{"damage":0,"enemies":"3 Louse","floor":4,"turns":3},{"damage":8,"enemies":"Lots of Slimes","floor":8,"turns":4},{"damage":5,"enemies":"3 Sentries","floor":11,"turns":4},{"damage":9,"enemies":"Lagavulin","floor":13,"turns":4},{"damage":0,"enemies":"Large Slime","floor":14,"turns":2},{"damage":10,"enemies":"The Guardian","floor":16,"turns":6},{"damage":10,"enemies":"ruina:3_Bats","floor":18,"turns":4},{"damage":5,"enemies":"ruina:BadWolf","floor":19,"turns":3},{"damage":4,"enemies":"ruina:Nos_and_Bat","floor":21,"turns":4},{"damage":6,"enemies":"ruina:KingOfGreed","floor":24,"turns":3},{"damage":31,"enemies":"ruina:Mountain","floor":25,"turns":5},{"damage":0,"enemies":"ruina:ServantOfWrath","floor":27,"turns":4},{"damage":0,"enemies":"ruina:3_Scarecrows","floor":28,"turns":3},{"damage":0,"enemies":"ruina:Woodsman","floor":29,"turns":3},{"damage":0,"enemies":"ruina:KnightOfDespair","floor":30,"turns":4},{"damage":0,"enemies":"ruina:Mountain","floor":31,"turns":5},{"damage":0,"enemies":"ruina:JesterOfNihil","floor":33,"turns":6},{"damage":0,"enemies":"3 Darklings","floor":35,"turns":5},{"damage":0,"enemies":"Orb Walker","floor":36,"turns":2},{"damage":14,"enemies":"Sphere and 2 Shapes","floor":38,"turns":4},{"damage":0,"enemies":"Maw","floor":41,"turns":4},{"damage":0,"enemies":"Giant Head","floor":42,"turns":4},{"damage":0,"enemies":"Reptomancer","floor":44,"turns":4},{"damage":0,"enemies":"Spire Growth","floor":45,"turns":3},{"damage":0,"enemies":"4 Shapes","floor":46,"turns":4},{"damage":0,"enemies":"Sphere and 2 Shapes","floor":47,"turns":3},{"damage":0,"enemies":"Nemesis","floor":48,"turns":5},{"damage":7,"enemies":"Time Eater","floor":50,"turns":10},{"damage":0,"enemies":"Shield and Spear","floor":54,"turns":4},{"damage":17,"enemies":"The Heart","floor":55,"turns":9}],"seed_played":"1328795131896940456","potions_obtained":[{"floor":2,"key":"Dexterity Potion"},{"floor":4,"key":"FearPotion"},{"floor":11,"key":"Poison Potion"},{"floor":14,"key":"Doom Potion"}],"is_trial":false,"path_per_floor":["M","M","M","M","?","?","R","M","T","$","E","?","E","M","R","B",null,"M","M","?","M","?","R","M","E","T","E","M","M","M","E","R","B",null,"M","M","?","M","$","R","M","E","T","E","M","M","M","E","R","B",null,"R","$","E","B",null],"character_chosen":"THE_SILENT","items_purchased":["PreservedInsect","ClockworkSouvenir","ReplayTheSpireMod:Lightbulb","Vajra","TheAbacus"],"campfire_rested":0,"item_purchase_floors":[10,39,39,53,53],"current_hp_per_floor":[63,63,63,63,46,46,46,38,38,38,33,56,54,54,54,44,69,59,54,54,50,50,50,44,13,13,15,17,19,21,23,23,25,64,66,68,68,56,56,56,58,60,60,62,64,66,68,70,70,65,74,74,74,76,60],"gold":151,"neow_bonus":"BOSS_RELIC","is_daily":false,"chose_seed":false,"campfire_upgraded":6,"win_rate":0.0,"timestamp":1614349828,"path_taken":["M","M","M","M","?","?","R","M","T","$","E","?","E","M","R","BOSS","M","M","?","M","?","R","M","E","T","E","M","M","?","E","R","BOSS","M","M","?","?","$","R","M","E","T","E","M","M","M","E","R","BOSS","R","$","E","BOSS"],"items_purchased_type":["Relic","Relic","Relic","Relic","Relic"],"build_version":"2020-12-22","purchased_purges":2,"victory":true,"max_hp_per_floor":[70,70,70,70,70,70,70,70,70,70,70,70,77,77,77,77,77,77,77,77,77,77,77,77,77,77,77,77,77,77,77,77,77,77,77,77,77,77,77,77,77,77,77,77,77,77,77,77,77,77,77,77,77,77,77],"card_choices":[{"not_picked":["Deflect","Bane"],"picked":"Dagger Throw","floor":1},{"not_picked":["Concentrate","Reflex"],"picked":"Blade Dance","floor":2},{"not_picked":["Well Laid Plans","Acrobatics"],"picked":"PiercingWail","floor":3},{"not_picked":["Well Laid Plans","Poisoned Stab"],"picked":"Hidden Blade","floor":4},{"not_picked":["Underhanded Strike","Poisoned Stab"],"picked":"Accuracy","floor":8},{"not_picked":["Deadly Poison","Phantasmal Killer"],"picked":"Blade Dance","floor":11},{"not_picked":["Masterful Stab","Dagger Spray"],"picked":"Footwork","floor":13},{"not_picked":["Deflect","Bane"],"picked":"Backflip","floor":14},{"not_picked":["Die Die Die","A Thousand Cuts"],"picked":"After Image","floor":16},{"not_picked":["Underhanded Strike+1","Slice"],"picked":"Terror","floor":18},{"not_picked":["Backflip","Reflex+1"],"picked":"Slice+1","floor":19},{"not_picked":["PiercingWail+1","Catalyst"],"picked":"Caltrops","floor":21},{"not_picked":["Infinite Blades","Tactician","Dodge and Roll"],"picked":"SKIP","floor":24},{"not_picked":["Deadly Poison","Hidden Blade"],"picked":"After Image","floor":25},{"not_picked":["Backflip","Dagger Throw"],"picked":"Finisher+1","floor":27},{"not_picked":["Dagger Throw+1","Quick Slash+1","Poisoned Stab"],"picked":"SKIP","floor":28},{"not_picked":["Poisoned Stab","Expertise+1"],"picked":"Blade Dance","floor":29},{"not_picked":["Prepared","Die Die Die"],"picked":"Cloak And Dagger+1","floor":30},{"not_picked":["Poisoned Stab+1","PiercingWail","Leg Sweep"],"picked":"SKIP","floor":31},{"not_picked":["Poisoned Stab+1","PiercingWail"],"picked":"Leg Sweep","floor":31},{"not_picked":["Wraith Form v2","Die Die Die"],"picked":"A Thousand Cuts","floor":33},{"not_picked":["Sneak Up","Draining Mist+1","Reflex+1"],"picked":"SKIP","floor":35},{"not_picked":["Draining Mist","Dagger Throw+1","Predator"],"picked":"SKIP","floor":36},{"not_picked":["Infinite Blades","Distraction"],"picked":"Blur+1","floor":38},{"not_picked":["PiercingWail","Hidden Blade+1","Leg Sweep+1"],"picked":"SKIP","floor":41},{"not_picked":["ReplayTheSpireMod:Exploit Weakness+1","Dagger Spray","Underhanded Strike"],"picked":"SKIP","floor":42},{"not_picked":["PiercingWail+1","Bane+1","Riddle With Holes+1"],"picked":"SKIP","floor":44},{"not_picked":["Flying Knee+1","Underhanded Strike+1","Hidden Blade"],"picked":"SKIP","floor":45},{"not_picked":["Bane+1","Hidden Blade+1"],"picked":"Night Terror","floor":46},{"not_picked":["ReplayTheSpireMod:Tripwire+1","Dagger Throw","Dagger Spray"],"picked":"SKIP","floor":47},{"not_picked":["Prepared","Backstab+1"],"picked":"Adrenaline","floor":48},{"not_picked":["Bane","Underhanded Strike","Noxious Fumes"],"picked":"SKIP","floor":54}],"player_experience":217524,"relics_obtained":[{"floor":11,"key":"Darkstone Periapt"},{"floor":13,"key":"Strawberry"},{"floor":25,"key":"Thread and Needle"},{"floor":26,"key":"Blood Vial"},{"floor":27,"key":"Bronze Scales"},{"floor":31,"key":"Kunai"},{"floor":42,"key":"TungstenRod"},{"floor":43,"key":"Bag of Marbles"},{"floor":44,"key":"Omamori"},{"floor":48,"key":"Replay:Rubber Ducky"},{"floor":54,"key":"Orichalcum"}],"event_choices":[{"damage_healed":0,"gold_gain":0,"player_choice":"Take Damage","damage_taken":17,"relics_obtained":["Golden Idol"],"max_hp_gain":0,"max_hp_loss":0,"event_name":"Golden Idol","floor":5,"gold_loss":0},{"cards_removed":["Strike_G"],"damage_healed":0,"gold_gain":0,"player_choice":"Card Removal","damage_taken":0,"max_hp_gain":0,"max_hp_loss":0,"event_name":"The Cleric","floor":6,"gold_loss":50},{"damage_healed":23,"gold_gain":0,"player_choice":"Banana","damage_taken":0,"max_hp_gain":0,"max_hp_loss":0,"event_name":"Big Fish","floor":12,"gold_loss":0},{"damage_healed":0,"gold_gain":0,"player_choice":"Upgraded","damage_taken":0,"max_hp_gain":0,"max_hp_loss":0,"event_name":"Upgrade Shrine","floor":37,"gold_loss":0,"cards_upgraded":["Footwork"]}],"is_beta":false,"boss_relics":[{"not_picked":["Empty Cage","Runic Dome"],"picked":"Sozu"},{"not_picked":["Tiny House","Painkiller Herb"],"picked":"Replay:Bronze Core"}],"items_purged_floors":[39,53],"is_endless":false,"potions_floor_spawned":[2,4,11,14,18,19,24,25,33,36,45,46,47],"ascension_level":9}}