{"host":"3z9xbwjeimmg738z","time":1614313551,"event":{"mods":["100% Spire Juice","2.2 Compatiblity","Act Like it!","AlwaysNeverKeys","Aspiration","Aya Shameimaru","Bard","BaseMod","Beaked The Cultist","Better Altar","Better Match","Better Note","Better Sensory Stone","Better Skull","Better Synergies","Better Third Choice","Bossed Relics","CapriCore","Colored Powertips","Defuse TimeMaze Blight","Dio Mod","Displayed Cursed Tome","Faster Ascension Climbing","GifTheSpireLib","Hubris","Luminous","Marisa????????","Minty Spire (QoL Compilation)","Pale of the Ancients","Permanent Neow","Replay The Spire","Ruina","Shapeshifter Mod","Smile Girya","StSLib","The Animator","The Fake Hero","The Juggle","The Saiyan","The Showman","TheBandit","Uncapped","Yakumo Yukari mod","noobMod"],"gold_per_floor":[116,41,51,61,61,61,86,102,176,176,176],"floor_reached":10,"language":"ENG","playtime":573,"items_purged":["shameimaru:Strike"],"score":71,"play_id":"838f6541-cc22-4057-a6e1-ab91e2e2f0c1","local_time":"20210225202551","daily_mods":["ControlledChaos"],"is_ascension_mode":true,"campfire_choices":[{"data":"shameimaru:LibraryResearch","floor":6,"key":"SMITH"}],"circlet_count":0,"master_deck":["shameimaru:Strike","shameimaru:Strike","shameimaru:Strike","shameimaru:Defend","shameimaru:Defend","shameimaru:Defend","shameimaru:Defend","shameimaru:PlayfulTaunt","shameimaru:SnapshotStrike","shameimaru:LibraryResearch+1","shameimaru:LibraryResearch"],"relics":["shameimaru:blackbirdfeather","Frozen Eye","ice","Happy Flower","Replay:WaspNest"],"acts_visited":["Exordium"],"potions_floor_usage":[],"damage_taken":[{"damage":3,"enemies":"Cultist","floor":1,"turns":4},{"damage":5,"enemies":"Small Slimes","floor":3,"turns":3},{"damage":0,"enemies":"Jaw Worm","floor":4,"turns":3},{"damage":21,"enemies":"Gremlin Nob","floor":7,"turns":5},{"damage":2,"enemies":"Blue Slaver","floor":8,"turns":3},{"damage":8,"enemies":"3 Sentries","floor":10,"turns":5}],"seed_played":"-8052059236533218337","potions_obtained":[{"floor":1,"key":"LifebloodPotion"},{"floor":7,"key":"LifebloodPotion"}],"is_trial":true,"path_per_floor":["M","$","M","M","$","R","E","M","T","E"],"character_chosen":"AYA","items_purchased":[],"campfire_rested":0,"item_purchase_floors":[],"current_hp_per_floor":[77,77,72,72,72,72,51,49,49,41,41],"gold":176,"neow_bonus":"","is_daily":false,"chose_seed":false,"campfire_upgraded":1,"win_rate":0.0,"timestamp":1614313551,"path_taken":["M","$","M","M","?","R","E","M","T","E"],"items_purchased_type":[],"build_version":"2020-12-22","purchased_purges":1,"victory":false,"max_hp_per_floor":[80,80,80,80,80,80,80,80,80,80,80],"card_choices":[{"not_picked":["shameimaru:HitAndRun","shameimaru:GustFan","shameimaru:Photocopier"],"picked":"SKIP","floor":1},{"not_picked":["shameimaru:WhispersOfTheWind","shameimaru:RapidFirePhotography"],"picked":"shameimaru:LibraryResearch","floor":3},{"not_picked":["shameimaru:Photoshoot","shameimaru:AirSlash","shameimaru:CandidShot"],"picked":"SKIP","floor":4},{"not_picked":["shameimaru:FlutteringFeyFan","shameimaru:GuidingBreeze"],"picked":"shameimaru:LibraryResearch","floor":7},{"not_picked":["shameimaru:AirCutter","shameimaru:Foresight","shameimaru:BlindingSpeed"],"picked":"SKIP","floor":8}],"player_experience":330666,"relics_obtained":[{"floor":7,"key":"Happy Flower"},{"floor":9,"key":"Replay:WaspNest"}],"event_choices":[],"is_beta":false,"boss_relics":[],"items_purged_floors":[2],"is_endless":false,"potions_floor_spawned":[1,7],"killed_by":"3 Sentries","ascension_level":1}}