{"host":"p9xedk00duaz8l9n","time":1614337447,"event":{"mods":["BaseMod","Colored Map","DeckTracker","Highlight Path","Minty Spire (QoL Compilation)","Relic Stats","SuperFastMode"],"gold_per_floor":[112,128,148,73,90,90,125,125,148,176,176,197,226,275,275,275,275],"floor_reached":16,"language":"JPN","playtime":464,"items_purged":[],"score":228,"play_id":"7f24b3a4-4b6b-44e5-8430-b1181b396323","local_time":"20210226200407","is_ascension_mode":true,"campfire_choices":[{"data":"True Grit","floor":6,"key":"SMITH"},{"floor":11,"key":"REST"},{"data":"Clothesline","floor":15,"key":"SMITH"}],"circlet_count":0,"master_deck":["AscendersBane","Strike_R","Strike_R","Strike_R","Strike_R","Defend_R","Defend_R","Defend_R","Defend_R","Bash","Immolate","Clothesline+1","Pommel Strike","True Grit+1","Impervious","Burning Pact","Carnage","Power Through"],"relics":["Burning Blood","Pen Nib","Golden Idol","CeramicFish","Bronze Scales"],"acts_visited":["Exordium"],"potions_floor_usage":[5,14,16,16],"damage_taken":[{"damage":4,"enemies":"Jaw Worm","floor":1,"turns":3},{"damage":0,"enemies":"2 Louse","floor":2,"turns":2},{"damage":0,"enemies":"Small Slimes","floor":3,"turns":2},{"damage":9,"enemies":"Exordium Wildlife","floor":5,"turns":2},{"damage":30,"enemies":"Gremlin Nob","floor":7,"turns":4},{"damage":0,"enemies":"Exordium Thugs","floor":10,"turns":4},{"damage":2,"enemies":"Red Slaver","floor":12,"turns":5},{"damage":0,"enemies":"Looter","floor":13,"turns":4},{"damage":24,"enemies":"Lagavulin","floor":14,"turns":8},{"damage":48,"enemies":"Slime Boss","floor":16,"turns":9}],"seed_played":"8113184353758375061","potions_obtained":[{"floor":1,"key":"Weak Potion"},{"floor":3,"key":"Energy Potion"},{"floor":12,"key":"ElixirPotion"},{"floor":14,"key":"LiquidMemories"}],"is_trial":false,"path_per_floor":["M","M","M","?","M","R","E","?","T","M","R","M","M","E","R","B"],"character_chosen":"IRONCLAD","items_purchased":[],"campfire_rested":1,"item_purchase_floors":[],"current_hp_per_floor":[70,75,75,75,72,72,48,22,22,28,50,54,60,42,42,0,0],"gold":275,"neow_bonus":"ONE_RANDOM_RARE_CARD","is_daily":false,"chose_seed":false,"campfire_upgraded":2,"win_rate":0.0,"timestamp":1614337447,"path_taken":["M","M","M","?","M","R","E","?","T","M","R","M","M","E","R","BOSS"],"items_purchased_type":[],"build_version":"2020-12-22","purchased_purges":0,"victory":false,"max_hp_per_floor":[75,75,75,75,75,75,75,75,75,75,75,75,75,75,75,75,75],"relic_stats":{"counters":[10,43],"Golden Idol":20,"CeramicFish":27,"Bronze Scales":[21],"Pen Nib":[3],"obtain_stats":[{"Golden Idol":8,"CeramicFish":9,"Bronze Scales":14,"Pen Nib":7,"Burning Blood":0},{"Golden Idol":5,"CeramicFish":5,"Bronze Scales":9,"Pen Nib":5,"Burning Blood":0},{"Golden Idol":13,"CeramicFish":13,"Bronze Scales":34,"Pen Nib":13,"Burning Blood":0}],"Burning Blood":47},"card_choices":[{"not_picked":["Seeing Red","Sentinel"],"picked":"Clothesline","floor":1},{"not_picked":["Havoc","True Grit"],"picked":"Pommel Strike","floor":2},{"not_picked":["Havoc","Headbutt"],"picked":"True Grit","floor":3},{"not_picked":["Headbutt","Clothesline","Flex"],"picked":"SKIP","floor":5},{"not_picked":["Cleave","Headbutt"],"picked":"Impervious","floor":7},{"not_picked":["Rupture","Iron Wave"],"picked":"Burning Pact","floor":10},{"not_picked":["Havoc","Body Slam","Iron Wave"],"picked":"SKIP","floor":12},{"not_picked":["Flex","Combust"],"picked":"Carnage","floor":13},{"not_picked":["Rampage","Sever Soul"],"picked":"Power Through","floor":14}],"player_experience":879204,"relics_obtained":[{"floor":7,"key":"Pen Nib"},{"floor":9,"key":"CeramicFish"},{"floor":14,"key":"Bronze Scales"}],"event_choices":[{"cards_removed":["Strike_R"],"damage_healed":0,"gold_gain":0,"player_choice":"Card Removal","damage_taken":0,"max_hp_gain":0,"max_hp_loss":0,"event_name":"The Cleric","floor":4,"gold_loss":75},{"damage_healed":0,"gold_gain":0,"player_choice":"Take Damage","damage_taken":26,"relics_obtained":["Golden Idol"],"max_hp_gain":0,"max_hp_loss":0,"event_name":"Golden Idol","floor":8,"gold_loss":0}],"is_beta":false,"boss_relics":[],"items_purged_floors":[],"is_endless":false,"potions_floor_spawned":[1,3,12,14],"killed_by":"Slime Boss","ascension_level":20}}