{"host":"24v1ah7r3aqtqu7r","time":1614359105,"event":{"mods":["BaseMod","Minty Spire (QoL Compilation)","StSLib","[IsaacMod]ÒÔÈö¼âËþ"],"gold_per_floor":[114,128,208,22,37,89,89,118,118,132,143,177,68,68,68,188,188,208,208,308,363,38,38,53,85,85,104,120,140,166,178,178,276,276,291,22,33,83,96,129,139,139,139,155,189,189,247,247,247,247],"floor_reached":51,"language":"ZHS","playtime":4567,"items_purged":["Strike_R","Strike_R","Flame Barrier"],"score":992,"play_id":"c20f9bf6-0f45-4af8-872f-9887afa1cb58","local_time":"20210227010505","is_ascension_mode":true,"campfire_choices":[{"data":"Bludgeon","floor":7,"key":"SMITH"},{"data":"Armaments","floor":15,"key":"SMITH"},{"data":"Dramatic Entrance","floor":23,"key":"SMITH"},{"data":"Uppercut","floor":32,"key":"SMITH"},{"data":"Heavy Blade","floor":42,"key":"SMITH"},{"data":"Demon Form","floor":49,"key":"SMITH"}],"circlet_count":0,"master_deck":["Defend_R","Defend_R","Defend_R","Defend_R","Bash","BettingIsNotGood+1","Pommel Strike","Iron Wave","Pommel Strike","Cleave","Thunderclap","Bludgeon+1","Armaments+1","Thunderclap","Dramatic Entrance+1","Flex","Demon Form+1","Blood for Blood+1","Sword Boomerang","Flame Barrier","Twin Strike","Shrug It Off","Headbutt","Flex+1","Havoc+1","Uppercut+1","Whirlwind","Fiend Fire","Heavy Blade+1","Pummel","True Grit","Pummel+1","Metallicize+1","Shrug It Off+1","Mind Blast"],"relics":["Burning Blood","HushsDoor","SteamSale","BookofShadows","TheBean","Anchor","Bottled Flame","Red Skull","Runic Pyramid","Red Mask","Happy Flower","Turnip","Tiny Chest","PillsDrop","Akabeko","Busted Crown","D6","GuppysTail","Toxic Egg 2","PokeGo","Kunai","Bottled Tornado","BookOfRevelations"],"acts_visited":["Exordium","TheCity","TheBeyond"],"potions_floor_usage":[8,8,8,12,16,16,33,33,40,41,41,50,50],"damage_taken":[{"damage":6,"enemies":"Cultist","floor":1,"turns":3},{"damage":18,"enemies":"2 Louse","floor":2,"turns":4},{"damage":3,"enemies":"Small Slimes","floor":5,"turns":3},{"damage":39,"enemies":"3 Sentries","floor":6,"turns":7},{"damage":0,"enemies":"Gremlin Nob","floor":8,"turns":2},{"damage":7,"enemies":"Exordium Thugs","floor":10,"turns":3},{"damage":0,"enemies":"3 Louse","floor":11,"turns":1},{"damage":10,"enemies":"3 Sentries","floor":12,"turns":3},{"damage":16,"enemies":"Slime Boss","floor":16,"turns":9},{"damage":0,"enemies":"3 Byrds","floor":18,"turns":3},{"damage":0,"enemies":"Masked Bandits","floor":21,"turns":2},{"damage":8,"enemies":"Shell Parasite","floor":24,"turns":4},{"damage":0,"enemies":"Book of Stabbing","floor":25,"turns":4},{"damage":0,"enemies":"Centurion and Healer","floor":27,"turns":3},{"damage":0,"enemies":"Snake Plant","floor":28,"turns":3},{"damage":0,"enemies":"Shelled Parasite and Fungi","floor":29,"turns":2},{"damage":0,"enemies":"Gremlin Leader","floor":30,"turns":3},{"damage":3,"enemies":"Snecko","floor":31,"turns":3},{"damage":46,"enemies":"Collector","floor":33,"turns":8},{"damage":0,"enemies":"Orb Walker","floor":35,"turns":2},{"damage":0,"enemies":"3 Darklings","floor":37,"turns":2},{"damage":12,"enemies":"Mind Bloom Boss Battle","floor":38,"turns":5},{"damage":0,"enemies":"Jaw Worm Horde","floor":39,"turns":2},{"damage":31,"enemies":"Giant Head","floor":40,"turns":7},{"damage":9,"enemies":"Maw","floor":41,"turns":5},{"damage":1,"enemies":"Transient","floor":44,"turns":5},{"damage":0,"enemies":"Reptomancer","floor":45,"turns":4},{"damage":0,"enemies":"Giant Head","floor":47,"turns":9},{"damage":28,"enemies":"Awakened One","floor":50,"turns":7}],"seed_played":"-5427388960826751674","potions_obtained":[{"floor":6,"key":"EntropicBrew"},{"floor":10,"key":"Weak Potion"},{"floor":16,"key":"Ancient Potion"},{"floor":24,"key":"Fire Potion"},{"floor":31,"key":"Energy Potion"},{"floor":37,"key":"PowerPotion"},{"floor":39,"key":"Energy Potion"},{"floor":40,"key":"LiquidMemories"},{"floor":41,"key":"BlessingOfTheForge"}],"is_trial":false,"path_per_floor":["M","M","?","$","M","E","R","E","T","M","M","E","$","?","R","B",null,"M","?","?","?","$","R","M","E","T","M","M","M","E","M","R","B",null,"M","$","M","?","M","E","M","R","T","M","E","?","E","T","R","B",null],"character_chosen":"IRONCLAD","items_purchased":["BookofShadows","Pommel Strike","SteroidPotion","Cleave","Dramatic Entrance","Flex","Happy Flower","Turnip","Explosive Potion","Shrug It Off","Pummel","D6","True Grit"],"campfire_rested":0,"item_purchase_floors":[4,4,4,4,13,13,22,22,22,22,36,36,36],"current_hp_per_floor":[80,68,53,53,66,43,43,49,49,48,54,50,50,50,50,40,80,80,80,80,80,80,80,78,80,80,80,80,80,80,83,83,43,83,83,83,86,80,86,71,68,68,68,73,79,79,85,85,85,63],"gold":247,"neow_bonus":"UPGRADE_CARD","is_daily":false,"chose_seed":false,"campfire_upgraded":6,"win_rate":0.0,"timestamp":1614359105,"path_taken":["M","M","?","$","?","E","R","E","T","M","M","E","?","?","R","BOSS","M","?","?","?","?","R","M","E","T","M","M","M","E","M","R","BOSS","M","?","M","?","M","E","M","R","T","M","E","?","E","?","R","BOSS"],"items_purchased_type":["Relic","Card","Potion","Card","Card","Card","Relic","Relic","Potion","Card","Card","Relic","Card"],"build_version":"2020-12-22","purchased_purges":3,"victory":true,"max_hp_per_floor":[80,80,80,80,80,80,80,80,80,80,80,80,80,80,80,80,80,80,80,80,80,80,80,80,80,80,80,80,80,80,83,83,83,83,83,83,86,86,86,86,86,86,86,86,86,86,86,86,86,86],"card_choices":[{"not_picked":[],"picked":"BettingIsNotGood","floor":0},{"not_picked":["Battle Trance","Heavy Blade"],"picked":"Pommel Strike","floor":1},{"not_picked":["Warcry","Clash"],"picked":"Iron Wave","floor":2},{"not_picked":["Whirlwind","Anger"],"picked":"Thunderclap","floor":5},{"not_picked":["Combust","Sentinel"],"picked":"Bludgeon","floor":6},{"not_picked":["Thunderclap","Second Wind","Entrench"],"picked":"SKIP","floor":8},{"not_picked":["Heavy Blade","Anger","Wild Strike"],"picked":"SKIP","floor":10},{"not_picked":["Disarm","Body Slam"],"picked":"Armaments","floor":11},{"not_picked":["Sentinel","Anger"],"picked":"Thunderclap","floor":12},{"not_picked":["Immolate","Bludgeon"],"picked":"Demon Form","floor":16},{"not_picked":["Twin Strike","Perfected Strike"],"picked":"Blood for Blood+1","floor":18},{"not_picked":["Thunderclap","Power Through"],"picked":"Twin Strike","floor":21},{"not_picked":["Heavy Blade","Iron Wave"],"picked":"Headbutt","floor":24},{"not_picked":["Blood for Blood","Sentinel","Dual Wield"],"picked":"SKIP","floor":25},{"not_picked":["Burning Pact","Power Through"],"picked":"Flex+1","floor":27},{"not_picked":["True Grit","Demon Form"],"picked":"Havoc+1","floor":28},{"not_picked":["Havoc+1","Thunderclap+1"],"picked":"Uppercut","floor":29},{"not_picked":["Metallicize","Wild Strike"],"picked":"Whirlwind","floor":30},{"not_picked":["Corruption","Sword Boomerang","Disarm"],"picked":"SKIP","floor":31},{"not_picked":["Exhume","Berserk"],"picked":"Fiend Fire","floor":33},{"not_picked":[],"picked":"Heavy Blade","floor":35},{"not_picked":[],"picked":"Pummel+1","floor":37},{"not_picked":[],"picked":"Metallicize+1","floor":38},{"not_picked":["True Grit"],"picked":"SKIP","floor":39},{"not_picked":["Clash"],"picked":"SKIP","floor":40},{"not_picked":[],"picked":"Shrug It Off+1","floor":41},{"not_picked":["Pommel Strike"],"picked":"SKIP","floor":44},{"not_picked":["Fire Breathing+1"],"picked":"SKIP","floor":45},{"not_picked":[],"picked":"Mind Blast","floor":46},{"not_picked":["Metallicize"],"picked":"SKIP","floor":47}],"player_experience":1610162,"relics_obtained":[{"floor":6,"key":"TheBean"},{"floor":8,"key":"Anchor"},{"floor":9,"key":"Bottled Flame"},{"floor":12,"key":"Red Skull"},{"floor":21,"key":"Red Mask"},{"floor":25,"key":"Tiny Chest"},{"floor":26,"key":"PillsDrop"},{"floor":30,"key":"Akabeko"},{"floor":38,"key":"GuppysTail"},{"floor":40,"key":"Toxic Egg 2"},{"floor":43,"key":"PokeGo"},{"floor":45,"key":"Kunai"},{"floor":47,"key":"Bottled Tornado"},{"floor":48,"key":"BookOfRevelations"}],"event_choices":[{"damage_healed":0,"gold_gain":0,"cards_transformed":["Strike_R"],"player_choice":"Transformed","damage_taken":0,"max_hp_gain":0,"max_hp_loss":0,"event_name":"Transmorgrifier","floor":14,"gold_loss":0,"cards_obtained":["Flame Barrier"]},{"damage_healed":0,"gold_gain":0,"cards_transformed":["Strike_R","Strike_R"],"player_choice":"Became Test Subject","damage_taken":0,"max_hp_gain":0,"max_hp_loss":0,"event_name":"Drug Dealer","floor":19,"gold_loss":0,"cards_obtained":["Sword Boomerang","Flame Barrier"]},{"damage_healed":0,"gold_gain":100,"player_choice":"Pray","damage_taken":0,"max_hp_gain":0,"max_hp_loss":0,"event_name":"Golden Shrine","floor":20,"gold_loss":0},{"damage_healed":0,"gold_gain":0,"player_choice":"Fought Bandits","damage_taken":0,"max_hp_gain":0,"max_hp_loss":0,"event_name":"Masked Bandits","floor":21,"gold_loss":0},{"damage_healed":0,"gold_gain":0,"player_choice":"Fight","damage_taken":0,"max_hp_gain":0,"max_hp_loss":0,"event_name":"MindBloom","floor":38,"gold_loss":0},{"damage_healed":0,"gold_gain":0,"player_choice":"Memory 1","damage_taken":0,"max_hp_gain":0,"max_hp_loss":0,"event_name":"SensoryStone","floor":46,"gold_loss":0}],"is_beta":false,"boss_relics":[{"not_picked":["Coffee Dripper","Runic Dome"],"picked":"Runic Pyramid"},{"not_picked":[]},{"not_picked":["Snecko Eye","Runic Cube"],"picked":"Busted Crown"},{"not_picked":[]}],"items_purged_floors":[13,22,36],"is_endless":false,"potions_floor_spawned":[6,10,16,24,28,29,31,37,39,40,41],"ascension_level":1}}