{"host":"fortuna","time":1614358986,"event":{"mods":["100% Spire Juice","Act Like it!","BaseMod","CapriCore","Gensokyo","Hallownest","Koishi","Minty Spire (QoL Compilation)","MostiFishMod","Reimu£®≤©¿ˆ¡È√Œ£©","Relic Stats","StSLib","The Alterego","The Animator","The Bug Knight","The Immortal","The Senshi","Waifu the Spire","Yakumo Yukari mod"],"gold_per_floor":[111,111,127,127,153,185,196,214,294,312,339,356,384,411,411,510,510,527,527,56,56,71,105,65,96,122,152,152,179,279,279,279,376,376,390,404,454,480,492,492,503,503,529,559,571,602,602,632,632,632],"floor_reached":51,"language":"ZHS","playtime":2798,"items_purged":[],"score":1259,"play_id":"5dab5a4e-b231-445a-ac8f-9754bb131e1e","local_time":"20210227010306","is_ascension_mode":true,"campfire_choices":[{"floor":15.0,"key":"REST"},{"data":"MokouMod:EnchantingBambooForest","floor":28.0,"key":"SMITH"},{"data":"Mind Blast","floor":32.0,"key":"SMITH"},{"data":"MokouMod:Rebirth","floor":40,"key":"SMITH"},{"data":"MokouMod:Afterburner","floor":42,"key":"SMITH"},{"data":"Deep Breath","floor":47,"key":"SMITH"},{"data":"MokouMod:Extinguish","floor":49,"key":"SMITH"}],"circlet_count":0,"master_deck":["MokouMod:Strike+1","MokouMod:Strike+1","MokouMod:Strike+1","MokouMod:Strike+1","MokouMod:Defend+1","MokouMod:Defend+1","MokouMod:Defend+1","MokouMod:Defend+1","MokouMod:HeatSpark","MokouMod:CrimsonArmoury","MokouMod:Wildfire","MokouMod:ResonanceReactor+1","MokouMod:WarmUp","MokouMod:IndiscriminateIgnition","MokouMod:Overheat","MokouMod:Afterburner","MokouMod:CrimsonArmoury","MokouMod:FlareStarter","MokouMod:SubterraneanCore","MokouMod:Afterburner+1","MokouMod:EnchantingBambooForest+1","MokouMod:SearingShot+1","MostiFishMod:PerfectForm+1","Swift Strike","Mind Blast+1","Trip","MostiFishMod:ButterFly","Deep Breath+1","MostiFishMod:ButterFly","MokouMod:Rekindle","MokouMod:ScorchingColumn","MokouMod:Firecracker+1","MokouMod:SearingBlow","MokouMod:Wildfire","MokouMod:Rebirth+1","MokouMod:BurningDraft+1","MokouMod:HeatCyclone+1","MokouMod:Overheat","MokouMod:ControlledCombustion+1","MokouMod:SubterraneanCore+1","MokouMod:Extinguish+1"],"relics":["MokouMod:PhoenixFeather","DaveBox","NeowsBlessing","TimeKeys","SynthV:TestCard","PreservedInsect","Lantern","HollowMod:StagPassRelic","Regal Pillow","Odd Mushroom","RhineSuit","Calipers","Peace Pipe","ZunR:ReiMu","Tiny Chest","Vajra","Omamori","CombinedTypeHook","Torii","Mummified Hand","Ornamental Fan","BloodWine","BionicSphere","RuthlessExorcism:ReiMu","Toy Ornithopter","Unceasing Top","InkBottle","Bottled Lightning"],"acts_visited":["Exordium","TheCity","TheBeyond"],"potions_floor_usage":[41],"damage_taken":[{"damage":0.0,"enemies":"Jaw Worm","floor":1.0,"turns":1.0},{"damage":0.0,"enemies":"Small Slimes","floor":3.0,"turns":1.0},{"damage":0.0,"enemies":"HollowMod:MossKnight","floor":6.0,"turns":1.0},{"damage":1.0,"enemies":"2 Louse","floor":7.0,"turns":2.0},{"damage":18.0,"enemies":"Large Slime","floor":8.0,"turns":3.0},{"damage":26.0,"enemies":"Lots of Slimes","floor":10.0,"turns":3.0},{"damage":4.0,"enemies":"3 Sentries","floor":11.0,"turns":3.0},{"damage":0.0,"enemies":"Looter","floor":12.0,"turns":4.0},{"damage":0.0,"enemies":"HollowMod:MossKnight","floor":13.0,"turns":5.0},{"damage":0.0,"enemies":"The Mushroom Lair","floor":14.0,"turns":2.0},{"damage":41.0,"enemies":"Hexaghost","floor":16.0,"turns":9.0},{"damage":0.0,"enemies":"Chosen","floor":18.0,"turns":5.0},{"damage":21.0,"enemies":"Shell Parasite","floor":22.0,"turns":4.0},{"damage":0.0,"enemies":"Book of Stabbing","floor":23.0,"turns":5.0},{"damage":15.0,"enemies":"Slavers","floor":25.0,"turns":5.0},{"damage":0.0,"enemies":"Book of Stabbing","floor":27.0,"turns":2.0},{"damage":0.0,"enemies":"HollowMod:Nosk","floor":29.0,"turns":3.0},{"damage":0.0,"enemies":"Colosseum Slavers","floor":30.0,"turns":1.0},{"damage":0.0,"enemies":"Colosseum Nobs","floor":30.0,"turns":2.0},{"damage":1.0,"enemies":"Automaton","floor":33.0,"turns":5.0},{"damage":0,"enemies":"3 Darklings","floor":35,"turns":2},{"damage":0,"enemies":"Orb Walker","floor":36,"turns":1},{"damage":0,"enemies":"Mind Bloom Boss Battle","floor":37,"turns":3},{"damage":0,"enemies":"Spire Growth","floor":39,"turns":2},{"damage":0,"enemies":"3 Darklings","floor":41,"turns":3},{"damage":0,"enemies":"HollowMod:StalkingDevout","floor":44,"turns":3},{"damage":0,"enemies":"4 Shapes","floor":45,"turns":1},{"damage":0,"enemies":"Giant Head","floor":46,"turns":3},{"damage":0,"enemies":"Nemesis","floor":48,"turns":3},{"damage":0,"enemies":"Awakened One","floor":50,"turns":5}],"seed_played":"-5792595267592654926","potions_obtained":[{"floor":6.0,"key":"SpeedPotion"},{"floor":7.0,"key":"Swift Potion"},{"floor":10.0,"key":"Fire Potion"},{"floor":22.0,"key":"ColorlessPotion"},{"floor":27.0,"key":"Fire Potion"},{"floor":41,"key":"SteroidPotion"}],"is_trial":false,"path_per_floor":["M","?","M","?","T","E","M","M","T","M","E","M","E","?","R","B",null,"M","?","$","?","M","E","?","E","T","E","R","E","?","?","R","B",null,"M","M","?","T","M","R","M","R","T","E","M","E","R","E","R","B",null],"character_chosen":"MKU","items_purchased":["Calipers","MostiFishMod:PerfectForm"],"campfire_rested":1,"item_purchase_floors":[20,20],"current_hp_per_floor":[75,75,75,60,60,60,59,41,41,15,11,11,11,11,48,7,75,75,75,75,18,22,30,30,19,19,23,23,43,47,47,47,74,75,75,75,75,75,75,75,75,75,75,75,75,75,75,75,75,75],"gold":632,"neow_bonus":"THREE_ENEMY_KILL","is_daily":false,"chose_seed":false,"campfire_upgraded":6,"win_rate":0.0,"timestamp":1614358986,"path_taken":["M","?","M","?","?","E","M","M","T","M","E","M","E","?","R","BOSS","M","?","$","?","?","E","?","E","T","E","R","E","?","?","R","BOSS","M","M","?","?","?","R","M","R","T","E","M","E","R","E","R","BOSS"],"items_purchased_type":["Relic","Card"],"build_version":"2020-12-18","purchased_purges":0,"victory":true,"max_hp_per_floor":[75,75,75,75,75,75,75,75,75,75,75,75,75,75,75,75,75,75,75,75,75,75,75,75,75,75,75,75,75,75,75,75,75,75,75,75,75,75,75,75,75,75,75,75,75,75,75,75,75,75],"relic_stats":{"Peace Pipe":0,"Regal Pillow":15,"Torii":1,"counters":[30,90],"Mummified Hand":[21],"Ornamental Fan":[64],"Tiny Chest":1,"PreservedInsect":448,"obtain_stats":[{"CombinedTypeHook":29,"Lantern":6,"Regal Pillow":13,"Calipers":20,"DaveBox":0,"Torii":30,"TimeKeys":0,"ZunR:ReiMu":24,"Vajra":26,"RhineSuit":17,"BloodWine":34,"HollowMod:StagPassRelic":11,"Mummified Hand":30,"Tiny Chest":25,"InkBottle":46,"NeowsBlessing":0,"PreservedInsect":5,"Omamori":27,"Odd Mushroom":14,"Peace Pipe":23,"SynthV:TestCard":1,"Ornamental Fan":31,"BionicSphere":37,"MokouMod:PhoenixFeather":0,"Bottled Lightning":48,"Toy Ornithopter":43,"Unceasing Top":44,"RuthlessExorcism:ReiMu":38},{"CombinedTypeHook":17,"Lantern":3,"Regal Pillow":9,"Calipers":12,"DaveBox":0,"Torii":19,"TimeKeys":0,"ZunR:ReiMu":14,"Vajra":15,"RhineSuit":11,"BloodWine":20,"HollowMod:StagPassRelic":7,"Mummified Hand":19,"Tiny Chest":15,"InkBottle":28,"NeowsBlessing":0,"PreservedInsect":2,"Omamori":16,"Odd Mushroom":10,"Peace Pipe":14,"SynthV:TestCard":1,"Ornamental Fan":19,"BionicSphere":23,"MokouMod:PhoenixFeather":0,"Bottled Lightning":29,"Toy Ornithopter":25,"Unceasing Top":26,"RuthlessExorcism:ReiMu":23},{"CombinedTypeHook":58,"Lantern":3,"Regal Pillow":23,"Calipers":39,"DaveBox":0,"Torii":61,"TimeKeys":0,"ZunR:ReiMu":48,"Vajra":53,"RhineSuit":34,"BloodWine":66,"HollowMod:StagPassRelic":14,"Mummified Hand":61,"Tiny Chest":53,"InkBottle":83,"NeowsBlessing":0,"PreservedInsect":2,"Omamori":55,"Odd Mushroom":25,"Peace Pipe":48,"SynthV:TestCard":1,"Ornamental Fan":61,"BionicSphere":72,"MokouMod:PhoenixFeather":0,"Bottled Lightning":85,"Toy Ornithopter":77,"Unceasing Top":80,"RuthlessExorcism:ReiMu":72}],"Toy Ornithopter":0,"Unceasing Top":[8],"InkBottle":[5]},"card_choices":[{"not_picked":["MokouMod:SearingShot","MokouMod:ScorchingColumn"],"picked":"MokouMod:CrimsonArmoury","floor":1.0},{"not_picked":["MokouMod:RoaringFlare","MokouMod:EternalBurstReactor","MokouMod:AdaptivePyromancy","MokouMod:IndiscriminateIgnition"],"picked":"MokouMod:ResonanceReactor","floor":3.0},{"not_picked":["MokouMod:SpontaneousHumanCombustion","MokouMod:Meltdown","MokouMod:GuidingSmoke","MokouMod:PhoenixFeathers"],"picked":"MokouMod:WarmUp","floor":6.0},{"not_picked":["MokouMod:Combust","MokouMod:FujiyamaVolcano","MokouMod:Stoke","MokouMod:SubterraneanCore"],"picked":"MokouMod:IndiscriminateIgnition","floor":7.0},{"not_picked":["MokouMod:Ember","MokouMod:AdaptivePyromancy","MokouMod:FusionFlare","MokouMod:ResoluteFlare"],"picked":"MokouMod:Overheat","floor":8.0},{"not_picked":["MokouMod:UncontrollableSolarReaction","MokouMod:EternalBurstReactor","MokouMod:RoaringFlare","MokouMod:ThermalPressure"],"picked":"MokouMod:Afterburner","floor":10.0},{"not_picked":["MokouMod:BurningDraft","MokouMod:ScorchingColumn","MokouMod:FlamingFireTalons","MokouMod:HeartofFire"],"picked":"MokouMod:CrimsonArmoury","floor":11.0},{"not_picked":["MokouMod:ShiftIgnition","MokouMod:IgnitionBlast","MokouMod:ProfanedFlare","MokouMod:UncontrollableSolarReaction"],"picked":"MokouMod:FlareStarter","floor":12.0},{"not_picked":["MokouMod:EternalBurstReactor","MokouMod:GuidingSmoke","MokouMod:InfernalWave","MokouMod:FusionFlare"],"picked":"MokouMod:SubterraneanCore","floor":13.0},{"not_picked":["MokouMod:Sear","MokouMod:IndiscriminateIgnition","MokouMod:ResoluteFlare","MokouMod:FlareStarter"],"picked":"MokouMod:Afterburner","floor":14.0},{"not_picked":["MokouMod:PhoenixForm","MokouMod:SacredFire","MokouMod:ProfanedFlare","MokouMod:Ventilation"],"picked":"MokouMod:EnchantingBambooForest","floor":16.0},{"not_picked":["MokouMod:FlareStarter+1","MokouMod:Firecracker","MokouMod:RoaringFlare","MokouMod:ScorchingColumn+1"],"picked":"MokouMod:SearingShot+1","floor":18.0},{"not_picked":["MokouMod:HeatFactory+1","MokouMod:IndiscriminateIgnition+1","MokouMod:CrimsonArmoury","MokouMod:PhoenixFeathers"],"picked":"MokouMod:Rekindle","floor":22.0},{"not_picked":["MokouMod:FujiyamaVolcano","MokouMod:HeartofFire","MokouMod:RoaringFlare","MokouMod:HeatFactory"],"picked":"MokouMod:ScorchingColumn","floor":23.0},{"not_picked":["MokouMod:IndiscriminateIgnition+1","MokouMod:RoaringFlare","MokouMod:BlazingComet","MokouMod:Combust"],"picked":"MokouMod:Firecracker+1","floor":25.0},{"not_picked":["MokouMod:Stoke","MokouMod:BlazingComet","MokouMod:TemporalFireSeal+1","MokouMod:Overheat"],"picked":"MokouMod:SearingBlow","floor":27.0},{"not_picked":["MokouMod:Stoke","MokouMod:BurningHiddenBullet","MokouMod:FlareStarter","MokouMod:Cataclysm","MokouMod:BlazingComet"],"picked":"SKIP","floor":29.0},{"not_picked":["MokouMod:Combust","MokouMod:HeatTransfer","MokouMod:ResonanceReactor","MokouMod:IndiscriminateIgnition"],"picked":"MokouMod:Wildfire","floor":30.0},{"not_picked":["MokouMod:EnchantingBambooForest","MokouMod:RadiantBlade","MokouMod:Geothermal","MokouMod:ProfanedFlare"],"picked":"MokouMod:Rebirth","floor":33.0},{"not_picked":["MokouMod:FujiyamaVolcano","MokouMod:SearingShot+1","MokouMod:Sear+1","MokouMod:TemporalFireSeal"],"picked":"MokouMod:BurningDraft+1","floor":35},{"not_picked":["MokouMod:RoaringFlare","MokouMod:PhoenixFeathers","MokouMod:BlazingComet+1","MokouMod:TemporalFireSeal","MokouMod:Combust+1"],"picked":"SKIP","floor":36},{"not_picked":["MokouMod:Overheat+1","MokouMod:RoaringFlare","MokouMod:UncontrollableSolarReaction+1","MokouMod:TemporalFireSeal+1"],"picked":"MokouMod:HeatCyclone+1","floor":37},{"not_picked":["MokouMod:Rebirth","MokouMod:Ember","MokouMod:FlareStarter","MokouMod:HeatTransfer+1","MokouMod:IllusoryBattlefield"],"picked":"SKIP","floor":39},{"not_picked":["MokouMod:DanceofFlames+1","MokouMod:UncontrollableSolarReaction","MokouMod:GuidingSmoke+1","MokouMod:ScorchingColumn+1"],"picked":"MokouMod:Overheat","floor":41},{"not_picked":["MokouMod:FlareStarter","MokouMod:SubterraneanCore+1","MokouMod:EnchantingBambooForest","MokouMod:CrimsonArmoury"],"picked":"MokouMod:ControlledCombustion+1","floor":44},{"not_picked":["MokouMod:DanceofFlames","MokouMod:Ember+1","MokouMod:RetainTemperature+1","MokouMod:GuidingSmoke"],"picked":"MokouMod:SubterraneanCore+1","floor":45},{"not_picked":["MokouMod:InfernalWave+1","MokouMod:Meltdown","MokouMod:ResoluteFlare","MokouMod:Singe","MokouMod:ScorchingColumn+1"],"picked":"SKIP","floor":46},{"not_picked":["MokouMod:PhoenixFeathers","MokouMod:ScorchingColumn","MokouMod:FlickeringFlame+1","MokouMod:Singe+1"],"picked":"MokouMod:Extinguish","floor":48}],"player_experience":428523,"relics_obtained":[{"floor":1.0,"key":"SynthV:TestCard"},{"floor":5.0,"key":"PreservedInsect"},{"floor":6.0,"key":"Lantern"},{"floor":11.0,"key":"HollowMod:StagPassRelic"},{"floor":13.0,"key":"Regal Pillow"},{"floor":14.0,"key":"Odd Mushroom"},{"floor":23.0,"key":"Peace Pipe"},{"floor":25.0,"key":"Tiny Chest"},{"floor":26.0,"key":"Vajra"},{"floor":27.0,"key":"Omamori"},{"floor":29.0,"key":"CombinedTypeHook"},{"floor":30.0,"key":"Torii"},{"floor":30.0,"key":"Mummified Hand"},{"floor":37,"key":"BionicSphere"},{"floor":38,"key":"RuthlessExorcism:ReiMu"},{"floor":43,"key":"Toy Ornithopter"},{"floor":44,"key":"Unceasing Top"},{"floor":46,"key":"InkBottle"},{"floor":48,"key":"Bottled Lightning"}],"event_choices":[{"damage_healed":0.0,"max_hp_gain":0.0,"max_hp_loss":0.0,"gold_gain":0.0,"cards_transformed":["MokouMod:Strike"],"event_name":"Living Wall","player_choice":"Change","floor":2.0,"gold_loss":0.0,"damage_taken":0.0,"cards_obtained":["MokouMod:Wildfire"]},{"damage_healed":0.0,"max_hp_gain":0.0,"max_hp_loss":0.0,"gold_gain":0.0,"event_name":"Shining Light","player_choice":"Entered Light","floor":4.0,"gold_loss":0.0,"damage_taken":15.0,"cards_upgraded":["MokouMod:Defend","MokouMod:ResonanceReactor"]},{"damage_healed":0.0,"max_hp_gain":0.0,"max_hp_loss":0.0,"gold_gain":0.0,"event_name":"Mushrooms","player_choice":"Fought Mushrooms","floor":14.0,"gold_loss":0.0,"damage_taken":0.0},{"damage_healed":0.0,"max_hp_gain":0.0,"max_hp_loss":0.0,"gold_gain":0.0,"event_name":"Back to Basics","player_choice":"Simplicity","floor":19.0,"gold_loss":0.0,"damage_taken":0.0,"cards_upgraded":["MokouMod:Strike","MokouMod:Strike","MokouMod:Strike","MokouMod:Strike","MokouMod:Defend","MokouMod:Defend","MokouMod:Defend"]},{"damage_healed":0.0,"max_hp_gain":0.0,"max_hp_loss":0.0,"gold_gain":0.0,"event_name":"Knowing Skull","player_choice":"CARD CARD CARD CARD CARD CARD ","floor":21.0,"potions_obtained":[],"gold_loss":0.0,"damage_taken":57.0,"cards_obtained":["Swift Strike","Mind Blast","Trip","MostiFishMod:ButterFly","Deep Breath","MostiFishMod:ButterFly"]},{"damage_healed":0.0,"max_hp_gain":0.0,"max_hp_loss":0.0,"gold_gain":0.0,"event_name":"ZunEvent","player_choice":"π∫¬Ú…Òæ∆","floor":24.0,"gold_loss":40.0,"damage_taken":0.0,"relics_obtained":["ZunR:ReiMu"]},{"damage_healed":0.0,"max_hp_gain":0.0,"max_hp_loss":0.0,"gold_gain":0.0,"event_name":"Colosseum","player_choice":"Fight","floor":30.0,"gold_loss":0.0,"damage_taken":0.0},{"damage_healed":0.0,"max_hp_gain":0.0,"max_hp_loss":0.0,"gold_gain":0.0,"event_name":"Colosseum","player_choice":"Fought Nobs","floor":30.0,"gold_loss":0.0,"damage_taken":0.0},{"damage_healed":0.0,"max_hp_gain":0.0,"max_hp_loss":0.0,"gold_gain":0.0,"event_name":"The Mausoleum","player_choice":"Opened","floor":31.0,"gold_loss":0.0,"damage_taken":0.0,"relics_obtained":["Ornamental Fan"],"cards_obtained":["Writhe"]},{"damage_healed":0,"gold_gain":0,"player_choice":"Fight","damage_taken":0,"max_hp_gain":0,"max_hp_loss":0,"event_name":"MindBloom","floor":37,"gold_loss":0}],"is_beta":true,"boss_relics":[{"not_picked":["Sozu","JellyFishMachine"],"picked":"RhineSuit"},{"not_picked":["Pandora\u0027s Box","HereWithMe"],"picked":"BloodWine"}],"items_purged_floors":[],"is_endless":false,"potions_floor_spawned":[6,7,10,14,16,22,27,29,30,30,33,36,37,41,46,48],"ascension_level":2}}