{"host":"qmdmcz5nn4dzus5k","time":1614348121,"event":{"mods":["AchievementEnabler","Act Like it!","BaseMod","Bestiary","BetterRewards","Card Filter","Displayed Cursed Tome","Minty Spire (QoL Compilation)","Quick Restart","Relic Filter","Remove Card Discount Mod","Replay The Spire","Ruina","Spicy Shops","StSLib","The Marked","TheHero","Uncapped"],"gold_per_floor":[109,109,127,127,140,140,140,167,219,219,219,219,237,11,11,108,108,128,142,142,142],"floor_reached":20,"language":"ENG","playtime":1672,"items_purged":["Strike_G","Defend_G","Regret","Voices"],"score":189,"play_id":"9303b0d5-8b7c-47b3-a16c-59f0af28cdff","local_time":"20210226090201","is_ascension_mode":true,"campfire_choices":[{"floor":6.0,"key":"RECALL"},{"floor":10,"key":"REST"},{"data":"Neutralize","floor":12,"key":"SMITH"}],"circlet_count":0,"master_deck":["Strike_G","Strike_G","Strike_G","Strike_G","Defend_G","Defend_G","Defend_G","Defend_G","Survivor","Neutralize+1","Flying Knee","Footwork","Fluid Movement+1","Footwork","Dagger Spray","Venomology","CurseOfTheBell","Pot Of Greed","Pot Of Greed"],"relics":["Ring of the Snake","Juzu Bracelet","TwistedFunnel","Torii","Membership Card","Ginger","Replay:Bottled Steam","Incense Burner","Ring of Fangs","Turnip","MealTicket","Calling Bell","Grinning Jar","Golden Egg","Pocketwatch"],"acts_visited":["Exordium","Exordium"],"potions_floor_usage":[8,8,13,19],"damage_taken":[{"damage":7.0,"enemies":"2 Louse","floor":1.0,"turns":2.0},{"damage":0.0,"enemies":"Cultist","floor":3.0,"turns":3.0},{"damage":1.0,"enemies":"Small Slimes","floor":5.0,"turns":3.0},{"damage":14,"enemies":"3 Sentries","floor":8,"turns":9},{"damage":2,"enemies":"2 Fungi Beasts","floor":13,"turns":4},{"damage":18,"enemies":"Fading Forest","floor":16,"turns":11},{"damage":54,"enemies":"ruina:3_Bats","floor":18,"turns":11},{"damage":13,"enemies":"ruina:2_Scarecrows","floor":19,"turns":6},{"damage":11,"enemies":"ruina:KingOfGreed","floor":20,"turns":1}],"seed_played":"-9134254004317853373","potions_obtained":[{"floor":2.0,"key":"Strength Potion"},{"floor":2.0,"key":"Elixir"},{"floor":2.0,"key":"LifebloodPotion"},{"floor":8,"key":"Explosive Potion"},{"floor":13,"key":"Swift Potion"}],"is_trial":false,"path_per_floor":["M","?","M","?","M","R","?","E","T","R","?","R","M","$","R","B",null,"M","M","M"],"character_chosen":"THE_SILENT","items_purchased":["Juzu Bracelet","TwistedFunnel","Membership Card","Turnip","MealTicket"],"campfire_rested":1,"item_purchase_floors":[0,0,0,14,14],"current_hp_per_floor":[63,63,63,63,62,62,62,48,48,69,69,69,67,67,67,58,70,16,3,0,0],"gold":142,"neow_bonus":"","is_daily":false,"chose_seed":false,"campfire_upgraded":1,"win_rate":0.0,"timestamp":1614348121,"path_taken":["M","?","M","?","M","R","?","E","T","R","?","R","M","$","R","BOSS","M","M","M"],"items_purchased_type":["Relic","Relic","Relic","Relic","Relic"],"build_version":"2020-12-22","purchased_purges":4,"victory":false,"max_hp_per_floor":[70,70,70,70,70,70,70,70,70,70,70,70,70,70,70,70,70,70,70,70,70],"card_choices":[{"not_picked":["Accuracy","Caltrops"],"picked":"Flying Knee","floor":1.0},{"not_picked":["ReplayTheSpireMod:Shiv Toss","Deflect"],"picked":"Footwork","floor":3.0},{"not_picked":["Hidden Blade","Sucker Punch"],"picked":"Fluid Movement","floor":5.0},{"not_picked":["Dodge and Roll","Prepared"],"picked":"Footwork","floor":8},{"not_picked":["Slice","Poison Darts"],"picked":"Dagger Spray","floor":13},{"not_picked":["Wraith Form v2","Die Die Die"],"picked":"Venomology","floor":16},{"not_picked":["Sneak Up","Heel Hook","Slice"],"picked":"SKIP","floor":18},{"not_picked":["Backflip","ReplayTheSpireMod:The Works+1","Sucker Punch+1"],"picked":"SKIP","floor":19}],"player_experience":110623,"relics_obtained":[{"floor":8,"key":"Incense Burner"},{"floor":11,"key":"Ring of Fangs"},{"floor":17,"key":"Grinning Jar"},{"floor":17,"key":"Golden Egg"},{"floor":17,"key":"Pocketwatch"}],"event_choices":[{"damage_healed":0.0,"max_hp_gain":0.0,"max_hp_loss":0.0,"gold_gain":0.0,"event_name":"Lab","player_choice":"Got Potions","floor":2.0,"gold_loss":0.0,"damage_taken":0.0},{"damage_healed":0.0,"max_hp_gain":0.0,"max_hp_loss":0.0,"gold_gain":0.0,"event_name":"Golden Wing","player_choice":"Ignored","floor":4.0,"gold_loss":0.0,"damage_taken":0.0},{"damage_healed":0.0,"max_hp_gain":0.0,"max_hp_loss":0.0,"gold_gain":0.0,"event_name":"Big Fish","player_choice":"Box","floor":7.0,"gold_loss":0.0,"damage_taken":0.0,"relics_obtained":["Replay:Bottled Steam"],"cards_obtained":["Regret"]},{"damage_healed":0,"gold_gain":0,"player_choice":"Grow","damage_taken":0,"max_hp_gain":0,"max_hp_loss":0,"event_name":"Living Wall","floor":15,"gold_loss":0,"cards_upgraded":["Fluid Movement"]}],"is_beta":false,"boss_relics":[{"not_picked":["Sozu","Replay:Grab Bag"],"picked":"Calling Bell"}],"items_purged_floors":[0,0,14,14],"is_endless":false,"potions_floor_spawned":[3,8,13],"killed_by":"ruina:KingOfGreed","ascension_level":2}}