{"host":"188x3om7sf6mgxv1","time":1614370002,"event":{"mods":["BaseMod","Block Reminder","Minty Spire (QoL Compilation)","Relic Stats","StSLib"],"gold_per_floor":[166,166,166,177,177,177,177,215,215,248,262,298,298,314,314,443,443,462,476,476,495,170,170,170,188,213,246,246,269,303,322,322,450,450,465,485,395,112,137,170,170,206,229,268,268,283,307,326,326,326,326,326,28,61,61,61],"floor_reached":55,"language":"ENG","playtime":2446,"items_purged":["Strike_R","Strike_R","Injury"],"score":1408,"play_id":"96aaf292-47b0-4fc5-a13d-a3dd0b2cc25a","local_time":"20210226150642","is_ascension_mode":true,"campfire_choices":[{"data":"Carnage","floor":6.0,"key":"SMITH"},{"data":"Whirlwind","floor":13.0,"key":"SMITH"},{"data":"Fire Breathing","floor":15.0,"key":"SMITH"},{"floor":23.0,"key":"REST"},{"floor":28.0,"key":"REST"},{"floor":32.0,"key":"REST"},{"floor":41.0,"key":"RECALL"},{"floor":45.0,"key":"REST"},{"floor":49.0,"key":"REST"},{"floor":52.0,"key":"REST"}],"circlet_count":0,"master_deck":["AscendersBane","Strike_R","Defend_R","Defend_R","Defend_R","Defend_R+1","Bash","Carnage+1","Fire Breathing+1","Pommel Strike+1","Whirlwind+1","Shrug It Off","Limit Break","Feel No Pain","Offering","Uppercut+1","RitualDagger","Shrug It Off","Feel No Pain","Inflame+1","Spot Weakness+1","Shrug It Off","Exhume","Offering","Battle Trance","Power Through+1","Inflame+1","Burning Pact+1","True Grit+1","Exhume","Flame Barrier","Rupture","Flame Barrier+1"],"relics":["Tiny House","Golden Idol","Happy Flower","White Beast Statue","Eternal Feather","Turnip","Smiling Mask","Fusion Hammer","Toy Ornithopter","Enchiridion","Strawberry","Blood Vial","Bag of Marbles","Cursed Key","Vajra","HornCleat","Whetstone","Centennial Puzzle","Akabeko"],"acts_visited":["Exordium","TheCity","TheBeyond","TheEnding"],"potions_floor_usage":[55,55],"damage_taken":[{"damage":0.0,"enemies":"Cultist","floor":1.0,"turns":3.0},{"damage":4.0,"enemies":"Jaw Worm","floor":4.0,"turns":5.0},{"damage":17.0,"enemies":"3 Sentries","floor":8.0,"turns":5.0},{"damage":8.0,"enemies":"Gremlin Nob","floor":10.0,"turns":3.0},{"damage":0.0,"enemies":"2 Louse","floor":11.0,"turns":3.0},{"damage":12.0,"enemies":"3 Sentries","floor":12.0,"turns":5.0},{"damage":5.0,"enemies":"Red Slaver","floor":14.0,"turns":3.0},{"damage":0.0,"enemies":"Slime Boss","floor":16.0,"turns":7.0},{"damage":4.0,"enemies":"Chosen","floor":18.0,"turns":3.0},{"damage":18.0,"enemies":"2 Thieves","floor":19.0,"turns":4.0},{"damage":11.0,"enemies":"Snecko","floor":21.0,"turns":5.0},{"damage":8.0,"enemies":"Centurion and Healer","floor":25.0,"turns":5.0},{"damage":32.0,"enemies":"Book of Stabbing","floor":27.0,"turns":5.0},{"damage":17.0,"enemies":"Chosen and Byrds","floor":29.0,"turns":6.0},{"damage":21.0,"enemies":"Slavers","floor":30.0,"turns":4.0},{"damage":13.0,"enemies":"3 Cultists","floor":31.0,"turns":4.0},{"damage":25.0,"enemies":"Champ","floor":33.0,"turns":8.0},{"damage":0.0,"enemies":"Orb Walker","floor":35.0,"turns":2.0},{"damage":12.0,"enemies":"3 Darklings","floor":36.0,"turns":2.0},{"damage":6.0,"enemies":"Maw","floor":39.0,"turns":6.0},{"damage":12.0,"enemies":"Giant Head","floor":40.0,"turns":6.0},{"damage":14.0,"enemies":"Reptomancer","floor":42.0,"turns":4.0},{"damage":6.0,"enemies":"Giant Head","floor":44.0,"turns":5.0},{"damage":11.0,"enemies":"Transient","floor":46.0,"turns":5.0},{"damage":15.0,"enemies":"Sphere and 2 Shapes","floor":47.0,"turns":4.0},{"damage":6.0,"enemies":"4 Shapes","floor":48.0,"turns":4.0},{"damage":54.0,"enemies":"Awakened One","floor":50.0,"turns":7.0},{"damage":29.0,"enemies":"Shield and Spear","floor":54.0,"turns":6.0},{"damage":76,"enemies":"The Heart","floor":55,"turns":6}],"seed_played":"4760667932401681774","potions_obtained":[{"floor":0.0,"key":"CultistPotion"},{"floor":8.0,"key":"AttackPotion"},{"floor":10.0,"key":"LiquidMemories"},{"floor":16.0,"key":"Explosive Potion"},{"floor":19.0,"key":"SkillPotion"},{"floor":21.0,"key":"BloodPotion"},{"floor":27.0,"key":"GamblersBrew"},{"floor":29.0,"key":"SpeedPotion"},{"floor":30.0,"key":"Energy Potion"},{"floor":35.0,"key":"LiquidMemories"},{"floor":39.0,"key":"Regen Potion"},{"floor":40.0,"key":"DuplicationPotion"},{"floor":46.0,"key":"HeartOfIron"}],"is_trial":false,"path_per_floor":["M","?","?","M","?","R","?","E","T","E","M","E","R","M","R","B",null,"M","M","?","M","$","R","?","M","T","E","R","M","E","M","R","B",null,"M","M","?","$","M","E","R","E","T","E","R","M","M","M","R","B",null,"R","$","E","B"],"character_chosen":"IRONCLAD","items_purchased":["Toy Ornithopter","Feel No Pain","Explosive Potion","Battle Trance","Vajra","Exhume","Flame Barrier","Rupture"],"campfire_rested":6,"item_purchase_floors":[22,22,22,38,38,53,53,53],"current_hp_per_floor":[77,82,75,71,71,71,71,54,54,46,46,34,43,38,47,47,74,70,52,46,35,56,83,67,59,66,39,78,68,54,43,85,62,83,85,75,75,75,71,66,81,69,69,65,90,79,66,62,90,36,77,90,90,61,0,0],"gold":61,"neow_bonus":"BOSS_RELIC","is_daily":false,"chose_seed":false,"campfire_upgraded":3,"win_rate":0.0,"timestamp":1614370002,"path_taken":["M","?","?","M","?","R","?","E","T","E","?","E","R","M","R","BOSS","M","M","?","M","$","R","?","M","T","E","R","M","E","M","R","BOSS","M","M","?","$","M","E","R","E","T","E","R","M","M","M","R","BOSS","R","$","E","BOSS"],"items_purchased_type":["Relic","Card","Potion","Card","Relic","Card","Card","Card"],"build_version":"2020-12-22","purchased_purges":3,"victory":false,"max_hp_per_floor":[85,90,90,90,83,83,83,83,83,83,83,83,83,83,83,83,83,83,83,83,83,83,83,83,83,90,90,90,90,90,90,90,90,90,90,90,90,90,90,90,90,90,90,90,90,90,90,90,90,90,90,90,90,90,90,90],"relic_stats":{"Blood Vial":26,"Centennial Puzzle":[18],"Happy Flower":[42],"counters":[29,135],"Golden Idol":195,"Eternal Feather":118,"Turnip":[22],"Whetstone":["Pommel Strike","Uppercut"],"Smiling Mask":150,"Cursed Key":1,"obtain_stats":[{"Tiny House":0,"Happy Flower":7,"Golden Idol":5,"Enchiridion":24,"Vajra":38,"Eternal Feather":9,"Whetstone":42,"Smiling Mask":12,"Cursed Key":34,"Burning Blood":0,"White Beast Statue":8,"Akabeko":54,"Blood Vial":27,"Centennial Puzzle":44,"HornCleat":40,"Strawberry":26,"Turnip":10,"Fusion Hammer":17,"Bag of Marbles":30,"Toy Ornithopter":22},{"Tiny House":0,"Happy Flower":2,"Golden Idol":2,"Enchiridion":11,"Vajra":19,"Eternal Feather":3,"Whetstone":22,"Smiling Mask":6,"Cursed Key":17,"Burning Blood":0,"White Beast Statue":3,"Akabeko":28,"Blood Vial":13,"Centennial Puzzle":23,"HornCleat":21,"Strawberry":12,"Turnip":4,"Fusion Hammer":8,"Bag of Marbles":15,"Toy Ornithopter":11},{"Tiny House":0,"Happy Flower":8,"Golden Idol":8,"Enchiridion":46,"Vajra":82,"Eternal Feather":13,"Whetstone":98,"Smiling Mask":24,"Cursed Key":78,"Burning Blood":0,"White Beast Statue":13,"Akabeko":129,"Blood Vial":56,"Centennial Puzzle":103,"HornCleat":94,"Strawberry":51,"Turnip":16,"Fusion Hammer":34,"Bag of Marbles":66,"Toy Ornithopter":46}],"Toy Ornithopter":35},"card_choices":[{"not_picked":["Headbutt","Cleave"],"picked":"Carnage","floor":0.0},{"not_picked":["Rupture","Heavy Blade"],"picked":"Fire Breathing","floor":1.0},{"not_picked":["Body Slam","Warcry"],"picked":"Pommel Strike","floor":4.0},{"not_picked":["Twin Strike","Evolve"],"picked":"Whirlwind","floor":8.0},{"not_picked":["Clothesline","Dark Embrace","Thunderclap"],"picked":"SKIP","floor":10.0},{"not_picked":["Rupture","Twin Strike"],"picked":"Shrug It Off","floor":11.0},{"not_picked":["Entrench","Cleave"],"picked":"Limit Break","floor":12.0},{"not_picked":["Thunderclap","Warcry"],"picked":"Feel No Pain","floor":14.0},{"not_picked":["Corruption","Exhume"],"picked":"Offering","floor":16.0},{"not_picked":["Second Wind","Carnage","Rage"],"picked":"SKIP","floor":18.0},{"not_picked":["Sentinel+1","Pommel Strike"],"picked":"Uppercut","floor":19.0},{"not_picked":["Dark Embrace","Body Slam+1"],"picked":"Shrug It Off","floor":21.0},{"not_picked":["True Grit","Heavy Blade"],"picked":"Inflame","floor":25.0},{"not_picked":["Wild Strike","Offering"],"picked":"Spot Weakness+1","floor":27.0},{"not_picked":["Pommel Strike","Rampage+1"],"picked":"Shrug It Off","floor":29.0},{"not_picked":["Anger","Sword Boomerang"],"picked":"Exhume","floor":30.0},{"not_picked":["Seeing Red+1","Rampage","Shrug It Off+1"],"picked":"SKIP","floor":31.0},{"not_picked":["Berserk","Double Tap"],"picked":"Offering","floor":33.0},{"not_picked":["Heavy Blade","Flex+1","Clash+1"],"picked":"SKIP","floor":35.0},{"not_picked":["Entrench+1","Twin Strike+1","Sword Boomerang"],"picked":"SKIP","floor":36.0},{"not_picked":["Body Slam+1","Infernal Blade"],"picked":"Power Through+1","floor":39.0},{"not_picked":["Bloodletting+1","Metallicize","Anger+1"],"picked":"SKIP","floor":40.0},{"not_picked":["Combust","Rage+1"],"picked":"Inflame+1","floor":42.0},{"not_picked":["Havoc","Feed","Evolve"],"picked":"SKIP","floor":44.0},{"not_picked":["Perfected Strike+1","Thunderclap","Cleave"],"picked":"SKIP","floor":46.0},{"not_picked":["Twin Strike","Fire Breathing+1"],"picked":"Burning Pact+1","floor":47.0},{"not_picked":["Fire Breathing","Sword Boomerang+1"],"picked":"True Grit+1","floor":48.0},{"not_picked":["Heavy Blade","Second Wind+1"],"picked":"Flame Barrier+1","floor":54.0}],"player_experience":104536,"relics_obtained":[{"floor":7.0,"key":"Happy Flower"},{"floor":8.0,"key":"White Beast Statue"},{"floor":9.0,"key":"Eternal Feather"},{"floor":10.0,"key":"Turnip"},{"floor":12.0,"key":"Smiling Mask"},{"floor":24.0,"key":"Enchiridion"},{"floor":26.0,"key":"Strawberry"},{"floor":27.0,"key":"Blood Vial"},{"floor":30.0,"key":"Bag of Marbles"},{"floor":40.0,"key":"HornCleat"},{"floor":42.0,"key":"Whetstone"},{"floor":44.0,"key":"Centennial Puzzle"},{"floor":54.0,"key":"Akabeko"}],"event_choices":[{"damage_healed":0.0,"max_hp_gain":5.0,"max_hp_loss":0.0,"gold_gain":0.0,"event_name":"Big Fish","player_choice":"Donut","floor":2.0,"gold_loss":0.0,"damage_taken":0.0},{"cards_removed":["Strike_R"],"damage_healed":0.0,"max_hp_gain":0.0,"max_hp_loss":0.0,"gold_gain":0.0,"event_name":"Golden Wing","player_choice":"Card Removal","floor":3.0,"gold_loss":0.0,"damage_taken":7.0},{"damage_healed":0.0,"max_hp_gain":0.0,"max_hp_loss":7.0,"gold_gain":0.0,"event_name":"Golden Idol","player_choice":"Lose Max HP","floor":5.0,"gold_loss":0.0,"damage_taken":0.0,"relics_obtained":["Golden Idol"]},{"damage_healed":0.0,"max_hp_gain":0.0,"max_hp_loss":0.0,"gold_gain":0.0,"event_name":"Wheel of Change","player_choice":"Relic","floor":7.0,"gold_loss":0.0,"damage_taken":0.0},{"damage_healed":0.0,"max_hp_gain":0.0,"max_hp_loss":0.0,"gold_gain":0.0,"event_name":"Nest","player_choice":"Joined the Cult","floor":20.0,"gold_loss":0.0,"damage_taken":6.0,"cards_obtained":["RitualDagger"]},{"damage_healed":0.0,"max_hp_gain":0.0,"max_hp_loss":0.0,"gold_gain":0.0,"event_name":"Cursed Tome","player_choice":"Obtained Book","floor":24.0,"gold_loss":0.0,"damage_taken":16.0},{"cards_removed":["Strike_R"],"damage_healed":0.0,"max_hp_gain":0.0,"max_hp_loss":0.0,"gold_gain":0.0,"event_name":"Designer","player_choice":"Upgrade and Remove","floor":37.0,"gold_loss":90.0,"damage_taken":0.0,"cards_upgraded":["Inflame"]}],"is_beta":false,"boss_relics":[{"not_picked":["Sozu","SacredBark"],"picked":"Fusion Hammer"},{"not_picked":["Runic Dome","SlaversCollar"],"picked":"Cursed Key"}],"items_purged_floors":[22,38,53],"is_endless":false,"potions_floor_spawned":[8,10,11,12,14,16,18,19,21,25,27,29,30,31,33,35,36,39,40,42,44,46,47,48,54],"killed_by":"The Heart","ascension_level":11}}