{"host":"mithrandi","time":1614354006,"event":{"mods":["BaseMod","Colored Map","Highlight Path","Minty Spire (QoL Compilation)","SuperFastMode"],"gold_per_floor":[118,118,2,2,16,48,48,67,67,95,112,112,112,177,177,256,256,269,281,331,10,22,22,22],"floor_reached":23,"language":"ENG","playtime":986,"items_purged":["Strike_B"],"score":452,"play_id":"bdfa0a0b-cd14-4d12-90fc-2af3a93c1cac","local_time":"20210226174006","is_ascension_mode":true,"campfire_choices":[{"data":"Undo","floor":7.0,"key":"SMITH"},{"data":"Coolheaded","floor":12,"key":"SMITH"},{"data":"Defragment","floor":15,"key":"SMITH"}],"circlet_count":0,"master_deck":["AscendersBane","Strike_B","Strike_B","Strike_B","Defend_B","Defend_B","Defend_B","Defend_B","Zap","Dualcast","Defragment+1","Compile Driver","Cold Snap","Undo+1","FTL","Conserve Battery","Coolheaded+1","Defragment+1","Echo Form","Conserve Battery","Chill","Self Repair","Reinforced Body"],"relics":["Cracked Core","NeowsBlessing","Letter Opener","Ornamental Fan","Eternal Feather","Ancient Tea Set","SsserpentHead","Inserter","Medical Kit"],"acts_visited":["Exordium","TheCity"],"potions_floor_usage":[10,14,16,22],"damage_taken":[{"damage":0.0,"enemies":"2 Louse","floor":1.0,"turns":1.0},{"damage":0.0,"enemies":"Small Slimes","floor":5.0,"turns":1.0},{"damage":0.0,"enemies":"Lagavulin","floor":6.0,"turns":1.0},{"damage":0.0,"enemies":"Cultist","floor":8.0,"turns":3.0},{"damage":4,"enemies":"Gremlin Nob","floor":10,"turns":3},{"damage":0,"enemies":"Large Slime","floor":11,"turns":5},{"damage":0,"enemies":"Gremlin Gang","floor":14,"turns":5},{"damage":36,"enemies":"Slime Boss","floor":16,"turns":10},{"damage":22,"enemies":"2 Thieves","floor":18,"turns":5},{"damage":0,"enemies":"Chosen","floor":19,"turns":5},{"damage":21,"enemies":"Snake Plant","floor":22,"turns":8},{"damage":35,"enemies":"Slavers","floor":23,"turns":4}],"seed_played":"-769735512980727557","potions_obtained":[{"floor":1.0,"key":"SmokeBomb"},{"floor":5.0,"key":"Strength Potion"},{"floor":10,"key":"DuplicationPotion"},{"floor":11,"key":"Fire Potion"},{"floor":14,"key":"Swift Potion"}],"is_trial":false,"path_per_floor":["M","?","$","?","M","E","R","M","T","E","M","R","?","M","R","B",null,"M","M","?","$","M","E"],"character_chosen":"DEFECT","items_purchased":["Compile Driver","Cold Snap","Self Repair","Medical Kit"],"campfire_rested":0,"item_purchase_floors":[3,3,21,21],"current_hp_per_floor":[64,53,53,53,53,53,53,53,53,49,49,58,58,58,67,31,61,39,39,39,39,32,0,0],"gold":22,"neow_bonus":"THREE_ENEMY_KILL","is_daily":false,"chose_seed":false,"campfire_upgraded":3,"win_rate":0.0,"timestamp":1614354006,"path_taken":["M","?","$","?","M","E","R","M","T","E","M","R","?","?","R","BOSS","M","M","?","$","M","E"],"items_purchased_type":["Card","Card","Card","Relic"],"build_version":"2020-12-18","purchased_purges":1,"victory":false,"max_hp_per_floor":[71,71,71,71,71,71,71,71,71,71,71,71,71,71,71,71,71,71,71,71,71,71,71,71],"card_choices":[{"not_picked":["Tempest","Turbo"],"picked":"Defragment","floor":1.0},{"not_picked":["Leap","Compile Driver"],"picked":"Undo","floor":5.0},{"not_picked":["Steam","Streamline"],"picked":"FTL","floor":6.0},{"not_picked":["Cold Snap","Beam Cell","Machine Learning"],"picked":"SKIP","floor":8.0},{"not_picked":["Tempest","Hologram"],"picked":"Conserve Battery","floor":10},{"not_picked":["Conserve Battery","Hologram"],"picked":"Coolheaded","floor":11},{"not_picked":["Stack","Coolheaded"],"picked":"Defragment","floor":14},{"not_picked":["Fission","Rainbow"],"picked":"Echo Form","floor":16},{"not_picked":["Redo","Scrape"],"picked":"Conserve Battery","floor":18},{"not_picked":["Cold Snap","Heatsinks","Capacitor"],"picked":"SKIP","floor":19},{"not_picked":["Redo","Doom and Gloom"],"picked":"Reinforced Body","floor":22}],"player_experience":3148677,"relics_obtained":[{"floor":6.0,"key":"Ornamental Fan"},{"floor":9.0,"key":"Eternal Feather"},{"floor":10,"key":"Ancient Tea Set"}],"event_choices":[{"damage_healed":0.0,"max_hp_gain":0.0,"max_hp_loss":0.0,"gold_gain":0.0,"event_name":"Scrap Ooze","player_choice":"Success","floor":2.0,"gold_loss":0.0,"damage_taken":11.0,"relics_obtained":["Letter Opener"]},{"damage_healed":0.0,"max_hp_gain":0.0,"max_hp_loss":0.0,"gold_gain":0.0,"event_name":"Living Wall","player_choice":"Grow","floor":4.0,"gold_loss":0.0,"damage_taken":0.0,"cards_upgraded":["Defragment"]},{"damage_healed":0,"gold_gain":0,"player_choice":"Trade","damage_taken":0,"relics_obtained":["SsserpentHead"],"max_hp_gain":0,"max_hp_loss":0,"event_name":"FaceTrader","floor":13,"gold_loss":0},{"damage_healed":0,"gold_gain":0,"player_choice":"1 cards matched","damage_taken":0,"max_hp_gain":0,"max_hp_loss":0,"event_name":"Match and Keep!","floor":20,"gold_loss":0,"cards_obtained":["Chill"]}],"is_beta":true,"boss_relics":[{"not_picked":["Coffee Dripper","SlaversCollar"],"picked":"Inserter"}],"items_purged_floors":[21],"is_endless":false,"potions_floor_spawned":[1,5,10,11,14],"killed_by":"Slavers","ascension_level":20}}