{"host":"98tf0o44tbkozlsr","time":1614350125,"event":{"mods":["BaseMod","Bestiary","Minty Spire (QoL Compilation)","Relic Stats","ojb\u0027s Info Mod"],"gold_per_floor":[109,125,125,143,163,163,196,207,233,264,264,274,303,327,339,425,437,465,477,509,521,34,63,63,95,177,227,227,259,276,309,309,380,680,693,693,693,355,365,291,291,318,345,345,362,362,397,422,422,422,422,422,422,8,36,36,36],"floor_reached":56,"language":"ENG","playtime":5255,"items_purged":["CarveReality"],"score":2377,"play_id":"f6820510-db03-4d89-91e8-a7eeab9929e2","local_time":"20210226063525","is_ascension_mode":true,"campfire_choices":[{"data":"EmptyFist","floor":6.0,"key":"SMITH"},{"floor":15.0,"key":"RECALL"},{"data":"TalkToTheHand","floor":24.0,"key":"SMITH"},{"data":"TalkToTheHand","floor":28.0,"key":"SMITH"},{"data":"Scrawl","floor":32.0,"key":"SMITH"},{"data":"Vault","floor":41.0,"key":"SMITH"},{"data":"TalkToTheHand","floor":44.0,"key":"SMITH"},{"data":"Meditate","floor":46.0,"key":"SMITH"},{"data":"Meditate","floor":49.0,"key":"SMITH"},{"data":"Thinking Ahead","floor":53.0,"key":"SMITH"}],"circlet_count":0,"master_deck":["AscendersBane","Strike_P+1","Strike_P+1","Strike_P+1","Defend_P+1","Defend_P+1","Defend_P+1","Eruption+1","Vigilance","EmptyFist+1","FlurryOfBlows","Tantrum","Meditate+1","TalkToTheHand+1","CutThroughFate","Scrawl+1","TalkToTheHand+1","Vault+1","BowlingBash","Meditate+1","Wallop","Wallop","DevaForm","Flash of Steel","Thinking Ahead+1","Enlightenment","FlurryOfBlows","TalkToTheHand+1","Master of Strategy","FlurryOfBlows","CutThroughFate+1"],"relics":["Empty Cage","HornCleat","Omamori","Orichalcum","MawBank","SlaversCollar","Nilry\u0027s Codex","Lee\u0027s Waffle","Lantern","Pen Nib","Ancient Tea Set","StrikeDummy","Kunai","Regal Pillow","Damaru","Calling Bell","Happy Flower","Meat on the Bone","Old Coin","Yang","Mummified Hand","Peace Pipe","Prayer Wheel","Centennial Puzzle","TeardropLocket"],"acts_visited":["Exordium","TheCity","TheBeyond","TheEnding"],"potions_floor_usage":[56],"damage_taken":[{"damage":0.0,"enemies":"Jaw Worm","floor":1.0,"turns":3.0},{"damage":0.0,"enemies":"Cultist","floor":2.0,"turns":3.0},{"damage":0.0,"enemies":"Small Slimes","floor":4.0,"turns":1.0},{"damage":0.0,"enemies":"Blue Slaver","floor":5.0,"turns":2.0},{"damage":10.0,"enemies":"Lagavulin","floor":7.0,"turns":3.0},{"damage":4.0,"enemies":"2 Fungi Beasts","floor":8.0,"turns":3.0},{"damage":8.0,"enemies":"3 Sentries","floor":10.0,"turns":4.0},{"damage":0.0,"enemies":"Exordium Thugs","floor":12.0,"turns":2.0},{"damage":0.0,"enemies":"Gremlin Nob","floor":13.0,"turns":2.0},{"damage":0.0,"enemies":"Large Slime","floor":14.0,"turns":2.0},{"damage":17.0,"enemies":"The Guardian","floor":16.0,"turns":7.0},{"damage":8.0,"enemies":"Chosen","floor":18.0,"turns":4.0},{"damage":16.0,"enemies":"Spheric Guardian","floor":20.0,"turns":4.0},{"damage":0.0,"enemies":"Slavers","floor":23.0,"turns":5.0},{"damage":0.0,"enemies":"Book of Stabbing","floor":25.0,"turns":4.0},{"damage":0.0,"enemies":"Slavers","floor":29.0,"turns":2.0},{"damage":0.0,"enemies":"3 Cultists","floor":30.0,"turns":2.0},{"damage":0.0,"enemies":"Gremlin Leader","floor":31.0,"turns":5.0},{"damage":7.0,"enemies":"Collector","floor":33.0,"turns":7.0},{"damage":5.0,"enemies":"3 Shapes","floor":35.0,"turns":7.0},{"damage":0.0,"enemies":"Orb Walker","floor":39.0,"turns":3.0},{"damage":0.0,"enemies":"Nemesis","floor":42.0,"turns":7.0},{"damage":0.0,"enemies":"Writhing Mass","floor":45.0,"turns":7.0},{"damage":0.0,"enemies":"Giant Head","floor":47.0,"turns":4.0},{"damage":0.0,"enemies":"Mind Bloom Boss Battle","floor":48.0,"turns":5.0},{"damage":36.0,"enemies":"Time Eater","floor":50.0,"turns":13.0},{"damage":26.0,"enemies":"Donu and Deca","floor":51.0,"turns":10.0},{"damage":40.0,"enemies":"Shield and Spear","floor":55.0,"turns":7.0},{"damage":34,"enemies":"The Heart","floor":56,"turns":6}],"seed_played":"-4845363906743449429","potions_obtained":[{"floor":2.0,"key":"Ambrosia"},{"floor":4.0,"key":"BottledMiracle"},{"floor":10.0,"key":"BlessingOfTheForge"},{"floor":11.0,"key":"EssenceOfSteel"},{"floor":12.0,"key":"DuplicationPotion"},{"floor":13.0,"key":"BlessingOfTheForge"},{"floor":23.0,"key":"SpeedPotion"},{"floor":30.0,"key":"LiquidMemories"},{"floor":55.0,"key":"ColorlessPotion"}],"is_trial":false,"path_per_floor":["M","M","?","M","M","R","E","M","T","E","?","M","E","M","R","B",null,"M","?","M","?","$","E","R","E","T","?","R","E","M","E","R","B",null,"M","?","?","$","M","$","R","E","T","R","M","R","E","?","R","B","B",null,"R","$","E","B"],"character_chosen":"WATCHER","items_purchased":["Lee\u0027s Waffle","Lantern","Pen Nib","Yang","TalkToTheHand","Master of Strategy","Centennial Puzzle","FlurryOfBlows"],"campfire_rested":0,"item_purchase_floors":[22,22,22,38,40,54,54,54],"current_hp_per_floor":[61,61,61,61,61,61,51,47,47,39,39,39,39,39,39,22,57,49,49,33,12,75,75,75,75,75,68,68,68,68,68,68,61,72,67,57,57,57,57,57,57,57,57,57,57,57,57,57,57,33,19,61,61,61,33,0,0],"gold":36,"neow_bonus":"BOSS_RELIC","is_daily":false,"chose_seed":false,"campfire_upgraded":9,"win_rate":0.0,"timestamp":1614350125,"path_taken":["M","M","?","M","?","R","E","M","T","E","?","M","E","?","R","BOSS","M","?","M","?","$","E","R","E","T","?","R","E","M","E","R","BOSS","M","?","?","$","M","?","R","E","T","R","?","R","E","?","R","BOSS","BOSS","R","$","E","BOSS"],"items_purchased_type":["Relic","Relic","Relic","Relic","Card","Card","Relic","Card"],"build_version":"2020-12-22","purchased_purges":1,"victory":false,"max_hp_per_floor":[68,68,68,68,68,68,68,68,68,68,68,68,68,68,68,68,68,68,68,68,68,75,75,75,75,75,75,75,75,75,75,75,75,75,75,75,75,75,75,75,75,75,75,75,75,75,75,75,75,75,75,75,75,75,75,75,75],"relic_stats":{"Lee\u0027s Waffle":63,"Regal Pillow":0,"Happy Flower":[23],"counters":[29,134],"Yang":[261],"Pen Nib":[36],"Orichalcum":[78],"MawBank":108,"Peace Pipe":1,"Centennial Puzzle":[4],"Mummified Hand":[18],"Prayer Wheel":0,"Kunai":[85],"obtain_stats":[{"Lantern":22,"Regal Pillow":29,"Nilry\u0027s Codex":21,"Yang":38,"TeardropLocket":55,"Empty Cage":0,"Ancient Tea Set":23,"Old Coin":34,"Centennial Puzzle":54,"HornCleat":7,"Mummified Hand":42,"Prayer Wheel":48,"Kunai":26,"Lee\u0027s Waffle":22,"Happy Flower":34,"Damaru":31,"Pen Nib":22,"Omamori":9,"Orichalcum":10,"MawBank":13,"Calling Bell":34,"Peace Pipe":47,"SlaversCollar":17,"PureWater":0,"StrikeDummy":25,"Meat on the Bone":34},{"Lantern":13,"Regal Pillow":16,"Nilry\u0027s Codex":13,"Yang":20,"TeardropLocket":28,"Empty Cage":0,"Ancient Tea Set":14,"Old Coin":19,"Centennial Puzzle":27,"HornCleat":5,"Mummified Hand":22,"Prayer Wheel":25,"Kunai":15,"Lee\u0027s Waffle":13,"Happy Flower":19,"Damaru":18,"Pen Nib":13,"Omamori":6,"Orichalcum":7,"MawBank":9,"Calling Bell":19,"Peace Pipe":24,"SlaversCollar":11,"PureWater":0,"StrikeDummy":15,"Meat on the Bone":19},{"Lantern":40,"Regal Pillow":51,"Nilry\u0027s Codex":40,"Yang":72,"TeardropLocket":128,"Empty Cage":0,"Ancient Tea Set":45,"Old Coin":65,"Centennial Puzzle":121,"HornCleat":12,"Mummified Hand":82,"Prayer Wheel":98,"Kunai":49,"Lee\u0027s Waffle":40,"Happy Flower":65,"Damaru":58,"Pen Nib":40,"Omamori":15,"Orichalcum":19,"MawBank":23,"Calling Bell":65,"Peace Pipe":93,"SlaversCollar":32,"PureWater":0,"StrikeDummy":49,"Meat on the Bone":65}],"Meat on the Bone":36},"card_choices":[{"not_picked":["JustLucky","Worship"],"picked":"EmptyFist","floor":1.0},{"not_picked":["PathToVictory","ThirdEye"],"picked":"CarveReality","floor":2.0},{"not_picked":["Perseverance","LikeWater"],"picked":"FlurryOfBlows","floor":4.0},{"not_picked":["Wireheading","FlurryOfBlows"],"picked":"Tantrum","floor":5.0},{"not_picked":["PathToVictory","EmptyFist"],"picked":"Meditate","floor":7.0},{"not_picked":["Tantrum","SashWhip"],"picked":"TalkToTheHand","floor":8.0},{"not_picked":["JustLucky","SignatureMove"],"picked":"CutThroughFate","floor":10.0},{"not_picked":["CrushJoints","Consecrate","Crescendo"],"picked":"SKIP","floor":12.0},{"not_picked":["WindmillStrike","EmptyFist"],"picked":"Scrawl","floor":13.0},{"not_picked":["CutThroughFate","WheelKick"],"picked":"TalkToTheHand","floor":14.0},{"not_picked":["Brilliance","DevaForm"],"picked":"Vault","floor":16.0},{"not_picked":["CrushJoints","Halt"],"picked":"BowlingBash","floor":18.0},{"not_picked":["CutThroughFate","EmptyFist","FlyingSleeves"],"picked":"SKIP","floor":20.0},{"not_picked":["CrushJoints","JustLucky"],"picked":"Meditate","floor":23.0},{"not_picked":["ForeignInfluence","FlyingSleeves"],"picked":"Wallop","floor":25.0},{"not_picked":["WreathOfFlame","MentalFortress"],"picked":"Wallop","floor":29.0},{"not_picked":["Study","Consecrate","Prostrate"],"picked":"SKIP","floor":30.0},{"not_picked":["Indignation","ReachHeaven"],"picked":"Scrawl","floor":31.0},{"not_picked":["CrushJoints+1","Indignation"],"picked":"DevaForm","floor":35.0},{"not_picked":["Trip","PanicButton"],"picked":"Flash of Steel","floor":36.0},{"not_picked":["Transmutation","Mayhem"],"picked":"Thinking Ahead","floor":36.0},{"not_picked":["Jack Of All Trades","Swift Strike"],"picked":"Enlightenment","floor":36.0},{"not_picked":["Prostrate+1","Halt"],"picked":"FlurryOfBlows","floor":39.0},{"not_picked":["SashWhip","JustLucky","Crescendo"],"picked":"SKIP","floor":42.0},{"not_picked":["Crescendo+1","WindmillStrike","MentalFortress"],"picked":"SKIP","floor":45.0},{"not_picked":["Protect","Prostrate","WindmillStrike"],"picked":"SKIP","floor":47.0},{"not_picked":["PathToVictory","BowlingBash+1"],"picked":"CutThroughFate+1","floor":55.0}],"player_experience":989033,"relics_obtained":[{"floor":7.0,"key":"HornCleat"},{"floor":9.0,"key":"Omamori"},{"floor":10.0,"key":"Orichalcum"},{"floor":13.0,"key":"MawBank"},{"floor":21.0,"key":"Nilry\u0027s Codex"},{"floor":23.0,"key":"Ancient Tea Set"},{"floor":25.0,"key":"StrikeDummy"},{"floor":26.0,"key":"Kunai"},{"floor":29.0,"key":"Regal Pillow"},{"floor":31.0,"key":"Damaru"},{"floor":34.0,"key":"Happy Flower"},{"floor":34.0,"key":"Meat on the Bone"},{"floor":34.0,"key":"Old Coin"},{"floor":42.0,"key":"Mummified Hand"},{"floor":47.0,"key":"Peace Pipe"},{"floor":48.0,"key":"Prayer Wheel"},{"floor":55.0,"key":"TeardropLocket"}],"event_choices":[{"damage_healed":0.0,"max_hp_gain":0.0,"max_hp_loss":0.0,"gold_gain":0.0,"event_name":"Accursed Blacksmith","player_choice":"Forge","floor":3.0,"gold_loss":0.0,"damage_taken":0.0,"cards_upgraded":["Eruption"]},{"damage_healed":0.0,"max_hp_gain":0.0,"max_hp_loss":0.0,"gold_gain":0.0,"event_name":"Lab","player_choice":"Got Potions","floor":11.0,"gold_loss":0.0,"damage_taken":0.0},{"damage_healed":0.0,"max_hp_gain":0.0,"max_hp_loss":0.0,"gold_gain":0.0,"event_name":"Back to Basics","player_choice":"Simplicity","floor":19.0,"gold_loss":0.0,"damage_taken":0.0,"cards_upgraded":["Strike_P","Strike_P","Strike_P","Defend_P","Defend_P","Defend_P"]},{"damage_healed":0.0,"max_hp_gain":0.0,"max_hp_loss":0.0,"gold_gain":0.0,"event_name":"Cursed Tome","player_choice":"Obtained Book","floor":21.0,"gold_loss":0.0,"damage_taken":21.0},{"damage_healed":0.0,"max_hp_gain":0.0,"max_hp_loss":0.0,"gold_gain":50.0,"event_name":"FaceTrader","player_choice":"Touch","floor":27.0,"gold_loss":0.0,"damage_taken":7.0},{"damage_healed":0.0,"max_hp_gain":0.0,"max_hp_loss":0.0,"gold_gain":0.0,"event_name":"SensoryStone","player_choice":"Memory 3","floor":36.0,"gold_loss":0.0,"damage_taken":10.0},{"cards_removed":["Scrawl"],"damage_healed":0.0,"max_hp_gain":0.0,"max_hp_loss":0.0,"gold_gain":0.0,"event_name":"Falling","player_choice":"Removed Skill","floor":37.0,"gold_loss":0.0,"damage_taken":0.0},{"damage_healed":0.0,"max_hp_gain":0.0,"max_hp_loss":0.0,"gold_gain":0.0,"event_name":"MindBloom","player_choice":"Fight","floor":48.0,"gold_loss":0.0,"damage_taken":0.0}],"is_beta":false,"boss_relics":[{"not_picked":["Runic Pyramid","Busted Crown"],"picked":"SlaversCollar"},{"not_picked":["Fusion Hammer","Black Star"],"picked":"Calling Bell"}],"items_purged_floors":[38],"is_endless":false,"potions_floor_spawned":[2,4,10,12,13,23,29,30,39,42,48,55],"killed_by":"The Heart","ascension_level":20}}