{"host":"npubv26u89aif4fa","time":1614366356,"event":{"mods":["Astrologer","BaseMod","Better Vampires","Better-Laid Plans","CapriCore","Colored Powertips","GifTheSpireLib","GungeonMod","HornydragonMod","Hubris","Jedi Mod","Library of Ruina","Library of Ruina Extra","Minty Spire (QoL Compilation)","Potionbrewer","Quick Restart","Remilia（蕾米莉亚）","Replay The Spire","StSLib","The Administrix","The Alterego","The Blackbeard","The Bug Knight","The Cursed","The Immortal","The Marked","The Runesmith","Yuri Mod","残留之物"],"gold_per_floor":[119,119,136,136,146,146,176,176,176,192,211,246,302,302,302,398,398,409,349,363,378,396,431,431,457,457,470,470,470],"floor_reached":28,"language":"ZHS","playtime":2666,"items_purged":[],"score":440,"play_id":"f9b01ae0-7153-41ae-8ee1-a84107b9f455","local_time":"20210227030556","is_ascension_mode":true,"campfire_choices":[{"floor":6.0,"key":"RECALL"},{"data":"SenseQuarry","floor":8.0,"key":"SMITH"},{"data":"BindingChains","floor":15.0,"key":"SMITH"},{"data":"DeepDrag","floor":24.0,"key":"SMITH"}],"circlet_count":0,"master_deck":["Dodge","LightDefense","LightDefense","LightDefense","ChargeAndCover","FocusedStrikes","IllEndYou","GuidanceOfTheGears","SenseQuarry+1","CoordinatedAssault","DeepDrag+1","TheWillOfTheCity","BindingChains+1","EnergyBeam","Overcharge","Marionette","DefenseOrder+1","ScratchThat","Riposte+1","SenseQuarry","ForTheFamily+1"],"relics":["PageOfLibrarian","PageOfPorccubus","HollowMod:LifeEnderRelic","Ornamental Fan","hubris:GrandSneckoEye","DemoMod:GlassGuonStoneRelic","jedi:cryingmask","HornCleat","Thread and Needle"],"acts_visited":["Exordium","TheCity"],"potions_floor_usage":[],"damage_taken":[{"damage":3.0,"enemies":"Cultist","floor":1.0,"turns":5.0},{"damage":0.0,"enemies":"Small Slimes","floor":3.0,"turns":3.0},{"damage":0.0,"enemies":"2 Louse","floor":5.0,"turns":2.0},{"damage":0.0,"enemies":"HollowMod:MossKnight","floor":7.0,"turns":14.0},{"damage":0.0,"enemies":"Looter","floor":10.0,"turns":2.0},{"damage":0.0,"enemies":"3 Louse","floor":11.0,"turns":4.0},{"damage":0.0,"enemies":"Lagavulin","floor":12.0,"turns":5.0},{"damage":0.0,"enemies":"Gremlin Nob","floor":13.0,"turns":4.0},{"damage":0.0,"enemies":"The Guardian","floor":16.0,"turns":5.0},{"damage":0.0,"enemies":"Spheric Guardian","floor":18.0,"turns":3.0},{"damage":0.0,"enemies":"Centurion and Healer","floor":20.0,"turns":5.0},{"damage":0.0,"enemies":"Shelled Parasite and Fungi","floor":21.0,"turns":5.0},{"damage":1.0,"enemies":"Chosen and Byrds","floor":22.0,"turns":4.0},{"damage":6.0,"enemies":"Slavers","floor":23.0,"turns":4.0},{"damage":0.0,"enemies":"Book of Stabbing","floor":25.0,"turns":3.0},{"damage":0.0,"enemies":"3 Cultists","floor":27.0,"turns":5.0},{"damage":0,"enemies":"Replay:Snechameleon","floor":28,"turns":1}],"seed_played":"3425157237350533628","potions_obtained":[{"floor":4.0,"key":"jedi:StrikingPotion"},{"floor":4.0,"key":"Milkshake"},{"floor":4.0,"key":"potionbrewer:ToxicPotion"},{"floor":11.0,"key":"DistilledChaos"},{"floor":20.0,"key":"Ancient Potion"},{"floor":23.0,"key":"potionbrewer:QuicksilverPotion"}],"is_trial":false,"path_per_floor":["M","?","M","?","M","R","E","R","T","M","M","E","?","?","R","B",null,"M","?","M","M","M","E","R","E","T","M","E"],"character_chosen":"Librarian","items_purchased":[],"campfire_rested":0,"item_purchase_floors":[],"current_hp_per_floor":[57,57,59,59,61,61,63,63,63,63,63,63,63,68,68,68,84,84,84,84,84,83,78,78,78,78,78,78,78],"gold":470,"neow_bonus":"REMOVE_CARD","is_daily":false,"chose_seed":false,"campfire_upgraded":3,"win_rate":0.0,"timestamp":1614366356,"path_taken":["M","?","M","?","M","R","E","R","T","M","?","E","?","?","R","BOSS","M","?","?","M","?","E","R","E","T","M","E"],"items_purchased_type":[],"build_version":"2020-12-22","purchased_purges":0,"victory":false,"max_hp_per_floor":[67,67,67,67,67,67,79,79,79,79,79,79,79,84,84,84,84,84,84,84,84,84,84,84,84,84,84,84,84],"card_choices":[{"not_picked":["EndlessBattle","Standoff","Wallop_lor","Decapitation","WillOfThePrescript","GrazeTheGrass","SinglePointStab","GuardingStance"],"picked":"IllEndYou","floor":1.0},{"not_picked":["AbsorbImpact","YourShield","Lock","Unlock1","FierceCharge","Quickness","PinpointShot","ReadyUp"],"picked":"GuidanceOfTheGears","floor":3.0},{"not_picked":["PinpointShot","Laceration","BlazingStrike","Multislash","QuickSuppression","Standoff","Faith","Rewind","FervidEmotions"],"picked":"SKIP","floor":5.0},{"not_picked":["IllEndYou","BattleCommand","VioletBlade","BiteOff","TimeForALittleTest","CoordinatedAssault","HighSpeedStabbing","StartinOutLightly"],"picked":"SenseQuarry","floor":7.0},{"not_picked":["Reload","PinpointShot","FierceCharge","GuardingStance","QuickAttack","Decapitation","WillOfThePrescript","FieryWaltz"],"picked":"CoordinatedAssault","floor":10.0},{"not_picked":["PreemptiveStrike","EnergyStrike","BackAttack","AsThePrescriptOrders","Multislash","LeRegole","StrongStrike","EnergyShield"],"picked":"DeepDrag","floor":11.0},{"not_picked":["ProselytesBlade","Disposal","HighKick","VenomousFangs","EnergyShield","QuickAttack","QuickSuppression","NightInTheBackstreets"],"picked":"TheWillOfTheCity","floor":12.0},{"not_picked":["StartinOutLightly","SuppressingShot","Quickness","Concentration","EnergyShield","EnergyStrike","Crush","MindCrush"],"picked":"BindingChains","floor":13.0},{"not_picked":["Castigation","Eradication"],"picked":"EnergyBeam","floor":16.0},{"not_picked":["BlindFaith+1","Diversion","Pound+1","AlloutWar","SparkingSpear","StructuralAnalysis","SharpSwipe","EnergyStrike","Thirst"],"picked":"SKIP","floor":18.0},{"not_picked":["SnakeSlit","MindWhip","StrikeDown+1","Parry+1","AsThePrescriptOrders","Parry2","IdentifyWeakpoint","EnergyCycle"],"picked":"DefenseOrder+1","floor":20.0},{"not_picked":["EndlessBattle+1","PinpointShot","Wallop_lor+1","Eliminate","DimensionalRift","TasteMyFlamingBat","Rewind","MultiHit"],"picked":"ScratchThat","floor":21.0},{"not_picked":["FleetEdge+1","Rewind","FierceCharge","Track","ShockRound+1","CoordinatedAssault","Pound","DestructiveImpact","WillOfThePrescript"],"picked":"SKIP","floor":22.0},{"not_picked":["GrazeTheGrass","Reload","Eradication","DarkCloud+1","Unlock1","EndlessBattle+1","Brawl","BladeWhirl"],"picked":"Riposte+1","floor":23.0},{"not_picked":["Rewind+1","SharpenedBlade","SerpentineBarrier","SerpentSwordTechnique","Laceration+1","Parry2","MultiHit","ExtremeEdge"],"picked":"SenseQuarry","floor":25.0},{"not_picked":["QuickSuppression","Ripple+1","GreatSerpentsImpact","HighSpeedStabbing","AGoldenOpportunity+1","Marionette","DimensionalRift","InkOver+1"],"picked":"ForTheFamily+1","floor":27.0}],"player_experience":403306,"relics_obtained":[{"floor":7.0,"key":"PageOfPorccubus"},{"floor":12.0,"key":"HollowMod:LifeEnderRelic"},{"floor":13.0,"key":"Ornamental Fan"},{"floor":23.0,"key":"jedi:cryingmask"},{"floor":25.0,"key":"HornCleat"},{"floor":26.0,"key":"Thread and Needle"}],"event_choices":[{"damage_healed":0.0,"max_hp_gain":0.0,"max_hp_loss":0.0,"gold_gain":0.0,"event_name":"Lab","player_choice":"Got Potions","floor":4.0,"gold_loss":0.0,"damage_taken":0.0},{"damage_healed":0.0,"max_hp_gain":0.0,"max_hp_loss":0.0,"gold_gain":0.0,"event_name":"Dead Adventurer","player_choice":"Searched \u00271\u0027 times","floor":13.0,"gold_loss":0.0,"damage_taken":0.0},{"damage_healed":0.0,"max_hp_gain":5.0,"max_hp_loss":0.0,"gold_gain":0.0,"event_name":"Big Fish","player_choice":"Donut","floor":14.0,"gold_loss":0.0,"damage_taken":0.0},{"damage_healed":0.0,"max_hp_gain":0.0,"max_hp_loss":0.0,"gold_gain":0.0,"cards_transformed":["LightAttack","LightAttack"],"event_name":"Designer","player_choice":"Transformed Cards","floor":19.0,"gold_loss":60.0,"damage_taken":0.0,"cards_obtained":["Overcharge","Marionette"]}],"is_beta":false,"boss_relics":[{"not_picked":["hubris:TerracottaHorce","hubris:HollowSoul"],"picked":"hubris:GrandSneckoEye"}],"items_purged_floors":[],"is_endless":false,"potions_floor_spawned":[5,11,12,16,20,22,23,25],"killed_by":"Replay:Snechameleon","ascension_level":1}}