{"host":"htqwg582tjjtn9p7","time":1614348588,"event":{"mods":["2.2 Compatiblity","AchievementEnabler","Act Like it!","Aspiration","BaseMod","Better Third Choice","Colored Map","Conspire","Curses Come First","Displayed Cursed Tome","Energized Spire","Force Act Four","Fox Events","GifTheSpireLib","Hermit","Highlight Path","JesterMod","Mad Scientist","Minty Spire (QoL Compilation)","Pale of the Ancients","Permanent Neow","Random Character Button","Relic Stats","Reliquary","Replay The Spire","Robot Space Explorer","Ruina","Somnambulant","Spicy Shops","Spikes Relics","StSLib","Stuff the Spire","The Blue Laboratory","The Bug Knight","The Forsaken","The Gatherer","The Judge","The Jungle","The Marked","The Runesmith","The Servant 0.9.4","Uncapped"],"gold_per_floor":[117,151,166,117,133,458,458,487,556,568,316,349,349,365,365,461,461,475,494,186,197,197,222,222,235,288,308,308,333,333,368,368,473,473,491,269,269,269,58,85,85,112,112,146,161,161,17,34,34,34,45,56,56,56,56,66,66,66,66,66,66],"floor_reached":60,"language":"ENG","playtime":3356,"items_purged":["WordoMod:StrikeCard","Regret"],"score":1706,"play_id":"e48af27d-1e39-4f42-bd0f-88d115042b84","local_time":"20210226150948","is_ascension_mode":true,"campfire_choices":[{"floor":7,"key":"REST"},{"floor":13,"key":"REST"},{"floor":15,"key":"REST"},{"data":"WordoMod:LordOfTheFlies","floor":24,"key":"SMITH"},{"data":"WordoMod:Plague","floor":28,"key":"SMITH"},{"data":"WordoMod:Plague","floor":30,"key":"SMITH"},{"floor":32,"key":"REST"},{"data":"WordoMod:Sickness","floor":41,"key":"SMITH"},{"data":"WordoMod:DarkForm","floor":55,"key":"SMITH"},{"floor":57,"key":"RECALL"}],"circlet_count":0,"master_deck":["AscendersBane","WordoMod:DefendCard","WordoMod:DefendCard+1","WordoMod:DefendCard","WordoMod:Accursed","WordoMod:IllWill+1","Amnesia","WordoMod:BreakChains+1","WordoMod:ProjectilePurge","WordoMod:Plague+1","WordoMod:ShackleGuard+1","WordoMod:LanternFlame+1","WordoMod:Plague+1","WordoMod:PurgeDisease+1","WordoMod:Sacrilege+1","WordoMod:LordOfTheFlies+1","WordoMod:BreakChains+1","CommonCold","WordoMod:MonkeysPaw+1","WordoMod:Repent+1","WordoMod:Sacrilege+1","WordoMod:Plague+1","WordoMod:Exorcism+1","WordoMod:BreakChains+1","WordoMod:Repent+1","WordoMod:ShackleGuard+1","WordoMod:CurseBuckler+1","WordoMod:FamousTechnique+1","WordoMod:Sickness+1","WordoMod:DarkForm+1","WordoMod:BoundlessGreed+1","WordoMod:BeneathTheMask+1","WordoMod:BeneathTheMask+1","WordoMod:Exorcism+1","WordoMod:CurseBuckler+1","WordoMod:ShackleGuard+1","WordoMod:BreakChains+1","WordoMod:Cataclysm+1","WordoMod:Cataclysm+1","WordoMod:CurseBuckler+1","WordoMod:MementoMori+1","Amnesia","WordoMod:Cremate","WordoMod:Repent+1","WordoMod:Sacrilege+1","WordoMod:MementoMori+1","StuffTheSpire:Perfection","StuffTheSpire:CelestialWarden","StuffTheSpire:Innocence","StuffTheSpire:Rapture","StuffTheSpire:BrainWave"],"relics":["StuffTheSpire:OccultApparatus","WordoMod:Effigy","Ginger","Bottled Lightning","Old Coin","Toxic Egg 2","StrikeDummy","Nunchaku","Replay:Drink Me","Mummified Hand","conspire:TopHat","Whetstone","Pantograph","Akabeko","aspiration:MobileForge","Orrery","Darkstone Periapt","Pet Ghost","StuffTheSpire:Gunfinga","ReplayTheSpireMod:Ring of Collecting","StuffTheSpire:Saxophone","paleoftheancients:Timepiece","paleoftheancients:KeyRelic","Coffee Dripper","Gremlin Horn","Ring of Hypnosis","Divine Protection","paleoftheancients:SoulOfTheHexaghost","BrokenLever","Ring of Fangs"],"acts_visited":["Exordium","TheCity","TheBeyond","TheBeyond"],"potions_floor_usage":[8,16,16,21,23,33,33,40,44,50,51],"damage_taken":[{"damage":0,"enemies":"2 Louse","floor":1,"turns":2},{"damage":9,"enemies":"conspire:MimicChest","floor":2,"turns":4},{"damage":2,"enemies":"conspire:RoseBush","floor":3,"turns":4},{"damage":3,"enemies":"Small Slimes","floor":5,"turns":2},{"damage":21,"enemies":"3 Sentries","floor":6,"turns":8},{"damage":25,"enemies":"Gremlin Nob","floor":8,"turns":5},{"damage":0,"enemies":"Gremlin Gang","floor":10,"turns":4},{"damage":17,"enemies":"HollowMod:MossKnight","floor":12,"turns":7},{"damage":23,"enemies":"Exordium Wildlife","floor":14,"turns":5},{"damage":20,"enemies":"The Guardian","floor":16,"turns":11},{"damage":0,"enemies":"2 Thieves","floor":18,"turns":4},{"damage":0,"enemies":"Shell Parasite","floor":19,"turns":5},{"damage":0,"enemies":"3 Cultists","floor":21,"turns":3},{"damage":18,"enemies":"Book of Stabbing","floor":23,"turns":6},{"damage":3,"enemies":"Sentry and Sphere","floor":25,"turns":6},{"damage":0,"enemies":"Cultist and Chosen","floor":27,"turns":8},{"damage":1,"enemies":"Slavers","floor":29,"turns":6},{"damage":14,"enemies":"conspire:SneckoGhost","floor":31,"turns":9},{"damage":42,"enemies":"Automaton","floor":33,"turns":11},{"damage":5,"enemies":"3 Shapes","floor":35,"turns":3},{"damage":0,"enemies":"Reptomancer","floor":40,"turns":6},{"damage":21,"enemies":"Giant Head","floor":42,"turns":10},{"damage":8,"enemies":"Reptomancer","floor":44,"turns":5},{"damage":1,"enemies":"Orb Walker","floor":45,"turns":4},{"damage":0,"enemies":"Writhing Mass","floor":48,"turns":5},{"damage":10,"enemies":"Awakened One","floor":50,"turns":17},{"damage":17,"enemies":"Awakened One","floor":51,"turns":10},{"damage":0,"enemies":"Awakened One","floor":52,"turns":8},{"damage":13,"enemies":"Awakened One","floor":56,"turns":7},{"damage":216,"enemies":"paleoftheancients:N","floor":60,"turns":14}],"seed_played":"3529535384445901974","potions_obtained":[{"floor":3,"key":"EssenceOfSteel"},{"floor":8,"key":"LifebloodPotion"},{"floor":16,"key":"PowerPotion"},{"floor":18,"key":"SteroidPotion"},{"floor":21,"key":"ColorlessPotion"},{"floor":29,"key":"SkillPotion"},{"floor":33,"key":"blueLaboratory:Moonshine"},{"floor":42,"key":"blueLaboratory:PhilterOfMotion"},{"floor":44,"key":"BlessingOfTheForge"},{"floor":45,"key":"ColorlessPotion"}],"is_trial":false,"path_per_floor":["M","?","M","$","M","E","R","E","T","M","$","E","R","M","R","B",null,"M","M","$","M","?","E","R","M","T","M","R","E","R","E","R","B",null,"M","$","?","?","$","E","R","E","T","E","M","?","$","M","R_BF","B","M","M","?","T","R","M","R","T","?","B"],"character_chosen":"JUDGE_CLASS","items_purchased":["WordoMod:ShackleGuard","WordoMod:LordOfTheFlies","blueLaboratory:HummingbirdPotion","Mummified Hand","WordoMod:Plague+1","WordoMod:Exorcism+1","WordoMod:BeneathTheMask+1","Orrery","WordoMod:Cataclysm+1","StuffTheSpire:Saxophone"],"campfire_rested":4,"item_purchase_floors":[4,11,11,20,20,20,36,36,39,47],"current_hp_per_floor":[68,59,57,57,54,33,55,30,30,30,30,13,35,12,34,14,46,46,46,46,46,57,39,39,36,36,36,36,35,35,21,38,15,47,42,42,42,52,52,52,52,31,31,23,22,28,28,28,49,71,65,73,73,73,73,67,67,67,67,0,0],"gold":66,"neow_bonus":"ONE_RARE_RELIC","is_daily":false,"chose_seed":false,"campfire_upgraded":5,"win_rate":0.0,"timestamp":1614348588,"path_taken":["M","?","M","$","M","E","R","E","T","M","$","E","R","M","R","BOSS","M","M","$","M","?","E","R","M","T","M","R","E","R","E","R","BOSS","M","$","?","?","$","E","R","E","T","E","M","?","$","M","R_BF","BOSS","M","M","?","T","R","M","R","T","?","BOSS"],"items_purchased_type":["Card","Card","Potion","Relic","Card","Card","Card","Relic","Card","Relic"],"build_version":"2020-12-22","purchased_purges":2,"victory":false,"max_hp_per_floor":[75,75,75,75,75,75,75,75,75,75,75,75,75,75,75,75,57,57,57,57,57,57,57,57,57,57,57,57,57,57,57,57,57,57,57,57,57,67,67,67,67,67,67,67,67,73,73,73,73,73,73,73,73,73,73,73,73,73,73,73,73],"relic_stats":{"Darkstone Periapt":6,"Nunchaku":[10],"Gremlin Horn":[25,25],"counters":[30,199],"Mummified Hand":[101],"Pantograph":57,"Ginger":[19],"Whetstone":["WordoMod:PurgeDisease","WordoMod:LanternFlame"],"obtain_stats":[{"Darkstone Periapt":40,"Divine Protection":54,"WordoMod:Effigy":0,"Gremlin Horn":50,"BrokenLever":58,"Ginger":0,"Whetstone":26,"conspire:TopHat":23,"Pet Ghost":42,"Old Coin":6,"StuffTheSpire:OccultApparatus":37,"Nunchaku":12,"StuffTheSpire:Gunfinga":44,"Ring of Fangs":58,"Mummified Hand":20,"aspiration:MobileForge":34,"Pantograph":29,"Toxic Egg 2":8,"Replay:Drink Me":17,"paleoftheancients:KeyRelic":50,"Ring of Hypnosis":54,"WordoMod:Obsidian":0,"paleoftheancients:SoulOfTheHexaghost":56,"StuffTheSpire:Saxophone":47,"Akabeko":31,"paleoftheancients:Timepiece":50,"ReplayTheSpireMod:Ring of Collecting":46,"Orrery":36,"Coffee Dripper":50,"Bottled Lightning":2,"StrikeDummy":9},{"Darkstone Periapt":21,"Divine Protection":28,"WordoMod:Effigy":0,"Gremlin Horn":26,"BrokenLever":29,"Ginger":0,"Whetstone":15,"conspire:TopHat":14,"Pet Ghost":22,"Old Coin":5,"StuffTheSpire:OccultApparatus":20,"Nunchaku":8,"StuffTheSpire:Gunfinga":23,"Ring of Fangs":29,"Mummified Hand":12,"aspiration:MobileForge":19,"Pantograph":17,"Toxic Egg 2":6,"Replay:Drink Me":10,"paleoftheancients:KeyRelic":26,"Ring of Hypnosis":28,"WordoMod:Obsidian":0,"paleoftheancients:SoulOfTheHexaghost":29,"StuffTheSpire:Saxophone":24,"Akabeko":18,"paleoftheancients:Timepiece":26,"ReplayTheSpireMod:Ring of Collecting":24,"Orrery":20,"Coffee Dripper":26,"Bottled Lightning":2,"StrikeDummy":6},{"Darkstone Periapt":119,"Divine Protection":178,"WordoMod:Effigy":0,"Gremlin Horn":160,"BrokenLever":185,"Ginger":0,"Whetstone":76,"conspire:TopHat":70,"Pet Ghost":129,"Old Coin":20,"StuffTheSpire:OccultApparatus":113,"Nunchaku":36,"StuffTheSpire:Gunfinga":134,"Ring of Fangs":185,"Mummified Hand":61,"aspiration:MobileForge":110,"Pantograph":90,"Toxic Egg 2":25,"Replay:Drink Me":52,"paleoftheancients:KeyRelic":160,"Ring of Hypnosis":178,"WordoMod:Obsidian":0,"paleoftheancients:SoulOfTheHexaghost":185,"StuffTheSpire:Saxophone":138,"Akabeko":99,"paleoftheancients:Timepiece":160,"ReplayTheSpireMod:Ring of Collecting":138,"Orrery":113,"Coffee Dripper":160,"Bottled Lightning":6,"StrikeDummy":25}]},"card_choices":[{"not_picked":["WordoMod:ScatterAshes","WordoMod:BoundlessGreed"],"picked":"WordoMod:BreakChains","floor":1},{"not_picked":["WordoMod:WillOWisp","WordoMod:WipingAllOut"],"picked":"WordoMod:ProjectilePurge","floor":2},{"not_picked":["WordoMod:BoundlessGreed","WordoMod:ScatterAshes"],"picked":"WordoMod:Plague","floor":3},{"not_picked":["WordoMod:BoundlessGreed","WordoMod:BeneathTheMask"],"picked":"WordoMod:LanternFlame","floor":5},{"not_picked":["WordoMod:Vulgarity","WordoMod:BurnMyDread"],"picked":"WordoMod:Plague","floor":6},{"not_picked":["WordoMod:SoulSpear","WordoMod:Retaliate"],"picked":"WordoMod:PurgeDisease","floor":8},{"not_picked":["WordoMod:MementoMori+1","WordoMod:Vulgarity+1"],"picked":"WordoMod:Sacrilege+1","floor":10},{"not_picked":["WordoMod:WillOWisp","WordoMod:Exorcism+1"],"picked":"WordoMod:BreakChains+1","floor":12},{"not_picked":["Regret","ReplayTheSpireMod:Restless Dread"],"picked":"CommonCold","floor":14},{"not_picked":["WordoMod:Malice","WordoMod:CloudOfDust+1","WordoMod:BadMemories+1"],"picked":"SKIP","floor":14},{"not_picked":["WordoMod:TheCure","WordoMod:BurnMyDread+1"],"picked":"WordoMod:MonkeysPaw+1","floor":16},{"not_picked":["WordoMod:ProfanedFlame","WordoMod:ProjectilePurge"],"picked":"WordoMod:Repent+1","floor":18},{"not_picked":["WordoMod:AfflictedWeapon","WordoMod:InduceTrauma"],"picked":"WordoMod:Sacrilege+1","floor":19},{"not_picked":["WordoMod:ICurseThee","WordoMod:SoulSpear"],"picked":"WordoMod:BreakChains+1","floor":21},{"not_picked":["WordoMod:InfectiousCulture+1","WordoMod:Combo"],"picked":"WordoMod:Repent+1","floor":23},{"not_picked":["WordoMod:BurdenOfSin","WordoMod:Repent+1"],"picked":"WordoMod:ShackleGuard+1","floor":25},{"not_picked":["WordoMod:BreakChains+1","WordoMod:Retaliate"],"picked":"WordoMod:CurseBuckler+1","floor":27},{"not_picked":["WordoMod:SoulSpear","WordoMod:UltimateSacrifice+1"],"picked":"WordoMod:FamousTechnique+1","floor":29},{"not_picked":["WordoMod:Unchained+1","WordoMod:Retaliate"],"picked":"WordoMod:Sickness","floor":31},{"not_picked":["WordoMod:UltimateSacrifice+1","WordoMod:BurnMyDread+1"],"picked":"WordoMod:DarkForm","floor":33},{"not_picked":["WordoMod:GivesYouHell+1","WordoMod:Parry+1"],"picked":"WordoMod:BoundlessGreed+1","floor":35},{"not_picked":["WordoMod:Spite","WordoMod:BurdenOfSin+1"],"picked":"WordoMod:BeneathTheMask+1","floor":36},{"not_picked":["WordoMod:Unchained+1","WordoMod:GreatSeal"],"picked":"WordoMod:Exorcism+1","floor":36},{"not_picked":["WordoMod:BoundlessGreed+1","WordoMod:Sacrilege+1"],"picked":"WordoMod:CurseBuckler+1","floor":36},{"not_picked":["WordoMod:Cleanse","WordoMod:BadMemories+1"],"picked":"WordoMod:ShackleGuard+1","floor":36},{"not_picked":["WordoMod:PurgeDisease+1","WordoMod:Plague+1"],"picked":"WordoMod:BreakChains+1","floor":36},{"not_picked":["WordoMod:Plague","WordoMod:WillOWisp+1"],"picked":"WordoMod:Cataclysm+1","floor":40},{"not_picked":["WordoMod:GivesYouHell+1","WordoMod:RiskTaker+1","WordoMod:DarkBead"],"picked":"SKIP","floor":42},{"not_picked":["WordoMod:WillOWisp","WordoMod:HighwayToHell+1"],"picked":"WordoMod:CurseBuckler+1","floor":44},{"not_picked":["WordoMod:SoulSpear","WordoMod:Exorcism+1"],"picked":"WordoMod:MementoMori+1","floor":45},{"not_picked":["WordoMod:ShackleGuard+1","WordoMod:ScatterAshes+1"],"picked":"WordoMod:Cremate","floor":48},{"not_picked":["WordoMod:ScatterAshes","WordoMod:Vulgarity+1"],"picked":"WordoMod:Repent+1","floor":51},{"not_picked":["WordoMod:EndOfTheWorld+1","WordoMod:Sickness"],"picked":"WordoMod:Sacrilege+1","floor":52},{"not_picked":["WordoMod:Spite","WordoMod:InfectiousCulture+1"],"picked":"WordoMod:MementoMori+1","floor":56}],"player_experience":2081824,"relics_obtained":[{"floor":2,"key":"Bottled Lightning"},{"floor":6,"key":"Old Coin"},{"floor":8,"key":"Toxic Egg 2"},{"floor":9,"key":"StrikeDummy"},{"floor":12,"key":"Nunchaku"},{"floor":23,"key":"conspire:TopHat"},{"floor":26,"key":"Whetstone"},{"floor":29,"key":"Pantograph"},{"floor":31,"key":"Akabeko"},{"floor":40,"key":"Darkstone Periapt"},{"floor":42,"key":"Pet Ghost"},{"floor":44,"key":"StuffTheSpire:Gunfinga"},{"floor":46,"key":"ReplayTheSpireMod:Ring of Collecting"},{"floor":54,"key":"Ring of Hypnosis"},{"floor":54,"key":"Divine Protection"},{"floor":56,"key":"paleoftheancients:SoulOfTheHexaghost"},{"floor":58,"key":"BrokenLever"},{"floor":58,"key":"Ring of Fangs"}],"event_choices":[{"damage_healed":19,"gold_gain":0,"player_choice":"Heal","damage_taken":0,"max_hp_gain":0,"max_hp_loss":0,"event_name":"The Library","floor":22,"gold_loss":0},{"cards_removed":["WordoMod:DefendCard"],"damage_healed":0,"gold_gain":0,"player_choice":"Purged","damage_taken":0,"max_hp_gain":0,"max_hp_loss":0,"event_name":"Purifier","floor":53,"gold_loss":0}],"is_beta":false,"boss_relics":[{"not_picked":["Ectoplasm","Sozu"],"picked":"Replay:Drink Me"},{"not_picked":["SacredBark","energizedSpire:RedRose"],"picked":"aspiration:MobileForge"}],"items_purged_floors":[11,39],"is_endless":false,"potions_floor_spawned":[3,8,12,14,16,18,21,29,33,42,44,45],"killed_by":"paleoftheancients:N","ascension_level":11}}