{"host":"tod","time":1614339066,"event":{"mods":["ATMod(∞¢Ë™Mod)","AchievementEnabler","Act Like it!","BaseMod","CapriCore","Energized Spire","Highlight Path","Lobotomy","Marisa£®ÏF”Í°°ƒß¿Ì…≥£©","Minty Spire (QoL Compilation)","Quick Restart","Reimu£®≤©¿ˆ¡È√Œ£©","Relic Filter Mod","Relic Stats","Remilia£®¿Ÿ√◊¿Ú—«£©","Replay The Spire","Shop Mod","StSLib","The Cursed","The Immortal","Yakumo Yukari mod","Youmu£®ªÍ∆«—˝√Œ£©"],"gold_per_floor":[118,118,138,24,24,49,49,80,80,80,80,96,96,96,96,192,192,204,26,26,44,54,54,69,98,125,142,142,142],"floor_reached":28,"language":"ZHS","playtime":1363,"items_purged":["Strike_B","AT_ThunderBolt"],"score":283,"play_id":"38d92c87-1ec5-4c0d-ab40-3e9e605e19cb","local_time":"20210226193106","is_ascension_mode":true,"campfire_choices":[{"floor":7,"key":"REST"},{"data":"Loop","floor":10,"key":"SMITH"},{"data":"ReplayUltimateDefense","floor":13,"key":"SMITH"},{"data":"Zap","floor":15,"key":"SMITH"},{"data":"AT_RightCognition","floor":23,"key":"SMITH"}],"circlet_count":0,"master_deck":["Strike_B","Strike_B","Defend_B","Defend_B","Defend_B","Defend_B","Zap+1","Dualcast","ReplayUltimateDefense+1","AT_ThunderBolt+1","Force Field","AT_DarkMatter","FIFO Queue+1","Loop+1","AT_RightCognition+1","Loop","Hologram"],"relics":["Cracked Core","AT_ATBox","Ice Cream","FossilizedHelix","Matryoshka","energizedSpire:UnstableMolecules","Tiny Chest","Gremlin Horn","AT_ChloranthyRing"],"acts_visited":["Exordium","TheCity"],"potions_floor_usage":[6,6,25,28],"damage_taken":[{"damage":6,"enemies":"2 Louse","floor":1,"turns":3},{"damage":11,"enemies":"Small Slimes","floor":3,"turns":3},{"damage":4,"enemies":"Gremlin Nob","floor":6,"turns":7},{"damage":5,"enemies":"Lagavulin","floor":8,"turns":9},{"damage":0,"enemies":"Jaw Worm","floor":12,"turns":5},{"damage":53,"enemies":"Hexaghost","floor":16,"turns":10},{"damage":11,"enemies":"3 Byrds","floor":18,"turns":6},{"damage":0,"enemies":"Shell Parasite","floor":21,"turns":6},{"damage":10,"enemies":"Shelled Parasite and Fungi","floor":22,"turns":5},{"damage":0,"enemies":"Centurion and Healer","floor":24,"turns":7},{"damage":20,"enemies":"Gremlin Leader","floor":25,"turns":7},{"damage":6,"enemies":"Cultist and Chosen","floor":27,"turns":5},{"damage":29,"enemies":"Slavers","floor":28,"turns":7}],"seed_played":"6135809346973853291","potions_obtained":[{"floor":3,"key":"EssenceOfSteel"},{"floor":6,"key":"Fruit Juice"},{"floor":21,"key":"PowerPotion"},{"floor":24,"key":"SpeedPotion"}],"is_trial":false,"path_per_floor":["M","?","M","$","?","E","R","E","T","R","$","M","R","?","R","B",null,"M","$","?","M","M","R","M","E","T","M","E"],"character_chosen":"DEFECT","items_purchased":["FIFO Queue","Loop"],"campfire_rested":1,"item_purchase_floors":[4,19],"current_hp_per_floor":[62,62,51,51,37,38,59,54,54,54,54,54,54,54,54,1,73,62,62,62,62,52,52,52,32,32,26,0,0],"gold":142,"neow_bonus":"RANDOM_COLORLESS_2","is_daily":false,"chose_seed":false,"campfire_upgraded":4,"win_rate":0.0,"timestamp":1614339066,"path_taken":["M","?","M","$","?","E","R","E","T","R","$","M","R","?","R","BOSS","M","$","?","M","M","R","M","E","T","M","E"],"items_purchased_type":["Card","Card"],"build_version":"2020-12-18","purchased_purges":2,"victory":false,"max_hp_per_floor":[68,68,68,68,68,73,73,73,73,73,73,73,73,73,73,73,73,73,73,73,73,73,73,73,73,73,73,73,73],"relic_stats":{"Gremlin Horn":[1,1],"counters":[13,76],"Tiny Chest":0,"obtain_stats":[{"Ice Cream":6,"AT_ChloranthyRing":26,"AT_ATBox":0,"Matryoshka":9,"energizedSpire:UnstableMolecules":17,"Gremlin Horn":26,"Tiny Chest":25,"Cracked Core":0,"FossilizedHelix":8},{"Ice Cream":3,"AT_ChloranthyRing":11,"AT_ATBox":0,"Matryoshka":4,"energizedSpire:UnstableMolecules":6,"Gremlin Horn":11,"Tiny Chest":11,"Cracked Core":0,"FossilizedHelix":4},{"Ice Cream":13,"AT_ChloranthyRing":64,"AT_ATBox":0,"Matryoshka":22,"energizedSpire:UnstableMolecules":36,"Gremlin Horn":64,"Tiny Chest":64,"Cracked Core":0,"FossilizedHelix":22}]},"card_choices":[{"not_picked":["Violence","Transmutation"],"picked":"ReplayUltimateDefense","floor":0},{"not_picked":["Compile Driver","Streamline","Stack"],"picked":"SKIP","floor":1},{"not_picked":["Turbo","Streamline"],"picked":"AT_DarkMatter","floor":3},{"not_picked":["BootSequence","Beam Cell"],"picked":"AT_ThunderBolt","floor":6},{"not_picked":["Crystallizer","ReplayTheSpireMod:Calculation Training"],"picked":"Loop","floor":8},{"not_picked":["Rebound","Cold Snap","Chill"],"picked":"SKIP","floor":12},{"not_picked":["Mirror Shield","Buffer"],"picked":"AT_RightCognition","floor":16},{"not_picked":["Leap","Barrage","Stack"],"picked":"SKIP","floor":18},{"not_picked":["Stack","Undo","BasicCrystalCard"],"picked":"SKIP","floor":21},{"not_picked":["AT_HeatAcrobatics","ReplayGash+1","Rebound"],"picked":"SKIP","floor":22},{"not_picked":["Steam","Go for the Eyes","Glacier"],"picked":"SKIP","floor":24},{"not_picked":["Scrape+1","All For One","Steam+1"],"picked":"SKIP","floor":25},{"not_picked":["Leap","Capacitor+1"],"picked":"Hologram","floor":27}],"player_experience":435804,"relics_obtained":[{"floor":6,"key":"Ice Cream"},{"floor":8,"key":"FossilizedHelix"},{"floor":9,"key":"Matryoshka"},{"floor":25,"key":"Tiny Chest"},{"floor":26,"key":"Gremlin Horn"},{"floor":26,"key":"AT_ChloranthyRing"}],"event_choices":[{"damage_healed":0,"gold_gain":0,"cards_transformed":["Strike_B"],"player_choice":"Change","damage_taken":0,"max_hp_gain":0,"max_hp_loss":0,"event_name":"Living Wall","floor":2,"gold_loss":0,"cards_obtained":["Force Field"]},{"damage_healed":0,"gold_gain":0,"player_choice":"Entered Light","damage_taken":14,"max_hp_gain":0,"max_hp_loss":0,"event_name":"Shining Light","floor":5,"gold_loss":0,"cards_upgraded":["FIFO Queue","AT_ThunderBolt"]},{"damage_healed":0,"gold_gain":0,"player_choice":"Ignored","damage_taken":0,"max_hp_gain":0,"max_hp_loss":0,"event_name":"Liars Game","floor":14,"gold_loss":0}],"is_beta":true,"boss_relics":[{"not_picked":["Philosopher\u0027s Stone","Replay:Ancient Bell"],"picked":"energizedSpire:UnstableMolecules"}],"items_purged_floors":[4,19],"is_endless":false,"potions_floor_spawned":[3,6,21,24],"killed_by":"Slavers","ascension_level":3}}