{"host":"rw1trt79hfpl7pom","time":1614350273,"event":{"mods":["BaseMod","Bestiary","Colored Map","Jorbs\u0027s Wanderer Trilogy","Minty Spire (QoL Compilation)","Relic Stats","StSLib","SuperFastMode"],"gold_per_floor":[110,110,123,123,70,70,90,90,90,104,134,33,65,81,81,153,153,170,170,170,170,187,187,217,217,217,217,252,40,69,44,44,120,120,134,154,154,172,172,205,5,32,57,69,87,112,139,150,150,150,150,150,150,50,84,84,84],"floor_reached":56,"language":"ENG","playtime":2694,"items_purged":["Strike_B","Strike_B"],"score":2352,"play_id":"e60fab7b-782b-48ff-89cf-e6a404cb4003","local_time":"20210226063753","is_ascension_mode":true,"campfire_choices":[{"floor":6.0,"key":"REST"},{"data":"Streamline","floor":8.0,"key":"SMITH"},{"data":"Coolheaded","floor":15.0,"key":"SMITH"},{"data":"Biased Cognition","floor":23.0,"key":"SMITH"},{"floor":25.0,"key":"REST"},{"data":"Ghostly","floor":27.0,"key":"SMITH"},{"data":"Coolheaded","floor":32.0,"key":"SMITH"},{"floor":49.0,"key":"RECALL"},{"floor":53,"key":"REST"}],"circlet_count":0,"master_deck":["AscendersBane","Strike_B","Defend_B+1","Defend_B","Defend_B","Defend_B","Zap+1","Dualcast","FTL","Coolheaded+1","Ball Lightning+1","Biased Cognition+1","Chill","Ghostly+1","Ghostly","Ghostly","Compile Driver+1","Coolheaded+1","Echo Form","Hologram","Doom and Gloom","Defragment","Coolheaded","Self Repair","Loop"],"relics":["Busted Crown","Thread and Needle","Lantern","Eternal Feather","Black Star","WarpedTongs","Turnip","Whetstone","Mummified Hand","Mango","Symbiotic Virus","Strange Spoon","Kunai","FossilizedHelix","Fusion Hammer","HornCleat","Calipers","Pen Nib","Happy Flower","Pocketwatch","Bag of Preparation","Mercury Hourglass","StrikeDummy","CaptainsWheel"],"acts_visited":["Exordium","TheCity","TheBeyond","TheEnding"],"potions_floor_usage":[50,56,56],"damage_taken":[{"damage":7.0,"enemies":"2 Louse","floor":1.0,"turns":3.0},{"damage":7.0,"enemies":"Jaw Worm","floor":3.0,"turns":3.0},{"damage":0.0,"enemies":"Small Slimes","floor":7.0,"turns":2.0},{"damage":0.0,"enemies":"Blue Slaver","floor":10.0,"turns":2.0},{"damage":4.0,"enemies":"3 Sentries","floor":11.0,"turns":8.0},{"damage":6.0,"enemies":"Lagavulin","floor":13.0,"turns":5.0},{"damage":0.0,"enemies":"Lots of Slimes","floor":14.0,"turns":4.0},{"damage":42.0,"enemies":"Slime Boss","floor":16.0,"turns":6.0},{"damage":2.0,"enemies":"Chosen","floor":18.0,"turns":3.0},{"damage":0.0,"enemies":"Spheric Guardian","floor":22.0,"turns":4.0},{"damage":33.0,"enemies":"Gremlin Leader","floor":24.0,"turns":6.0},{"damage":31.0,"enemies":"Slavers","floor":28.0,"turns":8.0},{"damage":6.0,"enemies":"Book of Stabbing","floor":30.0,"turns":6.0},{"damage":5.0,"enemies":"Champ","floor":33.0,"turns":16.0},{"damage":1.0,"enemies":"3 Darklings","floor":35.0,"turns":8.0},{"damage":0.0,"enemies":"3 Shapes","floor":36.0,"turns":6.0},{"damage":18.0,"enemies":"Writhing Mass","floor":38.0,"turns":9.0},{"damage":0.0,"enemies":"Reptomancer","floor":40.0,"turns":9.0},{"damage":0.0,"enemies":"Giant Head","floor":42.0,"turns":8.0},{"damage":0.0,"enemies":"Maw","floor":44.0,"turns":7.0},{"damage":0.0,"enemies":"Transient","floor":45.0,"turns":6.0},{"damage":0.0,"enemies":"Mind Bloom Boss Battle","floor":46.0,"turns":6.0},{"damage":0.0,"enemies":"Reptomancer","floor":47.0,"turns":9.0},{"damage":0.0,"enemies":"Writhing Mass","floor":48.0,"turns":9.0},{"damage":20,"enemies":"Time Eater","floor":50,"turns":14},{"damage":0,"enemies":"Awakened One","floor":51,"turns":19},{"damage":0,"enemies":"Shield and Spear","floor":55,"turns":15},{"damage":56,"enemies":"The Heart","floor":56,"turns":11}],"seed_played":"1945045882998866287","potions_obtained":[{"floor":1.0,"key":"Regen Potion"},{"floor":7.0,"key":"Strength Potion"},{"floor":11.0,"key":"Fire Potion"},{"floor":28.0,"key":"Ancient Potion"},{"floor":30.0,"key":"SneckoOil"},{"floor":36.0,"key":"PowerPotion"},{"floor":44.0,"key":"Swift Potion"}],"is_trial":false,"path_per_floor":["M","?","M","?","$","R","M","R","T","M","E","$","E","M","R","B",null,"M","?","?","?","M","R","E","R","T","R","E","$","E","$","R","B",null,"M","M","?","M","?","E","$","E","T","M","M","?","E","M","R","B","B",null,"R","$","E","B"],"character_chosen":"DEFECT","items_purchased":["Coolheaded","Ball Lightning","Strange Spoon","FearPotion","Coolheaded","Defragment","Coolheaded","Loop","ColorlessPotion"],"campfire_rested":3,"item_purchase_floors":[5,12,29,29,31,41,41,54,54],"current_hp_per_floor":[57,36,29,22,22,43,43,43,43,43,54,54,48,48,54,12,56,54,35,28,28,28,40,7,31,31,40,23,23,17,17,29,24,47,46,46,46,28,28,28,28,28,28,28,28,28,35,54,54,54,54,54,54,54,54,0,0],"gold":84,"neow_bonus":"BOSS_RELIC","is_daily":false,"chose_seed":false,"campfire_upgraded":5,"win_rate":0.0,"timestamp":1614350273,"path_taken":["M","?","M","?","$","R","M","R","T","M","E","?","E","M","R","BOSS","M","?","?","?","?","R","E","R","T","R","E","$","E","?","R","BOSS","M","M","?","M","?","E","$","E","T","M","?","?","E","M","R","BOSS","BOSS","R","$","E","BOSS"],"items_purchased_type":["Card","Card","Relic","Potion","Card","Card","Card","Card","Potion"],"build_version":"2020-12-22","purchased_purges":2,"victory":false,"max_hp_per_floor":[71,71,71,71,71,71,71,71,71,71,71,71,71,71,71,71,71,71,35,40,40,40,40,40,40,40,40,54,54,54,54,54,54,54,54,54,54,54,54,54,54,54,54,54,54,54,54,54,54,54,54,54,54,54,54,54,54],"relic_stats":{"Happy Flower":[32],"counters":[28,212],"Eternal Feather":51,"Pen Nib":[17],"Bag of Preparation":[10],"Whetstone":["Ball Lightning","Compile Driver"],"WarpedTongs":[143],"Mercury Hourglass":[198],"Strange Spoon":[48],"Busted Crown":50,"Mummified Hand":[65],"Turnip":[21],"Black Star":7,"Kunai":[52],"obtain_stats":[{"Lantern":11,"Calipers":40,"Mango":28,"Bag of Preparation":47,"Whetstone":24,"HornCleat":40,"Mummified Hand":26,"Fusion Hammer":34,"Kunai":30,"Cracked Core":0,"Happy Flower":42,"Thread and Needle":9,"Eternal Feather":13,"Pen Nib":42,"WarpedTongs":21,"Mercury Hourglass":47,"Strange Spoon":29,"CaptainsWheel":55,"Busted Crown":0,"Turnip":24,"Black Star":17,"Symbiotic Virus":28,"StrikeDummy":55,"FossilizedHelix":30,"Pocketwatch":46},{"Lantern":5,"Calipers":18,"Mango":12,"Bag of Preparation":23,"Whetstone":11,"HornCleat":18,"Mummified Hand":11,"Fusion Hammer":14,"Kunai":13,"Cracked Core":0,"Happy Flower":19,"Thread and Needle":3,"Eternal Feather":6,"Pen Nib":19,"WarpedTongs":9,"Mercury Hourglass":23,"Strange Spoon":12,"CaptainsWheel":27,"Busted Crown":0,"Turnip":11,"Black Star":8,"Symbiotic Virus":12,"StrikeDummy":27,"FossilizedHelix":13,"Pocketwatch":22},{"Lantern":18,"Calipers":108,"Mango":54,"Bag of Preparation":144,"Whetstone":46,"HornCleat":108,"Mummified Hand":46,"Fusion Hammer":76,"Kunai":60,"Cracked Core":0,"Happy Flower":116,"Thread and Needle":8,"Eternal Feather":23,"Pen Nib":116,"WarpedTongs":36,"Mercury Hourglass":144,"Strange Spoon":54,"CaptainsWheel":201,"Busted Crown":0,"Turnip":46,"Black Star":33,"Symbiotic Virus":54,"StrikeDummy":201,"FossilizedHelix":60,"Pocketwatch":135}],"Pocketwatch":[57]},"card_choices":[{"not_picked":[],"picked":"FTL","floor":1.0},{"not_picked":[],"picked":"Streamline","floor":3.0},{"not_picked":["Go for the Eyes"],"picked":"SKIP","floor":7.0},{"not_picked":["Steam Power"],"picked":"SKIP","floor":10.0},{"not_picked":["Steam Power"],"picked":"SKIP","floor":10.0},{"not_picked":["Hyperbeam"],"picked":"SKIP","floor":11.0},{"not_picked":["Gash"],"picked":"SKIP","floor":13.0},{"not_picked":["Storm"],"picked":"SKIP","floor":14.0},{"not_picked":[],"picked":"Biased Cognition","floor":16.0},{"not_picked":[],"picked":"Chill","floor":18.0},{"not_picked":[],"picked":"Compile Driver","floor":22.0},{"not_picked":["Leap"],"picked":"SKIP","floor":24.0},{"not_picked":["Turbo"],"picked":"SKIP","floor":28.0},{"not_picked":["Lockon"],"picked":"SKIP","floor":30.0},{"not_picked":[],"picked":"Echo Form","floor":33.0},{"not_picked":[],"picked":"Hologram","floor":35.0},{"not_picked":["Stack"],"picked":"SKIP","floor":36.0},{"not_picked":["Ball Lightning"],"picked":"SKIP","floor":38.0},{"not_picked":[],"picked":"Doom and Gloom","floor":40.0},{"not_picked":["Consume"],"picked":"SKIP","floor":42.0},{"not_picked":["Sweeping Beam"],"picked":"SKIP","floor":44.0},{"not_picked":["Cold Snap"],"picked":"SKIP","floor":45.0},{"not_picked":[],"picked":"Self Repair","floor":46.0},{"not_picked":["Conserve Battery"],"picked":"SKIP","floor":47.0},{"not_picked":["Streamline"],"picked":"SKIP","floor":48.0},{"not_picked":["Gash"],"picked":"SKIP","floor":55}],"player_experience":2939125,"relics_obtained":[{"floor":9.0,"key":"Thread and Needle"},{"floor":11.0,"key":"Lantern"},{"floor":13.0,"key":"Eternal Feather"},{"floor":24.0,"key":"Turnip"},{"floor":24.0,"key":"Whetstone"},{"floor":26.0,"key":"Mummified Hand"},{"floor":28.0,"key":"Mango"},{"floor":28.0,"key":"Symbiotic Virus"},{"floor":30.0,"key":"Kunai"},{"floor":30.0,"key":"FossilizedHelix"},{"floor":40.0,"key":"HornCleat"},{"floor":40.0,"key":"Calipers"},{"floor":42.0,"key":"Pen Nib"},{"floor":42.0,"key":"Happy Flower"},{"floor":46.0,"key":"Pocketwatch"},{"floor":47.0,"key":"Bag of Preparation"},{"floor":47.0,"key":"Mercury Hourglass"},{"floor":55,"key":"StrikeDummy"},{"floor":55,"key":"CaptainsWheel"}],"event_choices":[{"damage_healed":0.0,"max_hp_gain":0.0,"max_hp_loss":0.0,"gold_gain":0.0,"event_name":"Shining Light","player_choice":"Entered Light","floor":2.0,"gold_loss":0.0,"damage_taken":21.0,"cards_upgraded":["Zap","Defend_B"]},{"cards_removed":["Strike_B"],"damage_healed":0.0,"max_hp_gain":0.0,"max_hp_loss":0.0,"gold_gain":0.0,"event_name":"Golden Wing","player_choice":"Card Removal","floor":4.0,"gold_loss":0.0,"damage_taken":7.0},{"damage_healed":0.0,"max_hp_gain":0.0,"max_hp_loss":36.0,"gold_gain":0.0,"event_name":"Ghosts","player_choice":"Became a Ghost","floor":19.0,"gold_loss":0.0,"damage_taken":0.0,"cards_obtained":["Ghostly","Ghostly","Ghostly"]},{"damage_healed":0.0,"max_hp_gain":5.0,"max_hp_loss":0.0,"gold_gain":0.0,"event_name":"Forgotten Altar","player_choice":"Shed Blood","floor":20.0,"gold_loss":0.0,"damage_taken":12.0},{"damage_healed":0.0,"max_hp_gain":0.0,"max_hp_loss":0.0,"gold_gain":0.0,"event_name":"Accursed Blacksmith","player_choice":"Rummage","floor":21.0,"gold_loss":0.0,"damage_taken":0.0,"relics_obtained":["WarpedTongs"],"cards_obtained":["Pain"]},{"cards_removed":["Streamline"],"damage_healed":0.0,"max_hp_gain":0.0,"max_hp_loss":0.0,"gold_gain":0.0,"event_name":"Falling","player_choice":"Removed Attack","floor":37.0,"gold_loss":0.0,"damage_taken":0.0},{"cards_removed":["Pain"],"damage_healed":0.0,"max_hp_gain":0.0,"max_hp_loss":0.0,"gold_gain":0.0,"event_name":"Fountain of Cleansing","player_choice":"Removed Curses","floor":39.0,"gold_loss":0.0,"damage_taken":0.0},{"damage_healed":0.0,"max_hp_gain":0.0,"max_hp_loss":0.0,"gold_gain":0.0,"event_name":"MindBloom","player_choice":"Fight","floor":46.0,"gold_loss":0.0,"damage_taken":0.0}],"is_beta":false,"boss_relics":[{"not_picked":["Tiny House","Astrolabe"],"picked":"Black Star"},{"not_picked":["Snecko Eye","SacredBark"],"picked":"Fusion Hammer"}],"items_purged_floors":[12,41],"is_endless":false,"potions_floor_spawned":[1,7,11,13,28,30,36,44,46,47],"killed_by":"The Heart","ascension_level":20}}