{"host":"0r455zfix56tawas","time":1614326605,"event":{"mods":["AlwaysNeverKeys","BaseMod","Colored Powertips","Downfall","Highlight Path","Minty Spire (QoL Compilation)","Permanent Neow","StSLib","The Necromancer","The Servant 0.9.4"],"gold_per_floor":[15,32,32,78,90,90,107,107,107,107,87,100,120,130,130,232,232,221,221,237,337,351,351,385,385,459,459,459],"floor_reached":27,"language":"ENG","playtime":887,"items_purged":[],"score":225,"play_id":"07e7298d-31d7-4370-acc0-dad7474a6aa5","local_time":"20210226090325","is_ascension_mode":false,"campfire_choices":[{"data":"Vampiric_Strike","floor":6,"key":"SMITH"},{"data":"Summon_Undead_Army","floor":8,"key":"SMITH"},{"data":"Negative_Energy_Shield","floor":10,"key":"SMITH"},{"data":"Bone_Armory","floor":15,"key":"SMITH"},{"data":"Negative_Energy_Shield","floor":23,"key":"SMITH"},{"data":"Bone_Armor","floor":25,"key":"SMITH"}],"circlet_count":0,"master_deck":["Strike_W","Strike_W","Defend_W","Defend_W","Defend_W","Defend_W","Negative_Energy_Arrows","Bone_Wall","Negative_Energy_Shield+1","Vampiric_Strike+1","Bone_Armor+1","Summon_Undead_Army+1","Negative_Energy_Shield+1","Death_March_Dance","Bone_Armory+1","Skeleton_Dragon","Blood_Wake","Spectral_Armor"],"relics":["Vampire_Amulet","Bird Faced Urn","Centennial Puzzle","Strawberry","SlaversCollar","Molten Egg 2","Bottled Lightning"],"acts_visited":["Exordium","TheCity"],"potions_floor_usage":[18,24],"damage_taken":[{"damage":0,"enemies":"Jaw Worm","floor":1,"turns":5},{"damage":2,"enemies":"Small Slimes","floor":2,"turns":4},{"damage":2,"enemies":"Cultist","floor":5,"turns":5},{"damage":0,"enemies":"Lots of Slimes","floor":7,"turns":6},{"damage":2,"enemies":"Blue Slaver","floor":12,"turns":3},{"damage":4,"enemies":"Exordium Thugs","floor":13,"turns":5},{"damage":5,"enemies":"3 Louse","floor":14,"turns":4},{"damage":27,"enemies":"The Guardian","floor":16,"turns":12},{"damage":12,"enemies":"2 Thieves","floor":18,"turns":4},{"damage":12,"enemies":"3 Byrds","floor":20,"turns":7},{"damage":30,"enemies":"Cultist and Chosen","floor":22,"turns":7},{"damage":38,"enemies":"Slavers","floor":24,"turns":6},{"damage":44,"enemies":"3 Cultists","floor":27,"turns":6}],"seed_played":"3121424154368418969","potions_obtained":[{"floor":1,"key":"Dexterity Potion"},{"floor":2,"key":"Energy Potion"},{"floor":11,"key":"Weak Potion"},{"floor":13,"key":"EssenceOfSteel"},{"floor":24,"key":"Fruit Juice"}],"is_trial":false,"path_per_floor":["M","M","?","T","M","R","M","R","T","R","?","M","M","M","R","B",null,"M","?","M","?","M","R","E","R","T","M"],"character_chosen":"NECROMANCER","items_purchased":[],"campfire_rested":0,"item_purchase_floors":[],"current_hp_per_floor":[75,75,75,75,75,75,75,75,82,82,82,82,82,82,82,63,82,72,72,74,74,57,57,41,41,41,4,4],"gold":459,"neow_bonus":"ONE_RARE_RELIC","is_daily":false,"chose_seed":false,"campfire_upgraded":6,"win_rate":0.0,"timestamp":1614326605,"path_taken":["M","M","?","?","M","R","M","R","T","R","?","M","M","M","R","BOSS","M","?","?","?","M","R","E","R","T","M"],"items_purchased_type":[],"build_version":"2020-12-22","purchased_purges":0,"victory":false,"max_hp_per_floor":[75,75,75,75,75,75,75,75,82,82,82,82,82,82,82,82,82,82,82,82,82,82,82,87,87,87,87,87],"card_choices":[{"not_picked":["Life_Tap","Death_Coil","Pandemic"],"picked":"SKIP","floor":1},{"not_picked":["Finger_Of_Death","Toxic_Smoke_Screen"],"picked":"Negative_Energy_Shield","floor":2},{"not_picked":["Blood_Magic","Finger_Of_Death"],"picked":"Bone_Armor","floor":5},{"not_picked":["Chill_Blood","Scare"],"picked":"Summon_Undead_Army","floor":7},{"not_picked":["Blood_Curse","Negative_Energy_Sphere"],"picked":"Negative_Energy_Shield","floor":12},{"not_picked":["Spectral_Armor","Negative_Energy_Javelin"],"picked":"Death_March_Dance","floor":13},{"not_picked":["Summon_Lich","Scare"],"picked":"Bone_Armory","floor":14},{"not_picked":["Grasp_Heart","Negative_Energy_Bomb"],"picked":"Skeleton_Dragon","floor":16},{"not_picked":["Plague_Bolt+1","Chill_Blood","Blood_Is_Power"],"picked":"SKIP","floor":18},{"not_picked":["Negative_Energy_Javelin","Corrupt","Negative_Energy_Mist"],"picked":"SKIP","floor":20},{"not_picked":["Whirlwind_of_Bones+1","Blood_Is_Power+1","Shackles_Of_Pain"],"picked":"SKIP","floor":22},{"not_picked":["Spectral_Walk","Thousand_Bone_Knives+1"],"picked":"Spectral_Armor","floor":24}],"player_experience":1034539,"relics_obtained":[{"floor":4,"key":"Centennial Puzzle"},{"floor":9,"key":"Strawberry"},{"floor":24,"key":"Molten Egg 2"},{"floor":26,"key":"Bottled Lightning"}],"event_choices":[{"damage_healed":0,"gold_gain":0,"cards_transformed":["Strike_W"],"player_choice":"Change","damage_taken":0,"max_hp_gain":0,"max_hp_loss":0,"event_name":"Living Wall","floor":3,"gold_loss":0,"cards_obtained":["Vampiric_Strike"]},{"damage_healed":0,"gold_gain":0,"player_choice":"Bought 1 Potion","damage_taken":0,"max_hp_gain":0,"max_hp_loss":0,"event_name":"The Woman in Blue","floor":11,"gold_loss":0},{"damage_healed":0,"gold_gain":0,"cards_transformed":["Strike_W"],"player_choice":"Transformed","damage_taken":0,"max_hp_gain":0,"max_hp_loss":0,"event_name":"Transmorgrifier","floor":19,"gold_loss":0,"cards_obtained":["Blood_Wake"]},{"damage_healed":0,"gold_gain":100,"player_choice":"Pray","damage_taken":0,"max_hp_gain":0,"max_hp_loss":0,"event_name":"Golden Shrine","floor":21,"gold_loss":0}],"is_beta":false,"boss_relics":[{"not_picked":["Runic Dome","Coffee Dripper"],"picked":"SlaversCollar"}],"items_purged_floors":[],"is_endless":false,"potions_floor_spawned":[1,2,13,24],"killed_by":"3 Cultists","ascension_level":0}}