{"host":"a1eatafr7pisesky","time":1614324687,"event":{"mods":["AchievementEnabler","BaseMod","Colored Map","Keyboard Shortcuts","Minty Spire (QoL Compilation)","Say the Spire","StSLib","SuperFastMode","everything is the same but u backflip on backflip"],"gold_per_floor":[111,36,36,86,105,105,132,150,218,230,230,256,272,285,285,356,356,372,382,382,382,382],"floor_reached":21,"language":"KOR","playtime":335,"items_purged":["Defend_P"],"score":421,"play_id":"cb64a6c9-b44d-4528-a7b1-ddd5da39c896","local_time":"20210226163127","is_ascension_mode":true,"campfire_choices":[{"data":"Eruption","floor":6.0,"key":"SMITH"},{"floor":11.0,"key":"REST"},{"floor":15.0,"key":"REST"}],"circlet_count":0,"master_deck":["AscendersBane","Strike_P+1","Strike_P","Strike_P","Defend_P","Defend_P","Defend_P","Eruption+1","Vigilance+1","FearNoEvil","BowlingBash","Worship","SandsOfTime","Scrawl","Tantrum+1","Prostrate"],"relics":["PureWater","NeowsBlessing","Boot","Matryoshka","Orichalcum","Philosopher\u0027s Stone"],"acts_visited":["Exordium","TheCity"],"potions_floor_usage":[21],"damage_taken":[{"damage":0.0,"enemies":"Jaw Worm","floor":1.0,"turns":1.0},{"damage":0.0,"enemies":"Cultist","floor":5.0,"turns":1.0},{"damage":0.0,"enemies":"Gremlin Nob","floor":7.0,"turns":1.0},{"damage":0.0,"enemies":"2 Louse","floor":8.0,"turns":2.0},{"damage":13.0,"enemies":"Red Slaver","floor":10.0,"turns":3.0},{"damage":20.0,"enemies":"Lagavulin","floor":12.0,"turns":7.0},{"damage":14.0,"enemies":"Gremlin Gang","floor":13.0,"turns":4.0},{"damage":6.0,"enemies":"Looter","floor":14.0,"turns":2.0},{"damage":12.0,"enemies":"Slime Boss","floor":16.0,"turns":9.0},{"damage":18.0,"enemies":"2 Thieves","floor":18.0,"turns":2.0},{"damage":21.0,"enemies":"Shell Parasite","floor":19.0,"turns":3.0},{"damage":18,"enemies":"Centurion and Healer","floor":21,"turns":1}],"seed_played":"-5239004232840180837","potions_obtained":[{"floor":7.0,"key":"Swift Potion"},{"floor":8.0,"key":"StancePotion"},{"floor":12.0,"key":"Swift Potion"},{"floor":16.0,"key":"Dexterity Potion"},{"floor":18.0,"key":"Strength Potion"}],"is_trial":false,"path_per_floor":["M","$","?","?","M","R","E","M","T","M","R","E","M","M","R","B",null,"M","M","?","M"],"character_chosen":"WATCHER","items_purchased":[],"campfire_rested":2,"item_purchase_floors":[],"current_hp_per_floor":[61,61,41,35,35,35,35,35,35,22,42,22,8,2,22,10,54,36,15,15,0,0],"gold":382,"neow_bonus":"THREE_ENEMY_KILL","is_daily":false,"chose_seed":false,"campfire_upgraded":1,"win_rate":0.0,"timestamp":1614324687,"path_taken":["M","$","?","?","M","R","E","M","T","?","R","E","M","M","R","BOSS","M","?","?","?"],"items_purchased_type":[],"build_version":"2020-12-22","purchased_purges":1,"victory":false,"max_hp_per_floor":[68,68,68,68,68,68,68,68,68,68,68,68,68,68,68,68,68,68,68,68,68,68],"card_choices":[{"not_picked":["Halt","Evaluate"],"picked":"FearNoEvil","floor":1.0},{"not_picked":["Study","ClearTheMind"],"picked":"BowlingBash","floor":5.0},{"not_picked":["Weave","Crescendo","Wish"],"picked":"SKIP","floor":7.0},{"not_picked":["EmptyFist","CrushJoints"],"picked":"Worship","floor":8.0},{"not_picked":["CrushJoints","Protect","Halt"],"picked":"SKIP","floor":10.0},{"not_picked":["Protect","SashWhip","BowlingBash"],"picked":"SKIP","floor":12.0},{"not_picked":["PathToVictory","SandsOfTime","BowlingBash"],"picked":"SKIP","floor":13.0},{"not_picked":["PathToVictory","BowlingBash"],"picked":"SandsOfTime","floor":13.0},{"not_picked":["Nirvana","CarveReality","WindmillStrike"],"picked":"SKIP","floor":14.0},{"not_picked":["Blasphemy","Wish"],"picked":"Scrawl","floor":16.0},{"not_picked":["SandsOfTime","FollowUp"],"picked":"Tantrum+1","floor":18.0},{"not_picked":["SashWhip+1","CutThroughFate"],"picked":"Prostrate","floor":19.0}],"player_experience":502356,"relics_obtained":[{"floor":7.0,"key":"Boot"},{"floor":9.0,"key":"Matryoshka"},{"floor":12.0,"key":"Orichalcum"}],"event_choices":[{"damage_healed":0.0,"max_hp_gain":0.0,"max_hp_loss":0.0,"gold_gain":0.0,"event_name":"Shining Light","player_choice":"Entered Light","floor":3.0,"gold_loss":0.0,"damage_taken":20.0,"cards_upgraded":["Vigilance","Strike_P"]},{"damage_healed":0.0,"max_hp_gain":0.0,"max_hp_loss":0.0,"gold_gain":50.0,"event_name":"FaceTrader","player_choice":"Touch","floor":4.0,"gold_loss":0.0,"damage_taken":6.0},{"cards_removed":["Strike_P"],"damage_healed":0.0,"max_hp_gain":0.0,"max_hp_loss":0.0,"gold_gain":0.0,"event_name":"Purifier","player_choice":"Purged","floor":20.0,"gold_loss":0.0,"damage_taken":0.0}],"is_beta":false,"boss_relics":[{"not_picked":["Velvet Choker","Runic Dome"],"picked":"Philosopher\u0027s Stone"}],"items_purged_floors":[2],"is_endless":false,"potions_floor_spawned":[7,8,12,16,18,19],"killed_by":"Centurion and Healer","ascension_level":19}}