{"host":"pptp7dign1ra93gk","time":1614328125,"event":{"mods":["Act Like it!","Aspiration","BaseMod","Conspire","Downfall","Gensokyo","Marisa£®ÏF”Í°°ƒß¿Ì…≥£©","Minty Spire (QoL Compilation)","Remilia£®¿Ÿ√◊¿Ú—«£©","Replay The Spire","StSLib","The Construct","The Cursed","The Servant 0.9.4","Youmu£®ªÍ∆«—˝√Œ£©","Yuyuko","≤–¡Ù÷ÆŒÔ"],"gold_per_floor":[113,149,164,164,178,178,205,218,241,258,258,268,24,59,59,161,161,178,195,120,120,30,30,43,43,43],"floor_reached":25,"language":"ZHS","playtime":1923,"items_purged":["PlaceholderMod:BaseStrike"],"score":213,"play_id":"6e6f4fd9-afdd-4c8f-b06f-ed1e1c880874","local_time":"20210226162845","is_ascension_mode":false,"campfire_choices":[{"data":"PlaceholderMod:BlastSpray","floor":6,"key":"SMITH"},{"floor":15,"key":"REST"}],"circlet_count":0,"master_deck":["PlaceholderMod:BaseStrike","PlaceholderMod:BaseStrike","PlaceholderMod:BaseStrike+1","PlaceholderMod:BaseDefend","PlaceholderMod:BaseDefend","PlaceholderMod:BaseDefend","PlaceholderMod:BaseDefend","PlaceholderMod:BaseDefend","PlaceholderMod:Crystal","PlaceholderMod:PoisonWhip","Purity","PlaceholderMod:InnerStable","PlaceholderMod:Package","PlaceholderMod:ChainPoly","PlaceholderMod:DefaultCommonAttack","PlaceholderMod:BlastSpray+1","PlaceholderMod:HardStrike","PlaceholderMod:Hyperplasia","PlaceholderMod:SubstitutionNucleophilic1","PlaceholderMod:Inner","PlaceholderMod:SelectReaction","PlaceholderMod:ProliferateStrike","Shame","PlaceholderMod:Colorful+1"],"relics":["PlaceholderMod:Tancle","Chameleon Ring","Letter Opener","aspiration:ArtOfWarUpgrade","Mercury Hourglass","Replay:Wax Seal","Philosopher\u0027s Stone","Replay:WaspNest"],"acts_visited":["Exordium","TheCity"],"potions_floor_usage":[8,14,16,16],"damage_taken":[{"damage":2,"enemies":"conspire:RoseBush","floor":1,"turns":3},{"damage":16,"enemies":"conspire:MimicChest","floor":2,"turns":8},{"damage":0,"enemies":"2 Louse","floor":3,"turns":4},{"damage":1,"enemies":"Jaw Worm","floor":5,"turns":7},{"damage":22,"enemies":"Gremlin Nob","floor":7,"turns":5},{"damage":11,"enemies":"Lots of Slimes","floor":8,"turns":2},{"damage":14,"enemies":"Large Slime","floor":10,"turns":6},{"damage":2,"enemies":"Looter","floor":12,"turns":2},{"damage":8,"enemies":"3 Sentries","floor":14,"turns":3},{"damage":14,"enemies":"Slime Boss","floor":16,"turns":6},{"damage":8,"enemies":"Shell Parasite","floor":18,"turns":5},{"damage":36,"enemies":"2 Thieves","floor":19,"turns":4},{"damage":20,"enemies":"Shelled Parasite and Fungi","floor":24,"turns":4},{"damage":16,"enemies":"Snake Plant","floor":25,"turns":1}],"seed_played":"-4547555160594382943","potions_obtained":[{"floor":1,"key":"Milkshake"},{"floor":7,"key":"Reflective Coating"},{"floor":10,"key":"Explosive Potion"},{"floor":12,"key":"DuplicationPotion"},{"floor":14,"key":"Elixir"}],"is_trial":false,"path_per_floor":["M","?","M","?","M","R","E","M","T","M","R","M","$","E","R","B",null,"M","M","$","?","?","R","M","M"],"character_chosen":"THE_PLACEHOLDER","items_purchased":["Mercury Hourglass"],"campfire_rested":1,"item_purchase_floors":[13],"current_hp_per_floor":[76,60,60,60,59,59,37,26,26,12,12,10,10,2,25,11,78,70,34,34,34,34,34,14,0,0],"gold":43,"neow_bonus":"RANDOM_COLORLESS","is_daily":false,"chose_seed":false,"campfire_upgraded":1,"win_rate":0.0,"timestamp":1614328125,"path_taken":["M","?","M","?","M","R","E","?","T","M","R","?","$","E","R","BOSS","M","M","$","?","?","R","?","M"],"items_purchased_type":["Relic"],"build_version":"2020-12-22","purchased_purges":1,"victory":false,"max_hp_per_floor":[78,78,78,78,78,78,78,78,78,78,78,78,78,78,78,78,78,78,78,78,78,78,78,78,78,78],"card_choices":[{"not_picked":["Replay:Sssssssssshield","Mind Blast"],"picked":"Purity","floor":0},{"not_picked":["PlaceholderMod:MultipleOxi","PlaceholderMod:SeverePoisonStrike"],"picked":"PlaceholderMod:InnerStable","floor":1},{"not_picked":["PlaceholderMod:StrongAcid","PlaceholderMod:Sweep"],"picked":"PlaceholderMod:Package","floor":2},{"not_picked":["PlaceholderMod:StrongAcid","PlaceholderMod:PoisonExcitation"],"picked":"PlaceholderMod:ChainPoly","floor":3},{"not_picked":["PlaceholderMod:DirectingGroup","PlaceholderMod:PoisonAbsorb"],"picked":"PlaceholderMod:BlastSpray","floor":5},{"not_picked":["PlaceholderMod:Sweep","PlaceholderMod:CrystallizationStrike"],"picked":"PlaceholderMod:HardStrike","floor":7},{"not_picked":["PlaceholderMod:AngryAttack","PlaceholderMod:HardStinger","PlaceholderMod:TriggerStrike"],"picked":"SKIP","floor":8},{"not_picked":["PlaceholderMod:StressReaction","PlaceholderMod:SeverePoisonStrike","PlaceholderMod:CrystallizationStrike"],"picked":"SKIP","floor":10},{"not_picked":["PlaceholderMod:Turn","PlaceholderMod:ConsolidateHit"],"picked":"PlaceholderMod:Hyperplasia","floor":12},{"not_picked":["PlaceholderMod:EnergyAbsorb","PlaceholderMod:NutritionAbsorb"],"picked":"PlaceholderMod:SubstitutionNucleophilic1","floor":14},{"not_picked":["PlaceholderMod:InnerSoften","PlaceholderMod:Eat"],"picked":"PlaceholderMod:Inner","floor":16},{"not_picked":["PlaceholderMod:StressReaction","PlaceholderMod:MultipleOxi"],"picked":"PlaceholderMod:SelectReaction","floor":18},{"not_picked":["PlaceholderMod:Turn","PlaceholderMod:HornyBlast"],"picked":"PlaceholderMod:ProliferateStrike","floor":19},{"not_picked":["PlaceholderMod:Polyp+1","PlaceholderMod:NearChange"],"picked":"PlaceholderMod:Colorful+1","floor":24}],"player_experience":142405,"relics_obtained":[{"floor":2,"key":"Chameleon Ring"},{"floor":7,"key":"Letter Opener"},{"floor":9,"key":"Art of War"},{"floor":14,"key":"Replay:Wax Seal"}],"event_choices":[{"damage_healed":0,"gold_gain":0,"player_choice":"1 cards matched","damage_taken":0,"max_hp_gain":0,"max_hp_loss":0,"event_name":"Match and Keep!","floor":4,"gold_loss":0,"cards_obtained":["PlaceholderMod:DefaultCommonAttack"]},{"damage_healed":0,"gold_gain":0,"player_choice":"Stole Relic","damage_taken":0,"relics_obtained":["Replay:WaspNest"],"max_hp_gain":0,"max_hp_loss":0,"event_name":"Addict","floor":21,"gold_loss":0,"cards_obtained":["Shame"]},{"cards_removed":["PlaceholderMod:BaseStrike"],"damage_healed":0,"gold_gain":0,"player_choice":"Upgrade and Remove","damage_taken":0,"max_hp_gain":0,"max_hp_loss":0,"event_name":"Designer","floor":22,"gold_loss":90,"cards_upgraded":["PlaceholderMod:BaseStrike"]}],"is_beta":false,"boss_relics":[{"not_picked":["Replay:Wanted Poster","Busted Crown"],"picked":"Philosopher\u0027s Stone"}],"items_purged_floors":[20],"is_endless":false,"potions_floor_spawned":[1,7,10,12,14],"killed_by":"Snake Plant","ascension_level":0}}