{"host":"a9gsz7kv8aebwp1f","time":1614358499,"event":{"mods":["AchievementEnabler","BaseMod","Minty Spire (QoL Compilation)"],"gold_per_floor":[119,138,138,60,83,107,141,40,67,67,92,122,122,141,141,236,236,250,349,368,368,368,395,395,405,475,485,485,485,495,511,511,585,635,646,130,130,144,156,156,156,156],"floor_reached":41,"language":"KOR","playtime":1716,"items_purged":["Injury"],"score":735,"play_id":"94b263ef-b778-4245-9205-d7297857496f","local_time":"20210227015459","is_ascension_mode":true,"campfire_choices":[{"floor":13,"key":"REST"},{"floor":15,"key":"REST"},{"floor":24,"key":"REST"},{"floor":32,"key":"REST"},{"data":"Forethought","floor":40,"key":"SMITH"}],"circlet_count":0,"master_deck":["AscendersBane","Defend_R","Defend_R","Defend_R","Defend_R","Forethought+1","Cleave","Battle Trance","Heavy Blade","Flex","Headbutt","Headbutt","Shrug It Off","Sword Boomerang","Demon Form","Pommel Strike","Bite","Bite","Bite","Bite","Bite","Twin Strike+1","Twin Strike+1","Armaments","Feed","Flex","Demon Form","Inflame","Ghostly Armor","Clash","Berserk"],"relics":["Burning Blood","Bloody Idol","Boot","Red Skull","Lantern","Busted Crown","CaptainsWheel","Bottled Lightning","NlothsMask","Tiny House","Happy Flower","DollysMirror"],"acts_visited":["Exordium","TheCity","TheBeyond"],"potions_floor_usage":[16,41,41],"damage_taken":[{"damage":6,"enemies":"Cultist","floor":1,"turns":3},{"damage":0,"enemies":"Small Slimes","floor":2,"turns":4},{"damage":9,"enemies":"2 Louse","floor":5,"turns":3},{"damage":13,"enemies":"Exordium Wildlife","floor":6,"turns":4},{"damage":48,"enemies":"Gremlin Nob","floor":7,"turns":5},{"damage":13,"enemies":"Large Slime","floor":11,"turns":4},{"damage":26,"enemies":"3 Louse","floor":14,"turns":3},{"damage":45,"enemies":"The Guardian","floor":16,"turns":10},{"damage":8,"enemies":"3 Byrds","floor":18,"turns":4},{"damage":39,"enemies":"Shell Parasite","floor":20,"turns":5},{"damage":41,"enemies":"Book of Stabbing","floor":23,"turns":4},{"damage":35,"enemies":"Shelled Parasite and Fungi","floor":25,"turns":3},{"damage":21,"enemies":"Snake Plant","floor":27,"turns":4},{"damage":0,"enemies":"Centurion and Healer","floor":30,"turns":5},{"damage":18,"enemies":"Cultist and Chosen","floor":31,"turns":6},{"damage":101,"enemies":"Champ","floor":33,"turns":11},{"damage":13,"enemies":"3 Shapes","floor":35,"turns":4},{"damage":3,"enemies":"Orb Walker","floor":38,"turns":4},{"damage":45,"enemies":"Sphere and 2 Shapes","floor":39,"turns":7},{"damage":111,"enemies":"Giant Head","floor":41,"turns":7}],"seed_played":"2033015847763642224","potions_obtained":[{"floor":6,"key":"DuplicationPotion"},{"floor":7,"key":"Weak Potion"},{"floor":10,"key":"Explosive Potion"},{"floor":14,"key":"DistilledChaos"},{"floor":20,"key":"Dexterity Potion"},{"floor":30,"key":"FairyPotion"},{"floor":34,"key":"ElixirPotion"}],"is_trial":false,"path_per_floor":["M","M","?","?","M","M","E","$","T","?","M","?","R","M","R","B",null,"M","?","M","?","?","E","R","M","T","M","?","?","M","M","R","B",null,"M","$","?","M","M","R","E"],"character_chosen":"IRONCLAD","items_purchased":["Headbutt","Flex","Happy Flower","DollysMirror","Inflame","Ghostly Armor","Clash"],"campfire_rested":4,"item_purchase_floors":[8,36,36,36,36,36,36],"current_hp_per_floor":[72,78,78,78,75,68,26,26,26,26,21,21,45,27,51,14,64,64,64,33,33,33,13,37,19,24,26,26,26,55,60,80,37,76,80,80,80,88,69,69,0,0],"gold":156,"neow_bonus":"RANDOM_COLORLESS","is_daily":false,"chose_seed":false,"campfire_upgraded":1,"win_rate":0.0,"timestamp":1614358499,"path_taken":["M","?","?","?","?","M","E","?","T","?","?","?","R","M","R","BOSS","M","?","M","?","?","E","R","M","T","?","?","?","?","M","R","BOSS","M","$","?","M","?","R","E"],"items_purchased_type":["Card","Card","Relic","Relic","Card","Card","Card"],"build_version":"2020-12-22","purchased_purges":1,"victory":false,"max_hp_per_floor":[80,80,80,80,80,80,80,80,80,80,80,80,80,80,80,80,80,80,80,80,80,80,80,80,80,80,80,80,80,80,80,80,80,85,88,88,88,88,91,91,91,91],"card_choices":[{"not_picked":["Dramatic Entrance","Impatience"],"picked":"Forethought","floor":0},{"not_picked":["Fire Breathing","Seeing Red"],"picked":"Cleave","floor":1},{"not_picked":["Body Slam","Twin Strike"],"picked":"Battle Trance","floor":2},{"not_picked":["Anger","Clothesline"],"picked":"Heavy Blade","floor":5},{"not_picked":["Uppercut","Wild Strike"],"picked":"Flex","floor":6},{"not_picked":["Wild Strike","True Grit"],"picked":"Headbutt","floor":7},{"not_picked":["Anger","Offering"],"picked":"Shrug It Off","floor":11},{"not_picked":["Clothesline","Iron Wave"],"picked":"Sword Boomerang","floor":14},{"not_picked":["Brutality","Corruption"],"picked":"Demon Form","floor":16},{"not_picked":[],"picked":"Pommel Strike","floor":18},{"not_picked":["Fire Breathing"],"picked":"SKIP","floor":20},{"not_picked":[],"picked":"Twin Strike","floor":23},{"not_picked":["Headbutt"],"picked":"SKIP","floor":25},{"not_picked":[],"picked":"Twin Strike+1","floor":27},{"not_picked":[],"picked":"Armaments","floor":30},{"not_picked":["Infernal Blade"],"picked":"SKIP","floor":31},{"not_picked":[],"picked":"Feed","floor":33},{"not_picked":["Twin Strike"],"picked":"SKIP","floor":35},{"not_picked":["Clothesline+1"],"picked":"SKIP","floor":38},{"not_picked":["Warcry+1"],"picked":"SKIP","floor":39}],"player_experience":489336,"relics_obtained":[{"floor":7,"key":"Blood Vial"},{"floor":9,"key":"Red Skull"},{"floor":23,"key":"CaptainsWheel"},{"floor":26,"key":"Bottled Lightning"}],"event_choices":[{"damage_healed":0,"gold_gain":0,"player_choice":"Take Wound","damage_taken":0,"relics_obtained":["Golden Idol"],"max_hp_gain":0,"max_hp_loss":0,"event_name":"Golden Idol","floor":3,"gold_loss":0,"cards_obtained":["Injury"]},{"damage_healed":0,"gold_gain":0,"player_choice":"Paid Gold","damage_taken":0,"relics_obtained":["Boot"],"max_hp_gain":0,"max_hp_loss":0,"event_name":"WeMeetAgain","floor":4,"gold_loss":78},{"damage_healed":0,"gold_gain":0,"player_choice":"Got Potions","damage_taken":0,"max_hp_gain":0,"max_hp_loss":0,"event_name":"Lab","floor":10,"gold_loss":0},{"damage_healed":0,"gold_gain":30,"player_choice":"Searched \u00272\u0027 times","damage_taken":0,"relics_obtained":["Lantern"],"max_hp_gain":0,"max_hp_loss":0,"event_name":"Dead Adventurer","floor":12,"gold_loss":0},{"damage_healed":0,"gold_gain":99,"player_choice":"Stole From Cult","damage_taken":0,"max_hp_gain":0,"max_hp_loss":0,"event_name":"Nest","floor":19,"gold_loss":0},{"damage_healed":0,"gold_gain":0,"player_choice":"Gave Idol","damage_taken":0,"relics_obtained":["Bloody Idol"],"max_hp_gain":0,"max_hp_loss":0,"event_name":"Forgotten Altar","floor":21,"relics_lost":["Golden Idol"],"gold_loss":0},{"damage_healed":0,"gold_gain":0,"player_choice":"Became a vampire (Vial)","damage_taken":0,"max_hp_gain":0,"max_hp_loss":0,"event_name":"Vampires","floor":22,"relics_lost":["Blood Vial"],"gold_loss":0,"cards_obtained":["Bite","Bite","Bite","Bite","Bite"]},{"damage_healed":0,"gold_gain":0,"player_choice":"Ignored","damage_taken":0,"max_hp_gain":0,"max_hp_loss":0,"event_name":"Ghosts","floor":28,"gold_loss":0},{"damage_healed":0,"gold_gain":0,"player_choice":"Trade","damage_taken":0,"relics_obtained":["NlothsMask"],"max_hp_gain":0,"max_hp_loss":0,"event_name":"FaceTrader","floor":29,"gold_loss":0},{"damage_healed":0,"gold_gain":0,"cards_transformed":["Bash"],"player_choice":"Transformed","damage_taken":0,"max_hp_gain":0,"max_hp_loss":0,"event_name":"Transmorgrifier","floor":37,"gold_loss":0,"cards_obtained":["Berserk"]}],"is_beta":false,"boss_relics":[{"not_picked":["Cursed Key","Fusion Hammer"],"picked":"Busted Crown"},{"not_picked":["Philosopher\u0027s Stone","Mark of Pain"],"picked":"Tiny House"}],"items_purged_floors":[8],"is_endless":false,"potions_floor_spawned":[6,7,14,20,25,30,31,39],"killed_by":"Giant Head","ascension_level":13}}