{"host":"gc8yb33y1dm65mio","time":1614312433,"event":{"mods":["BaseMod","Bestiary","Colored Map","Colored Powertips","Curses Come First","Highlight Path","Minty Spire (QoL Compilation)","Quick Restart","Relic Stats","StSLib"],"gold_per_floor":[112,124,134,150,162,162,196,196,196,196,227,243,269,293,293,364,364,374,289,302,316,316,316],"floor_reached":22,"language":"ENG","playtime":1306,"items_purged":[],"score":374,"play_id":"e7f25882-168a-4365-a9ef-b033cd3d3a16","local_time":"20210225200713","is_ascension_mode":true,"campfire_choices":[{"data":"Lockon","floor":6.0,"key":"SMITH"},{"data":"Sweeping Beam","floor":8.0,"key":"SMITH"},{"data":"Barrage","floor":10.0,"key":"SMITH"},{"floor":15.0,"key":"REST"}],"circlet_count":0,"master_deck":["AscendersBane","Strike_B","Strike_B","Strike_B","Defend_B","Defend_B","Defend_B","Defend_B","Zap","Dualcast","Barrage+1","Ball Lightning","Lockon+1","Sweeping Beam+1","Beam Cell","Defragment","Glacier","Thunder Strike","FTL","Ball Lightning","Self Repair"],"relics":["Cracked Core","Meat on the Bone","Shuriken","Matryoshka","Singing Bowl","Omamori","Bag of Marbles","Inserter","Blood Vial"],"acts_visited":["Exordium","TheCity"],"potions_floor_usage":[20],"damage_taken":[{"damage":1.0,"enemies":"Cultist","floor":1.0,"turns":3.0},{"damage":2.0,"enemies":"2 Louse","floor":2.0,"turns":2.0},{"damage":2.0,"enemies":"Jaw Worm","floor":3.0,"turns":3.0},{"damage":7.0,"enemies":"3 Louse","floor":4.0,"turns":4.0},{"damage":9.0,"enemies":"Red Slaver","floor":5.0,"turns":3.0},{"damage":8.0,"enemies":"Gremlin Nob","floor":7.0,"turns":3.0},{"damage":30.0,"enemies":"Lagavulin","floor":11.0,"turns":4.0},{"damage":0.0,"enemies":"Looter","floor":12.0,"turns":1.0},{"damage":19.0,"enemies":"3 Sentries","floor":13.0,"turns":5.0},{"damage":20.0,"enemies":"Slime Boss","floor":16.0,"turns":8.0},{"damage":26.0,"enemies":"3 Byrds","floor":18.0,"turns":4.0},{"damage":0,"enemies":"Spheric Guardian","floor":20,"turns":3},{"damage":32,"enemies":"Chosen and Byrds","floor":21,"turns":5},{"damage":23,"enemies":"Shelled Parasite and Fungi","floor":22,"turns":2}],"seed_played":"4958885735945755491","potions_obtained":[{"floor":3.0,"key":"Ancient Potion"},{"floor":11.0,"key":"FearPotion"},{"floor":12.0,"key":"SkillPotion"},{"floor":16.0,"key":"SteroidPotion"},{"floor":21,"key":"FocusPotion"}],"is_trial":false,"path_per_floor":["M","M","M","M","M","R","E","R","T","R","E","M","E","T","R","B",null,"M","?","M","M","M"],"character_chosen":"DEFECT","items_purchased":[],"campfire_rested":1,"item_purchase_floors":[],"current_hp_per_floor":[63,61,59,52,43,43,35,35,35,35,17,29,22,22,43,35,62,36,36,38,20,0,0],"gold":316,"neow_bonus":"TRANSFORM_CARD","is_daily":false,"chose_seed":false,"campfire_upgraded":3,"win_rate":0.0,"timestamp":1614312433,"path_taken":["M","M","M","M","M","R","E","R","T","R","E","M","E","?","R","BOSS","M","?","M","M","M"],"items_purchased_type":[],"build_version":"2020-12-22","purchased_purges":0,"victory":false,"max_hp_per_floor":[71,71,71,71,71,71,71,71,71,71,71,71,71,71,71,71,71,71,71,71,71,71,71],"relic_stats":{"Blood Vial":6,"Inserter":[7],"Singing Bowl":0,"counters":[14,50],"Shuriken":[11],"obtain_stats":[{"Blood Vial":19,"Matryoshka":11,"Inserter":17,"Singing Bowl":13,"Shuriken":9,"Omamori":14,"Bag of Marbles":14,"Cracked Core":0,"Meat on the Bone":7},{"Blood Vial":11,"Matryoshka":7,"Inserter":10,"Singing Bowl":9,"Shuriken":6,"Omamori":9,"Bag of Marbles":9,"Cracked Core":0,"Meat on the Bone":6},{"Blood Vial":40,"Matryoshka":22,"Inserter":36,"Singing Bowl":28,"Shuriken":18,"Omamori":28,"Bag of Marbles":28,"Cracked Core":0,"Meat on the Bone":18}],"Meat on the Bone":60},"card_choices":[{"not_picked":["Barrage","Double Energy","Gash"],"picked":"SKIP","floor":1.0},{"not_picked":["Heatsinks","Force Field","Gash"],"picked":"SKIP","floor":2.0},{"not_picked":["Rebound","Streamline"],"picked":"Ball Lightning","floor":3.0},{"not_picked":["Fission","Auto Shields"],"picked":"Lockon","floor":4.0},{"not_picked":["Hologram","Gash","White Noise"],"picked":"SKIP","floor":5.0},{"not_picked":["Steam Power","All For One"],"picked":"Sweeping Beam","floor":7.0},{"not_picked":["FTL","Aggregate"],"picked":"Beam Cell","floor":11.0},{"not_picked":["Darkness","Self Repair"],"picked":"Defragment","floor":12.0},{"not_picked":["Rebound","Ball Lightning"],"picked":"Glacier","floor":13.0},{"not_picked":["Rainbow","Reboot"],"picked":"Thunder Strike","floor":16.0},{"not_picked":["Turbo","Stack"],"picked":"FTL","floor":18.0},{"not_picked":["Gash","Beam Cell"],"picked":"Ball Lightning","floor":20},{"not_picked":["Barrage+1","Turbo"],"picked":"Self Repair","floor":21}],"player_experience":1104967,"relics_obtained":[{"floor":7.0,"key":"Meat on the Bone"},{"floor":9.0,"key":"Shuriken"},{"floor":11.0,"key":"Matryoshka"},{"floor":13.0,"key":"Singing Bowl"},{"floor":14.0,"key":"Omamori"},{"floor":14.0,"key":"Bag of Marbles"}],"event_choices":[{"damage_healed":0.0,"max_hp_gain":0.0,"max_hp_loss":0.0,"gold_gain":0.0,"event_name":"Addict","player_choice":"Obtained Relic","floor":19.0,"gold_loss":85.0,"damage_taken":0.0,"relics_obtained":["Blood Vial"]}],"is_beta":false,"boss_relics":[{"not_picked":["Calling Bell","FrozenCore"],"picked":"Inserter"}],"items_purged_floors":[],"is_endless":false,"potions_floor_spawned":[3,11,12,16,21],"killed_by":"Shelled Parasite and Fungi","ascension_level":16}}