{"host":"dtczkyto5vz790wa","time":1614331192,"event":{"mods":["BaseMod","Downfall","LagranYue(¿≠∏Ò¿ °§‘¬)","Minty Spire (QoL Compilation)","Replay The Spire","Shop Mod","StSLib"],"gold_per_floor":[99,99,99,99,99,99,99,111,111,111],"floor_reached":9,"language":"ZHS","playtime":4351,"items_purged":[],"score":47,"play_id":"59877ecf-91a7-46fd-945c-7ee508cb36eb","local_time":"20210226171952","is_ascension_mode":false,"campfire_choices":[{"floor":1,"key":"DIG"}],"circlet_count":0,"master_deck":["Slimebound:Strike_Slimebound","Slimebound:Strike_Slimebound","Slimebound:Strike_Slimebound","Slimebound:Tackle","Slimebound:Defend_Slimebound","Slimebound:Defend_Slimebound","Slimebound:Defend_Slimebound","Slimebound:Split","Slimebound:CorrosiveSpit","Slimebound:ProtectTheBoss","Slimebound:AcidTongue","Slimebound:Schlurp","Slimebound:AcidTongue+1","Slimebound:RallyTheTroops","Slimebound:GrowthPunch"],"relics":["Slimebound:AbsorbEndCombat","LagranYue:RandomDrawCardRelic","downfall:HeartsMalice","LagranYue:RareGoldArmorRelic","Omamori"],"acts_visited":["Exordium"],"potions_floor_usage":[],"damage_taken":[{"damage":0,"enemies":"Small Slimes","floor":2,"turns":1},{"damage":0,"enemies":"Jaw Worm","floor":3,"turns":1},{"damage":0,"enemies":"Cultist","floor":4,"turns":1},{"damage":16,"enemies":"Large Slime","floor":8,"turns":5},{"damage":37,"enemies":"3 Sentries","floor":9,"turns":8}],"seed_played":"-4282276618703008670","potions_obtained":[{"floor":8,"key":"Energy Potion"}],"is_trial":false,"path_per_floor":["R","M","M","M","?","?","T","M","E"],"character_chosen":"SLIMEBOUND","items_purchased":[],"campfire_rested":0,"item_purchase_floors":[],"current_hp_per_floor":[65,65,65,65,47,47,47,37,6,6],"gold":111,"neow_bonus":"THREE_ENEMY_KILL","is_daily":false,"chose_seed":false,"campfire_upgraded":0,"win_rate":0.0,"timestamp":1614331192,"path_taken":["R","M","M","M","?","?","T","M","E"],"items_purchased_type":[],"build_version":"2020-12-22","purchased_purges":0,"victory":false,"max_hp_per_floor":[65,65,65,65,65,65,65,65,65,65],"card_choices":[{"not_picked":["Slimebound:Prepare","Slimebound:RainOfGoop"],"picked":"Slimebound:ProtectTheBoss","floor":2},{"not_picked":["Slimebound:BestDefense","Slimebound:ViciousTackle"],"picked":"Slimebound:AcidTongue","floor":3},{"not_picked":["Slimebound:LeadByExample","Slimebound:BestDefense"],"picked":"Slimebound:Schlurp","floor":4},{"not_picked":["Slimebound:PressTheAttack","Slimebound:MassRepurpose"],"picked":"Slimebound:RallyTheTroops","floor":8},{"not_picked":["Slimebound:LevelUp","Slimebound:SamplingLick"],"picked":"Slimebound:GrowthPunch","floor":8}],"player_experience":227212,"relics_obtained":[{"floor":1,"key":"LagranYue:RareGoldArmorRelic"}],"event_choices":[{"damage_healed":0,"gold_gain":0,"player_choice":"Success","damage_taken":18,"relics_obtained":["Omamori"],"max_hp_gain":0,"max_hp_loss":0,"event_name":"Scrap Ooze","floor":5,"gold_loss":0}],"is_beta":false,"boss_relics":[],"items_purged_floors":[],"is_endless":false,"potions_floor_spawned":[8],"killed_by":"3 Sentries","ascension_level":0}}