{"host":"n4fty02wqqi95laq","time":1614317684,"event":{"mods":["BaseMod","Highlight Path","Minty Spire (QoL Compilation)","Quick Restart","Rare Cards Sparkle","StSLib"],"gold_per_floor":[115,134,59,159,171,171,182,182,205,205,205,224,242,282,282,282,282],"floor_reached":16,"language":"ZHS","playtime":283,"items_purged":["Strike_G"],"score":204,"play_id":"2a462581-e1dd-4538-a3fe-7920759f06aa","local_time":"20210226133444","is_ascension_mode":true,"campfire_choices":[{"data":"All Out Attack","floor":6.0,"key":"SMITH"},{"data":"Envenom","floor":11.0,"key":"SMITH"},{"data":"Skewer","floor":15.0,"key":"SMITH"}],"circlet_count":0,"master_deck":["AscendersBane","Strike_G","Strike_G","Strike_G","Defend_G","Defend_G","Defend_G","Defend_G","Defend_G","Survivor","Neutralize","All Out Attack+1","Die Die Die","Envenom+1","Backflip","Eviscerate","Skewer+1"],"relics":["Ring of the Snake","NeowsBlessing","CeramicFish"],"acts_visited":["Exordium"],"potions_floor_usage":[],"damage_taken":[{"damage":0.0,"enemies":"Cultist","floor":1.0,"turns":1.0},{"damage":0.0,"enemies":"2 Louse","floor":2.0,"turns":1.0},{"damage":0.0,"enemies":"Small Slimes","floor":5.0,"turns":1.0},{"damage":6.0,"enemies":"Looter","floor":7.0,"turns":4.0},{"damage":0.0,"enemies":"Gremlin Gang","floor":12.0,"turns":2.0},{"damage":4.0,"enemies":"Lots of Slimes","floor":13.0,"turns":2.0},{"damage":24.0,"enemies":"Gremlin Nob","floor":14.0,"turns":4.0},{"damage":38,"enemies":"Hexaghost","floor":16,"turns":8}],"seed_played":"1662832238665432152","potions_obtained":[{"floor":1.0,"key":"SpeedPotion"},{"floor":7.0,"key":"EssenceOfSteel"},{"floor":12.0,"key":"Regen Potion"},{"floor":14.0,"key":"PowerPotion"}],"is_trial":false,"path_per_floor":["M","M","$","?","M","R","M","?","T","?","R","M","M","E","R","B"],"character_chosen":"THE_SILENT","items_purchased":[],"campfire_rested":0,"item_purchase_floors":[],"current_hp_per_floor":[59,59,59,59,59,59,53,58,58,58,58,58,54,44,44,6,6],"gold":282,"neow_bonus":"THREE_ENEMY_KILL","is_daily":false,"chose_seed":false,"campfire_upgraded":3,"win_rate":0.0,"timestamp":1614317684,"path_taken":["M","M","$","?","?","R","M","?","T","?","R","M","?","E","R","BOSS"],"items_purchased_type":[],"build_version":"2020-12-22","purchased_purges":1,"victory":false,"max_hp_per_floor":[66,66,66,66,66,66,66,71,71,71,71,71,71,71,71,71,71],"card_choices":[{"not_picked":["Sucker Punch","Heel Hook"],"picked":"All Out Attack","floor":1.0},{"not_picked":["Dagger Spray","Sucker Punch","Deflect"],"picked":"SKIP","floor":2.0},{"not_picked":["Slice","PiercingWail","Outmaneuver"],"picked":"SKIP","floor":5.0},{"not_picked":["Backstab","Outmaneuver"],"picked":"Die Die Die","floor":7.0},{"not_picked":["Expertise","Caltrops"],"picked":"Backflip","floor":12.0},{"not_picked":["Poisoned Stab","Dodge and Roll"],"picked":"Eviscerate","floor":13.0},{"not_picked":["Backflip","Predator"],"picked":"Skewer","floor":14.0}],"player_experience":743293,"relics_obtained":[{"floor":14.0,"key":"CeramicFish"}],"event_choices":[{"damage_healed":0.0,"max_hp_gain":0.0,"max_hp_loss":0.0,"gold_gain":100.0,"event_name":"Wheel of Change","player_choice":"Gold","floor":4.0,"gold_loss":0.0,"damage_taken":0.0},{"damage_healed":0.0,"max_hp_gain":5.0,"max_hp_loss":0.0,"gold_gain":0.0,"event_name":"Big Fish","player_choice":"Donut","floor":8.0,"gold_loss":0.0,"damage_taken":0.0},{"damage_healed":0.0,"max_hp_gain":0.0,"max_hp_loss":0.0,"gold_gain":0.0,"cards_transformed":["Strike_G"],"event_name":"Transmorgrifier","player_choice":"Transformed","floor":10.0,"gold_loss":0.0,"damage_taken":0.0,"cards_obtained":["Envenom"]}],"is_beta":false,"boss_relics":[],"items_purged_floors":[3],"is_endless":false,"potions_floor_spawned":[1,7,12,14],"killed_by":"Hexaghost","ascension_level":20}}