{"host":"prxrhpgaxnj4om9r","time":1614382611,"event":{"mods":["AchievementEnabler","BaseMod","Colored Map","DeckTracker","Keyboard Shortcuts","Minty Spire (QoL Compilation)"],"gold_per_floor":[118,118,137,137,137,175,198,211,211,211,234,234,13,48,48,171,171,195,195,210,230,282,325,352,382,394,118,143,183,204,204,204,306,306,319,330,346,400,400,426,426,438,438,438,457,473,491,35,35,35,35,35,4,29,29,29],"floor_reached":55,"language":"KOR","playtime":3404,"items_purged":["BootSequence"],"score":753,"play_id":"2fb852a9-2649-479d-9d24-057a332658b8","local_time":"20210227083651","is_ascension_mode":false,"campfire_choices":[{"floor":10.0,"key":"REST"},{"data":"Hyperbeam","floor":12.0,"key":"SMITH"},{"data":"White Noise","floor":15.0,"key":"SMITH"},{"floor":32.0,"key":"RECALL"},{"floor":41.0,"key":"REST"},{"floor":44.0,"key":"REST"},{"data":"Buffer","floor":49,"key":"SMITH"},{"data":"Defragment","floor":52,"key":"SMITH"}],"circlet_count":0,"master_deck":["Zap+1","Dualcast","Ball Lightning","Hologram+1","Redo","Melter","Core Surge","Leap","Hyperbeam+1","White Noise+1","Echo Form","Conserve Battery","BootSequence","Capacitor","Redo+1","Coolheaded+1","FTL","Rip and Tear","Self Repair+1","Streamline+1","Genetic Algorithm+1","Stack+1","Steam Power","Discovery+1","Turbo","Defragment+1","Reboot","Cold Snap+1","Darkness+1","Sunder+1","BootSequence+1","Compile Driver+1","Seek","Buffer+1","Defragment","Pommel Strike"],"relics":["Cracked Core","Bloody Idol","Oddly Smooth Stone","Pantograph","Membership Card","Omamori","Meat on the Bone","Pandora\u0027s Box","MawBank","Mummified Hand","InkBottle","ClockworkSouvenir","War Paint","SlaversCollar","Peace Pipe","The Courier","Bottled Tornado","Bag of Marbles","Potion Belt","DataDisk","PrismaticShard","Vajra"],"acts_visited":["Exordium","TheCity","TheBeyond","TheEnding"],"potions_floor_usage":[50,50,50,55,55],"damage_taken":[{"damage":2.0,"enemies":"Small Slimes","floor":1.0,"turns":3.0},{"damage":1.0,"enemies":"Jaw Worm","floor":3.0,"turns":3.0},{"damage":23.0,"enemies":"Lagavulin","floor":6.0,"turns":5.0},{"damage":0.0,"enemies":"Cultist","floor":7.0,"turns":2.0},{"damage":0.0,"enemies":"Blue Slaver","floor":8.0,"turns":3.0},{"damage":4.0,"enemies":"Looter","floor":11.0,"turns":3.0},{"damage":0.0,"enemies":"Gremlin Nob","floor":14.0,"turns":3.0},{"damage":27.0,"enemies":"Slime Boss","floor":16.0,"turns":5.0},{"damage":19.0,"enemies":"Shell Parasite","floor":18.0,"turns":3.0},{"damage":0.0,"enemies":"Spheric Guardian","floor":20.0,"turns":1.0},{"damage":0.0,"enemies":"Cultist and Chosen","floor":21.0,"turns":3.0},{"damage":41.0,"enemies":"Slavers","floor":23.0,"turns":6.0},{"damage":17.0,"enemies":"Chosen and Byrds","floor":24.0,"turns":6.0},{"damage":2.0,"enemies":"Snecko","floor":25.0,"turns":5.0},{"damage":0.0,"enemies":"Sentry and Sphere","floor":28.0,"turns":3.0},{"damage":27.0,"enemies":"Gremlin Leader","floor":29.0,"turns":4.0},{"damage":0.0,"enemies":"Snake Plant","floor":30.0,"turns":4.0},{"damage":31.0,"enemies":"Collector","floor":33.0,"turns":8.0},{"damage":31.0,"enemies":"3 Shapes","floor":35.0,"turns":4.0},{"damage":3.0,"enemies":"Orb Walker","floor":36.0,"turns":4.0},{"damage":14.0,"enemies":"Writhing Mass","floor":37.0,"turns":6.0},{"damage":63.0,"enemies":"2 Orb Walkers","floor":38.0,"turns":6.0},{"damage":29.0,"enemies":"Reptomancer","floor":40.0,"turns":6.0},{"damage":14.0,"enemies":"3 Darklings","floor":42.0,"turns":3.0},{"damage":32.0,"enemies":"Maw","floor":45.0,"turns":7.0},{"damage":0.0,"enemies":"Transient","floor":46.0,"turns":5.0},{"damage":6.0,"enemies":"Writhing Mass","floor":47.0,"turns":6.0},{"damage":55,"enemies":"Time Eater","floor":50,"turns":10},{"damage":7,"enemies":"Shield and Spear","floor":54,"turns":5},{"damage":83,"enemies":"The Heart","floor":55,"turns":6}],"seed_played":"-1584956149676835718","potions_obtained":[{"floor":3.0,"key":"FearPotion"},{"floor":6.0,"key":"Regen Potion"},{"floor":11.0,"key":"DistilledChaos"},{"floor":18.0,"key":"FocusPotion"},{"floor":23.0,"key":"LiquidBronze"},{"floor":25.0,"key":"FocusPotion"},{"floor":30.0,"key":"Dexterity Potion"},{"floor":36.0,"key":"ColorlessPotion"},{"floor":37.0,"key":"BlessingOfTheForge"},{"floor":42.0,"key":"Explosive Potion"},{"floor":46.0,"key":"SneckoOil"}],"is_trial":false,"path_per_floor":["M","?","M","?","?","E","M","M","T","R","M","R","$","E","R","B",null,"M","?","M","M","T","E","M","M","T","$","M","E","M","?","R","B",null,"M","M","M","?","?","E","R","M","T","R","M","M","M","$","R","B",null,"R","$","E","B"],"character_chosen":"DEFECT","items_purchased":["Membership Card","Omamori","InkBottle","Steam Power","ClockworkSouvenir","Discovery","Buffer","Bag of Marbles","Potion Belt","ColorlessPotion","AttackPotion","Fruit Juice","DataDisk","PrismaticShard","Defragment","LiquidMemories"],"campfire_rested":3,"item_purchase_floors":[13,13,27,27,27,27,48,48,48,48,48,48,48,48,48,53],"current_hp_per_floor":[73,55,54,54,39,16,16,16,16,38,43,43,43,43,43,41,75,56,56,56,56,56,37,42,50,50,50,60,55,65,65,65,59,75,69,71,72,36,36,34,56,47,47,69,74,75,75,80,80,37,80,80,80,80,0,0],"gold":29,"neow_bonus":"UPGRADE_CARD","is_daily":false,"chose_seed":false,"campfire_upgraded":4,"win_rate":0.0,"timestamp":1614382611,"path_taken":["M","?","M","?","?","E","M","M","T","R","M","R","$","E","R","BOSS","M","?","M","M","?","E","M","?","T","$","M","E","M","?","R","BOSS","M","M","M","?","?","E","R","M","T","R","?","M","M","$","R","BOSS","R","$","E","BOSS"],"items_purchased_type":["Relic","Relic","Relic","Card","Relic","Card","Card","Relic","Relic","Potion","Potion","Potion","Relic","Relic","Card","Potion"],"build_version":"2020-12-22","purchased_purges":1,"victory":false,"max_hp_per_floor":[75,75,75,75,75,75,75,75,75,75,75,75,75,75,75,75,75,75,75,75,75,75,75,75,75,75,75,75,75,75,75,75,75,75,75,75,75,75,75,75,75,75,75,75,75,75,75,80,80,80,80,80,80,80,80,80],"card_choices":[{"not_picked":["Rebound","Barrage"],"picked":"Ball Lightning","floor":1.0},{"not_picked":["Barrage","Auto Shields"],"picked":"Hologram","floor":3.0},{"not_picked":["Fusion","Rebound"],"picked":"Melter","floor":6.0},{"not_picked":["Beam Cell","Barrage"],"picked":"Core Surge","floor":7.0},{"not_picked":["Compile Driver","Scrape"],"picked":"Leap","floor":8.0},{"not_picked":["Leap","Steam"],"picked":"Hyperbeam","floor":11.0},{"not_picked":["Doom and Gloom","Storm"],"picked":"White Noise","floor":14.0},{"not_picked":["Meteor Strike","Machine Learning"],"picked":"Echo Form","floor":16.0},{"not_picked":["Beam Cell","Conserve Battery"],"picked":"Self Repair+1","floor":18.0},{"not_picked":["Cold Snap","Gash"],"picked":"BootSequence","floor":20.0},{"not_picked":["Hologram","Steam"],"picked":"Streamline+1","floor":21.0},{"not_picked":["Aggregate+1","Machine Learning"],"picked":"Genetic Algorithm+1","floor":23.0},{"not_picked":["Redo+1","Sweeping Beam","Melter"],"picked":"SKIP","floor":24.0},{"not_picked":["Sweeping Beam+1","Static Discharge"],"picked":"Stack+1","floor":25.0},{"not_picked":["Leap","Reinforced Body+1"],"picked":"Turbo","floor":28.0},{"not_picked":["Melter","Cold Snap"],"picked":"Defragment","floor":29.0},{"not_picked":["Compile Driver+1","Hello World+1","Coolheaded"],"picked":"SKIP","floor":30.0},{"not_picked":["Fission","Echo Form"],"picked":"Reboot","floor":33.0},{"not_picked":["Glacier+1","Lockon"],"picked":"Cold Snap+1","floor":35.0},{"not_picked":["Go for the Eyes+1","Genetic Algorithm+1"],"picked":"Darkness+1","floor":36.0},{"not_picked":["Stack+1","Redo","Fusion"],"picked":"SKIP","floor":37.0},{"not_picked":["Rebound","Steam"],"picked":"Sunder+1","floor":38.0},{"not_picked":["Doom and Gloom","FTL"],"picked":"BootSequence+1","floor":40.0},{"not_picked":["Ball Lightning","Static Discharge"],"picked":"Compile Driver+1","floor":42.0},{"not_picked":["Beam Cell+1","Stack"],"picked":"Seek","floor":45.0},{"not_picked":["Stack","Hologram+1","Leap"],"picked":"SKIP","floor":46.0},{"not_picked":["Sunder+1","Hologram","Steam+1"],"picked":"SKIP","floor":47.0},{"not_picked":["Predator","Swivel+1"],"picked":"Pommel Strike","floor":54}],"player_experience":680282,"relics_obtained":[{"floor":6.0,"key":"Oddly Smooth Stone"},{"floor":9.0,"key":"Pantograph"},{"floor":14.0,"key":"Meat on the Bone"},{"floor":23.0,"key":"MawBank"},{"floor":26.0,"key":"Mummified Hand"},{"floor":29.0,"key":"War Paint"},{"floor":38.0,"key":"Peace Pipe"},{"floor":40.0,"key":"The Courier"},{"floor":43.0,"key":"Bottled Tornado"},{"floor":54,"key":"Vajra"}],"event_choices":[{"damage_healed":0.0,"max_hp_gain":0.0,"max_hp_loss":0.0,"gold_gain":0.0,"event_name":"Golden Idol","player_choice":"Take Damage","floor":2.0,"gold_loss":0.0,"damage_taken":18.0,"relics_obtained":["Golden Idol"]},{"damage_healed":0.0,"max_hp_gain":0.0,"max_hp_loss":0.0,"gold_gain":0.0,"cards_transformed":["Defend_B"],"event_name":"Living Wall","player_choice":"Change","floor":4.0,"gold_loss":0.0,"damage_taken":0.0,"cards_obtained":["Redo"]},{"damage_healed":0.0,"max_hp_gain":0.0,"max_hp_loss":0.0,"gold_gain":0.0,"event_name":"Shining Light","player_choice":"Entered Light","floor":5.0,"gold_loss":0.0,"damage_taken":15.0,"cards_upgraded":["Defend_B","Hologram"]},{"damage_healed":0.0,"max_hp_gain":0.0,"max_hp_loss":0.0,"gold_gain":0.0,"event_name":"Vampires","player_choice":"Ignored","floor":19.0,"gold_loss":0.0,"damage_taken":0.0},{"damage_healed":0.0,"max_hp_gain":0.0,"max_hp_loss":0.0,"gold_gain":0.0,"event_name":"Forgotten Altar","player_choice":"Gave Idol","floor":31.0,"relics_lost":["Golden Idol"],"gold_loss":0.0,"damage_taken":0.0,"relics_obtained":["Bloody Idol"]},{"damage_healed":0.0,"max_hp_gain":0.0,"max_hp_loss":0.0,"gold_gain":0.0,"event_name":"Mysterious Sphere","player_choice":"Fight","floor":38.0,"gold_loss":0.0,"damage_taken":0.0},{"damage_healed":0.0,"max_hp_gain":0.0,"max_hp_loss":0.0,"gold_gain":0.0,"event_name":"Upgrade Shrine","player_choice":"Upgraded","floor":39.0,"gold_loss":0.0,"damage_taken":0.0,"cards_upgraded":["Discovery"]}],"is_beta":false,"boss_relics":[{"not_picked":["Runic Pyramid","Empty Cage"],"picked":"Pandora\u0027s Box"},{"not_picked":["FrozenCore","Runic Dome"],"picked":"SlaversCollar"}],"items_purged_floors":[48],"is_endless":false,"potions_floor_spawned":[3,6,11,18,23,25,30,36,37,42,46],"killed_by":"The Heart","ascension_level":0}}