{"host":"6a9c3xws62y7efyw","time":1614326148,"event":{"mods":["BaseMod","Colored Map","Minty Spire (QoL Compilation)","Relic Stats","StSLib"],"gold_per_floor":[113,113,263,160,171,171,204,47,96,127,127,127,141,155,155,155,155],"floor_reached":16,"language":"ENG","playtime":393,"items_purged":["Doubt"],"score":266,"play_id":"533bdf1a-0a8a-4297-acf6-ee8d7912f3dd","local_time":"20210225235548","is_ascension_mode":true,"campfire_choices":[{"data":"Bouncing Flask","floor":6,"key":"SMITH"},{"data":"Crippling Poison","floor":12,"key":"SMITH"},{"data":"Bouncing Flask","floor":15,"key":"SMITH"}],"circlet_count":0,"master_deck":["AscendersBane","Strike_G","Strike_G","Strike_G","Strike_G","Strike_G","Defend_G","Defend_G+1","Defend_G+1","Defend_G","Defend_G","Survivor","Neutralize","Backstab","Dagger Spray","Bouncing Flask+1","Crippling Poison+1","Bullet Time+1","Acrobatics","Bouncing Flask+1","Cloak And Dagger","All Out Attack","Caltrops"],"relics":["Ring of the Snake","NeowsBlessing","War Paint","The Specimen","Orrery","Akabeko","Bag of Preparation"],"acts_visited":["Exordium"],"potions_floor_usage":[10,16],"damage_taken":[{"damage":0,"enemies":"Small Slimes","floor":1,"turns":1},{"damage":0,"enemies":"2 Louse","floor":5,"turns":1},{"damage":0,"enemies":"Lagavulin","floor":7,"turns":1},{"damage":28,"enemies":"Gremlin Nob","floor":10,"turns":4},{"damage":1,"enemies":"Jaw Worm","floor":13,"turns":2},{"damage":0,"enemies":"Looter","floor":14,"turns":2},{"damage":14,"enemies":"Hexaghost","floor":16,"turns":9}],"seed_played":"8768679507576281495","potions_obtained":[{"floor":1,"key":"SteroidPotion"},{"floor":10,"key":"EssenceOfSteel"}],"is_trial":false,"path_per_floor":["M","?","?","$","M","R","E","$","T","E","?","R","M","M","R","B"],"character_chosen":"THE_SILENT","items_purchased":["Dagger Spray","Orrery"],"campfire_rested":0,"item_purchase_floors":[4,8],"current_hp_per_floor":[59,41,41,41,41,41,41,41,41,13,13,13,12,12,12,0,0],"gold":155,"neow_bonus":"THREE_ENEMY_KILL","is_daily":false,"chose_seed":false,"campfire_upgraded":3,"win_rate":0.0,"timestamp":1614326148,"path_taken":["M","?","?","$","M","R","E","?","T","E","?","R","M","M","R","BOSS"],"items_purchased_type":["Card","Relic"],"build_version":"2020-12-22","purchased_purges":1,"victory":false,"max_hp_per_floor":[66,66,66,66,66,66,66,66,66,66,66,66,66,66,66,66,66],"relic_stats":{"counters":[7,20],"Bag of Preparation":[6],"War Paint":["Defend_G","Defend_G"],"obtain_stats":[{"NeowsBlessing":0,"The Specimen":7,"Orrery":8,"Bag of Preparation":10,"War Paint":2,"Akabeko":9,"Ring of the Snake":0},{"NeowsBlessing":0,"The Specimen":3,"Orrery":3,"Bag of Preparation":4,"War Paint":1,"Akabeko":3,"Ring of the Snake":0},{"NeowsBlessing":0,"The Specimen":3,"Orrery":3,"Bag of Preparation":7,"War Paint":1,"Akabeko":3,"Ring of the Snake":0}],"Ring of the Snake":[14]},"card_choices":[{"not_picked":["Reflex","Terror"],"picked":"Backstab","floor":1},{"not_picked":["Sucker Punch","Distraction"],"picked":"Bouncing Flask","floor":5},{"not_picked":["Blade Dance","PiercingWail"],"picked":"Crippling Poison","floor":7},{"not_picked":["Distraction","Deflect"],"picked":"Bullet Time","floor":8},{"not_picked":["Slice","Sucker Punch"],"picked":"Acrobatics","floor":8},{"not_picked":["Masterful Stab","Backflip"],"picked":"Bouncing Flask","floor":8},{"not_picked":["Underhanded Strike","Slice"],"picked":"Cloak And Dagger","floor":8},{"not_picked":["Poisoned Stab","Finisher"],"picked":"All Out Attack","floor":10},{"not_picked":["Bane","Dodge and Roll"],"picked":"Caltrops","floor":13},{"not_picked":["Sucker Punch","Dagger Throw","Prepared"],"picked":"SKIP","floor":14}],"player_experience":1587031,"relics_obtained":[{"floor":7,"key":"The Specimen"},{"floor":9,"key":"Akabeko"},{"floor":10,"key":"Bag of Preparation"}],"event_choices":[{"damage_healed":0,"gold_gain":0,"player_choice":"Success","damage_taken":18,"relics_obtained":["War Paint"],"max_hp_gain":0,"max_hp_loss":0,"event_name":"Scrap Ooze","floor":2,"gold_loss":0},{"damage_healed":0,"gold_gain":150,"player_choice":"AGREE","damage_taken":0,"max_hp_gain":0,"max_hp_loss":0,"event_name":"Liars Game","floor":3,"gold_loss":0,"cards_obtained":["Doubt"]},{"damage_healed":0,"gold_gain":0,"player_choice":"Upgraded","damage_taken":0,"max_hp_gain":0,"max_hp_loss":0,"event_name":"Upgrade Shrine","floor":11,"gold_loss":0,"cards_upgraded":["Bullet Time"]}],"is_beta":false,"boss_relics":[],"items_purged_floors":[4],"is_endless":false,"potions_floor_spawned":[1,10],"killed_by":"Hexaghost","ascension_level":20}}