{"host":"j4g6ia6asvpyu2b0","time":1614352962,"event":{"mods":["BaseMod","Colored Map","Infinite Spire","Minty Spire (QoL Compilation)","Permanent Neow","Quick Restart","Relic Stats","StSLib","Unceasing Turn Reminder"],"gold_per_floor":[11,11,26,26,45,73,73,91,172,201,215,245,245,4,4,102,102,112,37,37,53,63,88,100,140,152,164,187,225,237,249,261,374,386,418,441,469,500,524,536,580,592,604,642,665,677,723,735,747,759,759],"floor_reached":50,"language":"ENG","playtime":1662,"items_purged":["Strike_G","Strike_G"],"score":829,"play_id":"8ac68475-68fb-412e-86ad-63569a2fa911","local_time":"20210226082242","is_ascension_mode":true,"campfire_choices":[{"data":"Noxious Fumes","floor":7,"key":"SMITH"},{"data":"Adrenaline","floor":13,"key":"SMITH"},{"data":"Sadistic Nature","floor":15,"key":"SMITH"},{"data":"infinitespire:Execution","floor":27,"key":"SMITH"},{"data":"Envenom","floor":30,"key":"SMITH"},{"data":"Catalyst","floor":32,"key":"SMITH"},{"data":"Night Terror","floor":40,"key":"SMITH"},{"data":"Footwork","floor":42,"key":"SMITH"},{"floor":49,"key":"RECALL"}],"circlet_count":0,"master_deck":["Defend_G","Defend_G","Defend_G","Defend_G","Defend_G","Survivor","Neutralize","Dash","Flechettes","Choke","Bouncing Flask","Noxious Fumes+1","Flying Knee","Catalyst+1","Adrenaline+1","Well Laid Plans","Tactician","Sadistic Nature+1","Envenom+1","PiercingWail","infinitespire:Execution+1","Footwork+1","Acrobatics","Noxious Fumes+1","Crippling Poison+1","Doppelganger","Night Terror+1","Flying Knee+1","Well Laid Plans+1","Blade Dance+1","Acrobatics","Outmaneuver","Calculated Gamble+1","Bouncing Flask","Backflip+1"],"relics":["Burning Blood","infinitespire:Cubic Diamond","infinitespire:CursedDice","infinitespire:EmpoweringShard","Bronze Scales","Eternal Feather","infinitespire:Cupcake","MawBank","Pocketwatch","White Beast Statue","Coffee Dripper","Juzu Bracelet","Thread and Needle","Oddly Smooth Stone","StoneCalendar"],"acts_visited":["Exordium","TheCity","TheBeyond"],"potions_floor_usage":[10,23,23,25,25,37],"damage_taken":[{"damage":0,"enemies":"Small Slimes","floor":1,"turns":3},{"damage":0,"enemies":"Jaw Worm","floor":3,"turns":4},{"damage":0,"enemies":"Cultist","floor":5,"turns":3},{"damage":24,"enemies":"3 Sentries","floor":6,"turns":8},{"damage":5,"enemies":"Exordium Wildlife","floor":8,"turns":3},{"damage":4,"enemies":"Gremlin Nob","floor":10,"turns":3},{"damage":16,"enemies":"3 Louse","floor":11,"turns":2},{"damage":5,"enemies":"Lagavulin","floor":12,"turns":5},{"damage":0,"enemies":"Slime Boss","floor":16,"turns":5},{"damage":3,"enemies":"Spheric Guardian","floor":18,"turns":3},{"damage":2,"enemies":"Chosen","floor":21,"turns":4},{"damage":1,"enemies":"Snake Plant","floor":22,"turns":3},{"damage":22,"enemies":"Book of Stabbing","floor":23,"turns":6},{"damage":15,"enemies":"Gremlin Leader","floor":25,"turns":5},{"damage":0,"enemies":"Centurion and Healer","floor":28,"turns":5},{"damage":16,"enemies":"Book of Stabbing","floor":29,"turns":3},{"damage":14,"enemies":"Automaton","floor":33,"turns":6},{"damage":0,"enemies":"3 Shapes","floor":35,"turns":3},{"damage":2,"enemies":"Orb Walker","floor":36,"turns":3},{"damage":13,"enemies":"Transient","floor":37,"turns":3},{"damage":19,"enemies":"4 Shapes","floor":38,"turns":3},{"damage":16,"enemies":"Jaw Worm Horde","floor":39,"turns":4},{"damage":80,"enemies":"Nightmare","floor":41,"turns":5},{"damage":31,"enemies":"Nemesis","floor":44,"turns":5},{"damage":14,"enemies":"Spire Growth","floor":45,"turns":3},{"damage":19,"enemies":"Reptomancer","floor":47,"turns":4},{"damage":34,"enemies":"Donu and Deca","floor":50,"turns":3}],"seed_played":"1159958840112083259","potions_obtained":[{"floor":3,"key":"Weak Potion"},{"floor":8,"key":"Poison Potion"},{"floor":12,"key":"GamblersBrew"},{"floor":21,"key":"ColorlessPotion"},{"floor":25,"key":"Fruit Juice"},{"floor":33,"key":"FearPotion"},{"floor":35,"key":"BlessingOfTheForge"},{"floor":36,"key":"SteroidPotion"},{"floor":37,"key":"Ancient Potion"},{"floor":41,"key":"LiquidMemories"}],"is_trial":false,"path_per_floor":["M","?","M","?","M","E","R","M","T","E","M","E","R","$","R","B",null,"M","?","?","M","M","E","?","E","T","R","M","E","R","AVR","R","B",null,"M","M","M","M","M","R","NM","R","T","E","M","?","E","?","R","B"],"character_chosen":"THE_SILENT","items_purchased":["Sadistic Nature"],"campfire_rested":0,"item_purchase_floors":[14],"current_hp_per_floor":[70,70,70,70,70,52,52,53,53,55,45,46,58,58,70,70,70,70,70,52,56,61,45,80,76,76,85,85,75,85,85,85,77,85,85,85,78,65,55,73,36,54,54,29,21,21,8,8,29,0,0],"gold":759,"neow_bonus":"TRANSFORM_TWO_CARDS","is_daily":false,"chose_seed":false,"campfire_upgraded":8,"win_rate":0.0,"timestamp":1614352962,"path_taken":["M","?","M","?","M","E","R","M","T","E","M","E","R","$","R","BOSS","M","?","?","M","?","E","?","E","T","R","M","E","R","AVR","R","BOSS","M","M","M","?","M","R","NM","R","T","E","M","?","E","?","R","BOSS"],"items_purchased_type":["Card"],"build_version":"2020-12-22","purchased_purges":2,"victory":false,"max_hp_per_floor":[70,70,70,70,70,70,70,70,70,70,70,70,70,70,70,70,70,70,70,70,70,70,70,80,85,85,85,85,85,85,85,85,85,85,85,85,85,85,85,85,85,85,85,85,85,85,85,85,85,85,85],"relic_stats":{"counters":[27,107],"Bronze Scales":[211],"Eternal Feather":100,"StoneCalendar":[0],"Juzu Bracelet":0,"MawBank":324,"obtain_stats":[{"infinitespire:CursedDice":6,"Oddly Smooth Stone":44,"Eternal Feather":12,"Thread and Needle":43,"StoneCalendar":47,"infinitespire:Cubic Diamond":2,"Juzu Bracelet":41,"MawBank":23,"Burning Blood":2,"White Beast Statue":29,"Bronze Scales":10,"infinitespire:EmpoweringShard":9,"Coffee Dripper":34,"Ring of the Snake":0,"infinitespire:Cupcake":17,"Pocketwatch":25},{"infinitespire:CursedDice":4,"Oddly Smooth Stone":24,"Eternal Feather":8,"Thread and Needle":23,"StoneCalendar":26,"infinitespire:Cubic Diamond":1,"Juzu Bracelet":23,"MawBank":13,"Burning Blood":1,"White Beast Statue":16,"Bronze Scales":6,"infinitespire:EmpoweringShard":5,"Coffee Dripper":17,"Ring of the Snake":0,"infinitespire:Cupcake":9,"Pocketwatch":14},{"infinitespire:CursedDice":18,"Oddly Smooth Stone":97,"Eternal Feather":31,"Thread and Needle":92,"StoneCalendar":104,"infinitespire:Cubic Diamond":3,"Juzu Bracelet":92,"MawBank":52,"Burning Blood":3,"White Beast Statue":65,"Bronze Scales":24,"infinitespire:EmpoweringShard":21,"Coffee Dripper":71,"Ring of the Snake":0,"infinitespire:Cupcake":36,"Pocketwatch":57}],"Burning Blood":113,"Pocketwatch":[37]},"card_choices":[{"not_picked":["Calculated Gamble","Slice"],"picked":"Choke","floor":1},{"not_picked":["Sucker Punch","Cloak And Dagger"],"picked":"Bouncing Flask","floor":3},{"not_picked":["Predator","Dodge and Roll"],"picked":"Noxious Fumes","floor":5},{"not_picked":["Cloak And Dagger","Accuracy"],"picked":"Flying Knee","floor":6},{"not_picked":["Cloak And Dagger","Outmaneuver"],"picked":"Catalyst","floor":8},{"not_picked":["Cloak And Dagger","PiercingWail"],"picked":"Adrenaline","floor":10},{"not_picked":["Skewer","Quick Slash"],"picked":"Well Laid Plans","floor":11},{"not_picked":["Dodge and Roll","Dagger Throw"],"picked":"Tactician","floor":12},{"not_picked":["Corpse Explosion","Venomology"],"picked":"Envenom","floor":16},{"not_picked":["Endless Agony","Slice+1"],"picked":"PiercingWail","floor":18},{"not_picked":["infinitespire:SealOfDarkness+","infinitespire:TheBestDefense"],"picked":"infinitespire:Execution","floor":20},{"not_picked":["PiercingWail","Quick Slash"],"picked":"Footwork","floor":21},{"not_picked":["Quick Slash","Acrobatics"],"picked":"Venomology","floor":22},{"not_picked":["Poisoned Stab+1","Sucker Punch"],"picked":"Acrobatics","floor":23},{"not_picked":["Prepared","Distraction"],"picked":"Noxious Fumes+1","floor":25},{"not_picked":["Accuracy","Cloak And Dagger"],"picked":"Crippling Poison+1","floor":28},{"not_picked":["Flying Knee+1","Acrobatics"],"picked":"Doppelganger","floor":29},{"not_picked":["Grand Finale","Glass Knife"],"picked":"Night Terror","floor":33},{"not_picked":["Flechettes","Noxious Fumes"],"picked":"Deadly Poison+1","floor":35},{"not_picked":["Bane","Deflect"],"picked":"Flying Knee+1","floor":36},{"not_picked":["Dagger Throw","Acrobatics+1"],"picked":"Well Laid Plans+1","floor":37},{"not_picked":["infinitespire:Neurotoxin","Prepared+1"],"picked":"Blade Dance+1","floor":38},{"not_picked":["Flechettes+1","Blade Dance"],"picked":"Acrobatics","floor":39},{"not_picked":["Accuracy+1","Reflex"],"picked":"Outmaneuver","floor":41},{"not_picked":["Acrobatics","Underhanded Strike"],"picked":"Calculated Gamble+1","floor":44},{"not_picked":["Bane","Distraction+1"],"picked":"Bouncing Flask","floor":45},{"not_picked":["Reflex+1","Flying Knee"],"picked":"Backflip+1","floor":47}],"player_experience":1271982,"relics_obtained":[{"floor":6,"key":"infinitespire:CursedDice"},{"floor":9,"key":"infinitespire:EmpoweringShard"},{"floor":10,"key":"Bronze Scales"},{"floor":12,"key":"Eternal Feather"},{"floor":23,"key":"MawBank"},{"floor":25,"key":"Pocketwatch"},{"floor":29,"key":"White Beast Statue"},{"floor":41,"key":"Juzu Bracelet"},{"floor":43,"key":"Thread and Needle"},{"floor":44,"key":"Oddly Smooth Stone"},{"floor":47,"key":"StoneCalendar"}],"event_choices":[{"damage_healed":0,"gold_gain":0,"player_choice":"Ignored","damage_taken":0,"max_hp_gain":0,"max_hp_loss":0,"event_name":"NoteForYourself","floor":4,"gold_loss":0},{"cards_removed":["Strike_G"],"damage_healed":0,"gold_gain":0,"player_choice":"Gave Gold","damage_taken":0,"max_hp_gain":0,"max_hp_loss":0,"event_name":"Beggar","floor":19,"gold_loss":75},{"cards_removed":["Venomology"],"damage_healed":25,"gold_gain":0,"player_choice":"Offered Rare","damage_taken":0,"max_hp_gain":10,"max_hp_loss":0,"event_name":"Bonfire Elementals","floor":24,"gold_loss":0},{"cards_removed":["Deadly Poison"],"damage_healed":0,"gold_gain":0,"player_choice":"Removed Skill","damage_taken":0,"max_hp_gain":0,"max_hp_loss":0,"event_name":"Falling","floor":46,"gold_loss":0},{"damage_healed":0,"gold_gain":0,"player_choice":"Ignored","damage_taken":0,"max_hp_gain":0,"max_hp_loss":0,"event_name":"Tomb of Lord Red Mask","floor":48,"gold_loss":0}],"is_beta":false,"boss_relics":[{"not_picked":["HoveringKite","Astrolabe"],"picked":"infinitespire:Cupcake"},{"not_picked":["Velvet Choker","Sozu"],"picked":"Coffee Dripper"}],"items_purged_floors":[14,31],"is_endless":false,"potions_floor_spawned":[3,8,12,21,25,33,35,36,37,38,39,41,44,45,47],"killed_by":"Donu and Deca","ascension_level":2}}