{"host":"n1v11un6j7y72mz7","time":1614365453,"event":{"mods":["Act Like it!","BaseMod","Downfall","Minty Spire (QoL Compilation)","Reliquary","StSLib","The Animator","Waifu the Spire"],"gold_per_floor":[118,193,203,39,39,72,72,88,114,114,114,130,49,81,98,98,98,201,201,220,220,70,70,70,70,70,88,101,127,127,138,138,38,51,51,51,146,196,208,258,258,273,273,286,300,300,300,300,27,43,61,81,81,81,81],"floor_reached":54,"language":"ZHS","playtime":2550,"items_purged":["Strike_G","Pain","Strike_G","Parasite"],"score":624,"play_id":"e33f92fa-85ef-4979-8f85-e2985f3c8862","local_time":"20210227025053","is_ascension_mode":true,"campfire_choices":[{"data":"Neutralize","floor":7,"key":"SMITH"},{"data":"Unload","floor":11,"key":"SMITH"},{"data":"Reflex","floor":16,"key":"SMITH"},{"floor":17,"key":"REST"},{"data":"Prepared","floor":26,"key":"SMITH"},{"data":"Tactician","floor":36,"key":"SMITH"},{"data":"Acrobatics","floor":46,"key":"SMITH"},{"data":"Prepared","floor":48,"key":"SMITH"},{"data":"Escape Plan","floor":53,"key":"SMITH"}],"circlet_count":0,"master_deck":["Strike_G+1","Strike_G","Strike_G+1","Defend_G","Defend_G","Defend_G","Defend_G","Defend_G","Survivor","Neutralize+1","Dagger Throw","Impatience+1","Unload+1","Reflex+1","Backflip","Escape Plan+1","Prepared+1","Shame","Acrobatics+1","Tactician+1","After Image+1","Prepared+1","Calculated Gamble+1"],"relics":["Ring of the Snake","NeowsBlessing","WarpedTongs","Regal Pillow","reliquary:TatteredRug","reliquary:SilkGlove","Anchor","Coffee Dripper","Bag of Preparation","Whetstone","reliquary:Vitrine","The Courier","Tiny House","Unceasing Top","reliquary:PrincelyHelmet","reliquary:IridiumChain"],"acts_visited":["Exordium","TheCity","TheBeyond"],"potions_floor_usage":[14,28,28,37,37,45,54],"damage_taken":[{"damage":0,"enemies":"2 Louse","floor":1,"turns":1},{"damage":0,"enemies":"Cultist","floor":3,"turns":1},{"damage":0,"enemies":"3 Sentries","floor":6,"turns":1},{"damage":5,"enemies":"Jaw Worm","floor":8,"turns":2},{"damage":4,"enemies":"Exordium Thugs","floor":12,"turns":4},{"damage":30,"enemies":"Lagavulin","floor":14,"turns":7},{"damage":1,"enemies":"Looter","floor":15,"turns":3},{"damage":35,"enemies":"The Guardian","floor":18,"turns":14},{"damage":14,"enemies":"Chosen","floor":20,"turns":5},{"damage":0,"enemies":"Shell Parasite","floor":27,"turns":4},{"damage":35,"enemies":"Snecko","floor":28,"turns":6},{"damage":0,"enemies":"Shelled Parasite and Fungi","floor":31,"turns":2},{"damage":0,"enemies":"3 Cultists","floor":34,"turns":2},{"damage":8,"enemies":"Collector","floor":37,"turns":4},{"damage":12,"enemies":"3 Shapes","floor":39,"turns":4},{"damage":2,"enemies":"Mind Bloom Boss Battle","floor":40,"turns":7},{"damage":1,"enemies":"3 Darklings","floor":42,"turns":7},{"damage":0,"enemies":"Jaw Worm Horde","floor":44,"turns":2},{"damage":9,"enemies":"Writhing Mass","floor":45,"turns":8},{"damage":0,"enemies":"Maw","floor":50,"turns":7},{"damage":35,"enemies":"Transient","floor":51,"turns":5},{"damage":0,"enemies":"Jaw Worm Horde","floor":52,"turns":2},{"damage":55,"enemies":"Awakened One","floor":54,"turns":9}],"seed_played":"4704330134327070474","potions_obtained":[{"floor":3,"key":"Regen Potion"},{"floor":6,"key":"Regen Potion"},{"floor":14,"key":"Fire Potion"},{"floor":18,"key":"Slimebound:ThreeZeroPotion"},{"floor":28,"key":"LiquidMemories"},{"floor":34,"key":"Dexterity Potion"},{"floor":37,"key":"Guardian:BlockOnCardUsePotion"},{"floor":38,"key":"EssenceOfSteel"},{"floor":39,"key":"BlessingOfTheForge"},{"floor":50,"key":"FairyPotion"},{"floor":52,"key":"DistilledChaos"}],"is_trial":false,"path_per_floor":["M","?","M","$","?","E","R","M","T","T","R","M","$","E","M","R","R","B",null,"M","?","$","?","$","?","R","M","M","T","T","M","T","$","M","$","R","B",null,"M","?","?","M","?","M","M","R","T","R","$","M","M","M","R","B"],"character_chosen":"THE_SILENT","items_purchased":["Impatience","Reflex","Prepared","reliquary:IridiumChain"],"campfire_rested":1,"item_purchase_floors":[4,13,22,49],"current_hp_per_floor":[70,63,63,63,63,63,63,58,58,58,58,54,54,39,38,38,70,35,61,47,47,47,47,47,47,47,47,24,24,24,24,24,24,24,24,24,16,62,50,48,48,47,47,47,38,38,38,38,38,38,3,3,3,0,0],"gold":81,"neow_bonus":"THREE_ENEMY_KILL","is_daily":false,"chose_seed":false,"campfire_upgraded":8,"win_rate":0.0,"timestamp":1614365453,"path_taken":["M","?","?","$","?","E","R","?","T","T","R","M","$","E","M","R","R","BOSS","M","?","$","?","$","?","R","M","M","T","T","M","?","$","M","?","R","BOSS","M","?","?","?","?","M","M","R","T","R","$","?","M","M","R","BOSS"],"items_purchased_type":["Card","Card","Card","Relic"],"build_version":"2020-12-22","purchased_purges":4,"victory":false,"max_hp_per_floor":[70,70,70,70,70,70,70,70,70,70,70,70,70,70,70,70,70,70,70,70,70,70,70,70,70,70,70,70,70,70,70,70,70,70,70,70,70,75,75,75,75,75,75,75,75,75,75,75,72,72,72,72,72,72,72],"card_choices":[{"not_picked":["Deadly Poison","PiercingWail"],"picked":"Dagger Throw","floor":1},{"not_picked":["Slice","Noxious Fumes","Bane"],"picked":"SKIP","floor":3},{"not_picked":["Sucker Punch","Dagger Spray"],"picked":"Unload","floor":6},{"not_picked":["Sucker Punch","Underhanded Strike","Bane"],"picked":"SKIP","floor":8},{"not_picked":["Blade Dance","Dodge and Roll","Eviscerate"],"picked":"SKIP","floor":12},{"not_picked":["Deflect","Sucker Punch"],"picked":"Backflip","floor":14},{"not_picked":["Deflect","Choke"],"picked":"Escape Plan","floor":15},{"not_picked":["Burst","Venomology"],"picked":"Grand Finale","floor":18},{"not_picked":["Outmaneuver","Quick Slash","Flying Knee"],"picked":"SKIP","floor":20},{"not_picked":["Infinite Blades","Deflect"],"picked":"Tactician","floor":27},{"not_picked":["Acrobatics+1","Setup","Underhanded Strike"],"picked":"SKIP","floor":28},{"not_picked":["Phantasmal Killer","Infinite Blades","Predator"],"picked":"SKIP","floor":31},{"not_picked":["Backflip","Cloak And Dagger+1","Dagger Throw"],"picked":"SKIP","floor":34},{"not_picked":["Grand Finale","A Thousand Cuts"],"picked":"After Image","floor":37},{"not_picked":["Deflect+1","Riddle With Holes+1","Sucker Punch"],"picked":"SKIP","floor":39},{"not_picked":["Accuracy","Blade Dance","Concentrate"],"picked":"SKIP","floor":42},{"not_picked":["Eviscerate+1","Backstab"],"picked":"Prepared","floor":44},{"not_picked":["Expertise","Slice","Backflip"],"picked":"SKIP","floor":45},{"not_picked":["Masterful Stab","Caltrops+1","Finisher"],"picked":"SKIP","floor":50},{"not_picked":["Blade Dance","Footwork+1","Expertise+1"],"picked":"SKIP","floor":51},{"not_picked":["Dodge and Roll","Outmaneuver+1"],"picked":"Calculated Gamble+1","floor":52}],"player_experience":229107,"relics_obtained":[{"floor":6,"key":"Regal Pillow"},{"floor":9,"key":"reliquary:TatteredRug"},{"floor":10,"key":"reliquary:SilkGlove"},{"floor":14,"key":"Anchor"},{"floor":29,"key":"Whetstone"},{"floor":30,"key":"reliquary:Vitrine"},{"floor":32,"key":"The Courier"},{"floor":40,"key":"Unceasing Top"},{"floor":47,"key":"reliquary:PrincelyHelmet"}],"event_choices":[{"damage_healed":0,"gold_gain":75,"player_choice":"Touch","damage_taken":7,"max_hp_gain":0,"max_hp_loss":0,"event_name":"FaceTrader","floor":2,"gold_loss":0},{"damage_healed":0,"gold_gain":0,"player_choice":"Rummage","damage_taken":0,"relics_obtained":["WarpedTongs"],"max_hp_gain":0,"max_hp_loss":0,"event_name":"Accursed Blacksmith","floor":5,"gold_loss":0,"cards_obtained":["Pain"]},{"damage_healed":0,"gold_gain":0,"player_choice":"Ignored","damage_taken":0,"max_hp_gain":0,"max_hp_loss":0,"event_name":"Vampires","floor":21,"gold_loss":0},{"damage_healed":0,"gold_gain":0,"player_choice":"Stole Relic","damage_taken":0,"relics_obtained":["Bag of Preparation"],"max_hp_gain":0,"max_hp_loss":0,"event_name":"Addict","floor":23,"gold_loss":0,"cards_obtained":["Shame"]},{"damage_healed":0,"gold_gain":0,"player_choice":"Read","damage_taken":0,"max_hp_gain":0,"max_hp_loss":0,"event_name":"The Library","floor":25,"gold_loss":0,"cards_obtained":["Acrobatics"]},{"damage_healed":0,"gold_gain":0,"player_choice":"Fight","damage_taken":0,"max_hp_gain":0,"max_hp_loss":0,"event_name":"MindBloom","floor":40,"gold_loss":0},{"damage_healed":0,"gold_gain":0,"player_choice":"Ignored","damage_taken":0,"max_hp_gain":0,"max_hp_loss":0,"event_name":"SecretPortal","floor":41,"gold_loss":0},{"damage_healed":0,"gold_gain":0,"player_choice":"Upgraded","damage_taken":0,"max_hp_gain":0,"max_hp_loss":0,"event_name":"Upgrade Shrine","floor":43,"gold_loss":0,"cards_upgraded":["After Image"]}],"is_beta":false,"boss_relics":[{"not_picked":["reliquary:ThirdArm","Philosopher\u0027s Stone"],"picked":"Coffee Dripper"},{"not_picked":["reliquary:Craggleroot","Calling Bell"],"picked":"Tiny House"}],"items_purged_floors":[4,22,33,49],"is_endless":false,"potions_floor_spawned":[3,6,14,18,28,34,37,39,40,42,50,52],"killed_by":"Awakened One","ascension_level":5}}