{"host":"7jbuhzz8yy5cuou7","time":1614298738,"event":{"mods":["AchievementEnabler","Act Like it!","BaseMod","Better Third Choice","Bossed Relics","Colored Map","Colored Powertips","Dark Map","DeckTracker","Minty Spire (QoL Compilation)","Permanent Neow","Quick Restart","Ruina","StSLib","The Cursed","The Hierophant","Weighted Paths"],"gold_per_floor":[115,115,190,21,38,67,67,99,99,119,138,138,138,9,9,86,86,66,78,78,98,98,98],"floor_reached":22,"language":"ENG","playtime":669,"items_purged":[],"score":394,"play_id":"4866e3e8-62e8-4603-83ed-61b5a2665739","local_time":"20210225171858","is_ascension_mode":true,"campfire_choices":[{"data":"Defragment","floor":7,"key":"SMITH"},{"data":"Zap","floor":12,"key":"SMITH"},{"floor":15,"key":"REST"}],"circlet_count":0,"master_deck":["AscendersBane","Strike_B+1","Strike_B","Strike_B","Strike_B","Defend_B","Defend_B","Defend_B","Defend_B","Zap+1","Dualcast+1","Conserve Battery","Chill","Defragment+1","Rebound","Capacitor","Sweeping Beam","Machine Learning"],"relics":["Cracked Core","NeowsBlessing","DataDisk","Cables","Girya","Philosopher\u0027s Stone"],"acts_visited":["Exordium","TheCity"],"potions_floor_usage":[22],"damage_taken":[{"damage":0,"enemies":"Small Slimes","floor":1,"turns":1},{"damage":0,"enemies":"Jaw Worm","floor":5,"turns":1},{"damage":0,"enemies":"Lagavulin","floor":6,"turns":1},{"damage":2,"enemies":"3 Sentries","floor":8,"turns":7},{"damage":0,"enemies":"Cultist","floor":10,"turns":3},{"damage":3,"enemies":"Blue Slaver","floor":11,"turns":3},{"damage":1,"enemies":"Slime Boss","floor":16,"turns":7},{"damage":7,"enemies":"2 Thieves","floor":18,"turns":4},{"damage":15,"enemies":"Shell Parasite","floor":19,"turns":6},{"damage":19,"enemies":"Cultist and Chosen","floor":21,"turns":7},{"damage":24,"enemies":"Snake Plant","floor":22,"turns":1}],"seed_played":"-2268911468315602301","potions_obtained":[{"floor":8,"key":"Ancient Potion"},{"floor":10,"key":"Strength Potion"},{"floor":21,"key":"DistilledChaos"}],"is_trial":false,"path_per_floor":["M","?","?","$","M","E","R","E","T","M","M","R","?","$","R","B",null,"M","M","?","M","M"],"character_chosen":"DEFECT","items_purchased":["DataDisk","Capacitor","Sweeping Beam"],"campfire_rested":1,"item_purchase_floors":[4,14,14],"current_hp_per_floor":[64,64,53,53,53,53,53,51,51,51,48,48,27,27,48,47,65,58,43,43,24,0,0],"gold":98,"neow_bonus":"THREE_ENEMY_KILL","is_daily":false,"chose_seed":false,"campfire_upgraded":2,"win_rate":0.0,"timestamp":1614298738,"path_taken":["M","?","?","$","M","E","R","E","T","M","M","R","?","$","R","BOSS","M","M","?","M","M"],"items_purchased_type":["Relic","Card","Card"],"build_version":"2020-12-22","purchased_purges":0,"victory":false,"max_hp_per_floor":[71,71,71,71,71,71,71,71,71,71,71,71,71,71,71,71,71,71,71,71,71,71,71],"card_choices":[{"not_picked":["Streamline","Chaos"],"picked":"Conserve Battery","floor":1},{"not_picked":["Force Field","Darkness"],"picked":"Chill","floor":5},{"not_picked":["Conserve Battery","Consume"],"picked":"Defragment","floor":6},{"not_picked":["Undo","Hello World"],"picked":"Rebound","floor":8},{"not_picked":["Rebound","Melter","Echo Form"],"picked":"SKIP","floor":10},{"not_picked":["Streamline","Sweeping Beam","Rebound"],"picked":"SKIP","floor":11},{"not_picked":["Thunder Strike","Echo Form"],"picked":"Machine Learning","floor":16},{"not_picked":["Self Repair","Streamline","Doom and Gloom"],"picked":"SKIP","floor":18},{"not_picked":["Rebound","Ball Lightning","Gash"],"picked":"SKIP","floor":19},{"not_picked":["Steam","Stack","Consume"],"picked":"SKIP","floor":21}],"player_experience":448629,"relics_obtained":[{"floor":6,"key":"Cables"},{"floor":8,"key":"Girya"}],"event_choices":[{"damage_healed":0,"gold_gain":0,"player_choice":"Ignored","damage_taken":115,"max_hp_gain":0,"max_hp_loss":0,"event_name":"betterThird:BetterSerpent","floor":2,"gold_loss":0},{"damage_healed":0,"gold_gain":75,"player_choice":"Gold","damage_taken":11,"max_hp_gain":0,"max_hp_loss":0,"event_name":"betterThird:BetterGoop","floor":3,"gold_loss":0},{"damage_healed":48,"gold_gain":0,"player_choice":"Upgrade","damage_taken":21,"max_hp_gain":0,"max_hp_loss":71,"event_name":"betterThird:BetterShining","floor":13,"gold_loss":0,"cards_upgraded":["Strike_B","Dualcast"]},{"damage_healed":0,"gold_gain":0,"player_choice":"0 cards matched","damage_taken":0,"max_hp_gain":0,"max_hp_loss":0,"event_name":"Match and Keep!","floor":20,"gold_loss":0,"cards_obtained":[]}],"is_beta":false,"boss_relics":[{"not_picked":["SacredBark","Runic Dome"],"picked":"Philosopher\u0027s Stone"}],"items_purged_floors":[],"is_endless":false,"potions_floor_spawned":[8,10,11,16,21],"killed_by":"Snake Plant","ascension_level":16}}