{"host":"jt67skv49snb75sm","time":1614328947,"event":{"mods":["BaseMod","Bestiary","Minty Spire (QoL Compilation)","Relic Stats"],"gold_per_floor":[110,110,126,126,142,142,13,48,73,73,96,96,135,135,135,229,229,242,262,262,262,262],"floor_reached":21,"language":"ENG","playtime":776,"items_purged":[],"score":374,"play_id":"ec81ab96-0e40-47e7-a22a-3ae7355e886f","local_time":"20210226094227","is_ascension_mode":true,"campfire_choices":[{"data":"Dualcast","floor":6,"key":"SMITH"},{"data":"Lockon","floor":12,"key":"SMITH"},{"data":"Scrape","floor":15,"key":"SMITH"}],"circlet_count":0,"master_deck":["AscendersBane","Strike_B","Strike_B","Strike_B+1","Defend_B","Defend_B","Defend_B","Defend_B","Zap+1","Dualcast+1","Reinforced Body","Static Discharge","Self Repair","FTL+1","Scrape+1","Coolheaded","Lockon+1","Cold Snap+1","Biased Cognition","CurseOfTheBell","Lockon","Writhe"],"relics":["Cracked Core","Golden Idol","Blood Vial","Turnip","Whetstone","The Courier","Calling Bell","Incense Burner","Oddly Smooth Stone","StrikeDummy","Cables"],"acts_visited":["Exordium","TheCity"],"potions_floor_usage":[13,16],"damage_taken":[{"damage":3,"enemies":"2 Louse","floor":1,"turns":2},{"damage":0,"enemies":"Cultist","floor":3,"turns":4},{"damage":2,"enemies":"Jaw Worm","floor":5,"turns":4},{"damage":30,"enemies":"3 Sentries","floor":8,"turns":5},{"damage":2,"enemies":"2 Fungi Beasts","floor":11,"turns":3},{"damage":32,"enemies":"Gremlin Nob","floor":13,"turns":4},{"damage":4,"enemies":"Hexaghost","floor":16,"turns":7},{"damage":27,"enemies":"Spheric Guardian","floor":18,"turns":4},{"damage":16,"enemies":"3 Byrds","floor":19,"turns":4},{"damage":18,"enemies":"Cultist and Chosen","floor":21,"turns":3}],"seed_played":"-180671624045668613","potions_obtained":[{"floor":1,"key":"CultistPotion"},{"floor":8,"key":"Energy Potion"},{"floor":16,"key":"Dexterity Potion"},{"floor":19,"key":"FearPotion"}],"is_trial":false,"path_per_floor":["M","?","M","?","M","R","$","E","T","?","M","R","E","?","R","B",null,"M","M","?","M"],"character_chosen":"DEFECT","items_purchased":["FTL","Scrape"],"campfire_rested":0,"item_purchase_floors":[7,7],"current_hp_per_floor":[61,61,61,50,50,50,50,29,29,29,36,36,13,13,13,18,53,28,14,14,0,0],"gold":262,"neow_bonus":"UPGRADE_CARD","is_daily":false,"chose_seed":false,"campfire_upgraded":3,"win_rate":0.0,"timestamp":1614328947,"path_taken":["M","?","M","?","M","R","$","E","T","?","?","R","E","?","R","BOSS","M","M","?","M"],"items_purchased_type":["Card","Card"],"build_version":"2020-12-22","purchased_purges":0,"victory":false,"max_hp_per_floor":[71,64,64,64,64,64,64,64,64,64,64,64,64,64,64,64,64,64,64,64,64,64],"relic_stats":{"Blood Vial":16,"counters":[10,40],"Golden Idol":52,"Turnip":[5],"Whetstone":["Strike_B","FTL"],"obtain_stats":[{"Blood Vial":4,"Calling Bell":17,"Golden Idol":2,"Oddly Smooth Stone":17,"Turnip":8,"The Courier":13,"Incense Burner":17,"Whetstone":9,"Cracked Core":0,"StrikeDummy":17,"Cables":20},{"Blood Vial":2,"Calling Bell":7,"Golden Idol":1,"Oddly Smooth Stone":7,"Turnip":4,"The Courier":6,"Incense Burner":7,"Whetstone":4,"Cracked Core":0,"StrikeDummy":7,"Cables":9},{"Blood Vial":6,"Calling Bell":29,"Golden Idol":2,"Oddly Smooth Stone":29,"Turnip":15,"The Courier":22,"Incense Burner":29,"Whetstone":15,"Cracked Core":0,"StrikeDummy":29,"Cables":37}],"Cables":[3,3,0,0,0]},"card_choices":[{"not_picked":["Turbo","Compile Driver"],"picked":"Reinforced Body","floor":1},{"not_picked":["Turbo","Steam"],"picked":"Static Discharge","floor":3},{"not_picked":["Steam","Stack"],"picked":"Self Repair","floor":5},{"not_picked":["Skim","Recycle"],"picked":"Coolheaded","floor":8},{"not_picked":["Barrage","Blizzard"],"picked":"Lockon","floor":11},{"not_picked":["Double Energy","Rebound"],"picked":"Cold Snap","floor":13},{"not_picked":["Meteor Strike","Core Surge"],"picked":"Biased Cognition","floor":16},{"not_picked":["Redo","Sweeping Beam"],"picked":"Lockon","floor":18},{"not_picked":["Barrage","Loop","Stack"],"picked":"SKIP","floor":19}],"player_experience":914109,"relics_obtained":[{"floor":8,"key":"Turnip"},{"floor":9,"key":"Whetstone"},{"floor":13,"key":"The Courier"},{"floor":17,"key":"Incense Burner"},{"floor":17,"key":"Oddly Smooth Stone"},{"floor":17,"key":"StrikeDummy"}],"event_choices":[{"damage_healed":0,"gold_gain":0,"player_choice":"Lose Max HP","damage_taken":0,"relics_obtained":["Golden Idol"],"max_hp_gain":0,"max_hp_loss":7,"event_name":"Golden Idol","floor":2,"gold_loss":0},{"damage_healed":0,"gold_gain":0,"player_choice":"Success","damage_taken":11,"relics_obtained":["Blood Vial"],"max_hp_gain":0,"max_hp_loss":0,"event_name":"Scrap Ooze","floor":4,"gold_loss":0},{"cards_removed":["Strike_B"],"damage_healed":0,"gold_gain":0,"player_choice":"Purged","damage_taken":0,"max_hp_gain":0,"max_hp_loss":0,"event_name":"Purifier","floor":10,"gold_loss":0},{"damage_healed":0,"gold_gain":0,"player_choice":"Grow","damage_taken":0,"max_hp_gain":0,"max_hp_loss":0,"event_name":"Living Wall","floor":14,"gold_loss":0,"cards_upgraded":["Cold Snap"]},{"damage_healed":0,"gold_gain":0,"player_choice":"Opened","damage_taken":0,"relics_obtained":["Cables"],"max_hp_gain":0,"max_hp_loss":0,"event_name":"The Mausoleum","floor":20,"gold_loss":0,"cards_obtained":["Writhe"]}],"is_beta":false,"boss_relics":[{"not_picked":["Black Star","Busted Crown"],"picked":"Calling Bell"}],"items_purged_floors":[],"is_endless":false,"potions_floor_spawned":[1,8,16,19],"killed_by":"Cultist and Chosen","ascension_level":20}}