{"host":"oqyakm3e5m4kt4l3","time":1614318150,"event":{"mods":["2.2 Compatiblity","AchievementEnabler","BaseMod","Better Altar","Better Match","Better Note","Better Sensory Stone","Better Skull","Better Third Choice","BetterRewards","Colored Map","Colored Powertips","Minty Spire (QoL Compilation)","Permanent Neow","Quick Restart","Rare Cards Sparkle","Shop Mod","StSLib","Synergy Search"],"gold_per_floor":[168,168,183,183,196,227,227,260,306,335,347,385,397,443,455,576,588,625,435,194,218,246,246,246,281,290,290,290],"floor_reached":27,"language":"ENG","playtime":2043,"items_purged":["Strike_P","Defend_P"],"score":332,"play_id":"95ebf714-c99a-4218-816f-140f4ac674b7","local_time":"20210226004230","is_ascension_mode":true,"campfire_choices":[{"data":"BattleHymn","floor":7.0,"key":"SMITH"},{"data":"Judgement","floor":11.0,"key":"SMITH"},{"data":"ClearTheMind","floor":13.0,"key":"SMITH"},{"data":"Crescendo","floor":15,"key":"SMITH"},{"floor":23,"key":"REST"}],"circlet_count":0,"master_deck":["Strike_P+1","Strike_P","Defend_P","Defend_P","Defend_P+1","Eruption","Vigilance","Consecrate+1","CrushJoints","Pray","FlyingSleeves","Crescendo+1","BattleHymn+1","Judgement+1","WheelKick","ClearTheMind+1","Halt","Establishment","Indignation","WaveOfTheHand","Evaluate","Meditate+1","DeusExMachina","EmptyBody","Consecrate","DevaForm","WreathOfFlame+1","EmptyFist+1","Prostrate","Normality"],"relics":["Tiny House","WarpedTongs","Letter Opener","Toy Ornithopter","MawBank","Whetstone","CeramicFish","Cursed Key","Orrery","Darkstone Periapt","Bottled Flame"],"acts_visited":["Exordium","TheCity"],"potions_floor_usage":[16,25],"damage_taken":[{"damage":0.0,"enemies":"2 Louse","floor":1.0,"turns":3.0},{"damage":3.0,"enemies":"Cultist","floor":3.0,"turns":5.0},{"damage":6.0,"enemies":"Jaw Worm","floor":5.0,"turns":4.0},{"damage":31.0,"enemies":"3 Sentries","floor":6.0,"turns":8.0},{"damage":17.0,"enemies":"Lagavulin","floor":8.0,"turns":5.0},{"damage":10.0,"enemies":"Gremlin Nob","floor":10.0,"turns":3.0},{"damage":5.0,"enemies":"Lagavulin","floor":12.0,"turns":5.0},{"damage":15,"enemies":"3 Sentries","floor":14,"turns":4},{"damage":29,"enemies":"Hexaghost","floor":16,"turns":7},{"damage":22,"enemies":"3 Byrds","floor":18,"turns":4},{"damage":6,"enemies":"Spheric Guardian","floor":21,"turns":3},{"damage":33,"enemies":"Centurion and Healer","floor":22,"turns":4},{"damage":36,"enemies":"Book of Stabbing","floor":25,"turns":4},{"damage":29,"enemies":"Slavers","floor":27,"turns":1}],"seed_played":"-5584058862811156812","potions_obtained":[{"floor":0.0,"key":"Fruit Juice"},{"floor":1.0,"key":"Regen Potion"},{"floor":8.0,"key":"StancePotion"},{"floor":10.0,"key":"Regen Potion"},{"floor":14,"key":"SkillPotion"},{"floor":22,"key":"GamblersBrew"}],"is_trial":false,"path_per_floor":["M","?","M","?","M","E","R","E","T","E","R","E","R","E","R","B",null,"M","$","$","M","M","R","?","E","T","E"],"character_chosen":"WATCHER","items_purchased":["WaveOfTheHand","Orrery","DevaForm"],"campfire_rested":1,"item_purchase_floors":[19,19,20],"current_hp_per_floor":[77,77,74,74,68,57,57,40,40,35,35,49,49,34,34,10,82,60,60,60,54,21,45,45,14,20,0,0],"gold":290,"neow_bonus":"BOSS_RELIC","is_daily":false,"chose_seed":false,"campfire_upgraded":4,"win_rate":0.0,"timestamp":1614318150,"path_taken":["M","?","M","?","M","E","R","E","T","E","R","E","R","E","R","BOSS","M","?","$","M","M","R","?","E","T","E"],"items_purchased_type":["Card","Relic","Card"],"build_version":"2020-12-22","purchased_purges":2,"victory":false,"max_hp_per_floor":[77,77,77,77,77,82,82,82,82,82,82,82,82,82,82,82,82,82,82,82,82,82,82,82,82,88,88,88],"card_choices":[{"not_picked":["Tantrum","Study"],"picked":"Consecrate","floor":0.0},{"not_picked":["ReachHeaven","Evaluate"],"picked":"CrushJoints","floor":1.0},{"not_picked":["Halt","Evaluate"],"picked":"FlyingSleeves","floor":3.0},{"not_picked":["Consecrate","SandsOfTime"],"picked":"Crescendo","floor":5.0},{"not_picked":["CutThroughFate","Meditate"],"picked":"BattleHymn","floor":6.0},{"not_picked":["CrushJoints","SashWhip"],"picked":"Judgement","floor":8.0},{"not_picked":["JustLucky","Sanctity"],"picked":"WheelKick","floor":10.0},{"not_picked":["FearNoEvil","Blasphemy"],"picked":"ClearTheMind","floor":12.0},{"not_picked":["CutThroughFate","PathToVictory"],"picked":"Halt","floor":14},{"not_picked":["Alpha","Judgement"],"picked":"Establishment","floor":16},{"not_picked":["JustLucky+1","Study"],"picked":"Indignation","floor":18},{"not_picked":["ClearTheMind","FlyingSleeves"],"picked":"Evaluate","floor":19},{"not_picked":["CutThroughFate+1","Wireheading"],"picked":"Meditate+1","floor":19},{"not_picked":["EmptyBody","CrushJoints"],"picked":"DeusExMachina","floor":19},{"not_picked":["Perseverance","BattleHymn"],"picked":"EmptyBody","floor":19},{"not_picked":["PathToVictory","ClearTheMind"],"picked":"Consecrate","floor":19},{"not_picked":["ThirdEye+1","FollowUp"],"picked":"WreathOfFlame+1","floor":21},{"not_picked":["Nirvana","CarveReality"],"picked":"EmptyFist+1","floor":22},{"not_picked":["ClearTheMind","EmptyBody"],"picked":"Prostrate","floor":25}],"player_experience":584618,"relics_obtained":[{"floor":6.0,"key":"Letter Opener"},{"floor":8.0,"key":"Toy Ornithopter"},{"floor":10.0,"key":"MawBank"},{"floor":12.0,"key":"Whetstone"},{"floor":14,"key":"CeramicFish"},{"floor":25,"key":"Darkstone Periapt"},{"floor":26,"key":"Bottled Flame"}],"event_choices":[{"damage_healed":0.0,"max_hp_gain":0.0,"max_hp_loss":0.0,"gold_gain":0.0,"cards_transformed":["Strike_P"],"event_name":"Living Wall","player_choice":"Change","floor":2.0,"gold_loss":0.0,"damage_taken":0.0,"cards_obtained":["Pray"]},{"damage_healed":0.0,"max_hp_gain":0.0,"max_hp_loss":0.0,"gold_gain":0.0,"event_name":"Accursed Blacksmith","player_choice":"Rummage","floor":4.0,"gold_loss":0.0,"damage_taken":0.0,"relics_obtained":["WarpedTongs"],"cards_obtained":["Pain"]},{"cards_removed":["Pain"],"damage_healed":0,"gold_gain":0,"player_choice":"Removed Curses","damage_taken":0,"max_hp_gain":0,"max_hp_loss":0,"event_name":"Fountain of Cleansing","floor":24,"gold_loss":0}],"is_beta":false,"boss_relics":[{"not_picked":["Velvet Choker","Coffee Dripper"],"picked":"Cursed Key"}],"items_purged_floors":[19,20],"is_endless":false,"potions_floor_spawned":[1,8,10,14,22],"killed_by":"Slavers","ascension_level":3}}