{"host":"89iuq2p5kwriuwfq","time":1614339620,"event":{"mods":["BaseMod","Curses Come First","Custom Start","Minty Spire (QoL Compilation)","Permanent Neow","StSLib"],"gold_per_floor":[116,175,250,250,260,291,308,35,87,113,126,126,161,172,172,246,246,260,260,260],"floor_reached":19,"language":"ENG","playtime":976,"items_purged":[],"score":337,"play_id":"9283f7cf-edd2-4b7c-aeff-921844c4d8a6","local_time":"20210226114020","is_ascension_mode":true,"campfire_choices":[{"data":"Beam Cell","floor":12.0,"key":"SMITH"},{"data":"Creative AI","floor":15.0,"key":"SMITH"}],"circlet_count":0,"master_deck":["AscendersBane","Strike_B+1","Strike_B+1","Strike_B","Strike_B","Defend_B","Defend_B","Defend_B","Defend_B","Zap","Dualcast","Core Surge","BootSequence","Ball Lightning","Gash","Fusion","Gash","Beam Cell+1","Creative AI+1","Buffer","Redo"],"relics":["Cracked Core","Whetstone","Mummified Hand","Strawberry","Potion Belt","StoneCalendar","Nuclear Battery"],"acts_visited":["Exordium","TheCity"],"potions_floor_usage":[],"damage_taken":[{"damage":1.0,"enemies":"Cultist","floor":1.0,"turns":4.0},{"damage":2.0,"enemies":"Small Slimes","floor":5.0,"turns":3.0},{"damage":12.0,"enemies":"3 Sentries","floor":6.0,"turns":7.0},{"damage":0.0,"enemies":"2 Louse","floor":7.0,"turns":1.0},{"damage":19.0,"enemies":"Gremlin Nob","floor":10.0,"turns":4.0},{"damage":1.0,"enemies":"2 Fungi Beasts","floor":11.0,"turns":3.0},{"damage":5.0,"enemies":"3 Sentries","floor":13.0,"turns":6.0},{"damage":0.0,"enemies":"Blue Slaver","floor":14.0,"turns":2.0},{"damage":32,"enemies":"The Guardian","floor":16,"turns":9},{"damage":18,"enemies":"3 Byrds","floor":18,"turns":5},{"damage":56,"enemies":"Masked Bandits","floor":19,"turns":3}],"seed_played":"-7685102429519960526","potions_obtained":[{"floor":5.0,"key":"BlessingOfTheForge"},{"floor":7.0,"key":"Weak Potion"},{"floor":10.0,"key":"SkillPotion"},{"floor":18,"key":"Energy Potion"}],"is_trial":false,"path_per_floor":["M","?","?","?","M","E","M","$","T","E","M","R","E","M","R","B",null,"M","?"],"character_chosen":"DEFECT","items_purchased":["Mummified Hand"],"campfire_rested":0,"item_purchase_floors":[8],"current_hp_per_floor":[63,63,52,71,69,57,57,57,64,45,44,44,39,39,39,7,60,42,0,0],"gold":260,"neow_bonus":"ONE_RANDOM_RARE_CARD","is_daily":false,"chose_seed":false,"campfire_upgraded":2,"win_rate":0.0,"timestamp":1614339620,"path_taken":["M","?","?","?","M","E","M","$","T","E","M","R","E","M","R","BOSS","M","?"],"items_purchased_type":["Relic"],"build_version":"2020-12-22","purchased_purges":0,"victory":false,"max_hp_per_floor":[71,71,71,71,71,71,71,71,78,78,78,78,78,78,78,78,78,78,78,78],"card_choices":[{"not_picked":["Stack","Hologram"],"picked":"BootSequence","floor":1.0},{"not_picked":["Compile Driver","All For One"],"picked":"Ball Lightning","floor":5.0},{"not_picked":["Force Field","Turbo"],"picked":"Gash","floor":6.0},{"not_picked":["Blizzard","Leap"],"picked":"Fusion","floor":7.0},{"not_picked":["Cold Snap","FTL"],"picked":"Gash","floor":10.0},{"not_picked":["Tempest","Doom and Gloom"],"picked":"Beam Cell","floor":11.0},{"not_picked":["Compile Driver","Force Field"],"picked":"Creative AI","floor":13.0},{"not_picked":["Compile Driver","Rebound","Auto Shields"],"picked":"SKIP","floor":14.0},{"not_picked":["Thunder Strike","Amplify"],"picked":"Buffer","floor":16},{"not_picked":["Fusion","Steam Power"],"picked":"Redo","floor":18}],"player_experience":796077,"relics_obtained":[{"floor":6.0,"key":"Whetstone"},{"floor":9.0,"key":"Strawberry"},{"floor":10.0,"key":"Potion Belt"},{"floor":13.0,"key":"StoneCalendar"}],"event_choices":[{"damage_healed":0.0,"max_hp_gain":0.0,"max_hp_loss":0.0,"gold_gain":59.0,"event_name":"Golden Wing","player_choice":"Gained Gold","floor":2.0,"gold_loss":0.0,"damage_taken":0.0},{"damage_healed":0.0,"max_hp_gain":0.0,"max_hp_loss":0.0,"gold_gain":75.0,"event_name":"World of Goop","player_choice":"Gather Gold","floor":3.0,"gold_loss":0.0,"damage_taken":11.0},{"damage_healed":23.0,"max_hp_gain":0.0,"max_hp_loss":0.0,"gold_gain":0.0,"event_name":"Big Fish","player_choice":"Banana","floor":4.0,"gold_loss":0.0,"damage_taken":0.0},{"damage_healed":0,"gold_gain":0,"player_choice":"Fought Bandits","damage_taken":0,"max_hp_gain":0,"max_hp_loss":0,"event_name":"Masked Bandits","floor":19,"gold_loss":0}],"is_beta":false,"boss_relics":[{"not_picked":["Fusion Hammer","Black Star"],"picked":"Nuclear Battery"}],"items_purged_floors":[],"is_endless":false,"potions_floor_spawned":[5,7,10,18],"killed_by":"Masked Bandits","ascension_level":16}}