{"host":"6uq6591iqph6da66","time":1614345994,"event":{"mods":["Act Like it!","BaseMod","CapriCore","Highlight Path","KomeijiMod","Library of Ruina","Library of Ruina Extra","Marisa£¨ìFÓê¡¡Ä§ÀíÉ³£©","Minty Spire (QoL Compilation)","Quick Restart","Reimu£¨²©ÀöÁéÃÎ£©","RumiaBox-Â¶Ã×æ«µÄÉñÃØºÐ×Ó","StSLib","TestMod","The Immortal","noobMod","¡¾¹¦ÄÜMod¡¿»ìãçÖ®»·ÐÞ¸´²¹¶¡"],"gold_per_floor":[115,115,115,133,147,177,177,177,177,190,224,243,253,284,284,388,388,404,420,196,213,228,228,254,254,254,282,229,629,658,758,758,858,858,878,896,673,684,684,718,736,736,763,378,397,428,441,469,469,469,469,469,469,186,220,220],"floor_reached":57,"language":"ZHS","playtime":2556,"items_purged":["LightAttack","LightDefense","LightDefense"],"score":1873,"play_id":"d74d056d-a6b5-4562-987f-2d8d880f1e6e","local_time":"20210226212634","is_ascension_mode":true,"campfire_choices":[{"floor":7,"key":"RECALL"},{"data":"CleanUp","floor":15,"key":"SMITH"},{"data":"WillOfThePrescript","floor":23,"key":"SMITH"},{"data":"1","floor":25,"key":"LIFT"},{"data":"2","floor":32,"key":"LIFT"},{"data":"3","floor":42,"key":"LIFT"},{"data":"Commandeering","floor":49,"key":"SMITH"},{"data":"RidiculousThoughts","floor":53,"key":"SMITH"}],"circlet_count":0,"master_deck":["Dodge","LightDefense","LightAttack","LightDefense","ChargeAndCover","FocusedStrikes","Leap_lor","Execute_lor+1","Unlock1","WillBeTasty","GoinFirst","TrashDisposal","FleetFootsteps","Parry2","CleanUp+1","EnergyBeam","InnerArdor+1","Brawl+1","BattleCommand","WillOfThePrescript+1","DistortedBlade","Commandeering+1","GrazeTheGrass","BalefulBrand","CoordinatedAssault","EmotionalTurbulence+1","UnavoidableGaze+1","TheWillOfTheCity","BoundaryOfDeath+1","Multislash+1","RidiculousThoughts+1","LeRegole","RipSpace+1"],"relics":["PageOfLibrarian","testmod-TestBox","ice","Mastiff:ReiMu","testmod-AscensionHeart","PageOfBigBird","Potion Belt","Girya","Coffee Dripper","PageOfSpiderBud","PageOfAspirationHeart","PageOfTodaysShyLook","LastBattle","testmod-Antiphasic","Incense Burner","Molten Egg 2","testmod-SaigiyounoYou","Membership Card","PageOfLumberjack","Ancient Tea Set","PageOfRedShoes","Bag of Preparation","Ginger","PageOfUniverseFragment","PageOfWrath","testmod-AssaultLearning","PrismaticShard","PageOfTheQueenOfHatred"],"acts_visited":["Exordium","TheCity","TheBeyond","TheEnding"],"potions_floor_usage":[],"damage_taken":[{"damage":3,"enemies":"Small Slimes","floor":1,"turns":3},{"damage":0,"enemies":"Jaw Worm","floor":4,"turns":2},{"damage":0,"enemies":"Cultist","floor":5,"turns":1},{"damage":3,"enemies":"3 Sentries","floor":6,"turns":4},{"damage":5,"enemies":"Lots of Slimes","floor":10,"turns":3},{"damage":15,"enemies":"Lagavulin","floor":11,"turns":3},{"damage":0,"enemies":"Blue Slaver","floor":12,"turns":1},{"damage":13,"enemies":"Exordium Wildlife","floor":13,"turns":2},{"damage":16,"enemies":"Gremlin Nob","floor":14,"turns":3},{"damage":18,"enemies":"The Guardian","floor":16,"turns":6},{"damage":16,"enemies":"3 Byrds","floor":18,"turns":4},{"damage":0,"enemies":"Chosen","floor":19,"turns":3},{"damage":2,"enemies":"Sentry and Sphere","floor":21,"turns":4},{"damage":4,"enemies":"Chosen and Byrds","floor":22,"turns":4},{"damage":0,"enemies":"Book of Stabbing","floor":24,"turns":4},{"damage":16,"enemies":"Slavers","floor":27,"turns":3},{"damage":23,"enemies":"Book of Stabbing","floor":30,"turns":3},{"damage":0,"enemies":"Colosseum Slavers","floor":31,"turns":1},{"damage":3,"enemies":"Colosseum Nobs","floor":31,"turns":3},{"damage":3,"enemies":"RedHoodMercenary","floor":33,"turns":3},{"damage":9,"enemies":"3 Shapes","floor":35,"turns":2},{"damage":0,"enemies":"3 Darklings","floor":36,"turns":1},{"damage":0,"enemies":"Maw","floor":38,"turns":4},{"damage":2,"enemies":"Giant Head","floor":40,"turns":4},{"damage":0,"enemies":"Sphere and 2 Shapes","floor":41,"turns":3},{"damage":0,"enemies":"Jaw Worm Horde","floor":45,"turns":3},{"damage":10,"enemies":"Nemesis","floor":46,"turns":5},{"damage":0,"enemies":"Spire Growth","floor":47,"turns":2},{"damage":0,"enemies":"Reptomancer","floor":48,"turns":1},{"damage":0,"enemies":"Awakened One","floor":50,"turns":6},{"damage":87,"enemies":"Awakened One","floor":51,"turns":9},{"damage":31,"enemies":"Shield and Spear","floor":55,"turns":3},{"damage":26,"enemies":"The Heart","floor":56,"turns":4}],"seed_played":"3402707935221318143","potions_obtained":[{"floor":1,"key":"AttackPotion"},{"floor":11,"key":"AttackPotion"},{"floor":12,"key":"GamblersBrew"},{"floor":16,"key":"ZuzhouPotion:ReiMu"},{"floor":18,"key":"BlessingOfTheForge"},{"floor":19,"key":"Block Potion"}],"is_trial":false,"path_per_floor":["M","?","?","M","M","E","R","?","T","M","E","M","M","E","R","B",null,"M","M","$","M","M","R","E","R","T","E","$","?","E","?","R","B",null,"M","M","$","M","?","E","M","R","T","$","M","E","M","E","R","B",null,null,"R","$","E","B",null],"character_chosen":"Librarian","items_purchased":["PageOfSpiderBud","GrazeTheGrass","Membership Card","TheWillOfTheCity","PageOfRedShoes","Bag of Preparation","RidiculousThoughts","PageOfWrath","testmod-AssaultLearning","PrismaticShard"],"campfire_rested":0,"item_purchase_floors":[20,28,37,37,44,44,44,54,54,54],"current_hp_per_floor":[57,57,57,57,54,55,55,55,55,51,38,38,31,17,17,77,78,68,72,72,82,90,90,118,118,118,113,113,113,95,104,104,109,156,162,162,162,163,163,164,166,166,166,166,167,171,173,173,173,180,179,204,204,204,192,241],"gold":220,"neow_bonus":"RANDOM_COMMON_RELIC","is_daily":false,"chose_seed":false,"campfire_upgraded":4,"win_rate":0.0,"timestamp":1614345994,"path_taken":["M","?","?","M","M","E","R","?","T","M","E","M","?","E","R","BOSS","M","M","$","M","M","R","E","R","T","E","?","?","E","?","R","BOSS","M","M","$","M","?","E","M","R","T","$","M","E","M","E","R","BOSS","R","$","E","BOSS"],"items_purchased_type":["Relic","Card","Relic","Card","Relic","Relic","Card","Relic","Relic","Relic"],"build_version":"2020-12-22","purchased_purges":3,"victory":true,"max_hp_per_floor":[60,60,60,219,219,219,219,219,219,219,219,77,77,77,77,78,78,103,105,105,108,111,111,134,134,134,139,139,139,142,151,151,156,156,162,162,162,163,163,164,166,166,166,166,167,171,173,173,173,180,204,204,204,204,211,249],"card_choices":[{"not_picked":["BiAn","Standoff","GuardingStance","FeelinGood","QuickSuppression","Reload","AutomatedMovement","Parry2"],"picked":"Leap_lor","floor":1},{"not_picked":["NightInTheBackstreets","DefenseOrder","FrontalAssault","BackAttack","StrongStrike","QuickSuppression","SearingSword","FervidEmotions"],"picked":"Unlock1","floor":4},{"not_picked":["Parry","FierceCharge","GuidanceOfTheGears","EnergyShield","SuppressingShot","Diversion","DesperateStruggle","BackstreetsDash"],"picked":"WillBeTasty","floor":5},{"not_picked":["MirageStorm","Suppress","UnforgettableMelody","TieShanKao","SuanNi","Castigation","GroundSmash","FormingStorm"],"picked":"GoinFirst","floor":6},{"not_picked":["GuardingStance","BlindFaith","BayonetCombat","SnakesPrey","GuidanceOfTheGears","Retaliate","Execute_lor","SerpentSwordTechnique","MindCrush"],"picked":"SKIP","floor":10},{"not_picked":["DaringDecision","Tttonst","Lock","BoundaryOfDeath","TieShanKao","RagingStormLove","FleshFillet","ScratchThat"],"picked":"TrashDisposal","floor":11},{"not_picked":["Overpower","AssaultOrder","MultiHit","EnergyConversion","MultiBlock","GrazeTheGrass","WrathOfTorment","TraceOfFumes"],"picked":"FleetFootsteps","floor":12},{"not_picked":["UpbeatPerformance","Rampage_lor","GrazeTheGrass","ForTheFamily","GuardingStance","StructuralAnalysis","FrontalAssault","QuickAttack"],"picked":"Parry2","floor":13},{"not_picked":["Deflect_lor","UnforgettableMelody","RepressedFlesh","CleanUp","Lock","Tttonst","RepressedFlesh","UnforgettableMelody"],"picked":"CleanUp","floor":14},{"not_picked":["Cruelty","Castigation"],"picked":"EnergyBeam","floor":16},{"not_picked":["Execute_lor","TieShanKao","EnergyShield+1","ClassAndRespect+1","MultiHit","FleetFootsteps","CoordinatedAssault+1","BurningFlash+1"],"picked":"InnerArdor+1","floor":18},{"not_picked":["YourShield","MultiBlock+1","CircusKnives+1","Track","Pound","ShockRound","EndlessBattle+1","BackAttack+1"],"picked":"Brawl+1","floor":19},{"not_picked":["WaitUp","Leap_lor","GaleKick","BlindFaith","Unlock1+1","TheWillOfTheCity","GrazeTheGrass","ViolentFlame"],"picked":"BattleCommand","floor":21},{"not_picked":["WrathOfTorment","Outburst+1","EnergyShield+1","Juggling","HighKick","Leap_lor","Crush","StrikeDown+1"],"picked":"WillOfThePrescript","floor":22},{"not_picked":["RagingStormLove","Decapitation","Cruelty","ChargeUp","SavageMode","RipSpace","FormingStorm","UnforgettableMelody"],"picked":"DistortedBlade","floor":24},{"not_picked":["BlazingStrike","WillProduceFineSilk","Decapitation","Observe","ChargeUp","Lock","Castigation","EmotionalTurbulence"],"picked":"Commandeering","floor":27},{"not_picked":["WillProduceFineSilk","SuanNi","BlazingStrike","Suppress","Observe","Suppress","DistortedBlade","RagingStormLove"],"picked":"BalefulBrand","floor":30},{"not_picked":["BiAn+1","SinglePointStab+1","SunsetBlade+1","Parry+1","EnergyCycle+1","ToWhereThePrescriptPoints","Thrust+1","GuidanceOfTheGears"],"picked":"CoordinatedAssault","floor":31},{"not_picked":["GoinFirst+1","DaringDecision+1"],"picked":"EmotionalTurbulence+1","floor":33},{"not_picked":["Collision+1","SinglePointStab+1","OpportunitySpotted+1","Wallop_lor+1","Parry2","Leap_lor+1","EnergyCycle+1","BizarreAttack+1"],"picked":"ViolentFlame","floor":35},{"not_picked":["Concentration","SnakesPrey+1","SharpSwipe+1","SuppressingShot+1","GreatSerpentsImpact+1","WrathOfTorment+1","Rampage_lor+1","AsThePrescriptOrders+1"],"picked":"UnavoidableGaze+1","floor":36},{"not_picked":["EnergyStrike+1","DesperateStruggle+1","HeavyPeaks+1","ViolentFlame+1","Standoff+1","SmokingPipe","PinpointShot+1","Brawl+1","FleetEdge+1"],"picked":"SKIP","floor":38},{"not_picked":["BlazingStrike","GroundSmash","CleanUp","MindCrush+1","RipSpace","EnergyBeam","MirageStorm","Commandeering"],"picked":"BoundaryOfDeath","floor":40},{"not_picked":["BackAttack","SuppressingShot+1","FierceCharge","Reload","RagingStormLove+1","SnakesPrey","FeelinGood+1","AsThePrescriptOrders+1"],"picked":"Multislash+1","floor":41},{"not_picked":["SharpenedBlade+1","FaintMemories+1","HandleRequest+1","SmokingPipe","IdentifyWeakpoint+1","DesperateStruggle+1","HighKick+1","Rewind+1"],"picked":"LeRegole","floor":45},{"not_picked":["GutHarvesting","Punishment","Decapitation","Lock","ScratchThat","BlazingStrike","FleshFillet","MindCrush","DaringDecision"],"picked":"SKIP","floor":46},{"not_picked":["Multislash+1","FendThisOffIfYouCan+1","ConcentratedFire+1","RepressedFlesh+1","Leap_lor+1","UndertakePrescript","TheWillOfTheCity","FlashOfSunup+1","MindWhip+1"],"picked":"SKIP","floor":47},{"not_picked":["LeRegole","EnergyBeam","TieShanKao","DaringDecision","TieShanKao+1","Transpierce","Eradication","Deflect_lor","MirageStorm"],"picked":"SKIP","floor":48},{"not_picked":["Observe","Cruelty","FateConcerto","GoinFirst","Transpierce","EmotionalTurbulence","ChargeUp","WillProduceFineSilk"],"picked":"RipSpace","floor":55}],"player_experience":648662,"relics_obtained":[{"floor":6,"key":"PageOfBigBird"},{"floor":11,"key":"Potion Belt"},{"floor":14,"key":"Girya"},{"floor":24,"key":"PageOfAspirationHeart"},{"floor":26,"key":"PageOfTodaysShyLook"},{"floor":27,"key":"LastBattle"},{"floor":30,"key":"testmod-Antiphasic"},{"floor":31,"key":"Incense Burner"},{"floor":31,"key":"Molten Egg 2"},{"floor":40,"key":"PageOfLumberjack"},{"floor":43,"key":"Ancient Tea Set"},{"floor":46,"key":"Ginger"},{"floor":48,"key":"PageOfUniverseFragment"},{"floor":55,"key":"PageOfTheQueenOfHatred"}],"event_choices":[{"damage_healed":0,"gold_gain":0,"cards_transformed":["LightAttack"],"player_choice":"Change","damage_taken":0,"max_hp_gain":0,"max_hp_loss":0,"event_name":"Living Wall","floor":3,"gold_loss":0,"cards_obtained":["Execute_lor"]},{"damage_healed":0,"gold_gain":0,"player_choice":"Forge","damage_taken":0,"max_hp_gain":0,"max_hp_loss":0,"event_name":"Accursed Blacksmith","floor":8,"gold_loss":0,"cards_upgraded":["Execute_lor"]},{"damage_healed":0,"gold_gain":400,"player_choice":"Sell","damage_taken":0,"max_hp_gain":0,"max_hp_loss":0,"event_name":"¶÷ÂåË¹µÄÅÌ×Ó","floor":29,"relics_lost":["ThirstyCross"],"gold_loss":0},{"damage_healed":0,"gold_gain":0,"player_choice":"Fight","damage_taken":0,"max_hp_gain":0,"max_hp_loss":0,"event_name":"Colosseum","floor":31,"gold_loss":0},{"damage_healed":0,"gold_gain":0,"player_choice":"Fought Nobs","damage_taken":0,"max_hp_gain":0,"max_hp_loss":0,"event_name":"Colosseum","floor":31,"gold_loss":0},{"cards_removed":["ViolentFlame"],"damage_healed":0,"gold_gain":0,"player_choice":"Removed Power","damage_taken":0,"max_hp_gain":0,"max_hp_loss":0,"event_name":"Falling","floor":39,"gold_loss":0}],"is_beta":false,"boss_relics":[{"not_picked":["testmod-NegativeEmotionEnhancer","RedLine:ReiMu"],"picked":"Coffee Dripper"},{"not_picked":["Snecko Eye","testmod-CardMagician"],"picked":"testmod-SaigiyounoYou"}],"items_purged_floors":[20,37,44],"is_endless":false,"potions_floor_spawned":[1,4,11,12,16,18,19,22,30,35,38,40,47,55],"ascension_level":3}}