{"host":"sqt6c5vt7d1y5xtt","time":1614314338,"event":{"mods":["AchievementEnabler","BaseMod","Block Reminder","Lobotomy","Minty Spire (QoL Compilation)","Quick Restart"],"gold_per_floor":[114,64,74,91,102,102,134,93,93,93,106,106,106,136,136,238,238,248,163,163,183,183,183,211,211,211],"floor_reached":25,"language":"KOR","playtime":843,"items_purged":[],"score":269,"play_id":"bd04d248-513b-4441-8aa7-d0fac132ae4b","local_time":"20210226013858","is_ascension_mode":false,"campfire_choices":[{"data":"Hemokinesis","floor":6,"key":"SMITH"},{"data":"Metallicize","floor":12,"key":"SMITH"},{"data":"Burning Pact","floor":15,"key":"SMITH"},{"floor":23,"key":"REST"}],"circlet_count":0,"master_deck":["Bash","LaLuna","Hemokinesis+1","FairyFestival","Headbutt","NakedNest","Inflame","BlackSwan","Headbutt","Mercenary","Metallicize+1","FieryBird","Burning Pact+1","Parasite","RedShoes","Offering","Reckless Charge","Ghostly Armor","Juggernaut","Dark Embrace","Rupture","Combust","Clothesline","LongBird","BigBadWolf","Writhe","CENSORED"],"relics":["Burning Blood","CogitoBucket","HornCleat","Bottled Flame","BehaviorAdjustment","Pandora\u0027s Box","Shuriken","Molten Egg 2","White Beast Statue"],"acts_visited":["Exordium","TheCity"],"potions_floor_usage":[11],"damage_taken":[{"damage":7,"enemies":"2 Louse","floor":1,"turns":3},{"damage":6,"enemies":"Small Slimes","floor":3,"turns":2},{"damage":18,"enemies":"Jaw Worm","floor":4,"turns":4},{"damage":18,"enemies":"Looter","floor":5,"turns":4},{"damage":30,"enemies":"Gremlin Nob","floor":7,"turns":4},{"damage":35,"enemies":"2 Fungi Beasts","floor":11,"turns":4},{"damage":15,"enemies":"Slime Boss","floor":16,"turns":5},{"damage":60,"enemies":"Chosen","floor":18,"turns":5},{"damage":17,"enemies":"2 Thieves","floor":21,"turns":4},{"damage":19,"enemies":"Gremlin Leader","floor":24,"turns":2},{"damage":82,"enemies":"Snake Plant","floor":25,"turns":1}],"seed_played":"-5320267707138075344","potions_obtained":[{"floor":1,"key":"LiquidMemories"},{"floor":5,"key":"AttackPotion"},{"floor":11,"key":"DistilledChaos"},{"floor":21,"key":"Energy Potion"},{"floor":24,"key":"Fire Potion"}],"is_trial":false,"path_per_floor":["M","?","M","M","M","R","E","?","T","?","M","R","?","?","R","B",null,"M","?","?","M","?","R","E","M"],"character_chosen":"IRONCLAD","items_purchased":[],"campfire_rested":1,"item_purchase_floors":[],"current_hp_per_floor":[79,79,79,70,61,61,39,39,39,44,15,15,36,36,36,31,85,36,36,36,29,29,54,41,0,0],"gold":211,"neow_bonus":"","is_daily":false,"chose_seed":false,"campfire_upgraded":3,"win_rate":0.0,"timestamp":1614314338,"path_taken":["M","?","M","M","M","R","E","?","T","?","M","R","?","?","R","BOSS","M","?","?","M","?","R","E","M"],"items_purchased_type":[],"build_version":"2020-12-22","purchased_purges":0,"victory":false,"max_hp_per_floor":[80,80,80,80,80,80,80,80,80,85,85,85,85,85,85,85,85,85,85,85,85,85,85,85,85,85],"card_choices":[{"not_picked":["HeroicMonk","Laetitia","LittlePrince"],"picked":"Singing Bowl","floor":1},{"not_picked":["Bloodbath","CherryBlossoms"],"picked":"LaLuna","floor":1},{"not_picked":["Burning Pact","Warcry"],"picked":"Hemokinesis","floor":1},{"not_picked":["Scorched","ShyLook","OSAHOGD"],"picked":"Singing Bowl","floor":3},{"not_picked":["Bloodbath","BeautyBeast"],"picked":"FairyFestival","floor":3},{"not_picked":["Shockwave","Body Slam"],"picked":"Headbutt","floor":3},{"not_picked":["WallGazer","PunishingBird","GalaxyChild"],"picked":"Singing Bowl","floor":4},{"not_picked":["HeroicMonk","OSAHOGD"],"picked":"NakedNest","floor":4},{"not_picked":["Corruption","Sever Soul"],"picked":"Inflame","floor":4},{"not_picked":["ShyLook","BeautyBeast"],"picked":"BlackSwan","floor":5},{"not_picked":["Pommel Strike","Thunderclap"],"picked":"Headbutt","floor":5},{"not_picked":["PunishingBird","SpiderBud","OSAHOGD"],"picked":"Singing Bowl","floor":7},{"not_picked":["MHz","MeatLantern"],"picked":"Mercenary","floor":7},{"not_picked":["Thunderclap","Perfected Strike"],"picked":"Metallicize","floor":7},{"not_picked":["PunishingBird","Wellcheers","OldLady"],"picked":"Singing Bowl","floor":11},{"not_picked":["QueenOfHatred","WallGazer"],"picked":"FieryBird","floor":11},{"not_picked":["Cleave","Twin Strike"],"picked":"Burning Pact","floor":11},{"not_picked":["LongBird","MHz"],"picked":"RedShoes","floor":16},{"not_picked":["Feed","Immolate"],"picked":"Offering","floor":16},{"not_picked":["SnowQueen","Murderer","UniverseFragment"],"picked":"Singing Bowl","floor":18},{"not_picked":["CherryBlossoms","QueenBee"],"picked":"LongBird","floor":18},{"not_picked":["Body Slam","Dual Wield","Power Through"],"picked":"SKIP","floor":18},{"not_picked":["Wellcheers","VoidDream"],"picked":"BigBadWolf","floor":21},{"not_picked":["Feel No Pain","Body Slam","Twin Strike"],"picked":"SKIP","floor":21},{"not_picked":["ShyLook","DespairKnight"],"picked":"CENSORED","floor":24},{"not_picked":["Thunderclap+1","Rage","Entrench"],"picked":"SKIP","floor":24}],"player_experience":170223,"relics_obtained":[{"floor":7,"key":"HornCleat"},{"floor":9,"key":"Bottled Flame"},{"floor":24,"key":"White Beast Statue"}],"event_choices":[{"cards_removed":["Strike_R"],"damage_healed":0,"gold_gain":0,"player_choice":"Card Removal","damage_taken":0,"max_hp_gain":0,"max_hp_loss":0,"event_name":"The Cleric","floor":2,"gold_loss":50},{"damage_healed":0,"gold_gain":0,"player_choice":"Left Gold","damage_taken":0,"max_hp_gain":0,"max_hp_loss":0,"event_name":"World of Goop","floor":8,"gold_loss":41},{"damage_healed":0,"gold_gain":0,"player_choice":"Donut","damage_taken":0,"max_hp_gain":5,"max_hp_loss":0,"event_name":"Big Fish","floor":10,"gold_loss":0},{"damage_healed":21,"gold_gain":0,"player_choice":"Healed and dodged fight","damage_taken":0,"max_hp_gain":0,"max_hp_loss":0,"event_name":"Mushrooms","floor":13,"gold_loss":0,"cards_obtained":["Parasite"]},{"damage_healed":0,"gold_gain":30,"player_choice":"Searched \u00271\u0027 times","damage_taken":0,"max_hp_gain":0,"max_hp_loss":0,"event_name":"Dead Adventurer","floor":14,"gold_loss":0},{"damage_healed":0,"gold_gain":0,"player_choice":"Obtained Relic","damage_taken":0,"relics_obtained":["Shuriken"],"max_hp_gain":0,"max_hp_loss":0,"event_name":"Addict","floor":19,"gold_loss":85},{"damage_healed":0,"gold_gain":0,"player_choice":"Ignored","damage_taken":0,"max_hp_gain":0,"max_hp_loss":0,"event_name":"Vampires","floor":20,"gold_loss":0},{"damage_healed":0,"gold_gain":0,"player_choice":"Opened","damage_taken":0,"relics_obtained":["Molten Egg 2"],"max_hp_gain":0,"max_hp_loss":0,"event_name":"The Mausoleum","floor":22,"gold_loss":0,"cards_obtained":["Writhe"]}],"is_beta":false,"boss_relics":[{"not_picked":["Coffee Dripper","Runic Pyramid"],"picked":"Pandora\u0027s Box"}],"items_purged_floors":[],"is_endless":false,"potions_floor_spawned":[1,5,11,21,24],"killed_by":"Snake Plant","ascension_level":0}}