{"host":"r4fh4z5myensb3zv","time":1614361613,"event":{"mods":["BaseMod","Better Third Choice","Colored Map","Colored Powertips","DeckTracker","Minty Spire (QoL Compilation)","Rare Cards Sparkle","Relic Stats","Replay The Spire","StSLib"],"gold_per_floor":[117,131,146,14,14,40,54,70,70,82,82,100,115,170,170,265,265,277,277,16,16,26,26,26,26],"floor_reached":24,"language":"ENG","playtime":3487,"items_purged":[],"score":280,"play_id":"8e00d439-64bd-4dd0-ba87-b75f36bf4d92","local_time":"20210226184653","is_ascension_mode":true,"campfire_choices":[{"floor":11,"key":"REST"},{"floor":15,"key":"REST"},{"floor":23,"key":"REST"}],"circlet_count":0,"master_deck":["Strike_R","Strike_R","Strike_R","Defend_R","Defend_R+1","Defend_R","Defend_R+1","Bash","True Grit","Wild Strike","Dark Embrace","Reckless Charge","Reckless Charge","Defy Death","Shockwave","True Grit","Defy Death","Pummel","Replay:Undeath\u0027s Touch","Wild Strike","Feel No Pain","Feed","True Grit+1","Intimidate+1","Apotheosis+1","True Grit+1"],"relics":["Black Blood","War Paint","Mango","Toxic Egg 2"],"acts_visited":["Exordium","TheCity"],"potions_floor_usage":[16,16,16],"damage_taken":[{"damage":5,"enemies":"Small Slimes","floor":1,"turns":5},{"damage":3,"enemies":"Jaw Worm","floor":2,"turns":5},{"damage":0,"enemies":"2 Louse","floor":3,"turns":4},{"damage":42,"enemies":"Lagavulin","floor":6,"turns":6},{"damage":14,"enemies":"Red Slaver","floor":7,"turns":5},{"damage":13,"enemies":"3 Louse","floor":8,"turns":5},{"damage":18,"enemies":"Lots of Slimes","floor":10,"turns":5},{"damage":5,"enemies":"2 Fungi Beasts","floor":12,"turns":5},{"damage":13,"enemies":"3 Louse","floor":13,"turns":5},{"damage":32,"enemies":"The Guardian","floor":16,"turns":15},{"damage":46,"enemies":"3 Byrds","floor":18,"turns":9},{"damage":34,"enemies":"2 Thieves","floor":22,"turns":5},{"damage":0,"enemies":"Centurion and Healer","floor":24,"turns":1}],"seed_played":"8893295379265343939","potions_obtained":[{"floor":1,"key":"FearPotion"},{"floor":7,"key":"Strength Potion"},{"floor":12,"key":"Reflective Coating"},{"floor":13,"key":"EssenceOfSteel"}],"is_trial":false,"path_per_floor":["M","M","M","$","?","E","M","M","T","M","R","M","M","?","R","B",null,"M","?","$","?","M","R","M"],"character_chosen":"IRONCLAD","items_purchased":["Dark Embrace","Reckless Charge","Intimidate+1","Apotheosis+1"],"campfire_rested":3,"item_purchase_floors":[4,4,20,20],"current_hp_per_floor":[80,80,80,80,73,37,29,22,36,24,52,53,46,9,37,11,94,63,44,44,44,22,52,52,52],"gold":26,"neow_bonus":"REMOVE_CARD","is_daily":false,"chose_seed":false,"campfire_upgraded":0,"win_rate":0.0,"timestamp":1614361613,"path_taken":["M","M","M","$","?","E","M","M","T","M","R","M","M","?","R","BOSS","M","?","$","?","M","R","M"],"items_purchased_type":["Card","Card","Card","Card"],"build_version":"2020-12-22","purchased_purges":0,"victory":false,"max_hp_per_floor":[80,80,80,80,80,80,80,80,94,94,94,94,94,94,94,94,94,97,102,102,102,102,102,102,102],"relic_stats":{"counters":[13,75],"Black Blood":74,"War Paint":["Defend_R","Defend_R"],"obtain_stats":[{"Black Blood":17,"Mango":9,"War Paint":6,"Toxic Egg 2":14,"Burning Blood":0},{"Black Blood":10,"Mango":6,"War Paint":4,"Toxic Egg 2":9,"Burning Blood":0},{"Black Blood":60,"Mango":30,"War Paint":20,"Toxic Egg 2":45,"Burning Blood":0}]},"card_choices":[{"not_picked":["Pummel","Massacre","Run Through"],"picked":"SKIP","floor":1},{"not_picked":["Headbutt","Pommel Strike"],"picked":"True Grit","floor":2},{"not_picked":["Armaments","Sword Boomerang"],"picked":"Wild Strike","floor":3},{"not_picked":["Cleave","Bludgeon"],"picked":"Defy Death","floor":6},{"not_picked":["Cleave","Heavy Blade"],"picked":"Shockwave","floor":7},{"not_picked":["Iron Wave","Cleave"],"picked":"True Grit","floor":8},{"not_picked":["Bloodletting","Battle Trance"],"picked":"Defy Death","floor":10},{"not_picked":["Battle Trance","Cleave"],"picked":"Pummel","floor":12},{"not_picked":["Barricade","Pummel"],"picked":"Replay:Undeath\u0027s Touch","floor":13},{"not_picked":["ReplayTheSpireMod:Corrosion Curse+1","Pommel Strike"],"picked":"Wild Strike","floor":14},{"not_picked":["Hemokinesis","Iron Wave"],"picked":"Feel No Pain","floor":14},{"not_picked":["Demonic Infusion+1","Juggernaut"],"picked":"Feed","floor":16},{"not_picked":["Clothesline","Flex+1"],"picked":"True Grit+1","floor":18},{"not_picked":["Iron Wave","Headbutt"],"picked":"True Grit+1","floor":22}],"player_experience":146074,"relics_obtained":[{"floor":6,"key":"War Paint"},{"floor":9,"key":"Mango"},{"floor":14,"key":"Toxic Egg 2"}],"event_choices":[{"cards_removed":["Strike_R"],"damage_healed":0,"gold_gain":0,"player_choice":"Card Removal","damage_taken":7,"max_hp_gain":0,"max_hp_loss":0,"event_name":"Golden Wing","floor":5,"gold_loss":0},{"damage_healed":0,"gold_gain":0,"player_choice":"Shed Blood","damage_taken":24,"max_hp_gain":5,"max_hp_loss":0,"event_name":"Forgotten Altar","floor":19,"gold_loss":0}],"is_beta":false,"boss_relics":[{"not_picked":["Coffee Dripper","Black Star"],"picked":"Black Blood"}],"items_purged_floors":[],"is_endless":false,"potions_floor_spawned":[1,7,12,13],"killed_by":"Centurion and Healer","ascension_level":3}}