{"host":"i0m6ffz3lpe3z1ky","time":1614330077,"event":{"mods":["Aspiration","BaseMod","Bestiary","BetterRewards","Colored Map","Conspire","Energized Spire","Highlight Path","Hubris","Ironclad Rager","Minty Spire (QoL Compilation)","Quick Restart","Reliquary","Shop Mod","Spicy Shops","StSLib","Thieving Mod"],"gold_per_floor":[110,125,275,34,34,68,68,68,68,96,96,122,134,23,23,102,102,113,124,142,16,34,61,61,87,87,98,198,223,235,250,250,323,323,338,3,20,33,79,104,120,120,168,188,85,85,115,133,133,133,133,133,20,53,53],"floor_reached":56,"language":"KOR","playtime":2226,"items_purged":["Doubt","conspire:Purge+1"],"score":3172,"play_id":"64a6144e-458a-4fb2-a85c-873a5f0f5a45","local_time":"20210226180117","is_ascension_mode":true,"campfire_choices":[{"data":"conspire:Purge","floor":7.0,"key":"SMITH"},{"floor":15.0,"key":"RECALL"},{"data":"Heavy Blade","floor":24,"key":"SMITH"},{"data":"Bash","floor":32,"key":"SMITH"},{"data":"Limit Break+1","floor":42,"key":"SMITH"},{"data":"Limit Break+1","floor":46,"key":"SMITH"},{"data":"Heavy Blade+1","floor":49,"key":"SMITH"},{"data":"Offering+1","floor":52,"key":"SMITH"}],"circlet_count":0,"master_deck":["AscendersBane","Cleave+1","Battle Trance+2","Master of Strategy+1","Shrug It Off+1","Limit Break+2","Heavy Blade+2","Spot Weakness+1","Offering+2","Limit Break+2","Heavy Blade","Heavy Blade","Finesse+1","Demon Form","Shrug It Off+1"],"relics":["Burning Blood","reliquary:WeakTea","reliquary:Knoch","Nunchaku","hubris:Reverence","reliquary:IridiumChain","Membership Card","Thread and Needle","Tiny Chest","reliquary:Stiletto","Pen Nib","Lee\u0027s Waffle","Medical Kit","Strawberry","Toxic Egg 2","aspiration:Lifesprig","reliquary:SilkGlove","Bottled Flame","Blood Vial","Matryoshka","ClockworkSouvenir","reliquary:RedPaperclip","reliquary:FingerTrap","hubris:TenFootPole","Ornamental Fan","Thread and Needle","Bag of Marbles","conspire:DecoderRing","Calipers","The Courier","MealTicket","reliquary:BigHammer","hubris:MedicalManual","aspiration:Nostalgia","Cracked Core","reliquary:Firecrackers","hubris:Potato","aspiration:ChemicalBlood","reliquary:TuningFork","reliquary:RoseTintedGlasses","reliquary:BrokenClock","War Paint","Red Skull","hubris:Zylophone"],"acts_visited":["Exordium","TheCity","TheBeyond","TheEnding"],"potions_floor_usage":[19,28,55,55,55,55,55],"damage_taken":[{"damage":6.0,"enemies":"2 Louse","floor":1.0,"turns":3.0},{"damage":8.0,"enemies":"Jaw Worm","floor":2.0,"turns":3.0},{"damage":34.0,"enemies":"Gremlin Nob","floor":6.0,"turns":4.0},{"damage":0.0,"enemies":"3 Sentries","floor":10.0,"turns":1.0},{"damage":9.0,"enemies":"Gremlin Nob","floor":12.0,"turns":3.0},{"damage":5.0,"enemies":"conspire:RoseBush","floor":13.0,"turns":3.0},{"damage":21.0,"enemies":"Hexaghost","floor":16.0,"turns":9.0},{"damage":5,"enemies":"Chosen","floor":18,"turns":4},{"damage":5,"enemies":"2 Thieves","floor":19,"turns":2},{"damage":5,"enemies":"Snake Plant","floor":20,"turns":2},{"damage":0,"enemies":"Chosen and Byrds","floor":22,"turns":4},{"damage":0,"enemies":"conspire:Head Lice","floor":23,"turns":3},{"damage":31,"enemies":"conspire:SneckoGhost","floor":25,"turns":7},{"damage":8,"enemies":"Shelled Parasite and Fungi","floor":27,"turns":2},{"damage":8,"enemies":"Colosseum Slavers","floor":28,"turns":2},{"damage":0,"enemies":"Colosseum Nobs","floor":28,"turns":3},{"damage":0,"enemies":"Slavers","floor":29,"turns":1},{"damage":1,"enemies":"Centurion and Healer","floor":30,"turns":2},{"damage":0,"enemies":"Snecko","floor":31,"turns":2},{"damage":0,"enemies":"Automaton","floor":33,"turns":4},{"damage":0,"enemies":"Orb Walker","floor":35,"turns":1},{"damage":0,"enemies":"3 Darklings","floor":37,"turns":1},{"damage":0,"enemies":"Jaw Worm Horde","floor":38,"turns":1},{"damage":0,"enemies":"2 Orb Walkers","floor":39,"turns":1},{"damage":0,"enemies":"Reptomancer","floor":40,"turns":2},{"damage":0,"enemies":"4 Shapes","floor":41,"turns":1},{"damage":0,"enemies":"Maw","floor":44,"turns":2},{"damage":0,"enemies":"Nemesis","floor":47,"turns":2},{"damage":0,"enemies":"Transient","floor":48,"turns":2},{"damage":0,"enemies":"hubris:GrandSnecko","floor":50,"turns":1},{"damage":0,"enemies":"Shield and Spear","floor":54,"turns":1},{"damage":74,"enemies":"The Heart","floor":55,"turns":6}],"seed_played":"8469816535478618303","potions_obtained":[{"floor":2.0,"key":"Ancient Potion"},{"floor":6.0,"key":"PowerPotion"},{"floor":13.0,"key":"AttackPotion"},{"floor":19,"key":"ColorlessPotion"},{"floor":28,"key":"FearPotion"},{"floor":29,"key":"PowerPotion"},{"floor":55,"key":"Weak Potion"},{"floor":55,"key":"Energy Potion"},{"floor":55,"key":"PowerPotion"}],"is_trial":false,"path_per_floor":["M","M","?","$","?","E","R","?","T","E","T","E","M","$","R","B",null,"M","M","M","$","M","E","R","E","T","M","?","E","M","M","R","B",null,"M","$","M","M","?","E","M","R","T","M","$","R","E","M","R","B",null,"R","$","E","B",null],"character_chosen":"IRONCLAD","items_purchased":["reliquary:WeakTea","reliquary:Knoch","Nunchaku","hubris:Reverence","reliquary:IridiumChain","conspire:Purge","Membership Card","Thread and Needle","Tiny Chest","reliquary:Stiletto","Pen Nib","Lee\u0027s Waffle","Medical Kit","Shuriken","Strawberry","Toxic Egg 2","Cleave","ClockworkSouvenir","Shrug It Off+1","reliquary:FingerTrap","hubris:TenFootPole","Heavy Blade","hubris:MedicalManual","aspiration:Nostalgia","reliquary:Firecrackers","Finesse+1","reliquary:BrokenClock","Red Skull"],"campfire_rested":0,"item_purchase_floors":[0,0,0,0,0,0,0,0,0,0,0,0,0,0,0,4,4,14,14,21,21,36,36,36,36,45,45,53],"current_hp_per_floor":[89,87,87,87,87,59,59,59,59,65,65,62,65,65,65,52,80,83,86,89,89,89,89,89,64,64,64,72,80,87,89,89,89,89,89,89,89,89,89,89,89,89,89,89,89,89,89,89,89,89,89,89,89,89,21],"gold":53,"neow_bonus":"","is_daily":false,"chose_seed":false,"campfire_upgraded":7,"win_rate":0.0,"timestamp":1614330077,"path_taken":["M","M","?","$","?","E","R","?","T","E","?","E","M","$","R","BOSS","M","M","M","$","M","E","R","E","T","M","?","E","M","M","R","BOSS","M","$","M","M","?","E","M","R","T","M","?","R","E","M","R","BOSS","R","$","E","BOSS"],"items_purchased_type":["Relic","Relic","Relic","Relic","Relic","Card","Relic","Relic","Relic","Relic","Relic","Relic","Relic","Relic","Relic","Relic","Card","Relic","Card","Relic","Relic","Card","Relic","Relic","Relic","Card","Relic","Relic"],"build_version":"2020-12-22","purchased_purges":2,"victory":true,"max_hp_per_floor":[89,89,89,89,89,89,89,89,89,89,89,89,89,89,89,89,89,89,89,89,89,89,89,89,89,89,89,89,89,89,89,89,89,89,89,89,89,89,89,89,89,89,89,89,89,89,89,89,89,89,89,89,89,89,89],"card_choices":[{"not_picked":["Armaments","Perfected Strike"],"picked":"Cleave","floor":1.0},{"not_picked":["Pommel Strike","conspire:HitWhereItHurts","Wild Strike"],"picked":"SKIP","floor":2.0},{"not_picked":["Rupture","Pommel Strike"],"picked":"Battle Trance+1","floor":6.0},{"not_picked":["Pummel","Shockwave+1","Sword Boomerang"],"picked":"SKIP","floor":10.0},{"not_picked":["hubris:ReadiedAction+1","Intimidate+1"],"picked":"Juggernaut","floor":12.0},{"not_picked":["Dark Embrace","Perfected Strike","Clash"],"picked":"SKIP","floor":13.0},{"not_picked":["Offering+1","Bludgeon"],"picked":"Limit Break+1","floor":16.0},{"not_picked":["hubris:SharpeningStone+1","Clash"],"picked":"Heavy Blade","floor":18},{"not_picked":["Wild Strike","Rupture","Power Through+1"],"picked":"SKIP","floor":19},{"not_picked":["hubris:SharpeningStone+1","Fire Breathing","Warcry+1"],"picked":"SKIP","floor":20},{"not_picked":["Cleave","Havoc+1","True Grit+1"],"picked":"SKIP","floor":22},{"not_picked":["Warcry+1","Sentinel+1","Perfected Strike"],"picked":"SKIP","floor":23},{"not_picked":["True Grit+1","Sword Boomerang","Sever Soul"],"picked":"SKIP","floor":25},{"not_picked":["True Grit+1","Anger+1"],"picked":"Spot Weakness+1","floor":27},{"not_picked":["Flame Barrier+1","Thunderclap"],"picked":"Offering+1","floor":29},{"not_picked":["Pommel Strike","Cleave","Armaments+1"],"picked":"SKIP","floor":30},{"not_picked":["Pommel Strike","Cleave","Armaments+1"],"picked":"SKIP","floor":30},{"not_picked":["Twin Strike","Havoc+1","Clothesline"],"picked":"SKIP","floor":31},{"not_picked":["Barricade","Juggernaut"],"picked":"Limit Break+1","floor":33},{"not_picked":["Flex+1","Burning Pact+1","Rage+1"],"picked":"SKIP","floor":35},{"not_picked":["Headbutt","Searing Blow+1","Cleave+1"],"picked":"SKIP","floor":37},{"not_picked":["Clash","Sword Boomerang","hubris:ReadiedAction+1"],"picked":"SKIP","floor":38},{"not_picked":["Twin Strike+1","Iron Wave","Rampage"],"picked":"SKIP","floor":40},{"not_picked":["Body Slam","Anger","Headbutt"],"picked":"SKIP","floor":41},{"not_picked":["Clothesline+1","Headbutt"],"picked":"Heavy Blade","floor":44},{"not_picked":["Rupture","Intimidate+1"],"picked":"Demon Form","floor":47},{"not_picked":["Pommel Strike","Thunderclap","Cleave"],"picked":"SKIP","floor":48},{"not_picked":["Pommel Strike","Evolve+1"],"picked":"Shrug It Off+1","floor":54}],"player_experience":444724,"relics_obtained":[{"floor":6.0,"key":"conspire:Dentures"},{"floor":10.0,"key":"reliquary:SilkGlove"},{"floor":11.0,"key":"Bottled Flame"},{"floor":12.0,"key":"Blood Vial"},{"floor":23,"key":"Ornamental Fan"},{"floor":25,"key":"reliquary:SculptingSteel"},{"floor":26,"key":"Bag of Marbles"},{"floor":26,"key":"conspire:DecoderRing"},{"floor":28,"key":"Calipers"},{"floor":28,"key":"The Courier"},{"floor":29,"key":"MealTicket"},{"floor":39,"key":"hubris:Potato"},{"floor":40,"key":"aspiration:ChemicalBlood"},{"floor":43,"key":"reliquary:TuningFork"},{"floor":43,"key":"reliquary:RoseTintedGlasses"},{"floor":47,"key":"War Paint"},{"floor":54,"key":"hubris:Zylophone"}],"event_choices":[{"damage_healed":0.0,"max_hp_gain":0.0,"max_hp_loss":0.0,"gold_gain":150.0,"event_name":"Liars Game","player_choice":"AGREE","floor":3.0,"gold_loss":0.0,"damage_taken":0.0,"cards_obtained":["Doubt"]},{"damage_healed":0.0,"max_hp_gain":0.0,"max_hp_loss":0.0,"gold_gain":0.0,"event_name":"Big Fish","player_choice":"Box","floor":5.0,"gold_loss":0.0,"damage_taken":0.0,"relics_obtained":["aspiration:Lifesprig"],"cards_obtained":["Regret"]},{"damage_healed":0,"gold_gain":0,"player_choice":"Fight","damage_taken":0,"max_hp_gain":0,"max_hp_loss":0,"event_name":"Colosseum","floor":28,"gold_loss":0},{"damage_healed":0,"gold_gain":0,"player_choice":"Fought Nobs","damage_taken":0,"max_hp_gain":0,"max_hp_loss":0,"event_name":"Colosseum","floor":28,"gold_loss":0},{"damage_healed":0,"gold_gain":0,"player_choice":"Fight","damage_taken":0,"max_hp_gain":0,"max_hp_loss":0,"event_name":"Mysterious Sphere","floor":39,"gold_loss":0}],"is_beta":false,"boss_relics":[{"not_picked":["hubris:HollowSoul","Fusion Hammer"],"picked":"reliquary:RedPaperclip"},{"not_picked":["Astrolabe","Tiny House"],"picked":"reliquary:BigHammer"}],"items_purged_floors":[4,53],"is_endless":false,"potions_floor_spawned":[2,6,13,19,25,27,28,28,29,38,44,47,54],"ascension_level":17}}