{"host":"w2kjv12xyhtt0cv2","time":1614354760,"event":{"mods":["10 clothes from DAL","100% Spire Juice","Act Like it!","BaseMod","Colored Map","Friendly Minions","Gensokyo","GifTheSpireLib","Highlight Path","Hubris","Library of Ruina","Minty Spire (QoL Compilation)","Quick Restart","Relic Stats","Reliquary","Replay The Spire","Ring Of Destiny","Robot Space Explorer","Shop Mod","Spicy Shops","StSLib","The Dragon Tamer","UnlockEverythingMod","Waifu the Spire","[IsaacMod]以撒尖塔","[功能]功能增强和修复MOD","【功能Mod】Neow奖励","【功能Mod】聪明的最终Boss","【遗物卡牌】REMEMod","没有小屋子和绿帽子啦"],"gold_per_floor":[118,118,118,68,0,41,135,171,171,171,210,210,241,241,241,367,367,392,455,92,92,24,24,24],"floor_reached":23,"language":"ZHS","playtime":1210,"items_purged":[],"score":304,"play_id":"9f175c4b-4268-4afe-89c2-0a9e74c98755","local_time":"20210226235240","is_ascension_mode":true,"campfire_choices":[{"data":"RingOfDestiny:Doomsday","floor":10.0,"key":"SMITH"},{"data":"RingOfDestiny:VoodooDoll","floor":12.0,"key":"SMITH"},{"data":"RingOfDestiny:DoomsdayLava","floor":15.0,"key":"SMITH"}],"circlet_count":0,"master_deck":["RingOfDestiny:Defend_SU","RingOfDestiny:Defend_SU","RingOfDestiny:Defend_SU","RingOfDestiny:Strike_SU","RingOfDestiny:MaliciousBarrier","RingOfDestiny:DoomsdayStrike","RingOfDestiny:PowerOfEnvy","RingOfDestiny:VoodooDoll+1","RingOfDestiny:Doomsday+1","RingOfDestiny:DoomsdayLava+1","RingOfDestiny:ScepterOfGluttony","RingOfDestiny:DoomsdayProphecy","RingOfDestiny:DoomsdayProtection","RingOfDestiny:LazyCloak+1"],"relics":["RingOfDestiny:DemonicContract","REME_ComplimentaryCards","HushsDoor","TheBean","Bag of Preparation","Golden Idol","NineVolt","reliquary:Vitrine","BloodDonationMachine","PageOfTheQueenOfHatred","PageOfTheKnightOfDespair","PageOfGreed","hubris:BlackHole","PageOfWrath","PageOfWrath","PageOfGreed","Juzu Bracelet","Sling"],"acts_visited":["Exordium","TheCity"],"potions_floor_usage":[23,23],"damage_taken":[{"damage":0.0,"enemies":"2 Louse","floor":1.0,"turns":1.0},{"damage":0.0,"enemies":"Gremlin Nob","floor":6.0,"turns":2.0},{"damage":1.0,"enemies":"3 Sentries","floor":8.0,"turns":4.0},{"damage":7.0,"enemies":"Lagavulin","floor":11.0,"turns":4.0},{"damage":10.0,"enemies":"Gremlin Nob","floor":13.0,"turns":3.0},{"damage":4.0,"enemies":"Hexaghost","floor":16.0,"turns":7.0},{"damage":0,"enemies":"Chosen","floor":18,"turns":2},{"damage":0,"enemies":"Hiden Room Battle","floor":19,"turns":2},{"damage":61,"enemies":"Slavers","floor":23,"turns":6}],"seed_played":"-9211834416161556468","potions_obtained":[{"floor":1.0,"key":"ColorlessPotion"},{"floor":16.0,"key":"Cursed Concoction"},{"floor":18,"key":"Block Potion"}],"is_trial":false,"path_per_floor":["M","?","?","?","$","E","?","E","T","R","E","R","E","?","R","B",null,"M","?","$","?","$","E"],"character_chosen":"Summoner","items_purchased":["NineVolt","RingOfDestiny:DoomsdayProphecy","FairyPotion","PageOfGreed","Juzu Bracelet","Sling"],"campfire_rested":0,"item_purchase_floors":[5,17,17,20,20,22],"current_hp_per_floor":[79,72,72,72,72,72,72,71,71,71,67,67,59,59,59,62,70,73,62,62,62,62,15,15],"gold":24,"neow_bonus":"RANDOM_COMMON_RELIC","is_daily":false,"chose_seed":false,"campfire_upgraded":3,"win_rate":0.0,"timestamp":1614354760,"path_taken":["M","?","?","?","$","E","?","E","T","R","E","R","E","?","R","BOSS","M","?","$","?","?","E"],"items_purchased_type":["Relic","Card","Potion","Relic","Relic","Relic"],"build_version":"2020-12-22","purchased_purges":0,"victory":false,"max_hp_per_floor":[88,88,81,81,81,81,81,81,81,81,81,81,81,81,81,81,73,73,73,73,73,73,73,73],"relic_stats":{"counters":[10,31],"Golden Idol":91,"Bag of Preparation":[18],"Juzu Bracelet":0,"obtain_stats":[{"KeepersGift":0,"PageOfTheQueenOfHatred":9,"NineVolt":5,"Golden Idol":3,"Bag of Preparation":0,"Juzu Bracelet":20,"RingOfDestiny:DemonicContract":0,"Sling":22,"PageOfGreed":13,"hubris:BlackHole":17,"PageOfWrath":19,"TheBean":0,"PageOfTheKnightOfDespair":11,"reliquary:Vitrine":6,"HushsDoor":0,"REME_ComplimentaryCards":0,"BloodDonationMachine":8},{"KeepersGift":0,"PageOfTheQueenOfHatred":3,"NineVolt":1,"Golden Idol":1,"Bag of Preparation":0,"Juzu Bracelet":8,"RingOfDestiny:DemonicContract":0,"Sling":8,"PageOfGreed":5,"hubris:BlackHole":6,"PageOfWrath":8,"TheBean":0,"PageOfTheKnightOfDespair":4,"reliquary:Vitrine":2,"HushsDoor":0,"REME_ComplimentaryCards":0,"BloodDonationMachine":3},{"KeepersGift":0,"PageOfTheQueenOfHatred":7,"NineVolt":1,"Golden Idol":1,"Bag of Preparation":0,"Juzu Bracelet":25,"RingOfDestiny:DemonicContract":0,"Sling":25,"PageOfGreed":14,"hubris:BlackHole":21,"PageOfWrath":25,"TheBean":0,"PageOfTheKnightOfDespair":11,"reliquary:Vitrine":3,"HushsDoor":0,"REME_ComplimentaryCards":0,"BloodDonationMachine":7}]},"card_choices":[{"not_picked":[],"picked":"Bomb","floor":0.0},{"not_picked":["RingOfDestiny:MaliciousConversion","RingOfDestiny:TemptingFruits"],"picked":"RingOfDestiny:VoodooDoll","floor":1.0},{"not_picked":["RingOfDestiny:TemptingFruits","RingOfDestiny:ManaEnhance"],"picked":"Bomb","floor":6.0},{"not_picked":["RingOfDestiny:DoomsdayStrike","RingOfDestiny:MaliciousErode"],"picked":"RingOfDestiny:Doomsday","floor":7.0},{"not_picked":["RingOfDestiny:SongOfDoomsday","RingOfDestiny:TortureBlade"],"picked":"RingOfDestiny:DoomsdayLava","floor":7.0},{"not_picked":["RingOfDestiny:MaliciousRelease","RingOfDestiny:Demonic","RingOfDestiny:SongOfDoomsday"],"picked":"SKIP","floor":8.0},{"not_picked":["RingOfDestiny:PowerOfGreed","RingOfDestiny:RingOfGreed","RingOfDestiny:TemptingFruits"],"picked":"SKIP","floor":11.0},{"not_picked":["RingOfDestiny:MaliciousFang","RingOfDestiny:Demonic","RingOfDestiny:DemonVanguard"],"picked":"SKIP","floor":13.0},{"not_picked":["RingOfDestiny:ChainBlade","RingOfDestiny:PowerOfWrath"],"picked":"RingOfDestiny:ScepterOfGluttony","floor":16.0},{"not_picked":["RingOfDestiny:MaliciousLeakage+1","RingOfDestiny:MaliciousFang"],"picked":"RingOfDestiny:DoomsdayProtection","floor":18},{"not_picked":["RingOfDestiny:SarcasticSword","RingOfDestiny:DemonVanguard"],"picked":"RingOfDestiny:LazyCloak+1","floor":19}],"player_experience":82404,"relics_obtained":[{"floor":6.0,"key":"reliquary:Vitrine"},{"floor":8.0,"key":"BloodDonationMachine"},{"floor":9.0,"key":"PageOfTheQueenOfHatred"},{"floor":11.0,"key":"PageOfTheKnightOfDespair"},{"floor":13.0,"key":"PageOfGreed"},{"floor":19,"key":"PageOfWrath"},{"floor":19,"key":"PageOfWrath"}],"event_choices":[{"cards_removed":["RingOfDestiny:Strike_SU"],"damage_healed":0.0,"max_hp_gain":0.0,"max_hp_loss":0.0,"gold_gain":0.0,"event_name":"Golden Wing","player_choice":"Card Removal","floor":2.0,"gold_loss":0.0,"damage_taken":7.0},{"damage_healed":0.0,"max_hp_gain":0.0,"max_hp_loss":7.0,"gold_gain":0.0,"event_name":"Golden Idol","player_choice":"Lose Max HP","floor":3.0,"gold_loss":0.0,"damage_taken":0.0,"relics_obtained":["Golden Idol"]},{"cards_removed":["RingOfDestiny:Strike_SU"],"damage_healed":0.0,"max_hp_gain":0.0,"max_hp_loss":0.0,"gold_gain":0.0,"event_name":"The Cleric","player_choice":"Card Removal","floor":4.0,"gold_loss":50.0,"damage_taken":0.0},{"damage_healed":0,"gold_gain":0,"player_choice":"Fight","damage_taken":0,"max_hp_gain":0,"max_hp_loss":0,"event_name":"HidenRoomEvent","floor":19,"gold_loss":0}],"is_beta":false,"boss_relics":[{"not_picked":["Runic Dome","Velvet Choker"],"picked":"hubris:BlackHole"},{"not_picked":[]}],"items_purged_floors":[],"is_endless":false,"potions_floor_spawned":[1,16,18,19],"killed_by":"Slavers","ascension_level":6}}