{"host":"m0bekkrd201b63ug","time":1614306045,"event":{"mods":["AchievementEnabler","BaseMod","Colored Powertips","Highlight Path","Minty Spire (QoL Compilation)","Rare Cards Sparkle","StSLib","SuperFastMode","everything is the same but u backflip on backflip","slay the spire mod where everything is the same but ironclad has a cowboy hat"],"gold_per_floor":[114,114,129,9,23,23,34,63,141,161,6,6,31,49,49,148,148,148,148,39,56,69,69,98,108,108,108,141,41,66,77,77,177,177,193,206,216,228,238,238,263,263,263,263,263,263,70,86,86,86],"floor_reached":51,"language":"ENG","playtime":2418,"items_purged":["Pain","Defend_B","Strike_B"],"score":1168,"play_id":"9dab80f9-4721-4f4e-8225-448d185ab0d9","local_time":"20210225232045","is_ascension_mode":true,"campfire_choices":[{"data":"Defragment","floor":6.0,"key":"SMITH"},{"floor":12.0,"key":"REST"},{"data":"Defragment","floor":15.0,"key":"SMITH"},{"data":"Streamline","floor":23.0,"key":"SMITH"},{"floor":27.0,"key":"REST"},{"data":"Aggregate","floor":32.0,"key":"SMITH"},{"data":"Seek","floor":40.0,"key":"SMITH"},{"floor":42.0,"key":"REST"},{"data":"Hologram","floor":44.0,"key":"SMITH"},{"data":"Coolheaded","floor":46,"key":"SMITH"},{"floor":49,"key":"REST"}],"circlet_count":0,"master_deck":["AscendersBane","Strike_B","Strike_B","Strike_B","Defend_B","Defend_B","Defend_B","Zap","Dualcast","Seek+1","Defragment+1","Redo","Glacier","Coolheaded","Defragment+1","Hologram+1","Echo Form+1","Loop+1","Core Surge","Aggregate+1","Sunder","Streamline+1","Glacier","Ball Lightning","Coolheaded+1","Streamline","Storm+1","Coolheaded+1","Heatsinks+1"],"relics":["Cracked Core","Bird Faced Urn","Frozen Egg 2","ClockworkSouvenir","Dream Catcher","Inserter","WarpedTongs","Juzu Bracelet","Happy Flower","Vajra","Nunchaku","Busted Crown","Darkstone Periapt","Mummified Hand"],"acts_visited":["Exordium","TheCity","TheBeyond"],"potions_floor_usage":[50],"damage_taken":[{"damage":4.0,"enemies":"Small Slimes","floor":1.0,"turns":3.0},{"damage":1.0,"enemies":"Cultist","floor":3.0,"turns":3.0},{"damage":6.0,"enemies":"2 Louse","floor":5.0,"turns":3.0},{"damage":9.0,"enemies":"Lots of Slimes","floor":7.0,"turns":6.0},{"damage":39.0,"enemies":"Gremlin Nob","floor":8.0,"turns":4.0},{"damage":1.0,"enemies":"Exordium Wildlife","floor":10.0,"turns":4.0},{"damage":5.0,"enemies":"3 Sentries","floor":13.0,"turns":10.0},{"damage":6.0,"enemies":"2 Fungi Beasts","floor":14.0,"turns":8.0},{"damage":21.0,"enemies":"The Guardian","floor":16.0,"turns":11.0},{"damage":0.0,"enemies":"3 Byrds","floor":18.0,"turns":1.0},{"damage":3.0,"enemies":"Shell Parasite","floor":21.0,"turns":8.0},{"damage":0.0,"enemies":"Snecko","floor":22.0,"turns":6.0},{"damage":33.0,"enemies":"Gremlin Leader","floor":24.0,"turns":11.0},{"damage":19.0,"enemies":"Shelled Parasite and Fungi","floor":25.0,"turns":9.0},{"damage":27.0,"enemies":"Slavers","floor":28.0,"turns":10.0},{"damage":1.0,"enemies":"Book of Stabbing","floor":30.0,"turns":7.0},{"damage":22.0,"enemies":"Centurion and Healer","floor":31.0,"turns":5.0},{"damage":51.0,"enemies":"Collector","floor":33.0,"turns":12.0},{"damage":5.0,"enemies":"3 Darklings","floor":35.0,"turns":5.0},{"damage":4.0,"enemies":"3 Shapes","floor":36.0,"turns":5.0},{"damage":11.0,"enemies":"Writhing Mass","floor":37.0,"turns":7.0},{"damage":45.0,"enemies":"Jaw Worm Horde","floor":38.0,"turns":5.0},{"damage":5.0,"enemies":"Transient","floor":39.0,"turns":5.0},{"damage":48.0,"enemies":"Reptomancer","floor":41.0,"turns":6.0},{"damage":13,"enemies":"4 Shapes","floor":48,"turns":4},{"damage":38,"enemies":"Awakened One","floor":50,"turns":14}],"seed_played":"-4688719766546054112","potions_obtained":[{"floor":1.0,"key":"SmokeBomb"},{"floor":5.0,"key":"Strength Potion"},{"floor":13.0,"key":"AttackPotion"},{"floor":16.0,"key":"Regen Potion"},{"floor":21.0,"key":"Block Potion"},{"floor":25.0,"key":"FairyPotion"},{"floor":33.0,"key":"PotionOfCapacity"},{"floor":35.0,"key":"DuplicationPotion"},{"floor":48,"key":"PowerPotion"}],"is_trial":false,"path_per_floor":["M","?","M","$","M","R","M","E","T","M","$","R","E","M","R","B",null,"M","?","$","M","M","R","E","M","T","R","E","$","E","M","R","B",null,"M","M","M","M","M","R","E","R","T","R","?","R","$","M","R","B",null],"character_chosen":"DEFECT","items_purchased":["Glacier","Coolheaded","ClockworkSouvenir","Aggregate","Heatsinks+1"],"campfire_rested":4,"item_purchase_floors":[4,4,11,20,47],"current_hp_per_floor":[64,64,63,63,57,57,48,9,9,12,12,34,33,37,37,26,63,65,65,65,70,75,75,48,52,52,74,54,54,61,49,49,8,58,61,65,66,29,34,34,30,52,52,52,52,52,52,53,71,35],"gold":86,"neow_bonus":"ONE_RANDOM_RARE_CARD","is_daily":false,"chose_seed":false,"campfire_upgraded":7,"win_rate":0.0,"timestamp":1614306045,"path_taken":["M","?","?","$","M","R","M","E","T","M","$","R","E","M","R","BOSS","M","?","$","M","M","R","E","M","T","R","E","$","E","M","R","BOSS","M","M","M","M","M","R","E","R","T","R","?","R","$","M","R","BOSS"],"items_purchased_type":["Card","Card","Relic","Card","Card"],"build_version":"2020-12-22","purchased_purges":3,"victory":true,"max_hp_per_floor":[75,75,75,75,75,75,75,75,75,75,75,75,75,75,75,75,75,75,75,75,75,75,75,75,75,75,75,75,75,75,75,75,75,75,75,75,75,75,75,75,75,75,75,75,71,71,71,71,71,71],"card_choices":[{"not_picked":["Stack","Darkness"],"picked":"Defragment","floor":1.0},{"not_picked":["Aggregate","Steam"],"picked":"Redo","floor":3.0},{"not_picked":["Genetic Algorithm","Redo"],"picked":"Defragment","floor":5.0},{"not_picked":["Coolheaded","Skim"],"picked":"Hologram","floor":7.0},{"not_picked":["Tempest","Ball Lightning","Beam Cell"],"picked":"SKIP","floor":8.0},{"not_picked":["Sunder","Double Energy"],"picked":"Echo Form+1","floor":10.0},{"not_picked":["Ball Lightning","Cold Snap"],"picked":"Loop+1","floor":13.0},{"not_picked":["Darkness","Steam","Static Discharge+1"],"picked":"SKIP","floor":14.0},{"not_picked":["Rainbow","Seek"],"picked":"Core Surge","floor":16.0},{"not_picked":["Stack","Compile Driver"],"picked":"Sunder","floor":21.0},{"not_picked":["Ball Lightning","Steam"],"picked":"Streamline","floor":22.0},{"not_picked":["Ball Lightning+1","Aggregate"],"picked":"Glacier","floor":24.0},{"not_picked":["Chaos","Redo+1"],"picked":"Ball Lightning","floor":25.0},{"not_picked":["Cold Snap","Lockon+1"],"picked":"Coolheaded+1","floor":27.0},{"not_picked":["Lockon","Meteor Strike"],"picked":"Streamline","floor":28.0},{"not_picked":["Leap","Streamline","Beam Cell"],"picked":"SKIP","floor":30.0},{"not_picked":["Hologram+1","Chaos"],"picked":"Storm+1","floor":31.0},{"not_picked":[],"picked":"Coolheaded","floor":35.0},{"not_picked":["Coolheaded"],"picked":"SKIP","floor":36.0},{"not_picked":["Fusion+1"],"picked":"SKIP","floor":37.0},{"not_picked":["Lockon"],"picked":"SKIP","floor":38.0},{"not_picked":["Lockon"],"picked":"SKIP","floor":38.0},{"not_picked":["Consume"],"picked":"SKIP","floor":39.0},{"not_picked":["Go for the Eyes"],"picked":"SKIP","floor":41.0},{"not_picked":["Melter"],"picked":"SKIP","floor":48}],"player_experience":309150,"relics_obtained":[{"floor":8.0,"key":"Bird Faced Urn"},{"floor":9.0,"key":"Frozen Egg 2"},{"floor":13.0,"key":"Dream Catcher"},{"floor":24.0,"key":"Juzu Bracelet"},{"floor":26.0,"key":"Happy Flower"},{"floor":28.0,"key":"Vajra"},{"floor":30.0,"key":"Nunchaku"},{"floor":41.0,"key":"Darkstone Periapt"},{"floor":43.0,"key":"Mummified Hand"}],"event_choices":[{"damage_healed":0.0,"max_hp_gain":0.0,"max_hp_loss":0.0,"gold_gain":0.0,"event_name":"The Woman in Blue","player_choice":"Bought 0 Potions","floor":2.0,"gold_loss":0.0,"damage_taken":0.0},{"damage_healed":0.0,"max_hp_gain":0.0,"max_hp_loss":0.0,"gold_gain":0.0,"event_name":"Accursed Blacksmith","player_choice":"Rummage","floor":19.0,"gold_loss":0.0,"damage_taken":0.0,"relics_obtained":["WarpedTongs"],"cards_obtained":["Pain"]},{"damage_healed":0.0,"max_hp_gain":0.0,"max_hp_loss":4.0,"gold_gain":0.0,"event_name":"Winding Halls","player_choice":"Max HP","floor":45.0,"gold_loss":0.0,"damage_taken":0.0}],"is_beta":false,"boss_relics":[{"not_picked":["Ectoplasm","Cursed Key"],"picked":"Inserter"},{"not_picked":["Coffee Dripper","SlaversCollar"],"picked":"Busted Crown"}],"items_purged_floors":[20,29,47],"is_endless":false,"potions_floor_spawned":[1,5,13,14,16,21,22,25,33,35,36,48],"ascension_level":12}}