{"host":"v4pe0ixo3k7iwzp0","time":1614327743,"event":{"mods":["Aya Shameimaru","BaseMod","Bestiary","Highlight Path","KinomotoSakuraMod(????)","Minty Spire (QoL Compilation)","Railgun Mod","StSLib","The Senshi"],"gold_per_floor":[110,130,57,232,232,232,232],"floor_reached":6,"language":"ENG","playtime":3434,"items_purged":[],"score":34,"play_id":"2556795f-3662-4272-b972-d5ba9781f0cb","local_time":"20210226002223","is_ascension_mode":false,"campfire_choices":[],"circlet_count":0,"master_deck":["ClowCardTheSword","ClowCardTheSword","ClowCardTheSword","ClowCardTheSword","ClowCardTheShield","ClowCardTheShield","ClowCardTheShield","ClowCardTheShield","SpellCardSeal","SpellCardRelease","ClowCardTheWatery","ClowCardTheErase","ClowCardTheEarthy","Doubt","Injury"],"relics":["KSMOD_SealedBook","KSMOD_SealedWand","Golden Idol"],"acts_visited":["Exordium"],"potions_floor_usage":[],"damage_taken":[{"damage":0,"enemies":"2 Louse","floor":1,"turns":3},{"damage":14,"enemies":"Small Slimes","floor":2,"turns":4},{"damage":32,"enemies":"Gremlin Nob","floor":6,"turns":5}],"seed_played":"-5953077595016214420","potions_obtained":[{"floor":2,"key":"Ancient Potion"}],"is_trial":false,"path_per_floor":["M","M","$","?","?","E"],"character_chosen":"KINOMOTOSAKURA","items_purchased":["ClowCardTheEarthy"],"campfire_rested":0,"item_purchase_floors":[3],"current_hp_per_floor":[77,63,63,63,63,31,31],"gold":232,"neow_bonus":"TEN_PERCENT_HP_BONUS","is_daily":false,"chose_seed":false,"campfire_upgraded":0,"win_rate":0.0,"timestamp":1614327743,"path_taken":["M","M","$","?","?","E"],"items_purchased_type":["Card"],"build_version":"2020-12-22","purchased_purges":0,"victory":false,"max_hp_per_floor":[77,77,77,77,77,77,77],"card_choices":[{"not_picked":["ClowCardThePower","ClowCardTheVoice"],"picked":"ClowCardTheWatery","floor":1},{"not_picked":["ClowCardTheLoop","ClowCardTheMist"],"picked":"ClowCardTheErase","floor":2}],"player_experience":204892,"relics_obtained":[],"event_choices":[{"damage_healed":0,"gold_gain":175,"player_choice":"AGREE","damage_taken":0,"max_hp_gain":0,"max_hp_loss":0,"event_name":"Liars Game","floor":4,"gold_loss":0,"cards_obtained":["Doubt"]},{"damage_healed":0,"gold_gain":0,"player_choice":"Take Wound","damage_taken":0,"relics_obtained":["Golden Idol"],"max_hp_gain":0,"max_hp_loss":0,"event_name":"Golden Idol","floor":5,"gold_loss":0,"cards_obtained":["Injury"]}],"is_beta":false,"boss_relics":[],"items_purged_floors":[],"is_endless":false,"potions_floor_spawned":[2],"killed_by":"Gremlin Nob","ascension_level":0}}