{"host":"hxbbrccw7ig68b38","time":1614323998,"event":{"mods":["BaseMod","Hermit","Minty Spire (QoL Compilation)","StSLib","The Cursed"],"gold_per_floor":[117,67,67,67,84,84,36,50,97,116,46,46,46,61,61,164,164,179,191,290,305,319,319,319,319,319,319,319],"floor_reached":27,"language":"KOR","playtime":784,"items_purged":[],"score":203,"play_id":"6fe6b0d3-3f43-456a-8da8-503ce0ce0d40","local_time":"20210226161958","is_ascension_mode":false,"campfire_choices":[{"data":"Outmaneuver","floor":6,"key":"SMITH"},{"data":"Poisoned Stab","floor":12,"key":"SMITH"},{"data":"Backflip","floor":15,"key":"SMITH"},{"floor":25,"key":"REST"}],"circlet_count":0,"master_deck":["Strike_G+1","Strike_G","Strike_G","Strike_G","Defend_G","Defend_G+1","Defend_G","Defend_G","Survivor","Neutralize","Crippling Poison+1","Outmaneuver+1","Quick Slash","Bouncing Flask","Bane","Poisoned Stab+1","Backflip+1","Envenom","Deadly Poison+1","Noxious Fumes","Deadly Poison+1","Catalyst","Decay","Heel Hook"],"relics":["Ring of the Snake","MealTicket","Orichalcum","Runic Pyramid","Shuriken"],"acts_visited":["Exordium","TheCity"],"potions_floor_usage":[22],"damage_taken":[{"damage":0,"enemies":"Small Slimes","floor":1,"turns":4},{"damage":0,"enemies":"Jaw Worm","floor":5,"turns":3},{"damage":3,"enemies":"2 Louse","floor":8,"turns":2},{"damage":10,"enemies":"Lots of Slimes","floor":10,"turns":3},{"damage":3,"enemies":"Blue Slaver","floor":14,"turns":2},{"damage":29,"enemies":"The Guardian","floor":16,"turns":8},{"damage":12,"enemies":"3 Byrds","floor":18,"turns":5},{"damage":5,"enemies":"Shell Parasite","floor":19,"turns":5},{"damage":22,"enemies":"Snake Plant","floor":21,"turns":4},{"damage":17,"enemies":"Shelled Parasite and Fungi","floor":22,"turns":4},{"damage":36,"enemies":"Slavers","floor":27,"turns":4}],"seed_played":"4257588559885260462","potions_obtained":[{"floor":10,"key":"Weak Potion"},{"floor":16,"key":"SpeedPotion"},{"floor":19,"key":"FearPotion"},{"floor":21,"key":"BlessingOfTheForge"}],"is_trial":false,"path_per_floor":["M","?","?","?","M","R","$","M","T","M","$","R","?","M","R","B",null,"M","M","?","M","M","?","?","R","T","E"],"character_chosen":"THE_SILENT","items_purchased":["Quick Slash","Poisoned Stab","Backflip"],"campfire_rested":1,"item_purchase_floors":[7,11,11],"current_hp_per_floor":[70,70,56,56,56,56,70,67,67,57,70,70,70,67,67,38,70,58,53,53,31,14,14,14,35,35,0,0],"gold":319,"neow_bonus":"RANDOM_COMMON_RELIC","is_daily":false,"chose_seed":false,"campfire_upgraded":3,"win_rate":0.0,"timestamp":1614323998,"path_taken":["M","?","?","?","M","R","$","?","T","M","$","R","?","M","R","BOSS","M","M","?","M","M","?","?","R","T","E"],"items_purchased_type":["Card","Card","Card"],"build_version":"2020-12-22","purchased_purges":0,"victory":false,"max_hp_per_floor":[70,70,70,70,70,70,70,70,70,70,70,70,70,70,70,70,70,70,70,70,70,70,70,70,70,70,70,70],"card_choices":[{"not_picked":["Underhanded Strike","All Out Attack"],"picked":"Crippling Poison","floor":1},{"not_picked":["Underhanded Strike","Blade Dance"],"picked":"Outmaneuver","floor":5},{"not_picked":["Crippling Poison","Poisoned Stab"],"picked":"Bouncing Flask","floor":8},{"not_picked":["PiercingWail","Acrobatics"],"picked":"Bane","floor":10},{"not_picked":["Underhanded Strike","Blade Dance","Finisher"],"picked":"SKIP","floor":14},{"not_picked":["Storm of Steel","Bullet Time"],"picked":"Envenom","floor":16},{"not_picked":["Dagger Spray","Choke"],"picked":"Deadly Poison+1","floor":18},{"not_picked":["Slice","Underhanded Strike"],"picked":"Noxious Fumes","floor":19},{"not_picked":["Bane+1","Infinite Blades"],"picked":"Deadly Poison+1","floor":21},{"not_picked":["Deadly Poison","Eviscerate"],"picked":"Catalyst","floor":22}],"player_experience":119112,"relics_obtained":[{"floor":9,"key":"Orichalcum"},{"floor":26,"key":"Shuriken"}],"event_choices":[{"cards_removed":["Defend_G"],"damage_healed":0,"gold_gain":0,"player_choice":"Card Removal","damage_taken":0,"max_hp_gain":0,"max_hp_loss":0,"event_name":"The Cleric","floor":2,"gold_loss":50},{"damage_healed":0,"gold_gain":0,"player_choice":"Entered Light","damage_taken":14,"max_hp_gain":0,"max_hp_loss":0,"event_name":"Shining Light","floor":3,"gold_loss":0,"cards_upgraded":["Strike_G","Defend_G"]},{"damage_healed":0,"gold_gain":0,"player_choice":"Upgraded","damage_taken":0,"max_hp_gain":0,"max_hp_loss":0,"event_name":"Upgrade Shrine","floor":4,"gold_loss":0,"cards_upgraded":["Crippling Poison"]},{"damage_healed":0,"gold_gain":0,"player_choice":"Ignored","damage_taken":0,"max_hp_gain":0,"max_hp_loss":0,"event_name":"NoteForYourself","floor":13,"gold_loss":0},{"damage_healed":0,"gold_gain":99,"player_choice":"Stole From Cult","damage_taken":0,"max_hp_gain":0,"max_hp_loss":0,"event_name":"Nest","floor":20,"gold_loss":0},{"damage_healed":0,"gold_gain":0,"player_choice":"Smashed Altar","damage_taken":0,"max_hp_gain":0,"max_hp_loss":0,"event_name":"Forgotten Altar","floor":23,"gold_loss":0,"cards_obtained":["Decay"]},{"damage_healed":0,"gold_gain":0,"cards_transformed":["Strike_G"],"player_choice":"Transformed","damage_taken":0,"max_hp_gain":0,"max_hp_loss":0,"event_name":"Transmorgrifier","floor":24,"gold_loss":0,"cards_obtained":["Heel Hook"]}],"is_beta":false,"boss_relics":[{"not_picked":["Calling Bell","Philosopher\u0027s Stone"],"picked":"Runic Pyramid"}],"items_purged_floors":[],"is_endless":false,"potions_floor_spawned":[10,16,19,21],"killed_by":"Slavers","ascension_level":0}}