{"host":"x1qj4d8ympd5jdqh","time":1614350224,"event":{"mods":["AchievementEnabler","AlwaysNeverKeys","BaseMod","Colored Map","Custom Start","DeckTracker","Highlight Path","Minty Spire (QoL Compilation)","StSLib","SuperFastMode"],"gold_per_floor":[123,151,167,188,69,69,113,113,136,162,145,145,145,145,145,145,145],"floor_reached":16,"language":"KOR","playtime":415,"items_purged":["Strike_G"],"score":204,"play_id":"5bb78138-bf4b-407a-ba37-c287f1c735de","local_time":"20210226233704","is_ascension_mode":true,"campfire_choices":[{"data":"Dagger Spray","floor":6,"key":"SMITH"},{"floor":8,"key":"REST"},{"data":"Neutralize","floor":15,"key":"SMITH"}],"circlet_count":0,"master_deck":["AscendersBane","Strike_G","Strike_G","Strike_G","Defend_G","Defend_G","Defend_G","Defend_G","Defend_G","Survivor","Neutralize+1","Flying Knee","Underhanded Strike","Crippling Poison","Dagger Spray+1","PiercingWail","Caltrops","Blade Dance"],"relics":["Ring of the Snake","CeramicFish","Boot","Juzu Bracelet"],"acts_visited":["Exordium"],"potions_floor_usage":[7,7,16,16],"damage_taken":[{"damage":3,"enemies":"Small Slimes","floor":1,"turns":4},{"damage":2,"enemies":"Jaw Worm","floor":2,"turns":4},{"damage":1,"enemies":"Cultist","floor":3,"turns":3},{"damage":10,"enemies":"Looter","floor":4,"turns":4},{"damage":32,"enemies":"Gremlin Nob","floor":7,"turns":4},{"damage":0,"enemies":"Exordium Wildlife","floor":10,"turns":4},{"damage":13,"enemies":"Exordium Thugs","floor":11,"turns":4},{"damage":10,"enemies":"Hexaghost","floor":16,"turns":6}],"seed_played":"-3157495289964824635","potions_obtained":[{"floor":2,"key":"SkillPotion"},{"floor":4,"key":"Energy Potion"},{"floor":10,"key":"Poison Potion"},{"floor":11,"key":"AttackPotion"}],"is_trial":false,"path_per_floor":["M","M","M","M","$","R","E","R","T","M","M","?","?","?","R","B"],"character_chosen":"THE_SILENT","items_purchased":["Dagger Spray"],"campfire_rested":1,"item_purchase_floors":[5],"current_hp_per_floor":[56,54,53,43,43,43,11,30,30,30,17,17,17,17,17,7,7],"gold":145,"neow_bonus":"RANDOM_COMMON_RELIC","is_daily":false,"chose_seed":false,"campfire_upgraded":2,"win_rate":0.0,"timestamp":1614350224,"path_taken":["M","M","M","M","$","R","E","R","T","M","M","?","?","?","R","BOSS"],"items_purchased_type":["Card"],"build_version":"2020-12-22","purchased_purges":1,"victory":false,"max_hp_per_floor":[66,66,66,66,66,66,66,66,66,66,66,66,66,66,66,66,66],"card_choices":[{"not_picked":["PiercingWail","Prepared"],"picked":"Flying Knee","floor":1},{"not_picked":["Prepared","Slice"],"picked":"Underhanded Strike","floor":2},{"not_picked":["Footwork","Acrobatics","Cloak And Dagger"],"picked":"SKIP","floor":3},{"not_picked":["Footwork","Outmaneuver"],"picked":"Crippling Poison","floor":4},{"not_picked":["Tactician","Backflip"],"picked":"PiercingWail","floor":7},{"not_picked":["Accuracy","Acrobatics"],"picked":"Caltrops","floor":10},{"not_picked":["Dodge and Roll","Masterful Stab"],"picked":"Blade Dance","floor":11}],"player_experience":1338468,"relics_obtained":[{"floor":7,"key":"Boot"},{"floor":9,"key":"Juzu Bracelet"}],"event_choices":[{"damage_healed":0,"gold_gain":0,"player_choice":"Ignored","damage_taken":0,"max_hp_gain":0,"max_hp_loss":0,"event_name":"Liars Game","floor":12,"gold_loss":0},{"damage_healed":0,"gold_gain":0,"player_choice":"Fled","damage_taken":0,"max_hp_gain":0,"max_hp_loss":0,"event_name":"Scrap Ooze","floor":13,"gold_loss":0},{"cards_removed":["Strike_G"],"damage_healed":0,"gold_gain":0,"player_choice":"Purged","damage_taken":0,"max_hp_gain":0,"max_hp_loss":0,"event_name":"Purifier","floor":14,"gold_loss":0}],"is_beta":false,"boss_relics":[],"items_purged_floors":[5],"is_endless":false,"potions_floor_spawned":[2,4,10,11],"killed_by":"Hexaghost","ascension_level":20}}