{"host":"bnbc66jny2i0hx0x","time":1614314830,"event":{"mods":["AchievementEnabler","BaseMod","Minty Spire (QoL Compilation)","Relic Sorter","StSLib"],"gold_per_floor":[163,163,15,25,25,25,36,61,84,94,94,94,119,146,146,220,220,232,232,266,284,130,130],"floor_reached":22,"language":"ENG","playtime":770,"items_purged":["Regret"],"score":336,"play_id":"2df35f51-2d24-4663-b6a5-0b68fcd93058","local_time":"20210225204710","is_ascension_mode":true,"campfire_choices":[{"floor":6,"key":"REST"},{"data":"Defragment","floor":11,"key":"SMITH"},{"data":"Loop","floor":15,"key":"SMITH"}],"circlet_count":0,"master_deck":["AscendersBane","Strike_B","Defend_B+1","Defend_B","Defend_B+1","Defend_B+1","Zap","Dualcast","Ball Lightning","Ball Lightning","Defragment+1","Loop+1","Self Repair","Cold Snap","Biased Cognition","Redo+1","Tempest+1","BootSequence+1","Sunder+1","Decay"],"relics":["Tiny House","Nunchaku","Mercury Hourglass","Calipers","Akabeko","War Paint","Odd Mushroom","Astrolabe","Red Mask","Orrery"],"acts_visited":["Exordium","TheCity"],"potions_floor_usage":[8,13,20],"damage_taken":[{"damage":8,"enemies":"2 Louse","floor":1,"turns":3},{"damage":0,"enemies":"Jaw Worm","floor":4,"turns":3},{"damage":1,"enemies":"Small Slimes","floor":7,"turns":2},{"damage":8,"enemies":"Lagavulin","floor":8,"turns":6},{"damage":11,"enemies":"Looter","floor":10,"turns":3},{"damage":7,"enemies":"Gremlin Nob","floor":13,"turns":3},{"damage":6,"enemies":"The Mushroom Lair","floor":14,"turns":4},{"damage":9,"enemies":"The Guardian","floor":16,"turns":7},{"damage":11,"enemies":"Spheric Guardian","floor":18,"turns":4},{"damage":23,"enemies":"Masked Bandits","floor":20,"turns":4},{"damage":18,"enemies":"Shell Parasite","floor":21,"turns":4}],"seed_played":"-468806319735744732","potions_obtained":[{"floor":0,"key":"AttackPotion"},{"floor":1,"key":"AttackPotion"},{"floor":13,"key":"PowerPotion"},{"floor":16,"key":"Dexterity Potion"},{"floor":18,"key":"AttackPotion"}],"is_trial":false,"path_per_floor":["M","?","$","M","?","R","M","E","T","M","R","$","E","?","R","B",null,"M","?","?","M","$"],"character_chosen":"DEFECT","items_purchased":["Defragment","Orrery"],"campfire_rested":1,"item_purchase_floors":[3,22],"current_hp_per_floor":[61,61,61,61,35,57,56,48,48,44,44,44,44,38,38,36,66,62,62,46,28,28,28],"gold":130,"neow_bonus":"BOSS_RELIC","is_daily":false,"chose_seed":false,"campfire_upgraded":2,"win_rate":0.0,"timestamp":1614314830,"path_taken":["M","?","$","M","?","R","M","E","T","M","R","$","E","?","R","BOSS","M","?","?","M","$"],"items_purchased_type":["Card","Relic"],"build_version":"2020-12-22","purchased_purges":1,"victory":false,"max_hp_per_floor":[76,76,76,76,76,76,76,76,76,76,76,76,76,76,76,76,76,76,76,76,76,76,76],"card_choices":[{"not_picked":["Recycle","Steam"],"picked":"Ball Lightning","floor":0},{"not_picked":["Skim","Static Discharge"],"picked":"Ball Lightning","floor":1},{"not_picked":["Scrape","Recycle","Sweeping Beam"],"picked":"SKIP","floor":4},{"not_picked":["Turbo","White Noise"],"picked":"Loop","floor":7},{"not_picked":["Steam Power","Turbo"],"picked":"Self Repair","floor":8},{"not_picked":["Hologram","Skim","Redo"],"picked":"SKIP","floor":10},{"not_picked":["Gash","Multi-Cast"],"picked":"Cold Snap","floor":13},{"not_picked":["Hyperbeam","Rainbow"],"picked":"Biased Cognition","floor":16},{"not_picked":["Stack","Steam"],"picked":"Sunder+1","floor":18},{"not_picked":["Rebound","Ball Lightning","Reinforced Body"],"picked":"SKIP","floor":21}],"player_experience":1287286,"relics_obtained":[{"floor":8,"key":"Calipers"},{"floor":9,"key":"Akabeko"},{"floor":13,"key":"War Paint"},{"floor":14,"key":"Odd Mushroom"},{"floor":20,"key":"Red Mask"}],"event_choices":[{"damage_healed":0,"gold_gain":0,"player_choice":"Box","damage_taken":0,"relics_obtained":["Nunchaku"],"max_hp_gain":0,"max_hp_loss":0,"event_name":"Big Fish","floor":2,"gold_loss":0,"cards_obtained":["Regret"]},{"damage_healed":0,"gold_gain":0,"player_choice":"Success","damage_taken":26,"relics_obtained":["Mercury Hourglass"],"max_hp_gain":0,"max_hp_loss":0,"event_name":"Scrap Ooze","floor":5,"gold_loss":0},{"damage_healed":0,"gold_gain":0,"player_choice":"Fought Mushrooms","damage_taken":0,"max_hp_gain":0,"max_hp_loss":0,"event_name":"Mushrooms","floor":14,"gold_loss":0},{"damage_healed":0,"gold_gain":0,"player_choice":"Smashed Altar","damage_taken":0,"max_hp_gain":0,"max_hp_loss":0,"event_name":"Forgotten Altar","floor":19,"gold_loss":0,"cards_obtained":["Decay"]},{"damage_healed":0,"gold_gain":0,"player_choice":"Fought Bandits","damage_taken":0,"max_hp_gain":0,"max_hp_loss":0,"event_name":"Masked Bandits","floor":20,"gold_loss":0}],"is_beta":false,"boss_relics":[{"not_picked":["Busted Crown","Coffee Dripper"],"picked":"Astrolabe"}],"items_purged_floors":[3],"is_endless":false,"potions_floor_spawned":[1,7,13,16,18],"ascension_level":15}}