{"host":"hbrjinenk1akq1dy","time":1614325116,"event":{"mods":["AchievementEnabler","BaseMod","Bestiary","Colored Map","Colored Powertips","Curses Come First","Highlight Path","Minty Spire (QoL Compilation)","Permanent Neow","Quick Restart","StSLib","SuperFastMode"],"gold_per_floor":[362,78,78,91,104,135,135,152,205,255,283,283,295,328,328,406,406,423,406,29,40,59,84,84,96,96,125,125,50,50,50],"floor_reached":30,"language":"ENG","playtime":1375,"items_purged":["Strike_R","Defend_R"],"score":558,"play_id":"3d599118-db70-4175-a564-261f14d0efc7","local_time":"20210226153836","is_ascension_mode":true,"campfire_choices":[{"floor":7.0,"key":"REST"},{"floor":12.0,"key":"REST"},{"floor":15.0,"key":"REST"},{"floor":24.0,"key":"REST"}],"circlet_count":0,"master_deck":["AscendersBane","Defend_R","Defend_R","Bash","Twin Strike","Hemokinesis","Pommel Strike","Shrug It Off","Demon Form","Shrug It Off","Battle Trance","Brutality","Impervious","Clothesline+1","Shrug It Off","Shrug It Off+1","Flame Barrier","Ghostly Armor+1","Bite","Bite","Bite","Bite","Bite"],"relics":["Burning Blood","Dream Catcher","Ornamental Fan","Ancient Tea Set","Anchor","Lantern","Philosopher\u0027s Stone","Singing Bowl","Toy Ornithopter","StrikeDummy","Shuriken"],"acts_visited":["Exordium","TheCity"],"potions_floor_usage":[30],"damage_taken":[{"damage":10.0,"enemies":"Small Slimes","floor":1.0,"turns":5.0},{"damage":10.0,"enemies":"Cultist","floor":4.0,"turns":5.0},{"damage":9.0,"enemies":"2 Louse","floor":5.0,"turns":4.0},{"damage":34.0,"enemies":"Gremlin Nob","floor":6.0,"turns":4.0},{"damage":22.0,"enemies":"Lots of Slimes","floor":8.0,"turns":5.0},{"damage":19.0,"enemies":"3 Sentries","floor":11.0,"turns":7.0},{"damage":0.0,"enemies":"Looter","floor":13.0,"turns":3.0},{"damage":21.0,"enemies":"Lagavulin","floor":14.0,"turns":6.0},{"damage":19.0,"enemies":"The Guardian","floor":16.0,"turns":10.0},{"damage":11.0,"enemies":"3 Byrds","floor":18.0,"turns":5.0},{"damage":2.0,"enemies":"2 Thieves","floor":19.0,"turns":4.0},{"damage":6.0,"enemies":"Snecko","floor":21.0,"turns":5.0},{"damage":20.0,"enemies":"3 Cultists","floor":22.0,"turns":5.0},{"damage":45.0,"enemies":"Slavers","floor":23.0,"turns":9.0},{"damage":14.0,"enemies":"Shelled Parasite and Fungi","floor":25.0,"turns":5.0},{"damage":20.0,"enemies":"Book of Stabbing","floor":27.0,"turns":4.0},{"damage":54,"enemies":"Gremlin Leader","floor":30,"turns":4}],"seed_played":"5965605249568810843","potions_obtained":[{"floor":8.0,"key":"Fruit Juice"},{"floor":13.0,"key":"AttackPotion"},{"floor":14.0,"key":"Swift Potion"},{"floor":18.0,"key":"ColorlessPotion"},{"floor":23.0,"key":"Block Potion"},{"floor":25.0,"key":"DuplicationPotion"},{"floor":27.0,"key":"Block Potion"}],"is_trial":false,"path_per_floor":["M","$","?","M","M","E","R","M","T","?","E","R","M","E","R","B",null,"M","M","$","M","M","E","R","M","T","E","?","?","E"],"character_chosen":"IRONCLAD","items_purchased":["Dream Catcher","PowerPotion","Singing Bowl","Shrug It Off"],"campfire_rested":4,"item_purchase_floors":[2,2,20,20],"current_hp_per_floor":[46,46,46,42,39,11,33,22,22,22,9,33,39,24,48,35,69,64,68,68,70,58,19,44,43,43,34,34,34,0,0],"gold":50,"neow_bonus":"TWO_FIFTY_GOLD","is_daily":false,"chose_seed":false,"campfire_upgraded":0,"win_rate":0.0,"timestamp":1614325116,"path_taken":["M","$","?","M","?","E","R","M","T","?","E","R","M","E","R","BOSS","M","?","$","M","M","E","R","M","T","E","?","?","E"],"items_purchased_type":["Relic","Potion","Relic","Card"],"build_version":"2020-12-22","purchased_purges":2,"victory":false,"max_hp_per_floor":[75,75,75,75,75,75,75,80,80,80,80,80,80,80,80,80,80,80,80,80,82,84,84,84,86,86,86,60,60,60,60],"card_choices":[{"not_picked":["Wild Strike","Body Slam"],"picked":"Twin Strike","floor":1.0},{"not_picked":["Dark Embrace","Heavy Blade"],"picked":"Hemokinesis","floor":4.0},{"not_picked":["True Grit","Warcry"],"picked":"Pommel Strike","floor":5.0},{"not_picked":["Clash","Armaments"],"picked":"Shrug It Off","floor":6.0},{"not_picked":["Pommel Strike","True Grit"],"picked":"Demon Form","floor":7.0},{"not_picked":["Pommel Strike","Armaments"],"picked":"Shrug It Off","floor":8.0},{"not_picked":["Juggernaut","Thunderclap"],"picked":"Battle Trance","floor":11.0},{"not_picked":["Thunderclap","Clash","Headbutt"],"picked":"SKIP","floor":13.0},{"not_picked":["Sentinel","Twin Strike","Dark Embrace"],"picked":"SKIP","floor":14.0},{"not_picked":["Iron Wave","Havoc"],"picked":"Brutality","floor":15.0},{"not_picked":["Demon Form","Fiend Fire"],"picked":"Impervious","floor":16.0},{"not_picked":["Intimidate","Flex","Thunderclap"],"picked":"SKIP","floor":18.0},{"not_picked":["Feel No Pain","Dark Embrace"],"picked":"Clothesline+1","floor":19.0},{"not_picked":["Rampage","Searing Blow","Wild Strike"],"picked":"Singing Bowl","floor":21.0},{"not_picked":["Iron Wave","Body Slam","Power Through"],"picked":"Singing Bowl","floor":22.0},{"not_picked":["Infernal Blade","Juggernaut"],"picked":"Shrug It Off+1","floor":23.0},{"not_picked":["Bloodletting","Seeing Red"],"picked":"Flame Barrier","floor":24.0},{"not_picked":["Wild Strike","Dual Wield","Armaments"],"picked":"Singing Bowl","floor":25.0},{"not_picked":["Perfected Strike+1","Anger"],"picked":"Ghostly Armor+1","floor":27.0}],"player_experience":292438,"relics_obtained":[{"floor":6.0,"key":"Ornamental Fan"},{"floor":9.0,"key":"Ancient Tea Set"},{"floor":11.0,"key":"Anchor"},{"floor":14.0,"key":"Lantern"},{"floor":23.0,"key":"Toy Ornithopter"},{"floor":26.0,"key":"StrikeDummy"},{"floor":27.0,"key":"Shuriken"}],"event_choices":[{"cards_removed":["Strike_R"],"damage_healed":0.0,"max_hp_gain":0.0,"max_hp_loss":0.0,"gold_gain":0.0,"event_name":"Purifier","player_choice":"Purged","floor":3.0,"gold_loss":0.0,"damage_taken":0.0},{"damage_healed":0.0,"max_hp_gain":0.0,"max_hp_loss":0.0,"gold_gain":50.0,"event_name":"Golden Shrine","player_choice":"Pray","floor":10.0,"gold_loss":0.0,"damage_taken":0.0},{"damage_healed":0.0,"max_hp_gain":0.0,"max_hp_loss":26.0,"gold_gain":0.0,"event_name":"Vampires","player_choice":"Became a vampire","floor":28.0,"gold_loss":0.0,"damage_taken":0.0,"cards_obtained":["Bite","Bite","Bite","Bite","Bite"]},{"cards_removed":["Defend_R"],"damage_healed":0.0,"max_hp_gain":0.0,"max_hp_loss":0.0,"gold_gain":0.0,"event_name":"Beggar","player_choice":"Gave Gold","floor":29.0,"gold_loss":75.0,"damage_taken":0.0}],"is_beta":false,"boss_relics":[{"not_picked":["Runic Dome","SlaversCollar"],"picked":"Philosopher\u0027s Stone"}],"items_purged_floors":[2,20],"is_endless":false,"potions_floor_spawned":[8,13,14,16,18,23,25,27],"killed_by":"Gremlin Leader","ascension_level":15}}