{"host":"f5pfdf07lxwkzoqo","time":1614299007,"event":{"mods":["Act Like it!","Aspiration","BaseMod","BetterRewards","Colored Powertips","Conspire","Downfall","Duelist Mod","GifTheSpireLib","GungeonMod","Hallownest","Highlight Path","Hubris","Jorbs\u0027s Wanderer Trilogy","Minty Spire (QoL Compilation)","Rare Cards Sparkle","StSLib","The Animator"],"gold_per_floor":[123,134,134,150,178,178,204,234,234,244,66,121,137,164,164,265,265,285,304,320,332,351,381,396,432,456,456,474,506,506,539,539,635,635,647,140,140,166,184,216,216,245,314,314,314,356,437,459,459,463,463,463,95,134,134],"floor_reached":56,"language":"ENG","playtime":10342,"items_purged":[],"score":1597,"play_id":"93e0d80d-a512-4eda-a7ed-85186e304961","local_time":"20210226002327","is_ascension_mode":true,"campfire_choices":[{"floor":6.0,"key":"RECALL"},{"data":"animator:Lelouch","floor":15.0,"key":"SMITH"},{"data":"animator:Hans","floor":32,"key":"SMITH"},{"floor":41,"key":"REST"},{"floor":45,"key":"REST"},{"floor":49,"key":"REST"},{"floor":52,"key":"REST"}],"circlet_count":0,"master_deck":["animator:Shinoa","animator:Mikaela","animator:Yoichi","Thunderclap","animator:Witch+1","animator:Mitsuba","animator:FeridBathory","animator:Rena","animator:Boros","animator:Lelouch+1","animator:KrulTepes","animator:SilverFang+1","animator:Darkness","animator:AcuraShin","animator:SilverFang","animator:DwarfShaman","animator:YunYun","animator:Elesis","animator:GoblinSlayer","animator:SakuraMatou","animator:Elsword","animator:Tatsumaki+1","animator:Tatsumaki","animator:Eve","animator:GuildGirl","animator:Tatsumaki","animator:Witch","animator:MetalKnight+1","animator:Geryuganshoop","animator:Layla+1","animator:Shigure","J.A.X.","animator:Hans+1","animator:GoblinSlayer","animator:Eris","animator:FeridBathory","animator:Mitsurugi","animator:Aqua+1","animator:Layla","animator:AcuraShin","animator:Darkness+1","animator:Kira","animator:Hibiki","animator:LimeBell","animator:ShinjiMatou+1","Parasite","animator:Lancer","hubris:NaturalOne","animator:Yoichi","animator:Lelouch","animator:Sonic+1"],"relics":["animator:LivingPicture","animator:TheMissingPiece","DemoMod:DecoyRelic","hubris:DeckOfHolding","Blood Vial","DemoMod:BlueGuonStone","Blood Vial","Pandora\u0027s Box","Question Card","Juzu Bracelet","DemoMod:PoisonVial","hubris:TenFootPole","aspiration:FrozenJewel","Fusion Hammer","animator:WornHelmet","aspiration:Nostalgia","Slimebound:AbsorbEndCombat","hubris:Icosahedron","Darkstone Periapt","Oddly Smooth Stone","conspire:Dentures","Ginger","conspire:Flyswatter","War Paint","animator:OldCoffin","Frozen Eye","DemoMod:Orange"],"acts_visited":["Exordium","TheCity","TheBeyond","TheEnding"],"potions_floor_usage":[31,31,33,40,40,40,42,42,46,46,46,50,54,55],"damage_taken":[{"damage":0.0,"enemies":"Small Slimes","floor":1.0,"turns":4.0},{"damage":0.0,"enemies":"Cultist","floor":2.0,"turns":4.0},{"damage":0.0,"enemies":"Jaw Worm","floor":4.0,"turns":4.0},{"damage":0.0,"enemies":"Large Slime","floor":5.0,"turns":10.0},{"damage":3.0,"enemies":"Lagavulin","floor":7.0,"turns":5.0},{"damage":9.0,"enemies":"2 Fungi Beasts","floor":8.0,"turns":4.0},{"damage":4.0,"enemies":"Blue Slaver","floor":10.0,"turns":6.0},{"damage":0.0,"enemies":"3 Sentries","floor":12.0,"turns":9.0},{"damage":7.0,"enemies":"3 Louse","floor":13.0,"turns":4.0},{"damage":0.0,"enemies":"Lagavulin","floor":14.0,"turns":8.0},{"damage":30.0,"enemies":"The Guardian","floor":16.0,"turns":16.0},{"damage":0.0,"enemies":"Chosen","floor":18.0,"turns":5.0},{"damage":8.0,"enemies":"Spheric Guardian","floor":19.0,"turns":4.0},{"damage":11.0,"enemies":"conspire:HollyBat","floor":20.0,"turns":14.0},{"damage":13.0,"enemies":"3 Cultists","floor":21.0,"turns":4.0},{"damage":12.0,"enemies":"Chosen and Byrds","floor":22.0,"turns":5.0},{"damage":27.0,"enemies":"conspire:Head Lice","floor":23.0,"turns":7.0},{"damage":11.0,"enemies":"Snecko","floor":24.0,"turns":6.0},{"damage":8.0,"enemies":"theDuelist:KaibaA2","floor":25.0,"turns":6.0},{"damage":0.0,"enemies":"conspire:HollyBat","floor":28.0,"turns":9.0},{"damage":8.0,"enemies":"animator:HornedBat","floor":29.0,"turns":6.0},{"damage":3,"enemies":"theDuelist:KaibaA2","floor":31,"turns":5},{"damage":37,"enemies":"hubris:MusketHawk","floor":33,"turns":9},{"damage":5,"enemies":"3 Shapes","floor":35,"turns":4},{"damage":3,"enemies":"3 Darklings","floor":38,"turns":5},{"damage":25,"enemies":"4 Shapes","floor":39,"turns":6},{"damage":52,"enemies":"Reptomancer","floor":40,"turns":8},{"damage":0,"enemies":"Nemesis","floor":42,"turns":7},{"damage":27,"enemies":"Reptomancer","floor":46,"turns":6},{"damage":6,"enemies":"Writhing Mass","floor":48,"turns":6},{"damage":67,"enemies":"Awakened One","floor":50,"turns":13},{"damage":19,"enemies":"Shield and Spear","floor":54,"turns":7},{"damage":86,"enemies":"The Heart","floor":55,"turns":9}],"seed_played":"6458837880942851495","potions_obtained":[{"floor":1.0,"key":"Strength Potion"},{"floor":4.0,"key":"Strength Potion"},{"floor":7.0,"key":"Regen Potion"},{"floor":8.0,"key":"SpeedPotion"},{"floor":10.0,"key":"DemoMod:LeadSkinPotion"},{"floor":16.0,"key":"Explosive Potion"},{"floor":19.0,"key":"LiquidBronze"},{"floor":24.0,"key":"Energy Potion"},{"floor":31,"key":"DistilledChaos"},{"floor":35,"key":"SpeedPotion"},{"floor":40,"key":"sneckomod:MuddlingPotion"},{"floor":46,"key":"Explosive Potion"}],"is_trial":false,"path_per_floor":["M","M","?","M","M","R","E","M","T","M","$","E","M","E","R","B",null,"M","M","M","M","M","E","M","E","T","?","M","E","?","E","R","B",null,"M","$","?","M","M","E","R","E","T","?","R","E","T","M","R","B",null,"R","$","E","B",null],"character_chosen":"THE_ANIMATOR","items_purchased":["animator:Lelouch","animator:WornHelmet","animator:FeridBathory","aspiration:Nostalgia","animator:Mitsurugi","War Paint","animator:Yoichi","animator:Lelouch","animator:OldCoffin","Frozen Eye"],"campfire_rested":4,"item_purchase_floors":[11,36,36,36,36,53,53,53,53,53],"current_hp_per_floor":[72,73,73,73,73,73,71,62,62,58,58,64,60,66,66,44,74,74,66,64,60,58,40,33,29,29,29,63,61,61,65,65,32,77,72,72,72,73,53,22,46,56,56,51,75,60,60,68,94,39,100,100,100,98,25],"gold":134,"neow_bonus":"TEN_PERCENT_HP_BONUS","is_daily":false,"chose_seed":false,"campfire_upgraded":2,"win_rate":0.0,"timestamp":1614299007,"path_taken":["M","M","?","M","M","R","E","M","T","M","$","E","M","E","R","BOSS","M","M","?","M","M","E","M","E","T","?","M","E","?","E","R","BOSS","M","$","?","M","M","E","R","E","T","?","R","E","?","M","R","BOSS","R","$","E","BOSS"],"items_purchased_type":["Card","Relic","Card","Relic","Card","Relic","Card","Card","Relic","Relic"],"build_version":"2020-12-22","purchased_purges":0,"victory":true,"max_hp_per_floor":[72,73,73,73,73,73,74,74,74,74,74,74,74,74,74,74,74,74,74,75,75,75,75,75,75,75,75,75,77,77,77,77,77,77,77,77,77,77,77,82,82,82,82,82,82,87,87,94,94,100,100,100,100,112,112],"card_choices":[{"not_picked":["animator:Kazuma","animator:Ara"],"picked":"animator:CrowleyEusford","floor":1.0},{"not_picked":["animator:Genos","animator:AcuraTooru"],"picked":"animator:Yoichi","floor":2.0},{"not_picked":["animator:CowGirl","animator:Illya"],"picked":"animator:Witch","floor":4.0},{"not_picked":["animator:Shinoa","animator:Mikaela"],"picked":"animator:Mitsuba","floor":5.0},{"not_picked":["animator:Melzalgald","animator:Illya"],"picked":"animator:FeridBathory","floor":7.0},{"not_picked":["animator:Elsword","animator:Ara"],"picked":"animator:Rena","floor":8.0},{"not_picked":["animator:Genos","animator:SilverFang"],"picked":"animator:Boros","floor":10.0},{"not_picked":["animator:Shigure","animator:Mikaela"],"picked":"animator:KrulTepes","floor":12.0},{"not_picked":["animator:SakuraMatou","animator:Ain"],"picked":"animator:SilverFang","floor":13.0},{"not_picked":["animator:SakuraMatou","animator:Guy"],"picked":"animator:Darkness","floor":14.0},{"not_picked":["animator:Eris","animator:Eve"],"picked":"animator:AcuraShin","floor":16.0},{"not_picked":["animator:HighElfArcher","animator:Ciel"],"picked":"animator:Tatsumaki+1","floor":18.0},{"not_picked":["animator:Genos","animator:MetalKnight"],"picked":"animator:Tatsumaki","floor":19.0},{"not_picked":["animator:Archer","animator:Tatsumaki+1"],"picked":"animator:Eve","floor":20.0},{"not_picked":["animator:Add","animator:Witch"],"picked":"animator:GuildGirl","floor":21.0},{"not_picked":["animator:Illya+1","animator:GuildGirl"],"picked":"animator:Tatsumaki","floor":22.0},{"not_picked":["animator:LizardPriest","animator:HighElfArcher"],"picked":"animator:Witch","floor":23.0},{"not_picked":["animator:Mikaela","animator:Aisha+1","animator:Raven"],"picked":"animator:MetalKnight+1","floor":24.0},{"not_picked":["animator:Gillette","animator:Berserker+1","animator:Elsword"],"picked":"animator:Geryuganshoop","floor":25.0},{"not_picked":["animator:DwarfShaman","animator:Guren","animator:EmiyaShirou"],"picked":"animator:Layla+1","floor":28.0},{"not_picked":["animator:Shinoa","animator:Mitsuba","animator:Mikaela"],"picked":"animator:Shigure","floor":29.0},{"not_picked":["animator:Eve","animator:Darkness+1","animator:MumenRider"],"picked":"animator:Hans","floor":31},{"not_picked":["animator:SwordMaiden","animator:Eve","animator:Guren"],"picked":"animator:GoblinSlayer","floor":33},{"not_picked":["animator:DwarfShaman","animator:Shigure+1","animator:Shinoa+1"],"picked":"animator:Eris","floor":35},{"not_picked":["animator:Vanir","animator:Rena","animator:SakuraMatou+1"],"picked":"animator:Aqua+1","floor":38},{"not_picked":["animator:ChaikaBohdan","animator:Gillette","animator:AcuraAkari"],"picked":"animator:Layla","floor":39},{"not_picked":["animator:Illya","animator:Mikaela+1","animator:Sonic"],"picked":"animator:AcuraShin","floor":40},{"not_picked":["animator:KrulTepes+1","animator:Shigure","animator:AcuraAkari"],"picked":"animator:Darkness+1","floor":42},{"not_picked":["animator:QuestionMark","animator:Emilia","animator:TakanashiRikka"],"picked":"animator:Kira","floor":44},{"not_picked":["animator:Patchouli","animator:Kira","animator:TanyaDegurechaff"],"picked":"animator:Hibiki","floor":44},{"not_picked":["animator:MisakiNakahara","animator:Urushihara","animator:NononJakuzure"],"picked":"animator:LimeBell","floor":44},{"not_picked":["animator:Yoichi+1","animator:SilverFang+1","animator:HighElfArcher"],"picked":"animator:ShinjiMatou+1","floor":46},{"not_picked":["animator:ShinjiMatou","animator:Illya","animator:Caster"],"picked":"animator:Lancer","floor":48},{"not_picked":["animator:RinTohsaka+1","animator:Laby","animator:AcuraAkari+1"],"picked":"animator:Sonic+1","floor":54}],"player_experience":561106,"relics_obtained":[{"floor":7.0,"key":"DemoMod:DecoyRelic"},{"floor":12.0,"key":"hubris:DeckOfHolding"},{"floor":14.0,"key":"Blood Vial"},{"floor":14.0,"key":"DemoMod:BlueGuonStone"},{"floor":16.0,"key":"Blood Vial"},{"floor":23.0,"key":"Question Card"},{"floor":25.0,"key":"Juzu Bracelet"},{"floor":26.0,"key":"DemoMod:PoisonVial"},{"floor":29.0,"key":"hubris:TenFootPole"},{"floor":31,"key":"aspiration:FrozenJewel"},{"floor":40,"key":"Darkstone Periapt"},{"floor":42,"key":"Oddly Smooth Stone"},{"floor":43,"key":"conspire:Dentures"},{"floor":46,"key":"Ginger"},{"floor":47,"key":"conspire:Flyswatter"},{"floor":54,"key":"DemoMod:Orange"}],"event_choices":[{"cards_removed":["animator:CrowleyEusford"],"damage_healed":0.0,"max_hp_gain":0.0,"max_hp_loss":0.0,"gold_gain":0.0,"event_name":"NoteForYourself","player_choice":"Took Card","floor":3.0,"gold_loss":0.0,"damage_taken":0.0,"cards_obtained":["Thunderclap"]},{"cards_removed":["animator:Berserker"],"damage_healed":0.0,"max_hp_gain":0.0,"max_hp_loss":0.0,"gold_gain":0.0,"event_name":"Back to Basics","player_choice":"Elegance","floor":27.0,"gold_loss":0.0,"damage_taken":0.0},{"damage_healed":0.0,"max_hp_gain":0.0,"max_hp_loss":0.0,"gold_gain":0.0,"event_name":"Drug Dealer","player_choice":"Obtain J.A.X.","floor":30.0,"gold_loss":0.0,"damage_taken":0.0,"cards_obtained":["J.A.X."]},{"damage_healed":0,"gold_gain":0,"player_choice":"Memory 3","damage_taken":10,"max_hp_gain":0,"max_hp_loss":0,"event_name":"SensoryStone","floor":44,"gold_loss":0}],"is_beta":false,"boss_relics":[{"not_picked":["Sozu","SacredBark"],"picked":"Pandora\u0027s Box"},{"not_picked":["hubris:HollowSoul","Astrolabe"],"picked":"Fusion Hammer"}],"items_purged_floors":[],"is_endless":false,"potions_floor_spawned":[1,4,7,8,10,16,19,20,24,31,35,40,46],"ascension_level":1}}