{"host":"wrdw6zkxuilnr6rg","time":1614352795,"event":{"mods":["BaseMod","Colored Powertips","Highlight Path","Minty Spire (QoL Compilation)","Relic Stats","StSLib"],"gold_per_floor":[117,117,131,146,246,246,276,276,276,276,290,317,333,333,333,429,429,354,354,354,354,354,354,354,354,354,354,279,279,279,83,83,83,83,83,83,83,83,83,83,83,83,83,83,83,83,83,83,83,83,83,83,11,11,11,11],"floor_reached":55,"language":"ENG","playtime":2200,"items_purged":["Strike_B"],"score":775,"play_id":"8d9b45ea-a513-49e5-93f9-1e0a52ab85f7","local_time":"20210226181955","is_ascension_mode":false,"campfire_choices":[{"data":"Zap","floor":6.0,"key":"SMITH"},{"data":"Defragment","floor":8.0,"key":"SMITH"},{"data":"Dualcast","floor":10.0,"key":"SMITH"},{"data":"Sweeping Beam","floor":15.0,"key":"SMITH"},{"data":"Self Repair","floor":23.0,"key":"SMITH"},{"data":"Biased Cognition","floor":25.0,"key":"SMITH"},{"data":"Ball Lightning","floor":27.0,"key":"SMITH"},{"data":"Dark Shackles","floor":32.0,"key":"SMITH"},{"floor":40,"key":"RECALL"},{"data":"Seek","floor":42,"key":"SMITH"},{"data":"Amplify","floor":45,"key":"SMITH"},{"data":"BootSequence","floor":49,"key":"SMITH"},{"data":"Leap","floor":52,"key":"SMITH"}],"circlet_count":0,"master_deck":["Defend_B","Defend_B","Defend_B","Zap+1","Dualcast+1","Self Repair+1","Leap","Sweeping Beam+1","Defragment+1","Compile Driver","Leap+1","Biased Cognition+1","Sweeping Beam+1","Capacitor+1","Conserve Battery+1","BootSequence+1","Seek+1","Dark Shackles+1","Self Repair+1","Amplify+1","Heatsinks+1","Steam+1","Storm+1","Lockon+1","Ball Lightning+1","Heatsinks+1","Melter","Capacitor+1"],"relics":["Cracked Core","NeowsBlessing","Bottled Flame","Symbiotic Virus","WingedGreaves","Ectoplasm","Oddly Smooth Stone","Nilry\u0027s Codex","Toy Ornithopter","Astrolabe","FossilizedHelix","Juzu Bracelet","Bag of Preparation"],"acts_visited":["Exordium","TheCity","TheBeyond","TheEnding"],"potions_floor_usage":[41,54,55,55,55,55,55,55],"damage_taken":[{"damage":0.0,"enemies":"2 Louse","floor":1.0,"turns":1.0},{"damage":0.0,"enemies":"Small Slimes","floor":3.0,"turns":1.0},{"damage":0.0,"enemies":"Cultist","floor":4.0,"turns":1.0},{"damage":44.0,"enemies":"Lagavulin","floor":7.0,"turns":8.0},{"damage":0.0,"enemies":"Looter","floor":11.0,"turns":3.0},{"damage":14.0,"enemies":"Gremlin Nob","floor":12.0,"turns":3.0},{"damage":13.0,"enemies":"Gremlin Gang","floor":13.0,"turns":4.0},{"damage":43.0,"enemies":"Hexaghost","floor":16.0,"turns":7.0},{"damage":19.0,"enemies":"2 Thieves","floor":18.0,"turns":4.0},{"damage":0.0,"enemies":"Chosen","floor":19.0,"turns":4.0},{"damage":18.0,"enemies":"3 Cultists","floor":20.0,"turns":5.0},{"damage":1.0,"enemies":"Cultist and Chosen","floor":22.0,"turns":4.0},{"damage":15.0,"enemies":"Snecko","floor":24.0,"turns":5.0},{"damage":46.0,"enemies":"Gremlin Leader","floor":30.0,"turns":7.0},{"damage":25.0,"enemies":"Collector","floor":33.0,"turns":7.0},{"damage":10,"enemies":"3 Darklings","floor":35,"turns":3},{"damage":0,"enemies":"3 Shapes","floor":37,"turns":3},{"damage":14,"enemies":"3 Darklings","floor":38,"turns":4},{"damage":0,"enemies":"Mind Bloom Boss Battle","floor":39,"turns":4},{"damage":0,"enemies":"Jaw Worm Horde","floor":41,"turns":3},{"damage":16,"enemies":"4 Shapes","floor":47,"turns":3},{"damage":0,"enemies":"Giant Head","floor":48,"turns":6},{"damage":0,"enemies":"Time Eater","floor":50,"turns":5},{"damage":41,"enemies":"Shield and Spear","floor":54,"turns":5},{"damage":100,"enemies":"The Heart","floor":55,"turns":5}],"seed_played":"-3639536713172732333","potions_obtained":[{"floor":1.0,"key":"Strength Potion"},{"floor":7.0,"key":"FocusPotion"},{"floor":11.0,"key":"Swift Potion"},{"floor":13.0,"key":"EntropicBrew"},{"floor":16.0,"key":"Strength Potion"},{"floor":19.0,"key":"BlessingOfTheForge"},{"floor":20.0,"key":"Swift Potion"},{"floor":24.0,"key":"Regen Potion"},{"floor":37,"key":"SpeedPotion"},{"floor":47,"key":"DuplicationPotion"},{"floor":54,"key":"BlessingOfTheForge"}],"is_trial":false,"path_per_floor":["M","?","M","M","?","R","E","R","T","R","M","E","M","?","R","B",null,"M","M","M","?","M","R","M","R","T","R","?","?","E","$","R","B",null,"M","?","M","M","?","R","M","R","T","$","R","?","M","E","R","B",null,"R","$","E","B"],"character_chosen":"DEFECT","items_purchased":["Dark Shackles","Self Repair","Melter"],"campfire_rested":0,"item_purchase_floors":[31,31,53],"current_hp_per_floor":[75,80,80,80,80,80,43,43,43,43,50,43,37,90,90,54,90,78,85,74,74,80,80,75,75,75,75,75,59,23,23,23,50,90,90,90,90,90,90,90,90,90,90,90,90,90,90,90,90,90,90,90,90,79,0,0],"gold":11,"neow_bonus":"THREE_ENEMY_KILL","is_daily":false,"chose_seed":false,"campfire_upgraded":12,"win_rate":0.0,"timestamp":1614352795,"path_taken":["M","?","M","M","?","R","E","R","T","R","M","E","?","?","R","BOSS","M","M","?","?","?","R","M","R","T","R","?","?","E","$","R","BOSS","M","?","M","M","?","R","M","R","T","$","R","?","?","E","R","BOSS","R","$","E","BOSS"],"items_purchased_type":["Card","Card","Card"],"build_version":"2020-12-22","purchased_purges":1,"victory":false,"max_hp_per_floor":[75,80,80,80,80,80,80,80,80,80,80,80,80,90,90,90,90,90,90,90,90,90,90,90,90,90,90,90,90,90,90,90,90,90,90,90,90,90,90,90,90,90,90,90,90,90,90,90,90,90,90,90,90,90,90,90],"relic_stats":{"counters":[25,105],"Astrolabe":["Heatsinks","Steam","Storm"],"Ectoplasm":482,"Juzu Bracelet":0,"Bag of Preparation":[2],"obtain_stats":[{"NeowsBlessing":0,"Nilry\u0027s Codex":29,"Astrolabe":34,"Oddly Smooth Stone":26,"Juzu Bracelet":48,"Bag of Preparation":54,"Bottled Flame":7,"WingedGreaves":12,"Ectoplasm":17,"Cracked Core":0,"Symbiotic Virus":9,"Toy Ornithopter":30,"FossilizedHelix":39},{"NeowsBlessing":0,"Nilry\u0027s Codex":13,"Astrolabe":15,"Oddly Smooth Stone":13,"Juzu Bracelet":22,"Bag of Preparation":24,"Bottled Flame":4,"WingedGreaves":6,"Ectoplasm":8,"Cracked Core":0,"Symbiotic Virus":4,"Toy Ornithopter":14,"FossilizedHelix":19},{"NeowsBlessing":0,"Nilry\u0027s Codex":50,"Astrolabe":64,"Oddly Smooth Stone":50,"Juzu Bracelet":90,"Bag of Preparation":100,"Bottled Flame":11,"WingedGreaves":17,"Ectoplasm":28,"Cracked Core":0,"Symbiotic Virus":11,"Toy Ornithopter":57,"FossilizedHelix":78}],"Toy Ornithopter":41},"card_choices":[{"not_picked":["Lockon","Conserve Battery"],"picked":"Self Repair","floor":1.0},{"not_picked":["Hello World","Steam Power"],"picked":"Leap","floor":3.0},{"not_picked":["Hello World","Barrage"],"picked":"Sweeping Beam","floor":4.0},{"not_picked":["Chaos","Heatsinks"],"picked":"Defragment","floor":7.0},{"not_picked":["Static Discharge","Gash"],"picked":"Compile Driver","floor":11.0},{"not_picked":["Coolheaded","Beam Cell"],"picked":"Leap","floor":12.0},{"not_picked":["Gash","Conserve Battery"],"picked":"Fission","floor":13.0},{"not_picked":["Hyperbeam","Creative AI"],"picked":"Biased Cognition","floor":16.0},{"not_picked":["Genetic Algorithm","Coolheaded"],"picked":"Sweeping Beam+1","floor":18.0},{"not_picked":["Barrage","Stack"],"picked":"Capacitor+1","floor":19.0},{"not_picked":["Storm","Turbo"],"picked":"Conserve Battery+1","floor":20.0},{"not_picked":["Turbo+1","Redo"],"picked":"Ball Lightning","floor":22.0},{"not_picked":["Barrage+1","Beam Cell"],"picked":"BootSequence","floor":24.0},{"not_picked":["Capacitor","Tempest"],"picked":"Seek","floor":30.0},{"not_picked":["Reboot","All For One"],"picked":"Amplify","floor":33.0},{"not_picked":["FTL+1","Turbo"],"picked":"Lockon+1","floor":35},{"not_picked":["Chill+1","Fusion+1"],"picked":"Ball Lightning+1","floor":38},{"not_picked":["Cold Snap+1","Blizzard"],"picked":"Heatsinks+1","floor":41},{"not_picked":["Chill","Turbo","Redo"],"picked":"SKIP","floor":48},{"not_picked":["Hologram+1","Ball Lightning"],"picked":"Capacitor+1","floor":54}],"player_experience":1469503,"relics_obtained":[{"floor":7.0,"key":"Bottled Flame"},{"floor":9.0,"key":"Symbiotic Virus"},{"floor":12.0,"key":"WingedGreaves"},{"floor":26.0,"key":"Oddly Smooth Stone"},{"floor":29.0,"key":"Nilry\u0027s Codex"},{"floor":30.0,"key":"Toy Ornithopter"},{"floor":39,"key":"FossilizedHelix"},{"floor":48,"key":"Juzu Bracelet"},{"floor":54,"key":"Bag of Preparation"}],"event_choices":[{"damage_healed":0.0,"max_hp_gain":5.0,"max_hp_loss":0.0,"gold_gain":0.0,"event_name":"Big Fish","player_choice":"Donut","floor":2.0,"gold_loss":0.0,"damage_taken":0.0},{"damage_healed":0.0,"max_hp_gain":0.0,"max_hp_loss":0.0,"gold_gain":100.0,"event_name":"Wheel of Change","player_choice":"Gold","floor":5.0,"gold_loss":0.0,"damage_taken":0.0},{"cards_removed":["Fission"],"damage_healed":43.0,"max_hp_gain":10.0,"max_hp_loss":0.0,"gold_gain":0.0,"event_name":"Bonfire Elementals","player_choice":"Offered Rare","floor":14.0,"gold_loss":0.0,"damage_taken":0.0},{"damage_healed":0.0,"max_hp_gain":0.0,"max_hp_loss":0.0,"gold_gain":0.0,"event_name":"N\u0027loth","player_choice":"Ignored","floor":21.0,"gold_loss":0.0,"damage_taken":0.0},{"cards_removed":["Strike_B"],"damage_healed":0.0,"max_hp_gain":0.0,"max_hp_loss":0.0,"gold_gain":0.0,"event_name":"Beggar","player_choice":"Gave Gold","floor":28.0,"gold_loss":75.0,"damage_taken":0.0},{"damage_healed":0.0,"max_hp_gain":0.0,"max_hp_loss":0.0,"gold_gain":0.0,"event_name":"Cursed Tome","player_choice":"Obtained Book","floor":29.0,"gold_loss":0.0,"damage_taken":16.0},{"cards_removed":["Ball Lightning"],"damage_healed":0,"gold_gain":0,"player_choice":"Removed Attack","damage_taken":0,"max_hp_gain":0,"max_hp_loss":0,"event_name":"Falling","floor":36,"gold_loss":0},{"damage_healed":0,"gold_gain":0,"player_choice":"Fight","damage_taken":0,"max_hp_gain":0,"max_hp_loss":0,"event_name":"MindBloom","floor":39,"gold_loss":0},{"damage_healed":0,"gold_gain":0,"player_choice":"Forge","damage_taken":0,"max_hp_gain":0,"max_hp_loss":0,"event_name":"Accursed Blacksmith","floor":46,"gold_loss":0,"cards_upgraded":["Self Repair"]}],"is_beta":false,"boss_relics":[{"not_picked":["Runic Pyramid","Calling Bell"],"picked":"Ectoplasm"},{"not_picked":["Sozu","SacredBark"],"picked":"Astrolabe"}],"items_purged_floors":[31],"is_endless":false,"potions_floor_spawned":[1,7,11,13,16,19,20,24,37,47,54],"killed_by":"The Heart","ascension_level":0}}