{"host":"d3b2x3wue20uj2ir","time":1614346114,"event":{"mods":["AchievementEnabler","BaseMod","Better Third Choice","BetterRewards","Exacting","FTL Soundtrack","Minty Spire (QoL Compilation)","Shop Mod","StSLib"],"gold_per_floor":[118,118,135,112,112,140,140,155,155,165,198,213,273,283,283,382,382,392,54,54,68,167,167,167,42,65,90,100,100,100],"floor_reached":29,"language":"ENG","playtime":1772,"items_purged":[],"score":311,"play_id":"4bc2e92d-81c5-4e88-9956-dcb38132d8d9","local_time":"20210226232834","is_ascension_mode":true,"campfire_choices":[{"floor":7,"key":"RECALL"},{"floor":15,"key":"REST"},{"data":"Loop","floor":23,"key":"SMITH"}],"circlet_count":0,"master_deck":["Strike_B","Strike_B","Strike_B","Defend_B","Defend_B","Defend_B","Defend_B","Zap","Dualcast","Turbo","Conserve Battery","Double Energy","Capacitor","Sunder","Consume","Rip and Tear","Conserve Battery","Buffer","Coolheaded","Loop","Beam Cell","Steam Power","Loop+1","Madness","Writhe","Echo Form","Turbo","Steam Power","Stack"],"relics":["Cracked Core","NeowsBlessing","betterThird:SlimedRelic","Gambling Chip","Inserter","PrismaticShard","Shuriken","Dream Catcher","Meat on the Bone"],"acts_visited":["Exordium","TheCity"],"potions_floor_usage":[11,14,16,21,21,21,27,28],"damage_taken":[{"damage":0,"enemies":"Jaw Worm","floor":1,"turns":1},{"damage":4,"enemies":"Small Slimes","floor":3,"turns":2},{"damage":0,"enemies":"3 Sentries","floor":6,"turns":1},{"damage":1,"enemies":"Cultist","floor":8,"turns":4},{"damage":9,"enemies":"Blue Slaver","floor":10,"turns":4},{"damage":0,"enemies":"2 Fungi Beasts","floor":11,"turns":2},{"damage":0,"enemies":"Large Slime","floor":12,"turns":5},{"damage":22,"enemies":"Looter","floor":14,"turns":3},{"damage":27,"enemies":"Hexaghost","floor":16,"turns":12},{"damage":23,"enemies":"Shell Parasite","floor":18,"turns":13},{"damage":3,"enemies":"Chosen","floor":21,"turns":6},{"damage":32,"enemies":"Book of Stabbing","floor":27,"turns":7},{"damage":14,"enemies":"Centurion and Healer","floor":28,"turns":5},{"damage":47,"enemies":"Slavers","floor":29,"turns":3}],"seed_played":"-206515176186786642","potions_obtained":[{"floor":3,"key":"Explosive Potion"},{"floor":11,"key":"Dexterity Potion"},{"floor":12,"key":"FocusPotion"},{"floor":16,"key":"BlessingOfTheForge"},{"floor":18,"key":"EntropicBrew"},{"floor":21,"key":"PowerPotion"}],"is_trial":false,"path_per_floor":["M","?","M","?","?","E","R","M","T","M","M","M","?","M","R","B",null,"M","$","?","M","?","R","?","$","T","E","M","E"],"character_chosen":"DEFECT","items_purchased":["PrismaticShard","Loop","Beam Cell","Steam Power","Echo Form","Turbo"],"campfire_rested":1,"item_purchase_floors":[19,19,19,19,25,25],"current_hp_per_floor":[75,75,71,60,75,75,75,74,74,65,65,65,65,43,65,38,75,52,52,52,49,49,49,49,49,49,17,15,0,0],"gold":100,"neow_bonus":"THREE_ENEMY_KILL","is_daily":false,"chose_seed":false,"campfire_upgraded":1,"win_rate":0.0,"timestamp":1614346114,"path_taken":["M","?","M","?","?","E","R","M","T","?","M","M","?","M","R","BOSS","M","$","?","M","?","R","?","?","T","E","?","E"],"items_purchased_type":["Relic","Card","Card","Card","Card","Card"],"build_version":"2020-12-22","purchased_purges":0,"victory":false,"max_hp_per_floor":[75,75,75,75,75,75,75,75,75,75,75,75,75,75,75,75,75,75,75,75,75,75,75,75,75,75,75,75,75,75],"card_choices":[{"not_picked":["Stack","Recycle"],"picked":"Turbo","floor":1},{"not_picked":["Darkness","Streamline"],"picked":"Conserve Battery","floor":3},{"not_picked":["Compile Driver","Turbo"],"picked":"Double Energy","floor":6},{"not_picked":["Conserve Battery","Chaos"],"picked":"Capacitor","floor":8},{"not_picked":["Ball Lightning","Go for the Eyes"],"picked":"Sunder","floor":10},{"not_picked":["Sweeping Beam","Amplify"],"picked":"Consume","floor":11},{"not_picked":["Coolheaded","Darkness"],"picked":"Rip and Tear","floor":12},{"not_picked":["Go for the Eyes","Rainbow"],"picked":"Conserve Battery","floor":14},{"not_picked":["Electrodynamics","Machine Learning"],"picked":"Buffer","floor":16},{"not_picked":["Hologram+1","Lockon"],"picked":"Coolheaded","floor":18},{"not_picked":["SandsOfTime","ThirdEye"],"picked":"Madness","floor":21},{"not_picked":["Lockon+1","Prepared+1"],"picked":"Steam Power","floor":27},{"not_picked":["Havoc","Sucker Punch"],"picked":"Stack","floor":28}],"player_experience":745891,"relics_obtained":[{"floor":6,"key":"Gambling Chip"},{"floor":26,"key":"Dream Catcher"},{"floor":27,"key":"Meat on the Bone"}],"event_choices":[{"damage_healed":0,"gold_gain":0,"cards_transformed":["Strike_B"],"player_choice":"Change","damage_taken":0,"max_hp_gain":0,"max_hp_loss":0,"event_name":"Living Wall","floor":2,"gold_loss":0,"cards_obtained":["Auto Shields"]},{"damage_healed":0,"gold_gain":0,"player_choice":"Slimed","damage_taken":11,"max_hp_gain":0,"max_hp_loss":0,"event_name":"betterThird:BetterGoop","floor":4,"gold_loss":23},{"cards_removed":["Auto Shields"],"damage_healed":15,"gold_gain":0,"player_choice":"Offered Uncommon","damage_taken":0,"max_hp_gain":0,"max_hp_loss":0,"event_name":"Bonfire Elementals","floor":5,"gold_loss":0},{"damage_healed":0,"gold_gain":60,"player_choice":"Gained Gold","damage_taken":0,"max_hp_gain":0,"max_hp_loss":0,"event_name":"Golden Wing","floor":13,"gold_loss":0},{"damage_healed":0,"gold_gain":0,"player_choice":"Read","damage_taken":0,"max_hp_gain":0,"max_hp_loss":0,"event_name":"The Library","floor":20,"gold_loss":0,"cards_obtained":["Loop"]},{"damage_healed":0,"gold_gain":99,"player_choice":"Steal","damage_taken":0,"max_hp_gain":0,"max_hp_loss":0,"event_name":"betterThird:BetterNest","floor":22,"gold_loss":0},{"damage_healed":0,"gold_gain":0,"player_choice":"Opened","damage_taken":0,"relics_obtained":["Shuriken"],"max_hp_gain":0,"max_hp_loss":0,"event_name":"The Mausoleum","floor":24,"gold_loss":0,"cards_obtained":["Writhe"]}],"is_beta":false,"boss_relics":[{"not_picked":["Busted Crown","Pandora\u0027s Box"],"picked":"Inserter"}],"items_purged_floors":[],"is_endless":false,"potions_floor_spawned":[3,11,12,16,18,21],"killed_by":"Slavers","ascension_level":3}}