{"host":"07bh1hsegidpcsuh","time":1614379560,"event":{"mods":["BaseMod","Downfall","Googly Eyes","Minty Spire (QoL Compilation)","Quick Restart","StSLib","everything is the same but u backflip on backflip"],"gold_per_floor":[99,117,117,137,47,104,104,13,13,188,188,88,73,108,127,226,226,226,236,236,316,331,231,231,250,250,350,370,370,370,388,403,504,504,504,515,53,141,141,153,153,153,170,170,170,186,186,203,215,215],"floor_reached":51,"language":"ENG","playtime":3006,"items_purged":["Regret","Doubt","Pain"],"score":770,"play_id":"4df26ec0-c5a7-46ec-9a9f-4fe268ca108c","local_time":"20210226174600","is_ascension_mode":false,"campfire_choices":[{"data":"bronze:Replicate","floor":1.0,"key":"SMITH"},{"data":"bronze:HardenedForm","floor":9.0,"key":"SMITH"},{"data":"bronze:GetLatest","floor":12.0,"key":"SMITH"},{"floor":18.0,"key":"RECALL"},{"data":"bronze:CloningBeam","floor":23.0,"key":"SMITH"},{"floor":30.0,"key":"REST"},{"data":"bronze:Virus","floor":35.0,"key":"SMITH"},{"data":"1","floor":42.0,"key":"LIFT"},{"data":"2","floor":45.0,"key":"LIFT"},{"data":"3","floor":47.0,"key":"LIFT"}],"circlet_count":0,"master_deck":["bronze:Strike","bronze:Strike+1","bronze:Defend","bronze:Defend","bronze:Defend","bronze:Defend","bronze:Replicate+1","bronze:Goto","bronze:Branch+1","bronze:Repair","bronze:Flail","bronze:HardenedForm+1","bronze:GetLatest+1","bronze:Shell","bronze:Fortify","bronze:ShipIt","bronze:NullPointer","RitualDagger","bronze:CloningBeam+1","bronze:ChildClass","bronze:DonuBeam","bronze:DecaBeam","bronze:Break+1","bronze:CutThrough","bronze:DelayedSlice+1","bronze:Virus+1","bronze:MaxOutput","expansioncontent:QuickStudy","bronze:Mutator","Doubt","bronze:Turbo","bronze:ForceShield+1"],"relics":["bronze:BronzeCore","FossilizedHelix","Lizard Tail","Gambling Chip","downfall:HeartBlessingBlue","Whetstone","Philosopher\u0027s Stone","Gremlin Horn","downfall:HeartBlessingRed","Juzu Bracelet","WarpedTongs","Runic Pyramid","Bag of Preparation","Girya"],"acts_visited":["Exordium","TheCity","TheBeyond"],"potions_floor_usage":[50,50,50],"damage_taken":[{"damage":1.0,"enemies":"Cultist","floor":2.0,"turns":3.0},{"damage":3.0,"enemies":"Small Slimes","floor":4.0,"turns":3.0},{"damage":4.0,"enemies":"downfall:FleeingMerchant","floor":5.0,"turns":4.0},{"damage":20.0,"enemies":"3 Sentries","floor":6.0,"turns":10.0},{"damage":0.0,"enemies":"downfall:FleeingMerchant","floor":8.0,"turns":4.0},{"damage":0.0,"enemies":"downfall:FleeingMerchant","floor":13.0,"turns":4.0},{"damage":18.0,"enemies":"Gremlin Nob","floor":14.0,"turns":4.0},{"damage":0.0,"enemies":"Jaw Worm","floor":15.0,"turns":3.0},{"damage":34.0,"enemies":"DF_ARCHETYPE_STREAMLINE","floor":16.0,"turns":13.0},{"damage":22.0,"enemies":"downfall:LooterAlt2","floor":19.0,"turns":3.0},{"damage":7.0,"enemies":"Shell Parasite","floor":22.0,"turns":5.0},{"damage":0.0,"enemies":"Centurion and Healer","floor":25.0,"turns":3.0},{"damage":35.0,"enemies":"Centurion and Healer","floor":27.0,"turns":10.0},{"damage":1.0,"enemies":"Snecko","floor":28.0,"turns":4.0},{"damage":4.0,"enemies":"Cultist and Chosen","floor":31.0,"turns":5.0},{"damage":17.0,"enemies":"Shelled Parasite and Fungi","floor":32.0,"turns":5.0},{"damage":15.0,"enemies":"WA_ARCHETYPE_CALM","floor":33.0,"turns":10.0},{"damage":13.0,"enemies":"3 Shapes","floor":36.0,"turns":4.0},{"damage":7.0,"enemies":"downfall:FleeingMerchant","floor":37.0,"turns":4.0},{"damage":0.0,"enemies":"downfall:FleeingMerchant","floor":38.0,"turns":3.0},{"damage":18.0,"enemies":"3 Darklings","floor":40.0,"turns":4.0},{"damage":27.0,"enemies":"Writhing Mass","floor":43.0,"turns":5.0},{"damage":0.0,"enemies":"Sphere and 2 Shapes","floor":46.0,"turns":3.0},{"damage":0.0,"enemies":"Transient","floor":48.0,"turns":5.0},{"damage":0.0,"enemies":"Spire Growth","floor":49.0,"turns":2.0},{"damage":10,"enemies":"SI_POISON_ARCHETYPE","floor":50,"turns":4}],"seed_played":"3294141435180283159","potions_obtained":[{"floor":4.0,"key":"Swift Potion"},{"floor":6.0,"key":"FearPotion"},{"floor":15.0,"key":"Weak Potion"},{"floor":27.0,"key":"DuplicationPotion"},{"floor":33.0,"key":"GamblersBrew"},{"floor":40.0,"key":"hexamod:SoulburnPotion"},{"floor":43.0,"key":"PowerPotion"}],"is_trial":false,"path_per_floor":["R","M","?","M","$","?","T","$","R","?","T","R","$","E","M","B",null,"R","M","?","T","M","R","T","M","?","?","M","?","R","M","M","B",null,"R","M","$","?","?","M","T","R","M","?","R","M","R","M","M","B",null],"character_chosen":"THE_AUTOMATON","items_purchased":["bronze:GetLatest","Bag of Preparation","expansioncontent:QuickStudy","bronze:Mutator"],"campfire_rested":1,"item_purchase_floors":[8,37,37,38],"current_hp_per_floor":[77,76,76,73,69,56,56,63,63,63,63,73,80,69,76,49,87,87,72,66,66,66,66,66,66,66,41,40,32,58,61,51,50,87,87,74,77,77,77,59,59,59,39,87,87,87,87,87,87,77],"gold":215,"neow_bonus":"TEN_PERCENT_HP_BONUS","is_daily":false,"chose_seed":false,"campfire_upgraded":5,"win_rate":0.0,"timestamp":1614379560,"path_taken":["R","M","?","M","$","?","T","?","R","?","?","R","$","E","M","BOSS","R","M","?","?","M","R","T","M","?","?","M","?","R","M","M","BOSS","R","M","$","?","?","M","T","R","M","?","R","M","R","M","M","BOSS"],"items_purchased_type":["Card","Relic","Card","Card"],"build_version":"2020-12-22","purchased_purges":3,"victory":true,"max_hp_per_floor":[77,77,77,77,77,77,77,77,77,77,77,87,87,87,87,87,87,87,87,87,87,87,87,87,87,87,87,87,87,87,87,87,87,87,87,87,87,87,87,87,87,87,87,87,87,87,87,87,87,87],"card_choices":[{"not_picked":["bronze:DelayedGuard","bronze:BitShift"],"picked":"bronze:Branch","floor":2.0},{"not_picked":["bronze:Branch","bronze:Turbo"],"picked":"bronze:Repair","floor":4.0},{"not_picked":["bronze:Invalidate","bronze:Branch","bronze:WildBeam"],"picked":"SKIP","floor":5.0},{"not_picked":["bronze:BronzeArmor","bronze:NullPointer"],"picked":"bronze:Flail","floor":6.0},{"not_picked":["bronze:Return","bronze:WildBeam"],"picked":"bronze:HardenedForm","floor":8.0},{"not_picked":["bronze:Allocate","bronze:Return"],"picked":"bronze:Shell","floor":13.0},{"not_picked":["bronze:DelayedSlice","bronze:ItsAFeature"],"picked":"bronze:Fortify","floor":14.0},{"not_picked":["bronze:ItsAFeature","bronze:DelayedGuard","bronze:Shell"],"picked":"SKIP","floor":15.0},{"not_picked":["bronze:CleanCode","bronze:BurnOut"],"picked":"bronze:ShipIt","floor":16.0},{"not_picked":["bronze:Invalidate","bronze:OilSpill"],"picked":"bronze:NullPointer","floor":19.0},{"not_picked":["bronze:Turbo","bronze:Deprecate"],"picked":"bronze:CloningBeam","floor":22.0},{"not_picked":["bronze:Branch","bronze:ForceShield+1"],"picked":"bronze:ChildClass","floor":25.0},{"not_picked":[],"picked":"bronze:DonuBeam","floor":27.0},{"not_picked":[],"picked":"bronze:DecaBeam","floor":27.0},{"not_picked":["bronze:Frontload","bronze:Overload"],"picked":"bronze:Break","floor":28.0},{"not_picked":["bronze:DelayedGuard+1","bronze:Turbo"],"picked":"bronze:CutThrough","floor":31.0},{"not_picked":["bronze:Iterate","bronze:Invalidate"],"picked":"bronze:DelayedSlice+1","floor":32.0},{"not_picked":["bronze:FindAndReplace","bronze:CleanCode"],"picked":"bronze:Virus","floor":33.0},{"not_picked":["bronze:ForLoop","bronze:DigitalCarnage"],"picked":"bronze:MaxOutput","floor":36.0},{"not_picked":["bronze:CutThrough+1","bronze:BitShift","bronze:Deprecate+1"],"picked":"SKIP","floor":37.0},{"not_picked":["bronze:Repulsor","bronze:BitShift+1","bronze:DarkDash+1"],"picked":"SKIP","floor":38.0},{"not_picked":["bronze:Branch","bronze:Deprecate+1","bronze:BitShift+1"],"picked":"SKIP","floor":40.0},{"not_picked":["bronze:Allocate","bronze:Flail+1","bronze:Shield"],"picked":"SKIP","floor":43.0},{"not_picked":["bronze:Branch","bronze:BitShift"],"picked":"bronze:Turbo","floor":46.0},{"not_picked":["bronze:WhirlingStrike","bronze:Flail"],"picked":"bronze:ForceShield+1","floor":48.0},{"not_picked":["bronze:NullPointer","bronze:Safeguard+1","bronze:Deprecate"],"picked":"SKIP","floor":49.0}],"player_experience":1473489,"relics_obtained":[{"floor":6.0,"key":"Lizard Tail"},{"floor":11.0,"key":"Gambling Chip"},{"floor":14.0,"key":"Whetstone"},{"floor":21.0,"key":"Gremlin Horn"},{"floor":24.0,"key":"Juzu Bracelet"},{"floor":41.0,"key":"Girya"}],"event_choices":[{"damage_healed":0.0,"max_hp_gain":0.0,"max_hp_loss":0.0,"gold_gain":0.0,"event_name":"Big Fish","player_choice":"Box","floor":3.0,"gold_loss":0.0,"damage_taken":0.0,"relics_obtained":["FossilizedHelix"],"cards_obtained":["Regret"]}],"is_beta":false,"boss_relics":[{"not_picked":["Black Star","Empty Cage"],"picked":"Philosopher\u0027s Stone"},{"not_picked":["SacredBark","sneckomod:SneckoTalon"],"picked":"Runic Pyramid"}],"items_purged_floors":[5,37,38],"is_endless":false,"potions_floor_spawned":[4,6,15,16,22,27,28,33,40,43,46],"ascension_level":0}}