{"host":"7s0ipaqx8m4pdduf","time":1614383152,"event":{"mods":["BaseMod","BetterRewards","Colored Map","Infinite Spire","Minty Spire (QoL Compilation)","StSLib","SuperFastMode"],"gold_per_floor":[109,109,109,122,135,162,162,188,214,227,227,227,241,241,241,320,320,332,344,18,36,47,47,58,58,58,58,69,80,80,80,80,157,157,171,185,185,199,215,215,229,240,240,140,140,150,150,163,163,163],"floor_reached":51,"language":"ENG","playtime":1615,"items_purged":["Strike_G","infinitespire:Pacifist"],"score":934,"play_id":"fd2c3f81-3837-4516-8353-8ec4adc5f024","local_time":"20210227004552","is_ascension_mode":true,"campfire_choices":[{"data":"Neutralize","floor":7,"key":"SMITH"},{"data":"Cloak And Dagger","floor":11,"key":"SMITH"},{"floor":15,"key":"REST"},{"data":"infinitespire:Neurotoxin","floor":23,"key":"SMITH"},{"floor":27,"key":"REST"},{"data":"Noxious Fumes","floor":30,"key":"SMITH"},{"data":"Corpse Explosion","floor":32,"key":"SMITH"},{"floor":40,"key":"REST"},{"floor":49,"key":"REST"}],"circlet_count":0,"master_deck":["AscendersBane","Strike_G","Strike_G","Strike_G","Defend_G","Defend_G","Defend_G","Defend_G","Defend_G","Survivor","Neutralize+1","Backstab","Terror","Flying Knee","PiercingWail","Corpse Explosion+1","Deadly Poison","Cloak And Dagger+1","Backstab","infinitespire:Neurotoxin+1","Well Laid Plans+1","Noxious Fumes+1","Wraith Form v2","Sucker Punch+1","Leg Sweep","Footwork","Deflect+1","infinitespire:Collect"],"relics":["Ring of the Snake","NeowsBlessing","infinitespire:PuzzleCube","Oddly Smooth Stone","Pear","Bag of Preparation","infinitespire:CheckeredPen","Busted Crown","TwistedFunnel","Enchiridion","Pantograph","Sozu","infinitespire:Eraser","infinitespire:Satchel"],"acts_visited":["Exordium","TheCity","TheBeyond"],"potions_floor_usage":[8,16,18,29,29,42],"damage_taken":[{"damage":0,"enemies":"2 Louse","floor":1,"turns":1},{"damage":0,"enemies":"Jaw Worm","floor":4,"turns":1},{"damage":0,"enemies":"Cultist","floor":5,"turns":1},{"damage":24,"enemies":"Lagavulin","floor":6,"turns":10},{"damage":12,"enemies":"3 Sentries","floor":8,"turns":8},{"damage":4,"enemies":"Gremlin Gang","floor":10,"turns":5},{"damage":12,"enemies":"Large Slime","floor":13,"turns":5},{"damage":23,"enemies":"The Guardian","floor":16,"turns":9},{"damage":8,"enemies":"2 Thieves","floor":18,"turns":3},{"damage":2,"enemies":"Chosen","floor":19,"turns":3},{"damage":3,"enemies":"Centurion and Healer","floor":21,"turns":5},{"damage":0,"enemies":"3 Cultists","floor":22,"turns":3},{"damage":0,"enemies":"Chosen and Byrds","floor":24,"turns":5},{"damage":3,"enemies":"Sentry and Sphere","floor":28,"turns":4},{"damage":0,"enemies":"Snecko","floor":29,"turns":3},{"damage":20,"enemies":"Champ","floor":33,"turns":10},{"damage":0,"enemies":"Orb Walker","floor":35,"turns":2},{"damage":5,"enemies":"3 Darklings","floor":36,"turns":3},{"damage":25,"enemies":"Maw","floor":38,"turns":6},{"damage":19,"enemies":"Spire Growth","floor":39,"turns":5},{"damage":11,"enemies":"3 Darklings","floor":41,"turns":3},{"damage":8,"enemies":"Transient","floor":42,"turns":6},{"damage":15,"enemies":"Maw","floor":46,"turns":6},{"damage":0,"enemies":"3 Darklings","floor":48,"turns":5},{"damage":0,"enemies":"Time Eater","floor":50,"turns":1}],"seed_played":"4556266687683083309","potions_obtained":[{"floor":6,"key":"AttackPotion"},{"floor":10,"key":"Regen Potion"},{"floor":13,"key":"FearPotion"},{"floor":22,"key":"AttackPotion"},{"floor":24,"key":"Swift Potion"},{"floor":29,"key":"SneckoOil"},{"floor":33,"key":"BlessingOfTheForge"}],"is_trial":false,"path_per_floor":["M","?","?","M","M","E","R","E","T","M","R","?","M","?","R","B",null,"M","M","$","M","M","R","M","?","T","R","M","M","R","?","R","B",null,"M","M","?","M","M","R","M","M","T","$","?","M","AVR","M","R","B",null],"character_chosen":"THE_SILENT","items_purchased":["TwistedFunnel","Noxious Fumes"],"campfire_rested":4,"item_purchase_floors":[20,20],"current_hp_per_floor":[59,59,59,59,59,35,35,33,33,29,29,34,22,11,35,27,68,60,58,58,55,55,55,55,34,34,58,55,55,55,55,55,60,76,76,71,71,46,27,51,40,32,32,32,32,17,17,17,41,66],"gold":163,"neow_bonus":"THREE_ENEMY_KILL","is_daily":false,"chose_seed":false,"campfire_upgraded":5,"win_rate":0.0,"timestamp":1614383152,"path_taken":["M","?","?","?","M","E","R","E","T","?","R","?","M","?","R","BOSS","M","M","$","M","M","R","M","?","T","R","M","M","R","?","R","BOSS","M","?","?","?","M","R","M","M","T","$","?","M","AVR","M","R","BOSS"],"items_purchased_type":["Relic","Card"],"build_version":"2020-12-22","purchased_purges":2,"victory":true,"max_hp_per_floor":[66,66,66,66,66,66,66,76,76,76,76,81,81,81,81,81,81,81,81,81,81,81,81,81,81,81,81,81,81,81,81,81,81,81,81,81,81,81,81,81,81,81,81,81,81,81,81,81,81,81],"card_choices":[{"not_picked":["Riddle With Holes","Dodge and Roll"],"picked":"Backstab","floor":1},{"not_picked":["Leg Sweep","Reflex"],"picked":"Flying Knee","floor":4},{"not_picked":["Catalyst","Masterful Stab"],"picked":"PiercingWail","floor":5},{"not_picked":["Deflect","Caltrops"],"picked":"Corpse Explosion","floor":6},{"not_picked":["Slice","PiercingWail"],"picked":"Deadly Poison","floor":8},{"not_picked":["PiercingWail","Dagger Throw"],"picked":"Cloak And Dagger","floor":10},{"not_picked":["Terror","Eviscerate"],"picked":"Backstab","floor":13},{"not_picked":["Adrenaline","Grand Finale"],"picked":"infinitespire:Neurotoxin","floor":16},{"not_picked":[],"picked":"Well Laid Plans","floor":18},{"not_picked":["Underhanded Strike"],"picked":"SKIP","floor":19},{"not_picked":["Underhanded Strike"],"picked":"SKIP","floor":21},{"not_picked":["Blade Dance"],"picked":"SKIP","floor":22},{"not_picked":["Deadly Poison"],"picked":"SKIP","floor":24},{"not_picked":["Masterful Stab"],"picked":"SKIP","floor":28},{"not_picked":["Deflect"],"picked":"SKIP","floor":29},{"not_picked":[],"picked":"Wraith Form v2","floor":33},{"not_picked":[],"picked":"Sucker Punch+1","floor":35},{"not_picked":["Cloak And Dagger"],"picked":"SKIP","floor":36},{"not_picked":[],"picked":"Footwork","floor":38},{"not_picked":["Dagger Throw"],"picked":"SKIP","floor":39},{"not_picked":[],"picked":"Deflect+1","floor":41},{"not_picked":["Eviscerate"],"picked":"SKIP","floor":42},{"not_picked":["Quick Slash"],"picked":"SKIP","floor":46},{"not_picked":["Caltrops"],"picked":"SKIP","floor":48}],"player_experience":2146762,"relics_obtained":[{"floor":2,"key":"infinitespire:PuzzleCube"},{"floor":6,"key":"Oddly Smooth Stone"},{"floor":8,"key":"Pear"},{"floor":9,"key":"Bag of Preparation"},{"floor":25,"key":"Enchiridion"},{"floor":26,"key":"Pantograph"},{"floor":43,"key":"infinitespire:Eraser"}],"event_choices":[{"damage_healed":0,"gold_gain":0,"cards_transformed":["Strike_G"],"player_choice":"Transformed","damage_taken":0,"max_hp_gain":0,"max_hp_loss":0,"event_name":"Transmorgrifier","floor":3,"gold_loss":0,"cards_obtained":["Terror"]},{"damage_healed":0,"gold_gain":0,"player_choice":"Donut","damage_taken":0,"max_hp_gain":5,"max_hp_loss":0,"event_name":"Big Fish","floor":12,"gold_loss":0},{"damage_healed":0,"gold_gain":0,"player_choice":"Success","damage_taken":11,"relics_obtained":["infinitespire:CheckeredPen"],"max_hp_gain":0,"max_hp_loss":0,"event_name":"Scrap Ooze","floor":14,"gold_loss":0},{"damage_healed":0,"gold_gain":0,"player_choice":"Obtained Book","damage_taken":21,"max_hp_gain":0,"max_hp_loss":0,"event_name":"Cursed Tome","floor":25,"gold_loss":0},{"damage_healed":0,"gold_gain":0,"player_choice":"Upgraded","damage_taken":0,"max_hp_gain":0,"max_hp_loss":0,"event_name":"Upgrade Shrine","floor":31,"gold_loss":0,"cards_upgraded":["Well Laid Plans"]},{"damage_healed":0,"gold_gain":0,"player_choice":"2 cards matched","damage_taken":0,"max_hp_gain":0,"max_hp_loss":0,"event_name":"Match and Keep!","floor":37,"gold_loss":0,"cards_obtained":["Leg Sweep","infinitespire:Pacifist"]},{"damage_healed":0,"gold_gain":0,"player_choice":"Memory 1","damage_taken":0,"max_hp_gain":0,"max_hp_loss":0,"event_name":"SensoryStone","floor":45,"gold_loss":0}],"is_beta":false,"boss_relics":[{"not_picked":["Philosopher\u0027s Stone","Tiny House"],"picked":"Busted Crown"},{"not_picked":["HoveringKite","SlaversCollar"],"picked":"Sozu"}],"items_purged_floors":[20,44],"is_endless":false,"potions_floor_spawned":[6,10,13,22,24,28,29,33,41,42,46],"ascension_level":18}}