{"host":"np9ouipdmi0bkas5","time":1614304347,"event":{"mods":["AchievementEnabler","Aspiration","BaseMod","Better Altar","Better Match","Better Skull","Better Third Choice","Colored Map","Downfall","Highlight Path","Hubris","Infinite Spire","Minty Spire (QoL Compilation)","Replay The Spire","StSLib"],"gold_per_floor":[119,135,135,46,46,73,73,103,126,141,153,172,204,204,204,303,303,318,330,350,363,363,396,396,396,477,488,523,523,523,366,366,462,462,476,476,491,229,239,271,271,36,59,59,87,103,128,148,148,148],"floor_reached":51,"language":"ENG","playtime":2650,"items_purged":["Calculated Gamble"],"score":1064,"play_id":"468e22e2-19ca-4324-bd04-c3eb9848d2d7","local_time":"20210225175227","daily_mods":["Draft","Heirloom"],"is_ascension_mode":true,"campfire_choices":[{"floor":7,"key":"REST"},{"floor":15,"key":"REST"},{"floor":24,"key":"REST"},{"floor":29,"key":"REST"},{"floor":32,"key":"REST"},{"floor":41,"key":"REST"},{"floor":49,"key":"REST"}],"circlet_count":0,"master_deck":["Deflect","Bane","Distraction","Deadly Poison","Crippling Poison","Replay:Poison Smokescreen+1","Flying Knee","Prepared","Calculated Gamble","Deadly Poison","Deadly Poison","Backflip","Footwork","Bouncing Flask","Backflip","Slice","Deflect","Pot Of Greed","Pot Of Greed","Deadly Poison","Deflect","infinitespire:Neurotoxin","Toxin Wave+1","Terror","ReplayTheSpireMod:Scrap Shanks","Pot Of Greed","Adrenaline","Noxious Fumes","Venomology","Deadly Poison","Deflect","Deadly Poison+1","Replay:Poison Smokescreen+1","infinitespire:Neurotoxin+1","Noxious Fumes","Bouncing Flask+1","Bane","Replay:Bag of Tricks+1","Pot Of Greed+1"],"relics":["Ring of the Snake","TungstenRod","aspiration:TomeofQuesting","hubris:SlimyHat","Peace Pipe","Grinning Jar","Philosopher\u0027s Stone","MutagenicStrength","Bag of Preparation","Nloth\u0027s Gift","Paper Crane","Durian","Snecko Heart","Toxic Egg 2","WingedGreaves","Oddly Smooth Stone","Darkstone Periapt","Pet Ghost"],"acts_visited":["Exordium","TheCity","TheBeyond"],"potions_floor_usage":[8,13,13,20,37,37,39,40,45,45,46,46,47,48,50,50],"damage_taken":[{"damage":5,"enemies":"Small Slimes","floor":1,"turns":3},{"damage":0,"enemies":"Cultist","floor":2,"turns":4},{"damage":26,"enemies":"3 Sentries","floor":6,"turns":6},{"damage":14,"enemies":"Gremlin Nob","floor":8,"turns":3},{"damage":0,"enemies":"2 Louse","floor":10,"turns":3},{"damage":0,"enemies":"Exordium Wildlife","floor":11,"turns":2},{"damage":0,"enemies":"2 Fungi Beasts","floor":12,"turns":3},{"damage":8,"enemies":"Lagavulin","floor":13,"turns":3},{"damage":35,"enemies":"Fading Forest","floor":16,"turns":11},{"damage":0,"enemies":"3 Byrds","floor":18,"turns":4},{"damage":7,"enemies":"Chosen","floor":19,"turns":4},{"damage":2,"enemies":"Sentry and Sphere","floor":20,"turns":3},{"damage":19,"enemies":"Snake Plant","floor":21,"turns":3},{"damage":18,"enemies":"Book of Stabbing","floor":23,"turns":5},{"damage":12,"enemies":"Snecko","floor":27,"turns":5},{"damage":9,"enemies":"Replay:Snechameleon","floor":28,"turns":4},{"damage":53,"enemies":"Automaton","floor":33,"turns":9},{"damage":0,"enemies":"Orb Walker","floor":35,"turns":2},{"damage":11,"enemies":"3 Darklings","floor":37,"turns":3},{"damage":3,"enemies":"Writhing Mass","floor":39,"turns":3},{"damage":27,"enemies":"R_Hoarder","floor":40,"turns":5},{"damage":37,"enemies":"Reptomancer","floor":45,"turns":4},{"damage":0,"enemies":"Jaw Worm Horde","floor":46,"turns":2},{"damage":0,"enemies":"Giant Head","floor":47,"turns":4},{"damage":0,"enemies":"Maw","floor":48,"turns":5},{"damage":44,"enemies":"hubris:GrandSnecko","floor":50,"turns":6}],"seed_played":"-7892220964749447778","potions_obtained":[{"floor":2,"key":"Slimebound:ThreeZeroPotion"},{"floor":6,"key":"Energy Potion"},{"floor":8,"key":"SkillPotion"},{"floor":19,"key":"Slimebound:ThreeZeroPotion"},{"floor":33,"key":"Energy Potion"},{"floor":36,"key":"infinitespire:BlackPotion"},{"floor":36,"key":"SmokeBomb"},{"floor":37,"key":"hexamod:SoulburnPotion"},{"floor":46,"key":"Weak Potion"},{"floor":47,"key":"Regen Potion"}],"is_trial":true,"path_per_floor":["M","M","?","?","$","E","R","E","T","M","M","M","E","?","R","B",null,"M","M","M","M","?","E","R","?","T","M","E","R","?","$","R","B",null,"M","?","M","$","M","E","R","$","T","?","E","M","E","M","R","B",null],"character_chosen":"THE_SILENT","items_purchased":["Noxious Fumes","Toxic Egg 2","infinitespire:Neurotoxin+1","Noxious Fumes"],"campfire_rested":7,"item_purchase_floors":[31,38,42,42],"current_hp_per_floor":[65,65,65,65,65,39,60,46,46,46,46,46,38,38,59,32,70,70,63,61,42,42,24,45,45,45,33,29,51,51,51,73,20,75,75,75,64,64,61,34,56,56,56,56,19,19,19,19,41,12],"gold":148,"neow_bonus":"","is_daily":false,"chose_seed":false,"campfire_upgraded":0,"win_rate":0.0,"timestamp":1614304347,"path_taken":["M","M","?","?","$","E","R","E","T","M","M","?","E","?","R","BOSS","M","M","M","M","?","E","R","?","T","?","E","R","?","$","R","BOSS","M","?","M","?","M","E","R","$","T","?","E","M","E","M","R","BOSS"],"items_purchased_type":["Card","Relic","Card","Card"],"build_version":"2020-12-22","purchased_purges":1,"victory":true,"max_hp_per_floor":[70,70,70,70,70,70,70,70,70,70,70,70,70,70,70,70,70,70,70,70,70,70,70,70,70,70,70,75,75,75,75,75,75,75,75,75,75,75,75,75,75,75,75,75,75,75,75,75,75,75],"card_choices":[{"not_picked":["Prepared","Flying Knee"],"picked":"Deflect","floor":0},{"not_picked":["Flying Knee","Sucker Punch"],"picked":"Bane","floor":0},{"not_picked":["Acrobatics","Dodge and Roll"],"picked":"Distraction","floor":0},{"not_picked":["Sneak Up","Predator"],"picked":"Calculated Gamble","floor":0},{"not_picked":["ReplayTheSpireMod:The Works","Backflip"],"picked":"Deadly Poison","floor":0},{"not_picked":["Dagger Spray","Backflip"],"picked":"Crippling Poison","floor":0},{"not_picked":["Backflip","Bane"],"picked":"Replay:Poison Smokescreen","floor":0},{"not_picked":["Underhanded Strike","Sneak Up"],"picked":"Flying Knee","floor":0},{"not_picked":["PiercingWail","Flying Knee"],"picked":"Prepared","floor":0},{"not_picked":["Dagger Throw","Blade Dance"],"picked":"Calculated Gamble","floor":0},{"not_picked":["Acrobatics","Quick Slash"],"picked":"Deadly Poison","floor":0},{"not_picked":["Escape Plan","Deflect"],"picked":"Deadly Poison","floor":0},{"not_picked":["Flying Knee","hubris:SlightOfHand"],"picked":"Backflip","floor":0},{"not_picked":["Reflex","Calculated Gamble"],"picked":"Footwork","floor":0},{"not_picked":["Backstab","Hidden Blade"],"picked":"Bouncing Flask","floor":0},{"not_picked":["Infinite Blades","Dodge and Roll"],"picked":"Backflip","floor":1},{"not_picked":["Dodge and Roll","Infinite Blades"],"picked":"Slice","floor":2},{"not_picked":["hubris:TrickCloak","Heel Hook"],"picked":"Deflect","floor":6},{"not_picked":["Slice","Quick Slash","Expertise"],"picked":"SKIP","floor":8},{"not_picked":["Calculated Gamble","Prepared","Dagger Throw"],"picked":"SKIP","floor":10},{"not_picked":["Prepared","Reflex"],"picked":"Deadly Poison","floor":11},{"not_picked":["Heel Hook","Well Laid Plans","Flying Knee"],"picked":"SKIP","floor":12},{"not_picked":["ReplayTheSpireMod:Tripwire","Sneak Up"],"picked":"Deflect","floor":13},{"not_picked":["Atom Bomb","A Thousand Cuts"],"picked":"infinitespire:Neurotoxin","floor":16},{"not_picked":["Hidden Blade","Underhanded Strike+1"],"picked":"Toxin Wave+1","floor":18},{"not_picked":["Bane","Slice"],"picked":"Terror","floor":19},{"not_picked":["hubris:Sniper","Riddle With Holes","hubris:SlightOfHand"],"picked":"SKIP","floor":20},{"not_picked":["Dagger Spray","Deflect"],"picked":"ReplayTheSpireMod:Scrap Shanks","floor":21},{"not_picked":["Underhanded Strike","Grand Finale","Acrobatics+1"],"picked":"SKIP","floor":23},{"not_picked":["PiercingWail","Reflex+1","Acrobatics"],"picked":"SKIP","floor":27},{"not_picked":["Venomology","Bane"],"picked":"Adrenaline","floor":28},{"not_picked":["Die Die Die","Tools of the Trade"],"picked":"Venomology","floor":33},{"not_picked":["Prepared","Dodge and Roll+1"],"picked":"Deadly Poison","floor":35},{"not_picked":["Terror","Setup"],"picked":"Deflect","floor":37},{"not_picked":["Well Laid Plans+1","Quick Slash"],"picked":"Deadly Poison+1","floor":39},{"not_picked":["hubris:SlightOfHand+1","Accuracy"],"picked":"Replay:Poison Smokescreen+1","floor":40},{"not_picked":["Poison Darts+1","Sucker Punch"],"picked":"Bouncing Flask+1","floor":45},{"not_picked":["Flying Knee+1","Blur+1"],"picked":"Bane","floor":46},{"not_picked":["Cloak And Dagger+1","Calculated Gamble+1"],"picked":"Replay:Bag of Tricks+1","floor":47},{"not_picked":["Tactician+1","Blur+1","Dash"],"picked":"SKIP","floor":48}],"player_experience":144342,"relics_obtained":[{"floor":6,"key":"hubris:SlimyHat"},{"floor":8,"key":"Peace Pipe"},{"floor":9,"key":"Grinning Jar"},{"floor":13,"key":"Replay:Mystery Machine"},{"floor":23,"key":"Bag of Preparation"},{"floor":26,"key":"Paper Crane"},{"floor":28,"key":"Durian"},{"floor":40,"key":"WingedGreaves"},{"floor":43,"key":"Oddly Smooth Stone"},{"floor":45,"key":"Darkstone Periapt"},{"floor":47,"key":"Pet Ghost"}],"event_choices":[{"damage_healed":0,"gold_gain":0,"player_choice":"Paid Gold","damage_taken":0,"relics_obtained":["aspiration:TomeofQuesting"],"max_hp_gain":0,"max_hp_loss":0,"event_name":"WeMeetAgain","floor":4,"gold_loss":89},{"damage_healed":0,"gold_gain":0,"player_choice":"Inject Mutagens","damage_taken":0,"relics_obtained":["MutagenicStrength"],"max_hp_gain":0,"max_hp_loss":0,"event_name":"Drug Dealer","floor":22,"gold_loss":0},{"damage_healed":0,"gold_gain":0,"player_choice":"Traded Relic","damage_taken":0,"relics_obtained":["Nloth\u0027s Gift"],"max_hp_gain":0,"max_hp_loss":0,"event_name":"N\u0027loth","floor":25,"relics_lost":["Replay:Mystery Machine"],"gold_loss":0},{"damage_healed":0,"gold_gain":0,"player_choice":"Got Potions","damage_taken":0,"max_hp_gain":0,"max_hp_loss":0,"event_name":"Lab","floor":36,"gold_loss":0}],"is_beta":false,"boss_relics":[{"not_picked":["Replay:Wanted Poster","Fusion Hammer"],"picked":"Philosopher\u0027s Stone"},{"not_picked":["Ring of Chaos","bronze:MakeshiftBattery"],"picked":"Snecko Heart"}],"items_purged_floors":[31],"is_endless":false,"potions_floor_spawned":[2,6,8,19,33,37,46,47],"ascension_level":3}}