{"host":"2l5k2wp87eek7qja","time":1614371491,"event":{"mods":["BaseMod","Colored Map","Minty Spire (QoL Compilation)","Relic Stats"],"gold_per_floor":[211,222,222,241,261,261,295,16,41,41,67,79,91,115,127,139,139],"floor_reached":16,"language":"ENG","playtime":392,"items_purged":[],"score":220,"play_id":"4a0246db-8120-4b7f-9095-c7b5ce471f1a","local_time":"20210226223131","is_ascension_mode":true,"campfire_choices":[{"data":"Dagger Spray","floor":6,"key":"SMITH"},{"data":"Blade Dance","floor":12,"key":"SMITH"},{"floor":15,"key":"REST"}],"circlet_count":0,"master_deck":["AscendersBane","Strike_G","Strike_G","Strike_G","Strike_G","Strike_G","Defend_G","Defend_G","Defend_G","Defend_G+1","Defend_G","Survivor+1","Neutralize","Poisoned Stab","Poisoned Stab","Dagger Spray+1","Cloak And Dagger","Blade Dance+1","Cloak And Dagger"],"relics":["Ring of the Snake","War Paint","HornCleat","MawBank"],"acts_visited":["Exordium"],"potions_floor_usage":[7,11],"damage_taken":[{"damage":0,"enemies":"Cultist","floor":1,"turns":4},{"damage":1,"enemies":"2 Louse","floor":2,"turns":4},{"damage":4,"enemies":"Jaw Worm","floor":4,"turns":5},{"damage":15,"enemies":"Large Slime","floor":5,"turns":5},{"damage":28,"enemies":"Gremlin Nob","floor":7,"turns":4},{"damage":11,"enemies":"3 Sentries","floor":11,"turns":9},{"damage":1,"enemies":"2 Fungi Beasts","floor":14,"turns":3},{"damage":17,"enemies":"Slime Boss","floor":16,"turns":5}],"seed_played":"-286242525550268428","potions_obtained":[{"floor":5,"key":"Strength Potion"},{"floor":7,"key":"EssenceOfSteel"}],"is_trial":false,"path_per_floor":["M","M","?","M","M","R","E","$","T","?","E","R","$","M","R","B"],"character_chosen":"THE_SILENT","items_purchased":["HornCleat"],"campfire_rested":1,"item_purchase_floors":[8],"current_hp_per_floor":[59,58,63,59,44,44,16,16,16,16,5,5,5,4,25,8,8],"gold":139,"neow_bonus":"HUNDRED_GOLD","is_daily":false,"chose_seed":false,"campfire_upgraded":2,"win_rate":0.0,"timestamp":1614371491,"path_taken":["M","?","?","M","M","R","E","$","T","?","E","R","$","M","R","BOSS"],"items_purchased_type":["Relic"],"build_version":"2020-12-22","purchased_purges":0,"victory":false,"max_hp_per_floor":[66,66,71,71,71,71,71,71,71,71,71,71,71,71,71,71,71],"relic_stats":{"counters":[8,38],"War Paint":["Survivor","Defend_G"],"MawBank":60,"obtain_stats":[{"HornCleat":8,"War Paint":7,"MawBank":11,"Ring of the Snake":0},{"HornCleat":5,"War Paint":5,"MawBank":6,"Ring of the Snake":0},{"HornCleat":22,"War Paint":22,"MawBank":31,"Ring of the Snake":0}],"Ring of the Snake":[16]},"card_choices":[{"not_picked":["Backflip","Tactician"],"picked":"Poisoned Stab","floor":1},{"not_picked":["Deflect","Outmaneuver"],"picked":"Poisoned Stab","floor":2},{"not_picked":["Deflect","Underhanded Strike"],"picked":"Dagger Spray","floor":4},{"not_picked":["Caltrops","Well Laid Plans"],"picked":"Cloak And Dagger","floor":5},{"not_picked":["Riddle With Holes","Expertise","Choke"],"picked":"SKIP","floor":7},{"not_picked":["Distraction","Dagger Spray"],"picked":"Blade Dance","floor":11},{"not_picked":["Deadly Poison","Distraction"],"picked":"Cloak And Dagger","floor":14}],"player_experience":913928,"relics_obtained":[{"floor":7,"key":"War Paint"},{"floor":11,"key":"MawBank"}],"event_choices":[{"damage_healed":0,"gold_gain":0,"player_choice":"Donut","damage_taken":0,"max_hp_gain":5,"max_hp_loss":0,"event_name":"Big Fish","floor":3,"gold_loss":0},{"damage_healed":0,"gold_gain":0,"player_choice":"Ignored","damage_taken":0,"max_hp_gain":0,"max_hp_loss":0,"event_name":"Shining Light","floor":10,"gold_loss":0}],"is_beta":false,"boss_relics":[],"items_purged_floors":[],"is_endless":false,"potions_floor_spawned":[5,7],"killed_by":"Slime Boss","ascension_level":20}}