{"host":"1ie89x0glpq08u84","time":1614372672,"event":{"mods":["AchievementEnabler","BaseMod","Highlight Path","Minty Spire (QoL Compilation)","StSLib","Unceasing Turn Reminder"],"gold_per_floor":[116,129,4,4,4,17,52,69,95,95,122,141,141,141,141,271,271,284,298,298,314,239,275,21,21,21],"floor_reached":25,"language":"ENG","playtime":796,"items_purged":["Strike_G"],"score":243,"play_id":"a2aba618-f9c4-4a99-a2aa-83020f051053","local_time":"20210226155112","is_ascension_mode":true,"campfire_choices":[{"floor":10,"key":"REST"},{"data":"Deadly Poison","floor":13,"key":"SMITH"},{"floor":15,"key":"REST"}],"circlet_count":0,"master_deck":["Strike_G","Strike_G","Strike_G","Defend_G+1","Defend_G","Defend_G","Defend_G","Defend_G","Survivor","Neutralize+1","Acrobatics","Sucker Punch","Quick Slash","Footwork","Dagger Spray","Slice","Deadly Poison+1","Prepared","Dodge and Roll","Dagger Throw","Deflect","Dodge and Roll","RitualDagger","Leg Sweep","Cloak And Dagger","Flying Knee"],"relics":["Busted Crown","Art of War","Dream Catcher","Boot","Golden Idol","Runic Pyramid","Darkstone Periapt"],"acts_visited":["Exordium","TheCity"],"potions_floor_usage":[11,23,25,25],"damage_taken":[{"damage":0.0,"enemies":"Cultist","floor":1.0,"turns":4.0},{"damage":0.0,"enemies":"2 Louse","floor":2.0,"turns":3.0},{"damage":11,"enemies":"Jaw Worm","floor":6,"turns":3},{"damage":20,"enemies":"3 Sentries","floor":7,"turns":7},{"damage":0,"enemies":"Looter","floor":8,"turns":3},{"damage":9,"enemies":"Lagavulin","floor":11,"turns":7},{"damage":0,"enemies":"3 Louse","floor":12,"turns":2},{"damage":13,"enemies":"The Guardian","floor":16,"turns":11},{"damage":6,"enemies":"Spheric Guardian","floor":18,"turns":6},{"damage":23,"enemies":"2 Thieves","floor":19,"turns":4},{"damage":0,"enemies":"Snake Plant","floor":21,"turns":6},{"damage":18,"enemies":"Book of Stabbing","floor":23,"turns":7},{"damage":18,"enemies":"Gremlin Leader","floor":25,"turns":4}],"seed_played":"2162040096401422528","potions_obtained":[{"floor":6,"key":"EssenceOfSteel"},{"floor":8,"key":"Ancient Potion"},{"floor":16,"key":"Ancient Potion"},{"floor":21,"key":"AttackPotion"}],"is_trial":false,"path_per_floor":["M","M","$","?","?","M","E","M","T","R","E","M","R","?","R","B",null,"M","M","?","M","?","E","$","E"],"character_chosen":"THE_SILENT","items_purchased":["Quick Slash","Footwork","Cloak And Dagger","BlessingOfTheForge","SkillPotion","Flying Knee"],"campfire_rested":2,"item_purchase_floors":[3,3,24,24,24,24],"current_hp_per_floor":[70,70,70,56,56,45,25,25,25,46,37,37,37,37,56,43,65,59,36,30,30,30,12,12,0,0],"gold":21,"neow_bonus":"BOSS_RELIC","is_daily":false,"chose_seed":false,"campfire_upgraded":1,"win_rate":0.0,"timestamp":1614372672,"path_taken":["M","?","$","?","?","M","E","M","T","R","E","?","R","?","R","BOSS","M","M","?","M","?","E","$","E"],"items_purchased_type":["Card","Card","Card","Potion","Potion","Card"],"build_version":"2020-12-22","purchased_purges":1,"victory":false,"max_hp_per_floor":[70,70,70,70,70,70,70,70,70,70,70,70,70,65,65,65,65,65,65,65,65,65,65,65,65,65],"card_choices":[{"not_picked":[],"picked":"Acrobatics","floor":1.0},{"not_picked":[],"picked":"Sucker Punch","floor":2.0},{"not_picked":[],"picked":"Dagger Spray","floor":6},{"not_picked":[],"picked":"Slice","floor":7},{"not_picked":[],"picked":"Deadly Poison","floor":8},{"not_picked":[],"picked":"Prepared","floor":10},{"not_picked":["Reflex"],"picked":"SKIP","floor":11},{"not_picked":[],"picked":"Dodge and Roll","floor":12},{"not_picked":[],"picked":"Dagger Throw","floor":15},{"not_picked":[],"picked":"Deflect","floor":18},{"not_picked":[],"picked":"Dodge and Roll","floor":19},{"not_picked":[],"picked":"Leg Sweep","floor":21},{"not_picked":["Dagger Throw"],"picked":"SKIP","floor":23}],"player_experience":448813,"relics_obtained":[{"floor":7,"key":"Art of War"},{"floor":9,"key":"Dream Catcher"},{"floor":11,"key":"Boot"},{"floor":23,"key":"Darkstone Periapt"}],"event_choices":[{"damage_healed":0.0,"max_hp_gain":0.0,"max_hp_loss":0.0,"gold_gain":0.0,"event_name":"Shining Light","player_choice":"Entered Light","floor":4.0,"gold_loss":0.0,"damage_taken":14.0,"cards_upgraded":["Neutralize","Defend_G"]},{"damage_healed":0,"gold_gain":0,"player_choice":"Fled","damage_taken":0,"max_hp_gain":0,"max_hp_loss":0,"event_name":"Scrap Ooze","floor":5,"gold_loss":0},{"damage_healed":0,"gold_gain":0,"player_choice":"Lose Max HP","damage_taken":0,"relics_obtained":["Golden Idol"],"max_hp_gain":0,"max_hp_loss":5,"event_name":"Golden Idol","floor":14,"gold_loss":0},{"damage_healed":0,"gold_gain":0,"player_choice":"Joined the Cult","damage_taken":6,"max_hp_gain":0,"max_hp_loss":0,"event_name":"Nest","floor":20,"gold_loss":0,"cards_obtained":["RitualDagger"]},{"cards_removed":["Strike_G"],"damage_healed":0,"gold_gain":0,"player_choice":"Gave Gold","damage_taken":0,"max_hp_gain":0,"max_hp_loss":0,"event_name":"Beggar","floor":22,"gold_loss":75}],"is_beta":false,"boss_relics":[{"not_picked":["Coffee Dripper","Sozu"],"picked":"Runic Pyramid"}],"items_purged_floors":[24],"is_endless":false,"potions_floor_spawned":[6,8,16,21],"killed_by":"Gremlin Leader","ascension_level":1}}