{"host":"54jr43vd79817238","time":1614376987,"event":{"mods":["ATMod(°¢èªMod)","Act Like it!","Arknights","Aspiration","BaseMod","CapriCore","Dota2Spire","Friendly Minions","Gensokyo","Hallownest","Hermit","HololiveMod","Jedi Mod","KomeijiMod","Library of Ruina","Library of Ruina Extra","Lobotomy","LobotomyExtend","Marisa£¨ìFÓê¡¡Ä§ÀíÉ³£©","Minty Spire (QoL Compilation)","MostiFishMod","Quarter Circle Forward PUNCH!","Reliquary","Replay The Spire","Robot Space Explorer","RumiaBox-Â¶Ã×æ«µÄÉñÃØºÐ×Ó","Spicy Shops","StSLib","TestMod","The Alterego","The Senshi","TheWitcher","Yakumo Yukari mod","Yuyuko","¡¾ÒÅÎï¿¨ÅÆ¡¿REMEMod"],"gold_per_floor":[113,113,127,146,163,163,174,208,277,309,309,709,709,720,720,816,816,829,570,669,683,683,683,699,717,798,824,824,869,924,999,999,1131,1131,1147,982,1001,1050,1050,1050,1060,1060,1109,1156,1156,1431,1466,1506,1506,1536,1566,1566,1566,1015,1073,1103],"floor_reached":57,"language":"ZHS","playtime":3509,"items_purged":["LightAttack","LightAttack","Decay"],"score":1311,"play_id":"60ab04fc-8e49-4a9d-8d56-b5c8efd49f3e","local_time":"20210227060307","is_ascension_mode":false,"campfire_choices":[{"floor":6.0,"key":"RECALL"},{"data":"Faith","floor":11.0,"key":"SMITH"},{"data":"Eject","floor":13.0,"key":"SMITH"},{"data":"AT_CaressingTears","floor":15.0,"key":"SMITH"},{"data":"ChargeAndCover","floor":23.0,"key":"SMITH"},{"data":"BiAn","floor":28.0,"key":"SMITH"},{"data":"UnavoidableGaze","floor":40,"key":"SMITH"},{"data":"RagingStormLove","floor":42,"key":"SMITH"},{"data":"ReplayTheSpireMod:Necrogeddon","floor":45,"key":"SMITH"},{"data":"Parry2","floor":49,"key":"SMITH"},{"data":"Parry2","floor":53,"key":"SMITH"}],"circlet_count":0,"master_deck":["Dodge","LightDefense","LightAttack+1","LightDefense","LightDefense","LightDefense","ChargeAndCover+1","FocusedStrikes+1","ReplayTheSpireMod:Necrogeddon+1","AT_CaressingTears+1","SinglePointStab+1","SilentNight","BiAn+1","Faith+1","Parry2+1","Eject+1","UnavoidableGaze+1","SharpSwipe","RagingStormLove+1","SpearedSweep+1","GuidanceOfTheGears+1","Parry2+1","ShrineToMusic+1","SinglePointStab","ExtractFuel+1","FierceOnslaught","Lock","Parry2"],"relics":["PageOfLibrarian","AT_ATBox","testmod-TestBox","REME_ComplimentaryCards","aspiration:Nostalgia","alterego_mod:MasochisticConstitution","testmod-HeartOfStrike","RhineSuit","reliquary:Sideboard","GodSword4","REME_ChargedStone","Membership Card","Whetstone","Replay:Bottled Snecko","Dota2Spire:HandOfMidas","PageOfSpiderBud","SacredBark","jedi:crownofsimplicity","Cauldron","Omamori","Blue Doll","Turnip","reliquary:FingerTrap","ShirouKen","Lee\u0027s Waffle","Dota2Spire:OrchidMalevolence","GodSword7","AT_RabadonDeathcap"],"acts_visited":["Gensokyo:Gensokyo","TheCity","TheBeyond","TheEnding"],"potions_floor_usage":[36,38,38,51,51,55,56],"damage_taken":[{"damage":0.0,"enemies":"Gensokyo:Gryphon","floor":1.0,"turns":2.0},{"damage":0.0,"enemies":"Gensokyo:Python","floor":3.0,"turns":2.0},{"damage":0.0,"enemies":"Gensokyo:3_Fairies","floor":4.0,"turns":3.0},{"damage":0.0,"enemies":"Gensokyo:LivingMonolith","floor":5.0,"turns":2.0},{"damage":4.0,"enemies":"Gensokyo:CorruptedTreant","floor":7.0,"turns":2.0},{"damage":5.0,"enemies":"Gensokyo:Aya","floor":8.0,"turns":4.0},{"damage":0.0,"enemies":"Gensokyo:Mamizou","floor":10.0,"turns":6.0},{"damage":0.0,"enemies":"Gensokyo:Python_and_Kodama","floor":14.0,"turns":2.0},{"damage":37.0,"enemies":"Gensokyo:Yukari","floor":16.0,"turns":9.0},{"damage":0.0,"enemies":"Shell Parasite","floor":18.0,"turns":3.0},{"damage":0.0,"enemies":"3 Byrds","floor":21.0,"turns":5.0},{"damage":12.0,"enemies":"Snake Plant","floor":24.0,"turns":4.0},{"damage":15.0,"enemies":"Cultist and Chosen","floor":25.0,"turns":5.0},{"damage":19.0,"enemies":"Slavers","floor":27.0,"turns":4.0},{"damage":4.0,"enemies":"Snecko","floor":29.0,"turns":3.0},{"damage":3.0,"enemies":"Gremlin Leader","floor":30.0,"turns":5.0},{"damage":0.0,"enemies":"Centurion and Healer","floor":31.0,"turns":6.0},{"damage":1,"enemies":"Champ","floor":33,"turns":7},{"damage":1,"enemies":"3 Darklings","floor":35,"turns":2},{"damage":0,"enemies":"Orb Walker","floor":37,"turns":1},{"damage":17,"enemies":"Spire Growth","floor":38,"turns":5},{"damage":0,"enemies":"Sphere and 2 Shapes","floor":41,"turns":4},{"damage":0,"enemies":"Transient","floor":44,"turns":5},{"damage":2,"enemies":"Nemesis","floor":47,"turns":3},{"damage":0,"enemies":"3 Darklings","floor":48,"turns":5},{"damage":1,"enemies":"Donu and Deca","floor":50,"turns":5},{"damage":0,"enemies":"Donu and Deca","floor":51,"turns":9},{"damage":16,"enemies":"Shield and Spear","floor":55,"turns":5},{"damage":90,"enemies":"The Heart","floor":56,"turns":10}],"seed_played":"4989925822558945022","potions_obtained":[{"floor":7.0,"key":"Languid Potion"},{"floor":8.0,"key":"AttackPotion"},{"floor":10.0,"key":"Cursed Concoction"},{"floor":16.0,"key":"SpeedPotion"},{"floor":18.0,"key":"BlessingOfTheForge"},{"floor":29.0,"key":"SpeedPotion"},{"floor":30.0,"key":"REME_GoldPotion"},{"floor":36,"key":"Block Potion"},{"floor":36,"key":"testmod-SpacePotion"},{"floor":36,"key":"Languid Potion"},{"floor":36,"key":"Dota2Spire:HealingSalve"},{"floor":36,"key":"LiquidMemories"},{"floor":47,"key":"FairyPotion"},{"floor":48,"key":"Dota2Spire:HealingSalve"}],"is_trial":false,"path_per_floor":["M","?","M","M","M","R","M","E","T","E","R","?","R","M","R","B",null,"M","$","?","M","?","R","M","M","T","E","R","M","E","M","R","B",null,"M","$","M","M","?","R","M","R","T","M","R","?","E","M","R","B",null,null,"R","$","E","B",null],"character_chosen":"Librarian","items_purchased":["Membership Card","Whetstone","jedi:crownofsimplicity","Cauldron","Turnip","reliquary:FingerTrap","ShirouKen","Lee\u0027s Waffle","Dota2Spire:OrchidMalevolence","GodSword7","SkillPotion","Parry2"],"campfire_rested":0,"item_purchase_floors":[19,19,36,36,54,54,54,54,54,54,54,54],"current_hp_per_floor":[60,65,65,63,63,63,60,56,56,62,62,62,62,62,62,30,68,68,68,68,65,65,63,52,44,44,26,26,23,21,24,51,54,86,72,72,72,65,65,65,73,73,73,78,78,78,80,80,80,88,93,98,76,111,88,15],"gold":1103,"neow_bonus":"NOSTALGIA","is_daily":false,"chose_seed":false,"campfire_upgraded":10,"win_rate":0.0,"timestamp":1614376987,"path_taken":["M","?","M","M","?","R","M","E","T","E","R","?","R","M","R","BOSS","M","$","?","M","?","R","M","M","T","E","R","?","E","M","R","BOSS","M","$","M","?","?","R","?","R","T","M","R","?","E","M","R","BOSS","R","$","E","BOSS"],"items_purchased_type":["Relic","Relic","Relic","Relic","Relic","Relic","Relic","Relic","Relic","Relic","Potion","Card"],"build_version":"2020-12-22","purchased_purges":3,"victory":true,"max_hp_per_floor":[65,65,65,63,70,70,92,67,67,80,93,93,93,73,73,68,68,77,77,77,65,65,63,67,67,67,71,77,77,92,78,92,86,86,72,72,88,81,81,102,73,102,102,79,102,102,97,80,97,98,98,98,104,111,88,89],"card_choices":[{"not_picked":["EndlessBattle","StrongStrike","RipSpace","GreatSerpentsImpact","TendonChords","EnergyCycle","ReadyUp","UpbeatPerformance"],"picked":"SinglePointStab","floor":1.0},{"not_picked":["GuardingStance","TrimTheIngredients","SerpentSwordTechnique","Quickness","DesperateStruggle","BiXi","RhinoRam","Guardian_lor"],"picked":"SilentNight","floor":3.0},{"not_picked":["YouOnlyLiveOnce","FrontalAssault","IngredientHunt","ForcefulGesture","Juggling","Quickness","Outburst","FierceCharge"],"picked":"BiAn","floor":4.0},{"not_picked":["UpbeatPerformance","IllEndYou","ViolentFlame","StrikeDown","DesperateStruggle","BlindFaith","QuickSuppression","EndlessBattle"],"picked":"Faith","floor":5.0},{"not_picked":["BattleCommand","SpearedSweep","ScatteringSlash","TheWillOfTheCity","SummaryJudgment","MultiHit","EnergyStrike","ICanCookAnything"],"picked":"Parry2","floor":7.0},{"not_picked":["BizarreAttack","PreemptiveStrike","CoordinatedAssault","Tailoring","Diversion","AbsorbImpact","SilentMist","FlashOfSunup"],"picked":"Eject","floor":8.0},{"not_picked":["ViolentFlame","FervidEmotions","Reload","Standoff","BiXi","WillOfThePrescript","BayonetCombat","Outburst"],"picked":"UnavoidableGaze","floor":10.0},{"not_picked":["BulkyImpact","FierceCharge","SkyClearingCut","ExtractFuel","QuickAttack","GutHarvesting","ProselytesBlade","SharpNails"],"picked":"SharpSwipe","floor":14.0},{"not_picked":["Tttonst","FleshFillet"],"picked":"RagingStormLove","floor":16.0},{"not_picked":["HandlingWork","SmokingPipe+1","Leap_lor","TraceOfFumes","GrazeTheGrass","GreatSerpentsImpact","ViolentFlame","UnavoidableGaze+1"],"picked":"SpearedSweep+1","floor":18.0},{"not_picked":["StrongStrike+1","EndlessBattle+1","UnavoidableGaze","DriedUp+1","QuickAttack","ICanCookAnything","FendThisOffIfYouCan","Parry"],"picked":"GuidanceOfTheGears+1","floor":21.0},{"not_picked":["EnergyConversion","FendThisOffIfYouCan+1","AssaultOrder","DarkCloud+1","Execute_lor","MultiHit","SteelKnuckles","Punishment"],"picked":"Parry2","floor":24.0},{"not_picked":["CleanUp","UnavoidableGaze","LoosenUp+1","Parry2+1","StrikeDown","SnakesPrey","TheArtOfRapidSteps+1","Multislash"],"picked":"SinglePointStab","floor":25.0},{"not_picked":["BurningFlash","FlamingDragonFist","Reload","DesperateStruggle","MultiHit+1","SenseQuarry","Multislash+1","ClassAndRespect"],"picked":"ShrineToMusic+1","floor":27.0},{"not_picked":["Pound","GatherIntel+1","HandleRequest","Quickness+1","Parry","CoordinatedAssault","FleetFootsteps","GreatSerpentsImpact"],"picked":"ExtractFuel","floor":29.0},{"not_picked":["FierceCharge","BlindFaith+1","ConcentratedFire+1","FrontalAssault+1","PreparedMind+1","HighKick","TrimTheIngredients","StayCalm+1"],"picked":"FierceOnslaught","floor":30.0},{"not_picked":["EnergyCycle","Leap_lor+1","EnergyShield","StrongStrike+1","DarkCloud","ElectricShock","KeepItFresh","Marionette"],"picked":"Lock","floor":31.0},{"not_picked":["Tttonst","TieShanKao"],"picked":"Castigation","floor":33},{"not_picked":["Brawl","Fence","HighKick+1","FierceCharge+1","MultiBlock+1","Struggle+1","LossOfSenses+1","GreatSerpentsImpact+1"],"picked":"ViolentFlame+1","floor":35},{"not_picked":["BlindFaith+1","Endure+1","StructuralAnalysis+1","Creak+1","StrongStrike","GreatSerpentsImpact","GroundSmash","SkitterAway+1"],"picked":"GrazeTheGrass+1","floor":37},{"not_picked":["Faith+1","BackAttack","GuidanceOfTheGears","JiaoTu+1","WaitUp","SnakeSlit+1","DarkCloud+1","Outburst"],"picked":"SuanNi","floor":38},{"not_picked":["GuardingStance+1","SkyClearingCut+1","StartinOutLightly","InhaleSmoke","EnergyStrike+1","FieryWaltz","SavageMode","ClassAndRespect"],"picked":"Outburst+1","floor":41},{"not_picked":["SteelKnuckles+1","Faith+1","StructuralAnalysis","InkOver","ClassAndRespect","IllEndYou","LoosenUp+1","Suppress"],"picked":"SinglePointStab+1","floor":44},{"not_picked":["SmokingPipe","SpearedSweep+1","Concentration","NightInTheBackstreets","Retaliate","AsThePrescriptOrders+1","BizarreAttack","EnergyCycle","GuidanceOfTheGears"],"picked":"SKIP","floor":47},{"not_picked":["ScratchThat","SpearedSweep+1","SturdyDefense+1","RapidGashes","Reload+1","BiAn","ClassAndRespect+1","Mutilate"],"picked":"YourShield+1","floor":48},{"not_picked":["Eradication","MultiBlock","GroundSmash","SharpNails+1","GuidanceOfTheGears+1","DefenseOrder+1","ButterflySlash","StrikeDown+1"],"picked":"SnakesPrey","floor":55}],"player_experience":332512,"relics_obtained":[{"floor":8.0,"key":"reliquary:Sideboard"},{"floor":10.0,"key":"GodSword4"},{"floor":26.0,"key":"Replay:Bottled Snecko"},{"floor":27.0,"key":"Dota2Spire:HandOfMidas"},{"floor":30.0,"key":"PageOfSpiderBud"},{"floor":43,"key":"Omamori"},{"floor":47,"key":"Blue Doll"},{"floor":55,"key":"AT_RabadonDeathcap"}],"event_choices":[{"damage_healed":0.0,"max_hp_gain":0.0,"max_hp_loss":0.0,"gold_gain":400.0,"event_name":"¶÷ÂåË¹µÄÅÌ×Ó","player_choice":"Sell","floor":12.0,"relics_lost":["DaveBox"],"gold_loss":0.0,"damage_taken":0.0},{"damage_healed":0.0,"max_hp_gain":0.0,"max_hp_loss":0.0,"gold_gain":99.0,"event_name":"Nest","player_choice":"Stole From Cult","floor":20.0,"gold_loss":0.0,"damage_taken":0.0},{"damage_healed":0.0,"max_hp_gain":0.0,"max_hp_loss":0.0,"gold_gain":0.0,"event_name":"Wheel of Change","player_choice":"Cursed","floor":22.0,"gold_loss":0.0,"damage_taken":0.0,"cards_obtained":["Decay"]},{"damage_healed":0,"gold_gain":0,"player_choice":"Upgraded","damage_taken":0,"max_hp_gain":0,"max_hp_loss":0,"event_name":"Upgrade Shrine","floor":39,"gold_loss":0,"cards_upgraded":["ExtractFuel"]},{"damage_healed":0,"gold_gain":275,"player_choice":"Desecrate","damage_taken":0,"max_hp_gain":0,"max_hp_loss":0,"event_name":"Golden Shrine","floor":46,"gold_loss":0,"cards_obtained":["Regret"]}],"is_beta":false,"boss_relics":[{"not_picked":["Snecko Eye","testmod-BatchProcessingSystem"],"picked":"REME_ChargedStone"},{"not_picked":["Hololive_Finger","Replay:Ancient Bell"],"picked":"SacredBark"}],"items_purged_floors":[19,36,54],"is_endless":false,"potions_floor_spawned":[7,8,10,16,18,21,25,29,30,47,48],"ascension_level":0}}