{"host":"5n1fl7z5i1vf7jan","time":1614306629,"event":{"mods":["BaseMod","Minty Spire (QoL Compilation)","Quick Restart","Relic Stats"],"gold_per_floor":[114,39,51,66,116,151,151,164,164,206,234,234,244,244,253,253,253],"floor_reached":16,"language":"ENG","playtime":400,"items_purged":[],"score":224,"play_id":"18da4720-a146-42b3-a85e-8c2a72e14eb1","local_time":"20210225183029","is_ascension_mode":true,"campfire_choices":[{"floor":7.0,"key":"REST"},{"floor":15,"key":"REST"}],"circlet_count":0,"master_deck":["AscendersBane","Strike_B","Strike_B","Strike_B","Defend_B","Defend_B","Defend_B","Defend_B","Zap","Dualcast","Ball Lightning","Streamline","Ball Lightning","Sweeping Beam","FTL","Doom and Gloom","Coolheaded","Self Repair"],"relics":["Black Star","Blood Vial","Singing Bowl","CeramicFish","Dream Catcher","TungstenRod","FossilizedHelix"],"acts_visited":["Exordium"],"potions_floor_usage":[13,16],"damage_taken":[{"damage":7.0,"enemies":"Small Slimes","floor":1.0,"turns":3.0},{"damage":0.0,"enemies":"2 Louse","floor":3.0,"turns":2.0},{"damage":2.0,"enemies":"Cultist","floor":4.0,"turns":4.0},{"damage":25.0,"enemies":"Lagavulin","floor":6.0,"turns":7.0},{"damage":9.0,"enemies":"Exordium Wildlife","floor":8.0,"turns":4.0},{"damage":25.0,"enemies":"3 Sentries","floor":10.0,"turns":5.0},{"damage":8,"enemies":"2 Fungi Beasts","floor":11,"turns":3},{"damage":0,"enemies":"Looter","floor":13,"turns":2},{"damage":40,"enemies":"Hexaghost","floor":16,"turns":9}],"seed_played":"-728114590819309481","potions_obtained":[{"floor":1.0,"key":"SteroidPotion"},{"floor":6.0,"key":"FocusPotion"},{"floor":10.0,"key":"EssenceOfDarkness"},{"floor":11,"key":"ColorlessPotion"}],"is_trial":false,"path_per_floor":["M","?","M","M","?","E","R","M","T","E","M","?","M","?","R","B"],"character_chosen":"DEFECT","items_purchased":[],"campfire_rested":2,"item_purchase_floors":[],"current_hp_per_floor":[57,57,57,55,55,30,51,44,44,21,15,11,15,15,36,0,0],"gold":253,"neow_bonus":"BOSS_RELIC","is_daily":false,"chose_seed":false,"campfire_upgraded":0,"win_rate":0.0,"timestamp":1614306629,"path_taken":["M","?","M","M","?","E","R","M","T","E","?","?","M","?","R","BOSS"],"items_purchased_type":[],"build_version":"2020-12-22","purchased_purges":0,"victory":false,"max_hp_per_floor":[71,71,71,71,71,71,71,71,71,71,71,71,73,73,73,73,73],"relic_stats":{"Blood Vial":10,"Dream Catcher":1,"Singing Bowl":2,"counters":[9,39],"CeramicFish":27,"Black Star":2,"obtain_stats":[{"Blood Vial":6,"Dream Catcher":10,"Singing Bowl":6,"CeramicFish":9,"Black Star":0,"Cracked Core":0,"TungstenRod":10,"FossilizedHelix":12},{"Blood Vial":4,"Dream Catcher":6,"Singing Bowl":4,"CeramicFish":5,"Black Star":0,"Cracked Core":0,"TungstenRod":6,"FossilizedHelix":7},{"Blood Vial":16,"Dream Catcher":25,"Singing Bowl":16,"CeramicFish":20,"Black Star":0,"Cracked Core":0,"TungstenRod":25,"FossilizedHelix":28}],"TungstenRod":18},"card_choices":[{"not_picked":["Recycle","Stack"],"picked":"Ball Lightning","floor":1.0},{"not_picked":["Conserve Battery","Reinforced Body"],"picked":"Streamline","floor":3.0},{"not_picked":["Streamline","Go for the Eyes"],"picked":"Ball Lightning","floor":4.0},{"not_picked":["FTL","Auto Shields"],"picked":"Sweeping Beam","floor":6.0},{"not_picked":["Ball Lightning","Echo Form"],"picked":"FTL","floor":8.0},{"not_picked":["Streamline","Hologram"],"picked":"Doom and Gloom","floor":10.0},{"not_picked":["Stack","Darkness"],"picked":"Coolheaded","floor":11},{"not_picked":["Blizzard","Hello World","Chaos"],"picked":"Singing Bowl","floor":13},{"not_picked":["Blizzard","Stack"],"picked":"Self Repair","floor":15}],"player_experience":424479,"relics_obtained":[{"floor":6.0,"key":"Blood Vial"},{"floor":6.0,"key":"Singing Bowl"},{"floor":9.0,"key":"CeramicFish"},{"floor":10.0,"key":"Dream Catcher"},{"floor":10.0,"key":"TungstenRod"}],"event_choices":[{"cards_removed":["Strike_B"],"damage_healed":0.0,"max_hp_gain":0.0,"max_hp_loss":0.0,"gold_gain":0.0,"event_name":"The Cleric","player_choice":"Card Removal","floor":2.0,"gold_loss":75.0,"damage_taken":0.0},{"damage_healed":0.0,"max_hp_gain":0.0,"max_hp_loss":0.0,"gold_gain":50.0,"event_name":"Golden Shrine","player_choice":"Pray","floor":5.0,"gold_loss":0.0,"damage_taken":0.0},{"damage_healed":0,"gold_gain":0,"player_choice":"Success","damage_taken":5,"relics_obtained":["FossilizedHelix"],"max_hp_gain":0,"max_hp_loss":0,"event_name":"Scrap Ooze","floor":12,"gold_loss":0},{"damage_healed":0,"gold_gain":0,"player_choice":"Ignored","damage_taken":0,"max_hp_gain":0,"max_hp_loss":0,"event_name":"Shining Light","floor":14,"gold_loss":0}],"is_beta":false,"boss_relics":[],"items_purged_floors":[],"is_endless":false,"potions_floor_spawned":[1,6,10,11],"killed_by":"Hexaghost","ascension_level":20}}