{"host":"nomlpa5ttaaqphus","time":1614376881,"event":{"mods":["100% Spire Juice","AchievementEnabler","BaseMod","Better Debug","Colored Powertips","Minty Spire (QoL Compilation)","SpireExporter+","StSLib","Wide Potions"],"gold_per_floor":[114,125,144,160,40,68,85,103,103,103,127,22,22,37,37,157,157,171,51,51,51,69,96,96,131,131,131,23,23,39,52,52,154,154,166,183,203,220,231,111,111,111,137,137,137,155,186,198,210,222,234,246,7,41,41],"floor_reached":56,"language":"ENG","playtime":4684,"items_purged":[],"score":1250,"play_id":"55b84b45-b641-46b9-a42a-6a170c0d5354","local_time":"20210226180121","is_ascension_mode":false,"campfire_choices":[{"floor":13.0,"key":"REST"},{"data":"Moonworks:Ambush","floor":15.0,"key":"SMITH"},{"floor":24.0,"key":"REST"},{"floor":27.0,"key":"REST"},{"floor":32.0,"key":"REST"},{"data":"Moonworks:Bloodlust","floor":40.0,"key":"SMITH"},{"data":"Moonworks:Bloodlust","floor":41.0,"key":"SMITH"},{"data":"Moonworks:Accelerator","floor":42.0,"key":"SMITH"},{"data":"Moonworks:AccelHyper","floor":44.0,"key":"SMITH"},{"data":"Moonworks:SubspaceTunnel","floor":49.0,"key":"SMITH"},{"data":"Moonworks:EvilSpyWorkPreparation","floor":52.0,"key":"SMITH"}],"circlet_count":0,"master_deck":["Moonworks:Strike","Moonworks:Strike","Moonworks:Strike","Moonworks:Strike","Moonworks:Defend","Moonworks:Defend","Moonworks:Defend","Moonworks:Defend","Moonworks:Ambush+1","Moonworks:LongDistanceShot","Moonworks:Bloodlust+1","Moonworks:SweetBattle","Moonworks:Bloodlust+1","Moonworks:UnluckyCharm","Moonworks:EvilSpyWorkPreparation+1","Moonworks:EvilSpyWorkPreparation","Moonworks:NicePresent","Moonworks:MiracleWalker","Moonworks:EvilSpyWorkPreparation","Moonworks:Accelerator+1","Moonworks:EvilSpyWorkPreparation+1","Moonworks:WhiteChristsmasher","Moonworks:Flamethrower","Moonworks:AccelHyper+1","Moonworks:NicePresent+1","Moonworks:NicePresent","Moonworks:SubspaceTunnel+1","Moonworks:ScrambledEve"],"relics":["Moonworks:SBBomb","Moonworks:Homemark","WingedGreaves","Moonworks:BottledOrange","Bloody Idol","Boot","Kunai","InkBottle","Ancient Tea Set","MawBank","Moonworks:DamagePanel","Calipers"],"acts_visited":["Exordium","TheCity","TheBeyond","TheEnding"],"potions_floor_usage":[55,55,55],"damage_taken":[{"damage":0.0,"enemies":"Cultist","floor":1.0,"turns":3.0},{"damage":3.0,"enemies":"Jaw Worm","floor":2.0,"turns":4.0},{"damage":2.0,"enemies":"2 Louse","floor":3.0,"turns":2.0},{"damage":9.0,"enemies":"Red Slaver","floor":4.0,"turns":3.0},{"damage":9.0,"enemies":"3 Sentries","floor":6.0,"turns":3.0},{"damage":10.0,"enemies":"2 Fungi Beasts","floor":7.0,"turns":5.0},{"damage":14.0,"enemies":"Exordium Thugs","floor":8.0,"turns":2.0},{"damage":1.0,"enemies":"Blue Slaver","floor":11.0,"turns":3.0},{"damage":6.0,"enemies":"Exordium Wildlife","floor":12.0,"turns":4.0},{"damage":2.0,"enemies":"3 Louse","floor":14.0,"turns":2.0},{"damage":16.0,"enemies":"Hexaghost","floor":16.0,"turns":4.0},{"damage":0.0,"enemies":"Spheric Guardian","floor":18.0,"turns":2.0},{"damage":30.0,"enemies":"2 Thieves","floor":22.0,"turns":3.0},{"damage":48.0,"enemies":"Slavers","floor":23.0,"turns":3.0},{"damage":30.0,"enemies":"Book of Stabbing","floor":25.0,"turns":3.0},{"damage":12.0,"enemies":"Centurion and Healer","floor":28.0,"turns":3.0},{"damage":8.0,"enemies":"Shelled Parasite and Fungi","floor":30.0,"turns":2.0},{"damage":14.0,"enemies":"Snake Plant","floor":31.0,"turns":2.0},{"damage":14.0,"enemies":"Automaton","floor":33.0,"turns":4.0},{"damage":3.0,"enemies":"Orb Walker","floor":35.0,"turns":2.0},{"damage":27.0,"enemies":"3 Darklings","floor":36.0,"turns":2.0},{"damage":0.0,"enemies":"Sphere and 2 Shapes","floor":37.0,"turns":2.0},{"damage":9.0,"enemies":"4 Shapes","floor":38.0,"turns":4.0},{"damage":14.0,"enemies":"Transient","floor":39.0,"turns":5.0},{"damage":0.0,"enemies":"Jaw Worm Horde","floor":46.0,"turns":1.0},{"damage":0.0,"enemies":"Giant Head","floor":47.0,"turns":3.0},{"damage":14.0,"enemies":"Awakened One","floor":50.0,"turns":3.0},{"damage":14.0,"enemies":"Shield and Spear","floor":54.0,"turns":2.0},{"damage":135,"enemies":"The Heart","floor":55,"turns":5}],"seed_played":"-2597552576704898746","potions_obtained":[{"floor":3.0,"key":"Regen Potion"},{"floor":4.0,"key":"Moonworks:NormaPotion"},{"floor":6.0,"key":"Moonworks:OverloadPotion"},{"floor":30.0,"key":"Moonworks:RefundPotion"},{"floor":31.0,"key":"Fire Potion"},{"floor":37.0,"key":"Moonworks:RefundPotion"}],"is_trial":false,"path_per_floor":["M","M","M","M","$","E","M","M","T","?","M","M","R","M","R","B",null,"M","?","$","?","M","E","R","E","T","R","M","?","M","M","R","B",null,"M","M","M","M","M","R","R","R","T","R","?","M","E","$","R","B",null,"R","$","E","B",null],"character_chosen":"THE_STARBREAKER","items_purchased":["Moonworks:DamagePanel"],"campfire_rested":4,"item_purchase_floors":[53],"current_hp_per_floor":[66,66,66,61,61,54,50,40,40,24,29,27,46,44,44,34,66,66,66,66,66,48,12,31,10,10,29,28,28,25,18,37,34,66,66,46,53,51,48,48,48,48,53,53,53,58,66,66,66,56,66,66,66,59,16],"gold":41,"neow_bonus":"TEN_PERCENT_HP_BONUS","is_daily":false,"chose_seed":false,"campfire_upgraded":7,"win_rate":0.0,"timestamp":1614376881,"path_taken":["M","M","M","M","?","E","?","M","T","?","M","M","R","M","R","BOSS","M","?","$","?","?","E","R","E","T","R","M","?","M","M","R","BOSS","M","M","M","M","M","R","R","R","T","R","?","M","E","$","R","BOSS","R","$","E","BOSS"],"items_purchased_type":["Relic"],"build_version":"2020-12-22","purchased_purges":0,"victory":true,"max_hp_per_floor":[66,66,66,66,66,66,66,66,66,66,66,66,66,66,66,66,66,66,66,66,66,66,66,66,66,66,66,66,66,66,66,66,66,66,66,66,66,66,66,66,66,66,66,66,66,66,66,66,66,66,66,66,66,66,66],"card_choices":[{"not_picked":["Moonworks:EvilSpyWorkPreparation","Moonworks:OutOfAmmo"],"picked":"Moonworks:SweetBattle","floor":1.0},{"not_picked":["Moonworks:DesperateModification","Moonworks:x16BigRocket"],"picked":"Moonworks:Bloodlust","floor":2.0},{"not_picked":["Moonworks:QuickRestoration","Moonworks:LulusLuckyEgg"],"picked":"Moonworks:UnluckyCharm","floor":3.0},{"not_picked":["Moonworks:IntelligenceOfficer","Moonworks:DesperateModification"],"picked":"Moonworks:EvilSpyWorkPreparation","floor":4.0},{"not_picked":["Moonworks:DarkSideOfBusiness","Moonworks:x16BigRocket"],"picked":"Moonworks:EvilSpyWorkPreparation","floor":6.0},{"not_picked":["Moonworks:JonathanRush","Moonworks:BlueCrowTheSecond","Moonworks:Assault"],"picked":"SKIP","floor":7.0},{"not_picked":["Moonworks:DesperateModification","Moonworks:GoldenEgg"],"picked":"Moonworks:NicePresent","floor":8.0},{"not_picked":["Moonworks:GoldenEgg","Moonworks:ForcedRevival"],"picked":"Moonworks:MiracleWalker","floor":11.0},{"not_picked":["Moonworks:Assault","Moonworks:AwakeningOfTalent","Moonworks:ReproductionOfRecords"],"picked":"SKIP","floor":12.0},{"not_picked":["Moonworks:ProtagonistsPrivilege","Moonworks:HolyNight"],"picked":"Moonworks:EvilSpyWorkPreparation","floor":14.0},{"not_picked":["Moonworks:ReflectiveShell","Moonworks:WeAreWaruda"],"picked":"Moonworks:Accelerator","floor":16.0},{"not_picked":["Moonworks:IndiscriminateFireSupport","Moonworks:Assault"],"picked":"Moonworks:EvilSpyWorkPreparation+1","floor":18.0},{"not_picked":["Moonworks:BigMagnum","Moonworks:ExtendedPhotonRifle+1"],"picked":"Moonworks:WhiteChristsmasher","floor":22.0},{"not_picked":["Moonworks:SakisCookie","Moonworks:IndiscriminateFireSupport","Moonworks:StiffCrystal"],"picked":"SKIP","floor":23.0},{"not_picked":["Moonworks:SakisCookie+1","Moonworks:RagingMadness"],"picked":"Moonworks:Flamethrower","floor":25.0},{"not_picked":["Moonworks:LulusLuckyEgg","Moonworks:Dash","Moonworks:JonathanRush"],"picked":"SKIP","floor":28.0},{"not_picked":["Moonworks:Dinner+1","Moonworks:ScrambledEve","Moonworks:BeastWitch+1"],"picked":"SKIP","floor":30.0},{"not_picked":["Moonworks:Poppoformation","Moonworks:SakisCookie","Moonworks:Assault"],"picked":"SKIP","floor":31.0},{"not_picked":["Moonworks:WeAreWaruda","Moonworks:Accelerator"],"picked":"Moonworks:AccelHyper","floor":33.0},{"not_picked":["Moonworks:Assault","Moonworks:FinalBattle","Moonworks:AngelHand"],"picked":"SKIP","floor":35.0},{"not_picked":["Moonworks:HolyNight","Moonworks:ExtraordinarySpecs+1"],"picked":"Moonworks:NicePresent+1","floor":36.0},{"not_picked":["Moonworks:QuickRestoration","Moonworks:RainbowColoredCircle+1","Moonworks:DarkSideOfBusiness"],"picked":"SKIP","floor":37.0},{"not_picked":["Moonworks:ExtraordinarySpecs","Moonworks:SealedMemories"],"picked":"Moonworks:NicePresent","floor":38.0},{"not_picked":["Moonworks:GoldenEgg","Moonworks:CastOff+1","Moonworks:RainbowColoredCircle+1"],"picked":"SKIP","floor":39.0},{"not_picked":["Moonworks:GoldenEgg","Moonworks:CastOff+1","Moonworks:RainbowColoredCircle+1"],"picked":"SKIP","floor":39.0},{"not_picked":["Moonworks:LulusLuckyEgg","Moonworks:SakisCookie","Moonworks:ReproductionOfRecords"],"picked":"SKIP","floor":46.0},{"not_picked":["Moonworks:Assault","Moonworks:ExtraordinarySpecs+1"],"picked":"Moonworks:SubspaceTunnel","floor":47.0},{"not_picked":["Moonworks:EvilSpyWorkPreparation","Moonworks:BeastWitch"],"picked":"Moonworks:ScrambledEve","floor":54.0}],"player_experience":140705,"relics_obtained":[{"floor":6.0,"key":"WingedGreaves"},{"floor":9.0,"key":"Moonworks:BottledOrange"},{"floor":23.0,"key":"Boot"},{"floor":25.0,"key":"Kunai"},{"floor":26.0,"key":"InkBottle"},{"floor":43.0,"key":"Ancient Tea Set"},{"floor":47.0,"key":"MawBank"},{"floor":54.0,"key":"Calipers"}],"event_choices":[{"damage_healed":0.0,"max_hp_gain":0.0,"max_hp_loss":0.0,"gold_gain":0.0,"event_name":"Golden Idol","player_choice":"Take Damage","floor":10.0,"gold_loss":0.0,"damage_taken":16.0,"relics_obtained":["Golden Idol"]},{"damage_healed":0.0,"max_hp_gain":0.0,"max_hp_loss":0.0,"gold_gain":0.0,"event_name":"Forgotten Altar","player_choice":"Gave Idol","floor":19.0,"relics_lost":["Golden Idol"],"gold_loss":0.0,"damage_taken":0.0,"relics_obtained":["Bloody Idol"]},{"damage_healed":0.0,"max_hp_gain":0.0,"max_hp_loss":0.0,"gold_gain":0.0,"event_name":"NoteForYourself","player_choice":"Ignored","floor":21.0,"gold_loss":0.0,"damage_taken":0.0},{"damage_healed":0.0,"max_hp_gain":0.0,"max_hp_loss":0.0,"gold_gain":0.0,"event_name":"FaceTrader","player_choice":"Leave","floor":29.0,"gold_loss":0.0,"damage_taken":0.0},{"damage_healed":0.0,"max_hp_gain":0.0,"max_hp_loss":0.0,"gold_gain":0.0,"event_name":"Tomb of Lord Red Mask","player_choice":"Ignored","floor":45.0,"gold_loss":0.0,"damage_taken":0.0}],"is_beta":false,"boss_relics":[{"not_picked":["Empty Cage","Runic Pyramid"],"picked":"Moonworks:SBBomb"},{"not_picked":["Velvet Choker","Calling Bell","Coffee Dripper"]}],"items_purged_floors":[],"is_endless":false,"potions_floor_spawned":[3,4,6,8,30,31,33,36,37,39],"ascension_level":0}}