{"host":"ihhmze8k3dygjpvp","time":1614358540,"event":{"mods":["10 clothes from DAL","Act Like it!","BaseMod","Colored Map","Hallownest","Highlight Path","Minty Spire (QoL Compilation)","MostiFishMod","Pale of the Ancients","Quick Restart","RumiaBox-露米娅的神秘盒子","Shop Mod","Spicy Shops","StSLib","TestMod","[IsaacMod]以撒尖塔","【功能Mod】混沌之环修复补丁","【功能Mod】聪明的最终Boss"],"gold_per_floor":[118,333,408,408,422,456,472,501,528,928,928,246,274,1,1,103,103,110,120,35,47,47,72,84,111,111,98,493,430,463,6,6,111,111,126,138,138,114,42,67,84,111,137,169,69,81,94,111,111,111,129,147,147,-1253,-1253,-1235,-1235,-1235,-1235,-1235],"floor_reached":61,"language":"ZHS","playtime":2728,"items_purged":["Strike_R","Strike_R","Defend_R","Defend_R","Defend_R","Strike_R","Strike_R","Decay"],"score":2129,"play_id":"361b4fa0-cf34-419a-96a9-31d717d7e8dd","local_time":"20210227005540","is_ascension_mode":true,"campfire_choices":[{"data":"Infernal Blade","floor":11.0,"key":"SMITH"},{"floor":15.0,"key":"RECALL"},{"data":"MostiFishMod:OrdinaryWorld","floor":32.0,"key":"SMITH"},{"data":"MostiFishMod:RacingGame","floor":49.0,"key":"SMITH"},{"data":"MostiFishMod:HellRitual","floor":55,"key":"SMITH"},{"data":"testmod-LifeRuler","floor":57,"key":"SMITH"}],"circlet_count":0,"master_deck":["Bash","MostiFishMod:OrdinaryWorld+1","Intimidate","Intimidate","Infernal Blade+1","MostiFishMod:OneDayCity","Shockwave","MostiFishMod:FireWorks","Dark Embrace","Sever Soul","Feel No Pain","Warcry","Burning Pact","Infernal Blade","Second Wind","MostiFishMod:ChineseTea","Sentinel","Warcry","MostiFishMod:OrdinaryWorld+1","MostiFishMod:HellRitual+1","Barricade","MostiFishMod:FlyOverUtopia","Warcry","testmod-LifeRuler+1","MostiFishMod:ButterFly+1","Infernal Blade","MostiFishMod:RacingGame+1","Entrench+1","Feel No Pain+1","MostiFishMod:RainCloud+1","Ghostly Armor","Berserk","Hallownest:curseDreamersLament"],"relics":["Burning Blood","testmod-TestBox","ShadowXiaoBlade","D6","SynthV:TestCard","MealTicket","Orichalcum","Regal Pillow","SteamSale","Matryoshka","MerchantsRug","MagicDraw1","testmod-EqualTreatment","Lantern","DALC_ONE","xbg","Baka2","ZombieArmy","DoctorsRemote","LastBattle","BelialBook","Molten Egg 2","Old Coin","HornCleat","testmod-IndustrialRevolution","Strange Spoon","Pen Nib","Question Card","testmod-TimeTraveler","Civilization","Anchor","ThornShield","Ccalipers","Vajra","SSSystem","Strange Spoon","testmod-OneHitWonder","paleoftheancients:Timepiece","paleoftheancients:KeyRelic","Letter Opener","paleoftheancients:SoulOfTheWatcher","DaveBox","ShadowXiaoBlade","SynthV:MejaisSoulstealer"],"acts_visited":["Exordium","TheCity","TheBeyond","paleoftheancients:PaleOfTheAncients"],"potions_floor_usage":[],"damage_taken":[{"damage":7.0,"enemies":"Small Slimes","floor":1.0,"turns":2.0},{"damage":7.0,"enemies":"Jaw Worm","floor":2.0,"turns":2.0},{"damage":1.0,"enemies":"2 Louse","floor":5.0,"turns":2.0},{"damage":0.0,"enemies":"3 Sentries","floor":6.0,"turns":2.0},{"damage":22.0,"enemies":"Exordium Thugs","floor":7.0,"turns":3.0},{"damage":18.0,"enemies":"Gremlin Nob","floor":8.0,"turns":4.0},{"damage":0.0,"enemies":"3 Sentries","floor":13.0,"turns":2.0},{"damage":0.0,"enemies":"Slime Boss","floor":16.0,"turns":2.0},{"damage":0.0,"enemies":"3 Byrds","floor":18.0,"turns":2.0},{"damage":8.0,"enemies":"Chosen","floor":19.0,"turns":1.0},{"damage":4.0,"enemies":"Shelled Parasite and Fungi","floor":21.0,"turns":1.0},{"damage":4.0,"enemies":"Book of Stabbing","floor":23.0,"turns":2.0},{"damage":4.0,"enemies":"Cultist and Chosen","floor":24.0,"turns":1.0},{"damage":2.0,"enemies":"Gremlin Leader","floor":25.0,"turns":3.0},{"damage":13.0,"enemies":"Slavers","floor":27.0,"turns":2.0},{"damage":0.0,"enemies":"Colosseum Slavers","floor":28.0,"turns":1.0},{"damage":4.0,"enemies":"Colosseum Nobs","floor":28.0,"turns":2.0},{"damage":0.0,"enemies":"Gremlin Leader","floor":30.0,"turns":1.0},{"damage":16.0,"enemies":"Champ","floor":33.0,"turns":3.0},{"damage":8.0,"enemies":"Orb Walker","floor":35.0,"turns":2.0},{"damage":0.0,"enemies":"3 Darklings","floor":36.0,"turns":2.0},{"damage":8.0,"enemies":"Maw","floor":38.0,"turns":4.0},{"damage":14.0,"enemies":"Reptomancer","floor":40.0,"turns":2.0},{"damage":12.0,"enemies":"Spire Growth","floor":41.0,"turns":2.0},{"damage":4.0,"enemies":"Giant Head","floor":42.0,"turns":4.0},{"damage":8.0,"enemies":"Nemesis","floor":44.0,"turns":4.0},{"damage":8.0,"enemies":"Writhing Mass","floor":46.0,"turns":1.0},{"damage":4.0,"enemies":"Sphere and 2 Shapes","floor":47.0,"turns":3.0},{"damage":10.0,"enemies":"Maw","floor":48.0,"turns":2.0},{"damage":35,"enemies":"Time Eater","floor":50,"turns":6},{"damage":21,"enemies":"Time Eater","floor":51,"turns":1},{"damage":0,"enemies":"Time Eater","floor":52,"turns":1},{"damage":4,"enemies":"Time Eater","floor":56,"turns":1},{"damage":12,"enemies":"paleoftheancients:N","floor":60,"turns":2}],"seed_played":"-6750241230386163026","potions_obtained":[{"floor":2.0,"key":"Explosive Potion"},{"floor":6.0,"key":"SteroidPotion"},{"floor":8.0,"key":"SpeedPotion"},{"floor":19.0,"key":"Strength Potion"},{"floor":21.0,"key":"AttackPotion"},{"floor":23.0,"key":"testmod-SpacePotion"},{"floor":24.0,"key":"testmod-TestPotion"}],"is_trial":false,"path_per_floor":["M","M","?","?","M","E","M","E","T","?","R","$","E","$","R","B",null,"M","M","?","M","?","E","M","E","T","E","?","$","E","$","R","B",null,"M","M","?","M","$","E","M","E","T","E","$","M","M","M","R","B","M","M","?","$","R","M","R","$","?","B",null],"character_chosen":"IRONCLAD","items_purchased":["SteamSale","Matryoshka","MerchantsRug","MagicDraw1","testmod-EqualTreatment","DALC_ONE","MostiFishMod:OneDayCity","Shockwave","Dark Embrace","Strange Spoon","Warcry","Pen Nib","Question Card","MostiFishMod:HellRitual","Barricade","MostiFishMod:FlyOverUtopia","Civilization","SynthV:MejaisSoulstealer"],"campfire_rested":0,"item_purchase_floors":[12,12,12,12,12,14,14,14,17,31,31,31,31,34,34,34,39,54],"current_hp_per_floor":[87,86,75,75,80,86,70,58,58,58,58,73,79,88,88,88,81,81,79,79,81,81,81,84,84,84,77,84,84,84,84,84,82,65,63,65,55,57,65,64,62,71,71,75,75,80,85,90,90,99,102,109,109,109,109,114,114,114,114,119],"gold":-1235,"neow_bonus":"TEN_PERCENT_HP_BONUS","is_daily":false,"chose_seed":false,"campfire_upgraded":5,"win_rate":0.0,"timestamp":1614358540,"path_taken":["M","M","?","?","M","E","M","E","T","?","R","$","E","?","R","BOSS","M","M","?","M","?","E","M","E","T","E","?","?","E","?","R","BOSS","M","?","?","M","?","E","M","E","T","E","$","M","?","M","R","BOSS","M","M","?","$","R","M","R","$","?","BOSS"],"items_purchased_type":["Relic","Relic","Relic","Relic","Relic","Relic","Card","Card","Card","Relic","Card","Relic","Relic","Card","Card","Card","Relic","Relic"],"build_version":"2020-12-22","purchased_purges":8,"victory":true,"max_hp_per_floor":[88,88,88,88,88,88,88,88,88,88,88,88,88,88,88,88,81,81,81,81,81,81,81,84,84,84,84,84,84,84,84,84,84,65,65,65,65,65,65,66,68,71,71,75,75,80,85,90,90,99,104,109,109,109,109,114,114,114,114,119],"card_choices":[{"not_picked":["Anger","Metallicize","Flex"],"picked":"SKIP","floor":1.0},{"not_picked":["Feel No Pain","Dark Embrace","Perfected Strike","Armaments"],"picked":"MostiFishMod:OrdinaryWorld","floor":2.0},{"not_picked":["Havoc","Blood for Blood","Iron Wave","Sever Soul"],"picked":"Bomb","floor":5.0},{"not_picked":["Blood for Blood","Inflame","Heavy Blade","Warcry"],"picked":"Intimidate","floor":6.0},{"not_picked":["Flex","Clash","Carnage","Feed"],"picked":"Intimidate","floor":7.0},{"not_picked":["Exhume","Clothesline","Searing Blow","Body Slam"],"picked":"Infernal Blade","floor":8.0},{"not_picked":["Bloodletting","Searing Blow","True Grit","Headbutt"],"picked":"Bomb","floor":13.0},{"not_picked":["Juggernaut","Offering","Feed","MostiFishMod:PerfectStrikeMKII"],"picked":"MostiFishMod:FireWorks","floor":16.0},{"not_picked":["Headbutt","Body Slam","Wild Strike","Flame Barrier"],"picked":"Sever Soul","floor":18.0},{"not_picked":["Pommel Strike+1","Cleave","Twin Strike","Clash+1","Sword Boomerang"],"picked":"SKIP","floor":19.0},{"not_picked":["Pommel Strike","True Grit","Shrug It Off","Cleave","Dark Embrace+1"],"picked":"SKIP","floor":21.0},{"not_picked":["Havoc","MostiFishMod:KnuckleDown","Shockwave","Bloodletting"],"picked":"Feel No Pain","floor":23.0},{"not_picked":["Flex","Clash","Anger","Body Slam"],"picked":"Warcry","floor":23.0},{"not_picked":["Feed","Wild Strike+1","Flex","Twin Strike","Anger"],"picked":"SKIP","floor":23.0},{"not_picked":["Iron Wave","Armaments","Perfected Strike","MostiFishMod:NewArrival","True Grit"],"picked":"SKIP","floor":23.0},{"not_picked":["Cleave","Ghostly Armor+1","Wild Strike","Warcry+1"],"picked":"Burning Pact","floor":24.0},{"not_picked":["Fire Breathing","Dropkick","Wild Strike","Bloodletting"],"picked":"Infernal Blade","floor":25.0},{"not_picked":["Armaments+1","Fire Breathing","Clothesline+1","Carnage+1"],"picked":"Second Wind","floor":27.0},{"not_picked":["Evolve+1","Warcry+1","Disarm","Spot Weakness+1"],"picked":"MostiFishMod:ChineseTea","floor":28.0},{"not_picked":["Flame Barrier","Evolve+1","Rupture","Twin Strike+1"],"picked":"Sentinel","floor":30.0},{"not_picked":["Limit Break","MostiFishMod:404NotFound+1","MostiFishMod:TemporaryOutbreak","Bludgeon+1","Impervious"],"picked":"MostiFishMod:OrdinaryWorld+1","floor":33.0},{"not_picked":["Pummel+1","Havoc","Shrug It Off","Cleave+1","Clothesline+1"],"picked":"Warcry","floor":35.0},{"not_picked":["Iron Wave+1","Seeing Red+1","Twin Strike+1","Clothesline+1","Sword Boomerang+1","Armaments"],"picked":"SKIP","floor":36.0},{"not_picked":["Dramatic Entrance+1","testmod-BackupPower","Finesse","testmod-ComboMaster+1","MostiFishMod:ForestofLight"],"picked":"testmod-LifeRuler","floor":37.0},{"not_picked":["testmod-BloodShelter","testmod-PainDetonator+1","Purity","testmod-TreasureHunter+1","Dark Shackles"],"picked":"MostiFishMod:ButterFly+1","floor":37.0},{"not_picked":["Wild Strike+1","Fire Breathing+1","Flex","Burning Pact+1","Rage+1"],"picked":"Infernal Blade","floor":38.0},{"not_picked":["True Grit","Flex","Sentinel","Clash+1","Disarm+1"],"picked":"MostiFishMod:RacingGame","floor":40.0},{"not_picked":["Pommel Strike+1","Shockwave+1","True Grit+1","Thunderclap+1","Headbutt+1"],"picked":"Entrench+1","floor":41.0},{"not_picked":["Perfected Strike+1","Twin Strike+1","Shrug It Off+1","Body Slam+1","Combust"],"picked":"Feel No Pain+1","floor":42.0},{"not_picked":["Metallicize","Shrug It Off+1","MostiFishMod:BrandingRite","Fire Breathing","Wild Strike+1"],"picked":"MostiFishMod:RainCloud+1","floor":44.0},{"not_picked":["Headbutt+1","Cleave+1","Pommel Strike+1","Clothesline+1","Heavy Blade+1","Dropkick+1"],"picked":"SKIP","floor":46.0},{"not_picked":["Rampage+1","Intimidate+1","Sword Boomerang+1","Reckless Charge+1","Shockwave"],"picked":"Ghostly Armor","floor":47.0},{"not_picked":["Iron Wave+1","Entrench+1","True Grit","Sword Boomerang+1","Clothesline+1"],"picked":"Berserk","floor":48.0},{"not_picked":["Flex+1","Hemokinesis+1","Warcry","Wild Strike+1","Body Slam+1","Flame Barrier+1"],"picked":"SKIP","floor":51},{"not_picked":["Evolve","Rupture+1","Shrug It Off","Blood for Blood+1","Disarm+1","Entrench+1"],"picked":"SKIP","floor":52},{"not_picked":["Twin Strike+1","Thunderclap+1","Heavy Blade+1","Hemokinesis+1","Perfected Strike+1","Shrug It Off"],"picked":"SKIP","floor":56}],"player_experience":38864,"relics_obtained":[{"floor":1.0,"key":"SynthV:TestCard"},{"floor":1.0,"key":"Baka"},{"floor":6.0,"key":"MealTicket"},{"floor":8.0,"key":"Orichalcum"},{"floor":9.0,"key":"Regal Pillow"},{"floor":13.0,"key":"Lantern"},{"floor":19.0,"key":"Baka2"},{"floor":23.0,"key":"DoctorsRemote"},{"floor":25.0,"key":"LastBattle"},{"floor":26.0,"key":"BelialBook"},{"floor":27.0,"key":"Molten Egg 2"},{"floor":28.0,"key":"Old Coin"},{"floor":28.0,"key":"HornCleat"},{"floor":30.0,"key":"testmod-IndustrialRevolution"},{"floor":40.0,"key":"Anchor"},{"floor":41.0,"key":"ThornShield"},{"floor":42.0,"key":"Ccalipers"},{"floor":43.0,"key":"Vajra"},{"floor":43.0,"key":"SSSystem"},{"floor":44.0,"key":"Strange Spoon"},{"floor":44.0,"key":"testmod-OneHitWonder"},{"floor":51,"key":"paleoftheancients:SoulOfTheWatcher"},{"floor":52,"key":"paleoftheancients:SoulOfTheShowman"},{"floor":56,"key":"paleoftheancients:SoulOfTheDefect"}],"event_choices":[{"damage_healed":0.0,"max_hp_gain":0.0,"max_hp_loss":0.0,"gold_gain":75.0,"event_name":"World of Goop","player_choice":"Gather Gold","floor":3.0,"gold_loss":0.0,"damage_taken":11.0},{"cards_removed":["Defend_R"],"damage_healed":0.0,"max_hp_gain":0.0,"max_hp_loss":0.0,"gold_gain":0.0,"event_name":"Living Wall","player_choice":"Forget","floor":4.0,"gold_loss":0.0,"damage_taken":0.0},{"damage_healed":0.0,"max_hp_gain":0.0,"max_hp_loss":0.0,"gold_gain":400.0,"event_name":"恩洛斯的盘子","player_choice":"Sell","floor":10.0,"relics_lost":["DaveBox"],"gold_loss":0.0,"damage_taken":0.0},{"damage_healed":0.0,"max_hp_gain":0.0,"max_hp_loss":0.0,"gold_gain":0.0,"event_name":"Addict","player_choice":"Obtained Relic","floor":20.0,"gold_loss":85.0,"damage_taken":0.0,"relics_obtained":["ZombieArmy"]},{"cards_removed":["Strike_R"],"damage_healed":0.0,"max_hp_gain":0.0,"max_hp_loss":0.0,"gold_gain":0.0,"event_name":"Back to Basics","player_choice":"Elegance","floor":22.0,"gold_loss":0.0,"damage_taken":0.0},{"damage_healed":0.0,"max_hp_gain":0.0,"max_hp_loss":0.0,"gold_gain":0.0,"event_name":"Colosseum","player_choice":"Fight","floor":28.0,"gold_loss":0.0,"damage_taken":0.0},{"damage_healed":0.0,"max_hp_gain":0.0,"max_hp_loss":0.0,"gold_gain":0.0,"event_name":"Colosseum","player_choice":"Fought Nobs","floor":28.0,"gold_loss":0.0,"damage_taken":0.0},{"damage_healed":0.0,"max_hp_gain":0.0,"max_hp_loss":0.0,"gold_gain":0.0,"event_name":"SensoryStone","player_choice":"Memory 3","floor":37.0,"gold_loss":0.0,"damage_taken":10.0},{"damage_healed":0,"gold_gain":0,"player_choice":"Swap Relic","damage_taken":0,"relics_obtained":["DaveBox"],"max_hp_gain":0,"max_hp_loss":0,"event_name":"给自己的盒子","floor":53,"relics_lost":["HushsDoor"],"gold_loss":0}],"is_beta":false,"boss_relics":[{"not_picked":["ChampionBelt","SlaversCollar"],"picked":"xbg"},{"not_picked":[]},{"not_picked":["testmod-GoldenSoul","Calling Bell"],"picked":"testmod-TimeTraveler"},{"not_picked":[]}],"items_purged_floors":[12,12,17,29,31,31,34,45],"is_endless":false,"potions_floor_spawned":[2,6,8,19,21,23,24,33,36,38,41,44,46,52],"ascension_level":4}}