{"host":"khwpnvgc3av0w6xd","time":1614369313,"event":{"mods":["BaseMod","Block Reminder","Colored Map","DeckTracker","Highlight Path","Minty Spire (QoL Compilation)","Quick Restart"],"gold_per_floor":[111,126,126,151,113,113,152,165,165,165,190,190,214,69,69,198,198,218,218,231,74,98,136,136,136],"floor_reached":24,"language":"DEU","playtime":748,"items_purged":[],"score":308,"play_id":"6f8101ca-2e4c-4d14-a5a7-f290eb3ef861","local_time":"20210226205513","is_ascension_mode":true,"campfire_choices":[{"data":"Zap","floor":6,"key":"SMITH"},{"floor":10,"key":"REST"},{"data":"Rainbow","floor":12,"key":"SMITH"},{"data":"Dualcast","floor":15,"key":"SMITH"}],"circlet_count":0,"master_deck":["Strike_B","Strike_B","Strike_B","Strike_B","Defend_B","Defend_B","Defend_B","Defend_B","Zap+1","Dualcast+1","BootSequence","Conserve Battery","Rainbow+1","Leap+1","Heatsinks","Biased Cognition","CurseOfTheBell","Barrage","White Noise+1","Thunder Strike","Force Field+1","Double Energy+1"],"relics":["Cracked Core","Golden Idol","Mercury Hourglass","Toxic Egg 2","Runic Capacitor","Calling Bell","MealTicket","Kunai","Turnip","CultistMask","Shuriken"],"acts_visited":["Exordium","TheCity"],"potions_floor_usage":[7,16,16,20,22,23],"damage_taken":[{"damage":1,"enemies":"Cultist","floor":1,"turns":3},{"damage":2,"enemies":"Jaw Worm","floor":2,"turns":2},{"damage":0,"enemies":"Small Slimes","floor":4,"turns":3},{"damage":35,"enemies":"Gremlin Nob","floor":7,"turns":5},{"damage":0,"enemies":"Exordium Wildlife","floor":8,"turns":4},{"damage":0,"enemies":"3 Louse","floor":11,"turns":2},{"damage":0,"enemies":"Red Slaver","floor":13,"turns":3},{"damage":0,"enemies":"The Guardian","floor":16,"turns":8},{"damage":12,"enemies":"Spheric Guardian","floor":18,"turns":4},{"damage":10,"enemies":"3 Byrds","floor":20,"turns":4},{"damage":11,"enemies":"Snake Plant","floor":22,"turns":6},{"damage":48,"enemies":"Book of Stabbing","floor":23,"turns":6},{"damage":13,"enemies":"Centurion and Healer","floor":24,"turns":1}],"seed_played":"5946881644330979428","potions_obtained":[{"floor":0,"key":"EssenceOfDarkness"},{"floor":0,"key":"Energy Potion"},{"floor":0,"key":"Weak Potion"},{"floor":7,"key":"FocusPotion"},{"floor":16,"key":"LiquidBronze"},{"floor":18,"key":"Dexterity Potion"},{"floor":22,"key":"BlessingOfTheForge"}],"is_trial":false,"path_per_floor":["M","M","?","M","?","R","E","M","T","R","M","R","M","$","R","B",null,"M","?","M","$","M","E","M"],"character_chosen":"DEFECT","items_purchased":["Runic Capacitor","Thunder Strike"],"campfire_rested":1,"item_purchase_floors":[14,21],"current_hp_per_floor":[74,72,54,54,54,54,19,19,19,41,41,41,41,41,41,41,75,63,63,53,68,57,9,0,0],"gold":136,"neow_bonus":"THREE_SMALL_POTIONS","is_daily":false,"chose_seed":false,"campfire_upgraded":3,"win_rate":0.0,"timestamp":1614369313,"path_taken":["M","?","?","M","?","R","E","M","T","R","M","R","M","?","R","BOSS","M","?","?","$","M","E","M"],"items_purchased_type":["Relic","Card"],"build_version":"2020-12-22","purchased_purges":0,"victory":false,"max_hp_per_floor":[75,75,75,75,75,75,75,75,75,75,75,75,75,75,75,75,75,75,75,75,75,75,75,75,75],"card_choices":[{"not_picked":["Steam","Beam Cell"],"picked":"BootSequence","floor":1},{"not_picked":["Ball Lightning","FTL"],"picked":"Conserve Battery","floor":2},{"not_picked":["Gash","Go for the Eyes","Lockon"],"picked":"SKIP","floor":4},{"not_picked":["Hologram","Go for the Eyes"],"picked":"Rainbow","floor":7},{"not_picked":["Aggregate","Stack","Force Field"],"picked":"SKIP","floor":8},{"not_picked":["Barrage","Blizzard"],"picked":"Leap+1","floor":11},{"not_picked":["Lockon","Rebound"],"picked":"Heatsinks","floor":13},{"not_picked":["Thunder Strike","Seek+1"],"picked":"Biased Cognition","floor":16},{"not_picked":["Steam+1","Beam Cell+1"],"picked":"Barrage","floor":18},{"not_picked":["Gash","Chaos+1"],"picked":"White Noise+1","floor":20},{"not_picked":["Heatsinks","Go for the Eyes"],"picked":"Force Field+1","floor":22},{"not_picked":["Beam Cell","Storm"],"picked":"Double Energy+1","floor":23}],"player_experience":129370,"relics_obtained":[{"floor":7,"key":"Mercury Hourglass"},{"floor":9,"key":"Toxic Egg 2"},{"floor":17,"key":"MealTicket"},{"floor":17,"key":"Kunai"},{"floor":17,"key":"Turnip"},{"floor":23,"key":"Shuriken"}],"event_choices":[{"damage_healed":0,"gold_gain":0,"player_choice":"Take Damage","damage_taken":18,"relics_obtained":["Golden Idol"],"max_hp_gain":0,"max_hp_loss":0,"event_name":"Golden Idol","floor":3,"gold_loss":0},{"damage_healed":0,"gold_gain":0,"player_choice":"Left Gold","damage_taken":0,"max_hp_gain":0,"max_hp_loss":0,"event_name":"World of Goop","floor":5,"gold_loss":38},{"damage_healed":0,"gold_gain":0,"player_choice":"Trade","damage_taken":0,"relics_obtained":["CultistMask"],"max_hp_gain":0,"max_hp_loss":0,"event_name":"FaceTrader","floor":19,"gold_loss":0}],"is_beta":false,"boss_relics":[{"not_picked":["Snecko Eye","Runic Dome"],"picked":"Calling Bell"}],"items_purged_floors":[],"is_endless":false,"potions_floor_spawned":[2,7,11,16,18,22],"killed_by":"Centurion and Healer","ascension_level":3}}