{"host":"rw1trt79hfpl7pom","time":1614317100,"event":{"mods":["BaseMod","Bestiary","Colored Map","Jorbs\u0027s Wanderer Trilogy","Minty Spire (QoL Compilation)","Relic Stats","StSLib","SuperFastMode"],"gold_per_floor":[111,121,121,139,28,58,58,91,91,16,42,42,42,54,54,130,130,144,179,104,104,21,56,56,75,75,110,30,46,46,96,96,173,173,189,189,202,212,223,223,223],"floor_reached":40,"language":"ENG","playtime":1552,"items_purged":[],"score":909,"play_id":"2bcb66cb-4006-4e93-9257-b3ca4143437e","local_time":"20210225212500","is_ascension_mode":true,"campfire_choices":[{"floor":7.0,"key":"REST"},{"data":"Vigilance","floor":13.0,"key":"SMITH"},{"data":"Study","floor":15.0,"key":"SMITH"},{"floor":24.0,"key":"REST"},{"data":"Meditate","floor":32.0,"key":"SMITH"}],"circlet_count":0,"master_deck":["AscendersBane","Defend_P","Defend_P+1","Defend_P","Eruption","Vigilance+1","Establishment+1","Indignation+1","PathToVictory+1","PathToVictory","PathToVictory","CutThroughFate","Tantrum","PathToVictory","Protect+1","Nirvana","PathToVictory","Study+1","Vault","InnerPeace","ThirdEye+1","Meditate+1","Collect+1","Study","Wallop","JustLucky+1","DevaForm","Perseverance","TalkToTheHand+1"],"relics":["Astrolabe","War Paint","Kunai","Bag of Preparation","Eternal Feather","Philosopher\u0027s Stone","Red Mask","Girya","InkBottle","Calipers","Black Star"],"acts_visited":["Exordium","TheCity","TheBeyond"],"potions_floor_usage":[40],"damage_taken":[{"damage":4.0,"enemies":"Small Slimes","floor":1.0,"turns":3.0},{"damage":3.0,"enemies":"2 Louse","floor":2.0,"turns":3.0},{"damage":0.0,"enemies":"Jaw Worm","floor":4.0,"turns":3.0},{"damage":16.0,"enemies":"Gremlin Nob","floor":6.0,"turns":3.0},{"damage":16.0,"enemies":"Lagavulin","floor":8.0,"turns":5.0},{"damage":10.0,"enemies":"Gremlin Nob","floor":11.0,"turns":3.0},{"damage":5.0,"enemies":"Gremlin Gang","floor":14.0,"turns":4.0},{"damage":2.0,"enemies":"The Guardian","floor":16.0,"turns":6.0},{"damage":4.0,"enemies":"2 Thieves","floor":18.0,"turns":4.0},{"damage":20.0,"enemies":"Masked Bandits","floor":19.0,"turns":4.0},{"damage":31.0,"enemies":"Slavers","floor":23.0,"turns":7.0},{"damage":9.0,"enemies":"Spheric Guardian","floor":25.0,"turns":3.0},{"damage":16.0,"enemies":"Book of Stabbing","floor":27.0,"turns":4.0},{"damage":0.0,"enemies":"Snecko","floor":29.0,"turns":4.0},{"damage":14.0,"enemies":"Collector","floor":33.0,"turns":6.0},{"damage":0.0,"enemies":"3 Shapes","floor":35.0,"turns":5.0},{"damage":12.0,"enemies":"Orb Walker","floor":37.0,"turns":2.0},{"damage":26.0,"enemies":"Spire Growth","floor":38.0,"turns":4.0},{"damage":4.0,"enemies":"3 Darklings","floor":39.0,"turns":5.0},{"damage":14,"enemies":"Reptomancer","floor":40,"turns":2}],"seed_played":"-7048027240288662904","potions_obtained":[{"floor":1.0,"key":"CultistPotion"},{"floor":6.0,"key":"Strength Potion"},{"floor":8.0,"key":"AttackPotion"},{"floor":16.0,"key":"SpeedPotion"},{"floor":18.0,"key":"Ambrosia"},{"floor":29.0,"key":"PowerPotion"}],"is_trial":false,"path_per_floor":["M","M","?","M","$","E","R","E","T","?","E","?","R","M","R","B",null,"M","?","?","?","$","E","R","M","T","E","$","M","?","?","R","B",null,"M","?","M","M","M","E"],"character_chosen":"WATCHER","items_purchased":["Tantrum","PathToVictory","Collect","Wallop"],"campfire_rested":2,"item_purchase_floors":[5,5,22,28],"current_hp_per_floor":[57,54,54,54,54,38,58,42,42,42,32,32,41,36,45,43,62,58,38,38,38,38,7,39,30,30,14,14,14,14,14,29,15,55,55,55,43,17,13,0,0],"gold":223,"neow_bonus":"BOSS_RELIC","is_daily":false,"chose_seed":false,"campfire_upgraded":3,"win_rate":0.0,"timestamp":1614317100,"path_taken":["M","M","?","M","$","E","R","E","T","?","E","?","R","M","R","BOSS","M","?","?","?","?","E","R","M","T","E","$","?","?","?","R","BOSS","M","?","?","M","M","E"],"items_purchased_type":["Card","Card","Card","Card"],"build_version":"2020-12-22","purchased_purges":0,"victory":false,"max_hp_per_floor":[68,68,68,68,68,68,68,68,68,68,68,68,68,68,68,68,68,68,68,68,68,68,68,68,68,68,68,68,68,68,68,68,68,68,68,68,68,68,68,68,68],"relic_stats":{"counters":[20,80],"Astrolabe":["Establishment","Indignation","PathToVictory"],"Eternal Feather":45,"Bag of Preparation":[30],"Black Star":0,"Kunai":[1],"War Paint":["Defend_P","Protect"],"obtain_stats":[{"Girya":23,"Calipers":27,"Astrolabe":0,"Eternal Feather":11,"Philosopher\u0027s Stone":17,"Bag of Preparation":9,"Red Mask":19,"Black Star":34,"Kunai":8,"PureWater":0,"War Paint":6,"InkBottle":26},{"Girya":11,"Calipers":13,"Astrolabe":0,"Eternal Feather":6,"Philosopher\u0027s Stone":8,"Bag of Preparation":5,"Red Mask":10,"Black Star":15,"Kunai":5,"PureWater":0,"War Paint":4,"InkBottle":12},{"Girya":45,"Calipers":52,"Astrolabe":0,"Eternal Feather":20,"Philosopher\u0027s Stone":30,"Bag of Preparation":17,"Red Mask":38,"Black Star":62,"Kunai":17,"PureWater":0,"War Paint":12,"InkBottle":48}],"InkBottle":[11]},"card_choices":[{"not_picked":["Nirvana","EmptyBody"],"picked":"PathToVictory","floor":1.0},{"not_picked":["Protect","ClearTheMind"],"picked":"PathToVictory","floor":2.0},{"not_picked":["FlyingSleeves","Consecrate"],"picked":"CutThroughFate","floor":4.0},{"not_picked":["Halt","Brilliance"],"picked":"Protect","floor":6.0},{"not_picked":["MentalFortress","SashWhip"],"picked":"Nirvana","floor":8.0},{"not_picked":["EmptyBody","EmptyFist"],"picked":"PathToVictory","floor":11.0},{"not_picked":["FollowUp","WindmillStrike"],"picked":"Study","floor":14.0},{"not_picked":["Brilliance","MasterReality"],"picked":"Vault","floor":16.0},{"not_picked":["PathToVictory","Worship"],"picked":"InnerPeace","floor":18.0},{"not_picked":["JustLucky","Tantrum"],"picked":"ThirdEye+1","floor":19.0},{"not_picked":["Consecrate","Devotion","Study"],"picked":"SKIP","floor":23.0},{"not_picked":["Vengeance","CarveReality","Evaluate"],"picked":"SKIP","floor":25.0},{"not_picked":["Halt","SashWhip+1"],"picked":"Study","floor":27.0},{"not_picked":["Indignation","CutThroughFate"],"picked":"JustLucky+1","floor":29.0},{"not_picked":["Establishment","DeusExMachina"],"picked":"DevaForm","floor":33.0},{"not_picked":["FlyingSleeves","FollowUp","SashWhip"],"picked":"SKIP","floor":35.0},{"not_picked":["EmptyBody+1","FlyingSleeves+1"],"picked":"Perseverance","floor":37.0},{"not_picked":["Crescendo","EmptyFist"],"picked":"TalkToTheHand+1","floor":38.0},{"not_picked":["Conclude","SignatureMove+1","Halt"],"picked":"SKIP","floor":39.0}],"player_experience":2927694,"relics_obtained":[{"floor":6.0,"key":"War Paint"},{"floor":8.0,"key":"Kunai"},{"floor":9.0,"key":"Bag of Preparation"},{"floor":11.0,"key":"Eternal Feather"},{"floor":19.0,"key":"Red Mask"},{"floor":23.0,"key":"Girya"},{"floor":26.0,"key":"InkBottle"},{"floor":27.0,"key":"Calipers"}],"event_choices":[{"damage_healed":0.0,"max_hp_gain":0.0,"max_hp_loss":0.0,"gold_gain":0.0,"event_name":"Liars Game","player_choice":"Ignored","floor":3.0,"gold_loss":0.0,"damage_taken":0.0},{"cards_removed":["Strike_P"],"damage_healed":0.0,"max_hp_gain":0.0,"max_hp_loss":0.0,"gold_gain":0.0,"event_name":"The Cleric","player_choice":"Card Removal","floor":10.0,"gold_loss":75.0,"damage_taken":0.0},{"damage_healed":0.0,"max_hp_gain":0.0,"max_hp_loss":0.0,"gold_gain":0.0,"event_name":"Scrap Ooze","player_choice":"Fled","floor":12.0,"gold_loss":0.0,"damage_taken":0.0},{"damage_healed":0.0,"max_hp_gain":0.0,"max_hp_loss":0.0,"gold_gain":0.0,"event_name":"Masked Bandits","player_choice":"Fought Bandits","floor":19.0,"gold_loss":0.0,"damage_taken":0.0},{"cards_removed":["Strike_P"],"damage_healed":0.0,"max_hp_gain":0.0,"max_hp_loss":0.0,"gold_gain":0.0,"event_name":"Beggar","player_choice":"Gave Gold","floor":20.0,"gold_loss":75.0,"damage_taken":0.0},{"damage_healed":0.0,"max_hp_gain":0.0,"max_hp_loss":0.0,"gold_gain":0.0,"event_name":"The Library","player_choice":"Read","floor":21.0,"gold_loss":0.0,"damage_taken":0.0,"cards_obtained":["Meditate"]},{"damage_healed":0.0,"max_hp_gain":0.0,"max_hp_loss":0.0,"gold_gain":0.0,"event_name":"Vampires","player_choice":"Ignored","floor":30.0,"gold_loss":0.0,"damage_taken":0.0},{"damage_healed":0.0,"max_hp_gain":0.0,"max_hp_loss":0.0,"gold_gain":50.0,"event_name":"Nest","player_choice":"Stole From Cult","floor":31.0,"gold_loss":0.0,"damage_taken":0.0},{"damage_healed":0.0,"max_hp_gain":0.0,"max_hp_loss":0.0,"gold_gain":0.0,"event_name":"Upgrade Shrine","player_choice":"Upgraded","floor":36.0,"gold_loss":0.0,"damage_taken":0.0,"cards_upgraded":["Collect"]}],"is_beta":false,"boss_relics":[{"not_picked":["Ectoplasm","Calling Bell"],"picked":"Philosopher\u0027s Stone"},{"not_picked":["Busted Crown","Pandora\u0027s Box"],"picked":"Black Star"}],"items_purged_floors":[],"is_endless":false,"potions_floor_spawned":[1,6,8,16,18,19,29,33,37,38],"killed_by":"Reptomancer","ascension_level":20}}