{"host":"6z6y4ky8uzsz1dpj","time":1614355311,"event":{"mods":["AchievementEnabler","BaseMod","BetterRewards","Challenge The Spire","Colored Map","Hubris","Minty Spire (QoL Compilation)","Quick Restart","Relic Stats","Replay The Spire","StSLib"],"gold_per_floor":[117,40,40,40,58,83,83,113,113,146,116,147,161,176,176,252,252,266,365,221,236,248,277,277,305,305,57,67,92,104,118,118,189,189,203,220,234,194,50,50,62,97,124,124,176,190,205,232,232,232],"floor_reached":51,"language":"ENG","playtime":2649,"items_purged":["Strike_G","Strike_G"],"score":1621,"play_id":"c73126ac-51b4-4814-a5ce-0711a105fe86","local_time":"20210226110151","is_ascension_mode":true,"campfire_choices":[{"data":"Poison Darts","floor":7,"key":"SMITH"},{"floor":32,"key":"REST"},{"floor":40,"key":"REST"},{"floor":44,"key":"DIG"},{"floor":49,"key":"REST"}],"circlet_count":0,"master_deck":["AscendersBane","Strike_G","Strike_G","Defend_G","Defend_G","Defend_G","Defend_G","Defend_G","Survivor+1","Neutralize","Footwork","Footwork","Dodge and Roll","Poison Darts+1","Cloak And Dagger","Adrenaline","Deadly Poison","Hidden Blade","Calculated Gamble","Cloak And Dagger","Envenom","Replay:Poison Smokescreen+1","Noxious Fumes","Catalyst+1","Dagger Spray","Caltrops+1","hubris:DuctTapeCard+2","Cloak And Dagger+1","Riddle With Holes","Cloak And Dagger","Toxin Wave+1","Footwork+1","Night Terror","Poisoned Stab","Poisoned Stab","Crippling Poison+1","A Thousand Cuts+1","Accuracy+1","Cloak And Dagger+1","Well Laid Plans+1"],"relics":["Ring of the Snake","hubris:CuriousFeather","DollysMirror","Thread and Needle","Paper Crane","Replay:Multitool","Onion Ring","Mercury Hourglass","SlaversCollar","HornCleat","hubris:DuctTape","Frozen Egg 2","Bag of Preparation","Shuriken","Painkiller Herb","Anchor","Replay:Rubber Ducky","ReplayFunnel","Bag of Marbles","Pondfish Scales","Pet Ghost"],"acts_visited":["Exordium","TheCity","TheBeyond"],"potions_floor_usage":[6,8,12,18,22,25,36,37,41,47],"damage_taken":[{"damage":0,"enemies":"Cultist","floor":1,"turns":5},{"damage":8,"enemies":"Jaw Worm","floor":5,"turns":5},{"damage":15,"enemies":"Lagavulin","floor":6,"turns":6},{"damage":2,"enemies":"3 Sentries","floor":8,"turns":9},{"damage":8,"enemies":"Gremlin Nob","floor":10,"turns":5},{"damage":0,"enemies":"Lagavulin","floor":12,"turns":7},{"damage":0,"enemies":"2 Louse","floor":13,"turns":2},{"damage":3,"enemies":"Exordium Wildlife","floor":14,"turns":4},{"damage":0,"enemies":"The Guardian","floor":16,"turns":9},{"damage":0,"enemies":"Spheric Guardian","floor":18,"turns":4},{"damage":0,"enemies":"Shell Parasite","floor":21,"turns":5},{"damage":4,"enemies":"Snake Plant","floor":22,"turns":5},{"damage":3,"enemies":"Book of Stabbing","floor":23,"turns":4},{"damage":15,"enemies":"Slavers","floor":25,"turns":4},{"damage":18,"enemies":"3 Cultists","floor":28,"turns":4},{"damage":0,"enemies":"Gremlin Leader","floor":29,"turns":5},{"damage":12,"enemies":"Shelled Parasite and Fungi","floor":30,"turns":4},{"damage":2,"enemies":"Centurion and Healer","floor":31,"turns":6},{"damage":30,"enemies":"Pondfish","floor":33,"turns":8},{"damage":0,"enemies":"3 Shapes","floor":35,"turns":4},{"damage":0,"enemies":"Orb Walker","floor":36,"turns":4},{"damage":26,"enemies":"Writhing Mass","floor":37,"turns":6},{"damage":11,"enemies":"4 Shapes","floor":41,"turns":4},{"damage":0,"enemies":"Giant Head","floor":42,"turns":4},{"damage":0,"enemies":"2 Orb Walkers","floor":45,"turns":3},{"damage":0,"enemies":"Maw","floor":46,"turns":7},{"damage":0,"enemies":"Jaw Worm Horde","floor":47,"turns":4},{"damage":0,"enemies":"Reptomancer","floor":48,"turns":4},{"damage":2,"enemies":"Replay:Hell Engine","floor":50,"turns":8}],"seed_played":"8605493163624718093","potions_obtained":[{"floor":5,"key":"Block Potion"},{"floor":6,"key":"ColorlessPotion"},{"floor":11,"key":"LifebloodPotion"},{"floor":11,"key":"Fruit Juice"},{"floor":12,"key":"FearPotion"},{"floor":16,"key":"BlessingOfTheForge"},{"floor":21,"key":"Energy Potion"},{"floor":22,"key":"Explosive Potion"},{"floor":33,"key":"FearPotion"},{"floor":36,"key":"Adrenaline Potion"},{"floor":37,"key":"Energy Potion"},{"floor":45,"key":"Explosive Potion"},{"floor":47,"key":"Weak Potion"}],"is_trial":false,"path_per_floor":["M","$","?","$","M","E","R","E","T","E","?","E","M","M","R","B",null,"M","?","$","M","M","E","?","E","T","$","M","E","M","M","R","B",null,"?","?","?","?","T","T","?","E","T","T","?","?","?","E","T","B",null],"character_chosen":"THE_SILENT","items_purchased":["Footwork","DollysMirror","Dodge and Roll","Poison Darts","Cloak And Dagger","Hidden Blade","Noxious Fumes","Bag of Preparation","Anchor"],"campfire_rested":3,"item_purchase_floors":[0,0,0,0,2,2,20,27,39],"current_hp_per_floor":[56,56,49,49,41,26,26,24,24,16,16,21,21,18,40,40,66,66,66,66,66,62,59,59,44,44,44,26,26,14,12,34,4,57,57,57,31,31,31,53,42,42,42,42,42,42,42,42,64,62],"gold":232,"neow_bonus":"","is_daily":false,"chose_seed":false,"campfire_upgraded":1,"win_rate":0.0,"timestamp":1614355311,"path_taken":["M","$","?","$","M","E","R","E","T","E","?","E","M","M","R","BOSS","M","?","$","M","M","E","?","E","T","?","M","E","M","M","R","BOSS","?","?","?","?","?","T","?","E","T","T","?","?","?","E","T","BOSS"],"items_purchased_type":["Card","Relic","Card","Card","Card","Card","Card","Relic","Relic"],"build_version":"2020-12-22","purchased_purges":2,"victory":true,"max_hp_per_floor":[70,70,70,70,70,70,70,70,70,70,70,75,75,75,75,75,75,75,75,75,75,75,75,75,75,75,75,75,75,75,75,75,75,75,75,75,75,75,75,75,75,75,75,75,75,75,75,75,75,75],"relic_stats":{"counters":[29,149],"Shuriken":[17],"Bag of Preparation":[30],"obtain_stats":[{"ReplayFunnel":43,"hubris:DuctTape":25,"Thread and Needle":6,"Painkiller Herb":34,"Replay:Multitool":9,"Bag of Preparation":27,"Paper Crane":8,"Frozen Egg 2":26,"Pet Ghost":48,"Mercury Hourglass":12,"Replay:Rubber Ducky":42,"SlaversCollar":17,"Anchor":39,"Pondfish Scales":45,"HornCleat":23,"DollysMirror":0,"Shuriken":29,"Onion Ring":10,"hubris:CuriousFeather":0,"Bag of Marbles":44,"Ring of the Snake":0},{"ReplayFunnel":24,"hubris:DuctTape":14,"Thread and Needle":3,"Painkiller Herb":19,"Replay:Multitool":4,"Bag of Preparation":14,"Paper Crane":4,"Frozen Egg 2":14,"Pet Ghost":28,"Mercury Hourglass":6,"Replay:Rubber Ducky":24,"SlaversCollar":9,"Anchor":22,"Pondfish Scales":25,"HornCleat":13,"DollysMirror":0,"Shuriken":16,"Onion Ring":5,"hubris:CuriousFeather":0,"Bag of Marbles":24,"Ring of the Snake":0},{"ReplayFunnel":123,"hubris:DuctTape":74,"Thread and Needle":16,"Painkiller Herb":101,"Replay:Multitool":25,"Bag of Preparation":74,"Paper Crane":25,"Frozen Egg 2":74,"Pet Ghost":141,"Mercury Hourglass":37,"Replay:Rubber Ducky":123,"SlaversCollar":52,"Anchor":115,"Pondfish Scales":126,"HornCleat":70,"DollysMirror":0,"Shuriken":83,"Onion Ring":30,"hubris:CuriousFeather":0,"Bag of Marbles":123,"Ring of the Snake":0}],"Ring of the Snake":[58],"Mercury Hourglass":[410]},"card_choices":[{"not_picked":["Bane","Prepared","Outmaneuver"],"picked":"SKIP","floor":1},{"not_picked":["Caltrops","Deadly Poison"],"picked":"Prepared","floor":5},{"not_picked":["Replay:Poison Smokescreen","Riddle With Holes"],"picked":"Adrenaline","floor":6},{"not_picked":["hubris:SlightOfHand","Dagger Throw"],"picked":"Deadly Poison","floor":8},{"not_picked":["Acrobatics","Outmaneuver"],"picked":"Hidden Blade","floor":10},{"not_picked":["Underhanded Strike","Bane"],"picked":"Calculated Gamble","floor":12},{"not_picked":["ReplayTheSpireMod:Exploit Weakness","ReplayTheSpireMod:The Works","Expertise"],"picked":"SKIP","floor":13},{"not_picked":["Poisoned Stab","Sucker Punch"],"picked":"Cloak And Dagger","floor":14},{"not_picked":["Die Die Die","Venomology"],"picked":"Envenom","floor":16},{"not_picked":["Slice","Flying Knee"],"picked":"Replay:Poison Smokescreen+1","floor":18},{"not_picked":["Caltrops+1","Escape Plan+1"],"picked":"Catalyst+1","floor":21},{"not_picked":["Backflip","Heel Hook"],"picked":"Dagger Spray","floor":22},{"not_picked":["Choke","Atom Bomb"],"picked":"Caltrops+1","floor":23},{"not_picked":["Dagger Throw","Skewer"],"picked":"Cloak And Dagger+1","floor":25},{"not_picked":["hubris:SlightOfHand+1","Dagger Throw"],"picked":"Riddle With Holes","floor":28},{"not_picked":["Doppelganger","Die Die Die"],"picked":"Cloak And Dagger","floor":29},{"not_picked":["Escape Plan","ReplayTheSpireMod:Exploit Weakness+1"],"picked":"Toxin Wave+1","floor":30},{"not_picked":["Cloak And Dagger","Tactician"],"picked":"Footwork+1","floor":31},{"not_picked":["Replay:Bag of Tricks","Glass Knife"],"picked":"Night Terror","floor":33},{"not_picked":["Outmaneuver+1","Acrobatics","Backstab+1"],"picked":"SKIP","floor":35},{"not_picked":["Dodge and Roll","PiercingWail"],"picked":"Poisoned Stab","floor":36},{"not_picked":["Caltrops+1","ReplayTheSpireMod:Exploit Weakness"],"picked":"Poisoned Stab","floor":37},{"not_picked":["Dodge and Roll+1","Replay:Poison Smokescreen"],"picked":"Crippling Poison+1","floor":41},{"not_picked":["Endless Agony","ReplayTheSpireMod:Exploit Weakness"],"picked":"A Thousand Cuts+1","floor":42},{"not_picked":["Backflip","ReplayTheSpireMod:Shiv Toss+1"],"picked":"Accuracy+1","floor":46},{"not_picked":["Underhanded Strike","Bane"],"picked":"Cloak And Dagger+1","floor":47},{"not_picked":["Deflect","Hidden Blade"],"picked":"Well Laid Plans+1","floor":48}],"player_experience":654775,"relics_obtained":[{"floor":6,"key":"Thread and Needle"},{"floor":8,"key":"Paper Crane"},{"floor":9,"key":"Replay:Multitool"},{"floor":10,"key":"Onion Ring"},{"floor":12,"key":"Mercury Hourglass"},{"floor":23,"key":"HornCleat"},{"floor":25,"key":"hubris:DuctTape"},{"floor":26,"key":"Frozen Egg 2"},{"floor":29,"key":"Shuriken"},{"floor":42,"key":"Replay:Rubber Ducky"},{"floor":43,"key":"ReplayFunnel"},{"floor":44,"key":"Bag of Marbles"},{"floor":45,"key":"Pondfish Scales"},{"floor":48,"key":"Pet Ghost"}],"event_choices":[{"cards_removed":["Strike_G"],"damage_healed":0,"gold_gain":0,"player_choice":"Card Removal","damage_taken":7,"max_hp_gain":0,"max_hp_loss":0,"event_name":"Golden Wing","floor":3,"gold_loss":0},{"damage_healed":0,"gold_gain":0,"player_choice":"Bought 2 Potions","damage_taken":0,"max_hp_gain":0,"max_hp_loss":0,"event_name":"The Woman in Blue","floor":11,"gold_loss":0},{"damage_healed":0,"gold_gain":99,"player_choice":"Stole From Cult","damage_taken":0,"max_hp_gain":0,"max_hp_loss":0,"event_name":"Nest","floor":19,"gold_loss":0},{"damage_healed":0,"gold_gain":0,"player_choice":"Ignored","damage_taken":0,"max_hp_gain":0,"max_hp_loss":0,"event_name":"Ghosts","floor":24,"gold_loss":0},{"damage_healed":0,"gold_gain":0,"player_choice":"Upgraded Two","damage_taken":0,"max_hp_gain":0,"max_hp_loss":0,"event_name":"Designer","floor":38,"gold_loss":40,"cards_upgraded":["Survivor","hubris:DuctTapeCard"]},{"damage_healed":0,"gold_gain":0,"player_choice":"Fight","damage_taken":0,"max_hp_gain":0,"max_hp_loss":0,"event_name":"Mysterious Sphere","floor":45,"gold_loss":0}],"is_beta":false,"boss_relics":[{"not_picked":["Runic Pyramid","Replay:Grab Bag"],"picked":"SlaversCollar"},{"not_picked":["hubris:GrandSneckoEye","hubris:HollowSoul"],"picked":"Painkiller Herb"}],"items_purged_floors":[20,27],"is_endless":false,"potions_floor_spawned":[5,6,12,13,16,21,22,33,36,37,45,47,48],"ascension_level":13}}