{"host":"i4vlfbz13gs2xtdj","time":1614383742,"event":{"mods":["Act Like it!","BaseMod","Colored Map","Curses Come First","Downfall","Minty Spire (QoL Compilation)","StSLib"],"gold_per_floor":[349,367,122,397,416,448,472,492,492,492,186,286,305,305,321,425,475,475,487,500,520,520,554,625,625,660,315,315,315,315,332,345,447,447,447,458,1457,1266,933,933,1005,1017,1070,499,499,30,60,78,78,78,78],"floor_reached":49,"language":"ENG","playtime":4145,"items_purged":["downfall:Bewildered","Regret","Normality","Normality","Slimebound:Defend_Slimebound"],"score":628,"play_id":"cfd68921-cbe9-4652-bbf4-913a23b10d09","local_time":"20210226185542","is_ascension_mode":false,"campfire_choices":[{"data":"Slimebound:CorrosiveSpit","floor":1.0,"key":"SMITH"},{"floor":10.0,"key":"REST"},{"data":"Slimebound:Teamwork","floor":18.0,"key":"SMITH"},{"floor":28.0,"key":"REST"},{"floor":30.0,"key":"REST"},{"data":"Slimebound:SelfFormingGoo","floor":35,"key":"SMITH"},{"data":"expansioncontent:Hexaburn","floor":45,"key":"SMITH"}],"circlet_count":0,"master_deck":["Slimebound:Strike_Slimebound+1","Slimebound:Strike_Slimebound","Slimebound:Tackle","Slimebound:Defend_Slimebound","Slimebound:Split","Slimebound:CorrosiveSpit+1","Slimebound:SamplingLick","Slimebound:Schlurp","Slimebound:SplitLeeching","Slimebound:SlimeTap","Slimebound:MegaLick","Slimebound:Nibble","Slimebound:TagTeam","Forethought+1","Slimebound:SplitMire","Slimebound:Prepare","Slimebound:GoopSpray","Slimebound:SplitAcid","Slimebound:Teamwork+1","Slimebound:FinishingTackle","Slimebound:SamplingLick+1","Slimebound:ItLooksTasty+1","Slimebound:CheckThePlaybook","Slimebound:SelfFormingGoo+1","Slimebound:Replication+1","Slimebound:OozeBath","Slimebound:Chomp+1","Slimebound:WasteNot","Dark Shackles","Slimebound:LevelUp+1","Chrysalis","expansioncontent:Hexaburn+1","Sadistic Nature","Mind Blast","Slimebound:SplitBruiser+1","Slimebound:LivingWall+1"],"relics":["Slimebound:AbsorbEndCombatUpgraded","Chemical X","Strawberry","Dream Catcher","Tiny House","Slimebound:AggressiveSlimeRelic","HornCleat","Dead Branch","Membership Card","Shuriken","Unceasing Top","Pen Nib","Sling","Sundial","Mango","Juzu Bracelet","Strange Spoon","Blue Candle","Girya","Orrery","Gambling Chip"],"acts_visited":["Exordium","TheCity","TheBeyond"],"potions_floor_usage":[33,33,43,43,43,47,49,49],"damage_taken":[{"damage":2.0,"enemies":"2 Louse","floor":2.0,"turns":3.0},{"damage":4.0,"enemies":"downfall:FleeingMerchant","floor":3.0,"turns":4.0},{"damage":1.0,"enemies":"Cultist","floor":5.0,"turns":3.0},{"damage":28.0,"enemies":"Lagavulin","floor":6.0,"turns":7.0},{"damage":5.0,"enemies":"Jaw Worm","floor":8.0,"turns":3.0},{"damage":0.0,"enemies":"Large Slime","floor":9.0,"turns":1.0},{"damage":10.0,"enemies":"downfall:FleeingMerchant","floor":11.0,"turns":4.0},{"damage":22.0,"enemies":"downfall:Heads","floor":12.0,"turns":5.0},{"damage":3.0,"enemies":"Lots of Slimes","floor":13.0,"turns":3.0},{"damage":1.0,"enemies":"Exordium Wildlife","floor":15.0,"turns":2.0},{"damage":14.0,"enemies":"DF_ARCHETYPE_STREAMLINE","floor":16.0,"turns":7.0},{"damage":10.0,"enemies":"downfall:LooterAlt2","floor":19.0,"turns":4.0},{"damage":12.0,"enemies":"Spheric Guardian","floor":20.0,"turns":4.0},{"damage":0.0,"enemies":"Snecko","floor":21.0,"turns":5.0},{"damage":31.0,"enemies":"Slavers","floor":23.0,"turns":5.0},{"damage":17.0,"enemies":"Book of Stabbing","floor":26.0,"turns":3.0},{"damage":0.0,"enemies":"downfall:FleeingMerchant","floor":27.0,"turns":4.0},{"damage":3.0,"enemies":"Shelled Parasite and Fungi","floor":31.0,"turns":3.0},{"damage":2.0,"enemies":"Sentry and Sphere","floor":32.0,"turns":4.0},{"damage":10,"enemies":"SI_MIRROR_ARCHETYPE","floor":33,"turns":8},{"damage":0,"enemies":"Orb Walker","floor":36,"turns":3},{"damage":13,"enemies":"downfall:FleeingMerchant","floor":38,"turns":4},{"damage":2,"enemies":"3 Shapes","floor":42,"turns":4},{"damage":25,"enemies":"2 Orb Walkers","floor":43,"turns":4},{"damage":12,"enemies":"Reptomancer","floor":47,"turns":3},{"damage":76,"enemies":"Sphere and 2 Shapes","floor":48,"turns":4},{"damage":15,"enemies":"Jaw Worm Horde","floor":49,"turns":1}],"seed_played":"4928412526159797117","potions_obtained":[{"floor":2.0,"key":"SmokeBomb"},{"floor":6.0,"key":"Explosive Potion"},{"floor":12.0,"key":"Energy Potion"},{"floor":13.0,"key":"Dexterity Potion"},{"floor":15.0,"key":"Fruit Juice"},{"floor":16.0,"key":"hexamod:SoulburnPotion"},{"floor":17.0,"key":"ColorlessPotion"},{"floor":21.0,"key":"GamblersBrew"},{"floor":23.0,"key":"ColorlessPotion"},{"floor":26.0,"key":"Slimebound:ThreeZeroPotion"},{"floor":36,"key":"hexamod:SoulburnPotion"},{"floor":43,"key":"Explosive Potion"}],"is_trial":false,"path_per_floor":["R","M","$","?","M","E","T","M","M","R","$","?","M","?","M","B",null,"R","M","M","M","?","E","T","?","E","$","R","?","R","M","M","B",null,"R","M","?","$","?","?","T","M","?","$","R","?","E","M","M"],"character_chosen":"SLIMEBOUND","items_purchased":["Chemical X","Slimebound:SpawnSlimePotion","Forethought","Membership Card","Shuriken","Block Potion","ColorlessPotion","Slimebound:SlimyTonguePotion","Slimebound:SlimedPotion","Unceasing Top","Pen Nib","Sling","Slimebound:WasteNot","Dark Shackles","DistilledChaos","PowerPotion","AttackPotion","Juzu Bracelet","Strange Spoon","Blue Candle","Chrysalis","expansioncontent:Hexaburn","Strength Potion","Sadistic Nature","Mind Blast","Girya","Orrery"],"campfire_rested":3,"item_purchase_floors":[3,11,11,27,27,27,27,38,38,38,38,38,38,38,44,44,44,44,44,44,44,44,46,46,46,46,46],"current_hp_per_floor":[65,65,65,65,65,50,50,47,47,68,66,52,57,57,67,61,82,82,74,66,72,44,21,21,21,10,18,42,26,52,57,63,61,87,87,87,87,80,98,98,98,98,96,96,96,96,87,14,0,0,0],"gold":78,"neow_bonus":"TWO_FIFTY_GOLD","is_daily":false,"chose_seed":false,"campfire_upgraded":4,"win_rate":0.0,"timestamp":1614383742,"path_taken":["R","M","$","?","M","E","T","M","M","R","?","?","M","?","M","BOSS","R","M","?","M","?","E","T","?","E","?","R","?","R","M","M","BOSS","R","M","?","$","?","?","T","M","?","$","R","?","E","M","M"],"items_purchased_type":["Relic","Potion","Card","Relic","Relic","Potion","Potion","Potion","Potion","Relic","Relic","Relic","Card","Card","Potion","Potion","Potion","Relic","Relic","Relic","Card","Card","Potion","Card","Card","Relic","Relic"],"build_version":"2020-12-22","purchased_purges":5,"victory":false,"max_hp_per_floor":[65,65,65,65,65,72,72,72,72,72,72,72,72,72,77,77,82,82,82,82,82,82,82,82,82,82,82,82,87,87,87,87,87,87,87,87,87,87,98,98,98,98,112,112,112,112,112,112,112,112,112],"card_choices":[{"not_picked":["Slimebound:Schlurp","Slimebound:SlimeBarrage"],"picked":"Slimebound:SamplingLick","floor":2.0},{"not_picked":["Slimebound:SpikyOuterGoop","Slimebound:FormOfPuddle"],"picked":"Slimebound:Schlurp","floor":3.0},{"not_picked":["Slimebound:MegaLick","Slimebound:GoopTackle"],"picked":"Slimebound:SplitLeeching","floor":5.0},{"not_picked":["Slimebound:PrepareCrush","Slimebound:Gluttony"],"picked":"Slimebound:SlimeTap","floor":6.0},{"not_picked":["Slimebound:ItLooksTasty","Slimebound:SlimeSpikes"],"picked":"Slimebound:MegaLick","floor":8.0},{"not_picked":["Slimebound:ComboTackle","Slimebound:ServeAndProtect"],"picked":"Slimebound:Nibble","floor":10.0},{"not_picked":["Slimebound:SplitMire","Slimebound:SlimeSpikes"],"picked":"Slimebound:TagTeam","floor":11.0},{"not_picked":["Slimebound:GoopSpray","Slimebound:LeechEnergy"],"picked":"Slimebound:SplitMire","floor":12.0},{"not_picked":["Slimebound:Dissolve","Slimebound:ItLooksTasty"],"picked":"Slimebound:Prepare","floor":13.0},{"not_picked":["Slimebound:DouseInSlime","Slimebound:ProtectTheBoss"],"picked":"Slimebound:SplitAcid","floor":15.0},{"not_picked":["Slimebound:DouseInSlime","Slimebound:MassFeed"],"picked":"Slimebound:Teamwork","floor":16.0},{"not_picked":["Slimebound:GoopTackle","Slimebound:FormOfPuddle"],"picked":"Slimebound:FinishingTackle","floor":17.0},{"not_picked":["Slimebound:SamplingLick","Slimebound:LeechEnergy","Slimebound:TongueLash"],"picked":"SKIP","floor":19.0},{"not_picked":["Slimebound:LevelUp","Slimebound:ItLooksTasty"],"picked":"Slimebound:SamplingLick+1","floor":20.0},{"not_picked":["Slimebound:ComboTackle","Slimebound:SplitMire"],"picked":"Slimebound:ItLooksTasty+1","floor":21.0},{"not_picked":["Slimebound:RollThrough","Slimebound:SplitAcid"],"picked":"Slimebound:SelfFormingGoo","floor":23.0},{"not_picked":["Slimebound:RollThrough","Slimebound:TongueLash","Slimebound:HauntingLick"],"picked":"SKIP","floor":26.0},{"not_picked":["Slimebound:SplitBruiser","Slimebound:ComboTackle","Slimebound:GoopTackle"],"picked":"SKIP","floor":27.0},{"not_picked":["Slimebound:LivingWall","Slimebound:SamplingLick"],"picked":"Slimebound:Replication+1","floor":28.0},{"not_picked":["Slimebound:Prepare","Slimebound:SplitAcid+1","Slimebound:GrowthPunch"],"picked":"SKIP","floor":31.0},{"not_picked":["Slimebound:Schlurp+1","Slimebound:ItLooksTasty","Slimebound:SlimeSlap"],"picked":"SKIP","floor":32.0},{"not_picked":["Slimebound:Overexert","Slimebound:MinionMaster"],"picked":"Slimebound:OozeBath","floor":33},{"not_picked":["Slimebound:ItLooksTasty","Slimebound:Nibble"],"picked":"Slimebound:Chomp+1","floor":36},{"not_picked":["Slimebound:ComboTackle+1","Slimebound:Prepare+1","Slimebound:SplitBruiser+1"],"picked":"SKIP","floor":38},{"not_picked":["Slimebound:FormOfPuddle+1","Slimebound:SplitAcid+1"],"picked":"Slimebound:LevelUp+1","floor":42},{"not_picked":["Slimebound:SplitLeeching","Slimebound:LevelUp"],"picked":"Slimebound:SplitBruiser+1","floor":46},{"not_picked":["Slimebound:SplitLeeching","Slimebound:CheckThePlaybook"],"picked":"Slimebound:LivingWall+1","floor":47},{"not_picked":["Slimebound:GrowthPunch","Slimebound:ItLooksTasty+1","Slimebound:LivingWall+1"],"picked":"SKIP","floor":48}],"player_experience":234093,"relics_obtained":[{"floor":6.0,"key":"Strawberry"},{"floor":7.0,"key":"Dream Catcher"},{"floor":23.0,"key":"Slimebound:AggressiveSlimeRelic"},{"floor":24.0,"key":"HornCleat"},{"floor":26.0,"key":"Dead Branch"},{"floor":41,"key":"Sundial"},{"floor":43,"key":"Mango"},{"floor":47,"key":"Gambling Chip"}],"event_choices":[{"cards_removed":["Slimebound:SpikyOuterGoop"],"damage_healed":0,"gold_gain":0,"player_choice":"Removed Power","damage_taken":0,"max_hp_gain":0,"max_hp_loss":0,"event_name":"Falling","floor":40,"gold_loss":0},{"damage_healed":0,"gold_gain":0,"player_choice":"Fight","damage_taken":0,"max_hp_gain":0,"max_hp_loss":0,"event_name":"Mysterious Sphere","floor":43,"gold_loss":0}],"is_beta":false,"boss_relics":[{"not_picked":["Empty Cage","Coffee Dripper"],"picked":"Tiny House"},{"not_picked":["Sozu","Runic Pyramid"],"picked":"Slimebound:AbsorbEndCombatUpgraded"}],"items_purged_floors":[3,11,38,44,46],"is_endless":false,"potions_floor_spawned":[2,6,12,13,15,16,21,23,26,36,43],"killed_by":"Jaw Worm Horde","ascension_level":0}}