{"host":"mithrandi","time":1614343022,"event":{"mods":["BaseMod","Colored Map","Highlight Path","Minty Spire (QoL Compilation)","SuperFastMode"],"gold_per_floor":[111,130,141,141,216,243,243,243,243],"floor_reached":8,"language":"ENG","playtime":240,"items_purged":[],"score":112,"play_id":"cffb4d53-769a-4e7f-824b-88a918fde7f9","local_time":"20210226143702","is_ascension_mode":true,"campfire_choices":[{"data":"Go for the Eyes","floor":7,"key":"SMITH"}],"circlet_count":0,"master_deck":["AscendersBane","Strike_B","Strike_B","Strike_B","Strike_B","Defend_B","Defend_B","Defend_B","Defend_B","Zap","Dualcast","Genetic Algorithm","Go for the Eyes+1","Gash","Undo"],"relics":["Cracked Core","NeowsBlessing","White Beast Statue"],"acts_visited":["Exordium"],"potions_floor_usage":[6,6],"damage_taken":[{"damage":0,"enemies":"Cultist","floor":1,"turns":1},{"damage":0,"enemies":"Small Slimes","floor":2,"turns":2},{"damage":0,"enemies":"2 Louse","floor":3,"turns":1},{"damage":21,"enemies":"Lagavulin","floor":6,"turns":6},{"damage":43,"enemies":"3 Sentries","floor":8,"turns":5}],"seed_played":"-2171238856621233886","potions_obtained":[{"floor":1,"key":"AttackPotion"},{"floor":2,"key":"BlessingOfTheForge"}],"is_trial":false,"path_per_floor":["M","M","M","?","?","E","R","E"],"character_chosen":"DEFECT","items_purchased":[],"campfire_rested":0,"item_purchase_floors":[],"current_hp_per_floor":[64,64,64,69,58,37,37,0,0],"gold":243,"neow_bonus":"THREE_ENEMY_KILL","is_daily":false,"chose_seed":false,"campfire_upgraded":1,"win_rate":0.0,"timestamp":1614343022,"path_taken":["M","M","?","?","?","E","R","E"],"items_purchased_type":[],"build_version":"2020-12-18","purchased_purges":0,"victory":false,"max_hp_per_floor":[71,71,71,76,76,76,76,76,76],"card_choices":[{"not_picked":["Coolheaded","Streamline"],"picked":"Genetic Algorithm","floor":1},{"not_picked":["Hologram","Blizzard"],"picked":"Go for the Eyes","floor":2},{"not_picked":["Turbo","Hologram"],"picked":"Gash","floor":3},{"not_picked":["Sweeping Beam","Blizzard"],"picked":"Undo","floor":6}],"player_experience":3147116,"relics_obtained":[{"floor":6,"key":"White Beast Statue"}],"event_choices":[{"damage_healed":0,"gold_gain":0,"player_choice":"Donut","damage_taken":0,"max_hp_gain":5,"max_hp_loss":0,"event_name":"Big Fish","floor":4,"gold_loss":0},{"damage_healed":0,"gold_gain":75,"player_choice":"Gather Gold","damage_taken":11,"max_hp_gain":0,"max_hp_loss":0,"event_name":"World of Goop","floor":5,"gold_loss":0}],"is_beta":true,"boss_relics":[],"items_purged_floors":[],"is_endless":false,"potions_floor_spawned":[1,2],"killed_by":"3 Sentries","ascension_level":20}}