{"host":"prxrhpgaxnj4om9r","time":1614383640,"event":{"mods":["AchievementEnabler","BaseMod","Colored Map","DeckTracker","Keyboard Shortcuts","Minty Spire (QoL Compilation)"],"gold_per_floor":[113,113,123,123,123,152,152,152,175,23,55,55,83,97,97,192,192,202,8,21,36,36,36,36,36],"floor_reached":24,"language":"KOR","playtime":1013,"items_purged":[],"score":262,"play_id":"5c2c9e50-f5ae-4b23-8cc7-3939c00391d3","local_time":"20210227085400","is_ascension_mode":false,"campfire_choices":[{"floor":8,"key":"REST"},{"data":"Darkness","floor":12,"key":"SMITH"},{"data":"Buffer","floor":15,"key":"SMITH"},{"data":"Rainbow","floor":23,"key":"SMITH"}],"circlet_count":0,"master_deck":["Zap","Dualcast","Self Repair+1","BootSequence","Heatsinks","Darkness+1","Buffer+1","Core Surge","Redo","Streamline","Consume","Hello World","BootSequence","Hologram","Rainbow+1","Aggregate+1","Steam Power","Go for the Eyes","All For One","Self Repair+1"],"relics":["Cracked Core","MealTicket","CaptainsWheel","Blood Vial","Anchor","OrangePellets","Pear","Juzu Bracelet","Pandora\u0027s Box","ClockworkSouvenir"],"acts_visited":["Exordium","TheCity"],"potions_floor_usage":[13,13,24],"damage_taken":[{"damage":2,"enemies":"2 Louse","floor":1,"turns":2},{"damage":8,"enemies":"Jaw Worm","floor":3,"turns":3},{"damage":40,"enemies":"3 Sentries","floor":6,"turns":8},{"damage":32,"enemies":"Lagavulin","floor":11,"turns":7},{"damage":26,"enemies":"3 Sentries","floor":13,"turns":7},{"damage":8,"enemies":"Small Slimes","floor":14,"turns":3},{"damage":0,"enemies":"Slime Boss","floor":16,"turns":10},{"damage":0,"enemies":"Chosen","floor":18,"turns":4},{"damage":0,"enemies":"Shell Parasite","floor":20,"turns":5},{"damage":15,"enemies":"Snecko","floor":21,"turns":5},{"damage":96,"enemies":"Gremlin Leader","floor":24,"turns":8}],"seed_played":"3660975263034567869","potions_obtained":[{"floor":1,"key":"SpeedPotion"},{"floor":6,"key":"Strength Potion"},{"floor":11,"key":"Dexterity Potion"},{"floor":21,"key":"Explosive Potion"}],"is_trial":false,"path_per_floor":["M","?","M","$","?","E","?","R","T","$","E","R","E","M","R","B",null,"M","$","M","M","?","R","E"],"character_chosen":"DEFECT","items_purchased":["OrangePellets","ClockworkSouvenir","Steam Power"],"campfire_rested":1,"item_purchase_floors":[10,19,19],"current_hp_per_floor":[73,58,60,75,68,38,26,48,48,63,53,53,39,43,43,55,85,85,85,85,80,80,80,0,0],"gold":36,"neow_bonus":"RANDOM_COMMON_RELIC","is_daily":false,"chose_seed":false,"campfire_upgraded":3,"win_rate":0.0,"timestamp":1614383640,"path_taken":["M","?","M","$","?","E","?","R","T","?","E","R","E","M","R","BOSS","M","$","M","M","?","R","E"],"items_purchased_type":["Relic","Relic","Card"],"build_version":"2020-12-22","purchased_purges":0,"victory":false,"max_hp_per_floor":[75,75,75,75,75,75,75,75,75,75,85,85,85,85,85,85,85,85,85,85,85,85,85,85,85],"card_choices":[{"not_picked":["Streamline","BootSequence"],"picked":"Self Repair","floor":1},{"not_picked":["Chill","Leap"],"picked":"BootSequence","floor":3},{"not_picked":["Chaos","Steam"],"picked":"Heatsinks","floor":6},{"not_picked":["Force Field","Stack"],"picked":"Darkness","floor":11},{"not_picked":["Go for the Eyes","Ball Lightning"],"picked":"Buffer","floor":13},{"not_picked":["Blizzard","Barrage","Conserve Battery"],"picked":"SKIP","floor":14},{"not_picked":["Meteor Strike","Fission"],"picked":"Core Surge","floor":16},{"not_picked":["Undo","Rebound"],"picked":"Aggregate+1","floor":18},{"not_picked":["Gash","Beam Cell"],"picked":"Go for the Eyes","floor":20},{"not_picked":["Compile Driver","Gash+1"],"picked":"All For One","floor":21}],"player_experience":683686,"relics_obtained":[{"floor":6,"key":"CaptainsWheel"},{"floor":9,"key":"Anchor"},{"floor":11,"key":"Pear"},{"floor":13,"key":"Juzu Bracelet"}],"event_choices":[{"damage_healed":0,"gold_gain":0,"player_choice":"Entered Light","damage_taken":15,"max_hp_gain":0,"max_hp_loss":0,"event_name":"Shining Light","floor":2,"gold_loss":0,"cards_upgraded":["Strike_B","Self Repair"]},{"cards_removed":["Defend_B"],"damage_healed":0,"gold_gain":0,"player_choice":"Card Removal","damage_taken":7,"max_hp_gain":0,"max_hp_loss":0,"event_name":"Golden Wing","floor":5,"gold_loss":0},{"damage_healed":0,"gold_gain":0,"player_choice":"Success","damage_taken":12,"relics_obtained":["Blood Vial"],"max_hp_gain":0,"max_hp_loss":0,"event_name":"Scrap Ooze","floor":7,"gold_loss":0},{"damage_healed":0,"gold_gain":0,"player_choice":"Copied","damage_taken":0,"max_hp_gain":0,"max_hp_loss":0,"event_name":"Duplicator","floor":22,"gold_loss":0,"cards_obtained":["Self Repair"]}],"is_beta":false,"boss_relics":[{"not_picked":["SacredBark","Tiny House"],"picked":"Pandora\u0027s Box"}],"items_purged_floors":[],"is_endless":false,"potions_floor_spawned":[1,6,11,21],"killed_by":"Gremlin Leader","ascension_level":0}}