{"host":"3vww328me7evlv6h","time":1614330697,"event":{"mods":["BaseMod","BetterRewards","Minty Spire (QoL Compilation)","Relic Stats","StSLib","SuperFastMode"],"gold_per_floor":[114,127,127,127,127,127,201,242,266,284,209,225,225,225],"floor_reached":13,"language":"ENG","playtime":336,"items_purged":["Strike_G"],"score":153,"play_id":"d23acb06-4bcf-4cff-8cdf-a8b4854ffa2e","local_time":"20210226101137","is_ascension_mode":true,"campfire_choices":[{"data":"Riddle With Holes","floor":6.0,"key":"SMITH"}],"circlet_count":0,"master_deck":["AscendersBane","Strike_G","Strike_G","Strike_G","Defend_G","Defend_G","Defend_G","Defend_G","Defend_G","Survivor","Neutralize","Night Terror","Crippling Poison","Sucker Punch","Riddle With Holes+1","Masterful Stab","Dash"],"relics":["Ring of the Snake","Golden Idol","SsserpentHead","Blood Vial","Snake Skull"],"acts_visited":["Exordium"],"potions_floor_usage":[13],"damage_taken":[{"damage":1.0,"enemies":"Cultist","floor":1.0,"turns":5.0},{"damage":1.0,"enemies":"2 Louse","floor":2.0,"turns":3.0},{"damage":0.0,"enemies":"Small Slimes","floor":7.0,"turns":3.0},{"damage":44.0,"enemies":"Lagavulin","floor":8.0,"turns":10.0},{"damage":0.0,"enemies":"Red Slaver","floor":10.0,"turns":3.0},{"damage":0.0,"enemies":"Looter","floor":12.0,"turns":4.0},{"damage":26,"enemies":"Gremlin Nob","floor":13,"turns":3}],"seed_played":"2875411374619586934","potions_obtained":[{"floor":8.0,"key":"Poison Potion"}],"is_trial":false,"path_per_floor":["M","M","?","?","?","R","M","E","T","M","$","M","E"],"character_chosen":"THE_SILENT","items_purchased":[],"campfire_rested":0,"item_purchase_floors":[],"current_hp_per_floor":[58,57,57,57,57,57,57,13,13,15,15,17,0,0],"gold":225,"neow_bonus":"ONE_RANDOM_RARE_CARD","is_daily":false,"chose_seed":false,"campfire_upgraded":1,"win_rate":0.0,"timestamp":1614330697,"path_taken":["M","M","?","?","?","R","?","E","T","M","$","M","E"],"items_purchased_type":[],"build_version":"2020-12-22","purchased_purges":1,"victory":false,"max_hp_per_floor":[66,66,60,60,60,60,60,60,60,60,60,60,60,60],"relic_stats":{"Blood Vial":6,"SsserpentHead":50,"counters":[7,31],"Golden Idol":20,"Snake Skull":[1],"obtain_stats":[{"Blood Vial":8,"SsserpentHead":5,"Golden Idol":3,"Snake Skull":9,"Ring of the Snake":0},{"Blood Vial":4,"SsserpentHead":2,"Golden Idol":2,"Snake Skull":4,"Ring of the Snake":0},{"Blood Vial":21,"SsserpentHead":8,"Golden Idol":8,"Snake Skull":21,"Ring of the Snake":0}],"Ring of the Snake":[14]},"card_choices":[{"not_picked":["Poisoned Stab","Prepared"],"picked":"Crippling Poison","floor":1.0},{"not_picked":["Bane","Acrobatics"],"picked":"Sucker Punch","floor":2.0},{"not_picked":["Deflect","Leg Sweep"],"picked":"Masterful Stab","floor":7.0},{"not_picked":["Deadly Poison","Flying Knee"],"picked":"Dash","floor":8.0},{"not_picked":["Flying Knee","Prepared","Setup"],"picked":"SKIP","floor":10.0},{"not_picked":["Terror","Choke","Doppelganger"],"picked":"SKIP","floor":12.0}],"player_experience":337661,"relics_obtained":[{"floor":8.0,"key":"Blood Vial"},{"floor":9.0,"key":"Snake Skull"}],"event_choices":[{"damage_healed":0.0,"max_hp_gain":0.0,"max_hp_loss":6.0,"gold_gain":0.0,"event_name":"Golden Idol","player_choice":"Lose Max HP","floor":3.0,"gold_loss":0.0,"damage_taken":0.0,"relics_obtained":["Golden Idol"]},{"damage_healed":0.0,"max_hp_gain":0.0,"max_hp_loss":0.0,"gold_gain":0.0,"cards_transformed":["Strike_G"],"event_name":"Living Wall","player_choice":"Change","floor":4.0,"gold_loss":0.0,"damage_taken":0.0,"cards_obtained":["Riddle With Holes"]},{"damage_healed":0.0,"max_hp_gain":0.0,"max_hp_loss":0.0,"gold_gain":0.0,"event_name":"FaceTrader","player_choice":"Trade","floor":5.0,"gold_loss":0.0,"damage_taken":0.0,"relics_obtained":["SsserpentHead"]}],"is_beta":false,"boss_relics":[],"items_purged_floors":[11],"is_endless":false,"potions_floor_spawned":[8],"killed_by":"Gremlin Nob","ascension_level":16}}