{"host":"gk5m6v7zec9neb0j","time":1614329433,"event":{"mods":["AchievementEnabler","AlwaysNeverKeys","BaseMod","BetterRewards","Block Reminder","Minty Spire (QoL Compilation)","RNG Fix","Rare Cards Sparkle","Relic Stats","StSLib"],"gold_per_floor":[119,119,119,119,136,136,148,23,23,40,40,57,57,70,70,167,167,185,219,231,249,259,294,99,99,99,124,124,137,157,185,185,285,335,345,13,29,29,49,75,85,85,85,96,122,472,507,87,87,87,87,87,29,55,55,55],"floor_reached":55,"language":"ENG","playtime":1911,"items_purged":["Strike_G","Strike_G","Defend_G","Strike_G+1"],"score":1084,"play_id":"e54f57a7-cc3f-4217-9306-76829735478e","local_time":"20210226035033","is_ascension_mode":false,"campfire_choices":[{"floor":6.0,"key":"REST"},{"data":"Neutralize","floor":11.0,"key":"SMITH"},{"data":"Terror","floor":13.0,"key":"SMITH"},{"data":"Panache","floor":15.0,"key":"SMITH"},{"floor":25.0,"key":"REST"},{"floor":28.0,"key":"REST"},{"data":"Accuracy","floor":32.0,"key":"SMITH"},{"floor":42.0,"key":"REST"},{"floor":49.0,"key":"REST"},{"data":"Conserve Battery","floor":52,"key":"SMITH"}],"circlet_count":0,"master_deck":["Strike_G+1","Defend_G","Defend_G","Defend_G","Defend_G","Survivor","Neutralize+1","Panache+1","Infinite Blades+1","Escape Plan","Cloak And Dagger","Footwork","Terror+1","Slice","Calculated Gamble","Blade Dance","Die Die Die","Accuracy+1","Cloak And Dagger","Blade Dance","Dodge and Roll","After Image","Cloak And Dagger+1","Mayhem","Footwork","Conserve Battery+1","Turbo+1","Storm of Steel"],"relics":["Ring of the Snake","Medical Kit","Ice Cream","Regal Pillow","Snake Skull","Black Star","Red Mask","Du-Vu Doll","Whetstone","Bag of Preparation","The Courier","Bottled Flame","Mango","Blue Candle","Bronze Scales","Tiny House","PrismaticShard","Kunai","Ancient Tea Set","Question Card","Gremlin Horn","Potion Belt","Bottled Lightning","Old Coin","Happy Flower","Shuriken","Orrery","Anchor","Mercury Hourglass","Paper Crane"],"acts_visited":["Exordium","TheCity","TheBeyond","TheEnding"],"potions_floor_usage":[50,54,54],"damage_taken":[{"damage":0.0,"enemies":"2 Louse","floor":1.0,"turns":4.0},{"damage":0.0,"enemies":"Cultist","floor":5.0,"turns":4.0},{"damage":0.0,"enemies":"Small Slimes","floor":7.0,"turns":3.0},{"damage":0.0,"enemies":"Blue Slaver","floor":10.0,"turns":3.0},{"damage":0.0,"enemies":"Lots of Slimes","floor":12.0,"turns":1.0},{"damage":0.0,"enemies":"Large Slime","floor":14.0,"turns":4.0},{"damage":6.0,"enemies":"The Guardian","floor":16.0,"turns":8.0},{"damage":10.0,"enemies":"3 Byrds","floor":18.0,"turns":3.0},{"damage":3.0,"enemies":"Masked Bandits","floor":19.0,"turns":2.0},{"damage":0.0,"enemies":"Shell Parasite","floor":20.0,"turns":3.0},{"damage":1.0,"enemies":"Snecko","floor":21.0,"turns":4.0},{"damage":10.0,"enemies":"Sentry and Sphere","floor":22.0,"turns":5.0},{"damage":31.0,"enemies":"Slavers","floor":23.0,"turns":5.0},{"damage":32.0,"enemies":"Gremlin Leader","floor":27.0,"turns":5.0},{"damage":0.0,"enemies":"3 Cultists","floor":29.0,"turns":4.0},{"damage":0.0,"enemies":"Centurion and Healer","floor":30.0,"turns":2.0},{"damage":13.0,"enemies":"Slavers","floor":31.0,"turns":4.0},{"damage":11.0,"enemies":"Collector","floor":33.0,"turns":6.0},{"damage":0.0,"enemies":"3 Shapes","floor":35.0,"turns":3.0},{"damage":4.0,"enemies":"3 Darklings","floor":37.0,"turns":4.0},{"damage":21.0,"enemies":"Spire Growth","floor":39.0,"turns":4.0},{"damage":4.0,"enemies":"Nemesis","floor":40.0,"turns":5.0},{"damage":14.0,"enemies":"Maw","floor":41.0,"turns":6.0},{"damage":5.0,"enemies":"3 Darklings","floor":44.0,"turns":3.0},{"damage":0.0,"enemies":"Reptomancer","floor":45.0,"turns":4.0},{"damage":19.0,"enemies":"Mind Bloom Boss Battle","floor":46.0,"turns":5.0},{"damage":1.0,"enemies":"Nemesis","floor":47.0,"turns":5.0},{"damage":54,"enemies":"Time Eater","floor":50,"turns":10},{"damage":2,"enemies":"Shield and Spear","floor":54,"turns":7},{"damage":100,"enemies":"The Heart","floor":55,"turns":5}],"seed_played":"5119449579004201825","potions_obtained":[{"floor":14.0,"key":"SmokeBomb"},{"floor":29.0,"key":"Energy Potion"},{"floor":31.0,"key":"EssenceOfSteel"},{"floor":34.0,"key":"Block Potion"},{"floor":35.0,"key":"PowerPotion"},{"floor":46.0,"key":"GhostInAJar"}],"is_trial":false,"path_per_floor":["M","?","$","?","M","R","M","$","T","M","R","M","R","M","R","B",null,"M","?","M","M","M","E","$","R","T","E","R","M","M","E","R","B",null,"M","$","M","?","M","E","M","R","T","M","E","?","E","$","R","B",null,"R","$","E","B"],"character_chosen":"THE_SILENT","items_purchased":["Medical Kit","Panache","Ice Cream","Infinite Blades","Escape Plan","Cloak And Dagger","Footwork","Terror","Bag of Preparation","Dodge and Roll","PrismaticShard","Kunai","Footwork","Orrery","Anchor","Storm of Steel"],"campfire_rested":5,"item_purchase_floors":[0,0,0,0,0,0,0,0,24,24,36,36,48,48,48,53],"current_hp_per_floor":[28,21,21,14,14,50,50,50,50,50,50,50,50,50,50,44,70,60,57,57,56,46,15,15,51,51,33,73,73,73,60,60,49,89,89,89,85,75,54,50,36,77,77,72,72,53,52,52,89,35,89,89,89,87,0,0],"gold":55,"neow_bonus":"","is_daily":false,"chose_seed":false,"campfire_upgraded":5,"win_rate":0.0,"timestamp":1614329433,"path_taken":["M","?","$","?","M","R","M","$","T","?","R","M","R","M","R","BOSS","M","?","M","M","M","E","$","R","T","E","R","M","M","E","R","BOSS","M","?","M","?","M","E","M","R","T","?","E","?","E","$","R","BOSS","R","$","E","BOSS"],"items_purchased_type":["Relic","Card","Relic","Card","Card","Card","Card","Card","Relic","Card","Relic","Relic","Card","Relic","Relic","Card"],"build_version":"2020-12-22","purchased_purges":4,"victory":false,"max_hp_per_floor":[70,70,70,70,70,70,70,70,70,70,70,70,70,70,70,70,70,70,70,70,70,70,70,70,70,70,84,84,84,84,84,84,84,89,89,89,89,89,89,89,89,89,89,89,89,89,89,89,89,89,89,89,89,89,89,89],"relic_stats":{"Regal Pillow":71,"Gremlin Horn":[19,19],"Happy Flower":[7],"counters":[996,5312],"Blue Candle":[0],"Snake Skull":[25],"Bag of Preparation":[34],"Whetstone":["Slice","Backstab","Strike_G","Strike_G"],"Medical Kit":[11],"Question Card":11,"Mercury Hourglass":[15],"Shuriken":[150],"Bronze Scales":[252],"Black Star":7,"Kunai":[44],"obtain_stats":[{"TwistedFunnel":0,"Spirit Poop":30,"Ginger":0,"Whetstone":11,"Bottled Tornado":43,"Boot":25,"Sling":0,"Old Coin":34,"Blood Vial":17,"Sundial":24,"MealTicket":31,"HandDrill":48,"Kunai":0,"Pear":28,"Blue Candle":54,"Velvet Choker":17,"Eternal Feather":54,"Tingsha":0,"Pen Nib":11,"Paper Crane":43,"Akabeko":3,"SlaversCollar":17,"MutagenicStrength":19,"Bird Faced Urn":38,"StrikeDummy":27,"Unceasing Top":46,"Ring of the Serpent":17,"Regal Pillow":9,"Lantern":45,"Torii":0,"Singing Bowl":43,"StoneCalendar":42,"Bag of Preparation":26,"Ancient Tea Set":4,"Cursed Key":17,"Smiling Mask":41,"Matryoshka":37,"Shovel":38,"WristBlade":34,"Ninja Scroll":0,"Toolbox":45,"WingedGreaves":17,"Chemical X":37,"InkBottle":54,"Ring of the Snake":0,"Potion Belt":9,"Lee\u0027s Waffle":48,"The Specimen":0,"Golden Idol":3,"Thread and Needle":45,"The Courier":26,"PreservedInsect":38,"Omamori":39,"Frozen Egg 2":43,"MawBank":45,"Ornamental Fan":0,"Bloody Idol":31,"Orrery":0,"Turnip":38,"Art of War":17,"Bottled Lightning":43,"Toy Ornithopter":27,"Ice Cream":7,"Calipers":13,"Tiny House":34,"Gremlin Horn":26,"Nilry\u0027s Codex":31,"CeramicFish":0,"HoveringKite":34,"Vajra":43,"Sozu":34,"Centennial Puzzle":6,"Lizard Tail":10,"HornCleat":43,"DollysMirror":4,"Strawberry":26,"Prayer Wheel":38,"Toxic Egg 2":28,"Girya":0,"Happy Flower":13,"Astrolabe":34,"Oddly Smooth Stone":0,"Letter Opener":53,"War Paint":43,"Question Card":48,"Du-Vu Doll":47,"OrangePellets":22,"Bottled Flame":25,"Shuriken":0,"Bronze Scales":10,"Molten Egg 2":9,"Black Star":17,"Meat on the Bone":17,"Pocketwatch":17,"Darkstone Periapt":23,"SacredBark":17,"Enchiridion":22,"Mango":43,"Snake Skull":54,"Juzu Bracelet":43,"Incense Burner":29,"Empty Cage":17,"PrismaticShard":53,"ClockworkSouvenir":20,"Frozen Eye":39,"Tough Bandages":25,"Nunchaku":31,"Dream Catcher":9,"Mummified Hand":30,"Pantograph":12,"Gambling Chip":0,"Tiny Chest":26,"Red Mask":47,"Orichalcum":26,"Odd Mushroom":12,"Medical Kit":37,"White Beast Statue":9,"Mercury Hourglass":54,"Peace Pipe":9,"Calling Bell":17,"Cauldron":53,"Strange Spoon":53,"Anchor":34,"CaptainsWheel":54,"Bag of Marbles":43,"Coffee Dripper":34,"Membership Card":36,"FossilizedHelix":0,"TungstenRod":26},{"TwistedFunnel":381,"Spirit Poop":819,"Ginger":97,"Whetstone":100,"Bottled Tornado":52,"Boot":640,"Sling":741,"Old Coin":338,"Blood Vial":129,"Sundial":44,"MealTicket":616,"HandDrill":491,"Kunai":31,"Pear":315,"Blue Candle":249,"Velvet Choker":784,"Eternal Feather":146,"Tingsha":274,"Pen Nib":356,"Paper Crane":322,"Akabeko":575,"SlaversCollar":231,"MutagenicStrength":156,"Bird Faced Urn":189,"StrikeDummy":17,"Unceasing Top":193,"Ring of the Serpent":388,"Regal Pillow":36,"Lantern":269,"Torii":31,"Singing Bowl":116,"StoneCalendar":217,"Bag of Preparation":366,"Ancient Tea Set":2,"Cursed Key":281,"Smiling Mask":452,"Matryoshka":137,"Shovel":594,"WristBlade":112,"Ninja Scroll":172,"Toolbox":675,"WingedGreaves":80,"Chemical X":22,"InkBottle":57,"Ring of the Snake":0,"Potion Belt":3,"Lee\u0027s Waffle":676,"The Specimen":274,"Golden Idol":2,"Thread and Needle":245,"The Courier":183,"PreservedInsect":240,"Omamori":189,"Frozen Egg 2":398,"MawBank":245,"Ornamental Fan":72,"Bloody Idol":161,"Orrery":58,"Turnip":116,"Art of War":80,"Bottled Lightning":24,"Toy Ornithopter":17,"Ice Cream":11,"Calipers":154,"Tiny House":984,"Gremlin Horn":480,"Nilry\u0027s Codex":925,"CeramicFish":172,"HoveringKite":21,"Vajra":91,"Sozu":136,"Centennial Puzzle":278,"Lizard Tail":329,"HornCleat":621,"DollysMirror":123,"Strawberry":107,"Prayer Wheel":138,"Toxic Egg 2":108,"Girya":250,"Happy Flower":12,"Astrolabe":86,"Oddly Smooth Stone":122,"Letter Opener":272,"War Paint":191,"Question Card":94,"Du-Vu Doll":540,"OrangePellets":754,"Bottled Flame":16,"Shuriken":97,"Bronze Scales":36,"Molten Egg 2":151,"Black Star":13,"Meat on the Bone":80,"Pocketwatch":129,"Darkstone Periapt":182,"SacredBark":360,"Enchiridion":68,"Mango":538,"Snake Skull":273,"Juzu Bracelet":141,"Incense Burner":560,"Empty Cage":103,"PrismaticShard":272,"ClockworkSouvenir":41,"Frozen Eye":877,"Tough Bandages":16,"Nunchaku":85,"Dream Catcher":355,"Mummified Hand":110,"Pantograph":11,"Gambling Chip":197,"Tiny Chest":16,"Red Mask":54,"Orichalcum":235,"Odd Mushroom":499,"Medical Kit":188,"White Beast Statue":11,"Mercury Hourglass":349,"Peace Pipe":62,"Calling Bell":80,"Cauldron":625,"Strange Spoon":739,"Anchor":338,"CaptainsWheel":349,"Bag of Marbles":267,"Coffee Dripper":848,"Membership Card":163,"FossilizedHelix":250,"TungstenRod":416},{"TwistedFunnel":2158,"Spirit Poop":4420,"Ginger":599,"Whetstone":611,"Bottled Tornado":309,"Boot":3447,"Sling":3991,"Old Coin":1918,"Blood Vial":722,"Sundial":249,"MealTicket":3304,"HandDrill":2775,"Kunai":183,"Pear":1796,"Blue Candle":1454,"Velvet Choker":4248,"Eternal Feather":781,"Tingsha":1567,"Pen Nib":2009,"Paper Crane":1834,"Akabeko":3135,"SlaversCollar":1359,"MutagenicStrength":843,"Bird Faced Urn":1121,"StrikeDummy":100,"Unceasing Top":1141,"Ring of the Serpent":2183,"Regal Pillow":206,"Lantern":1539,"Torii":183,"Singing Bowl":676,"StoneCalendar":1281,"Bag of Preparation":2061,"Ancient Tea Set":5,"Cursed Key":1617,"Smiling Mask":2575,"Matryoshka":750,"Shovel":3206,"WristBlade":661,"Ninja Scroll":996,"Toolbox":3633,"WingedGreaves":500,"Chemical X":129,"InkBottle":364,"Ring of the Snake":0,"Potion Belt":9,"Lee\u0027s Waffle":3638,"The Specimen":1567,"Golden Idol":5,"Thread and Needle":1436,"The Courier":1085,"PreservedInsect":1411,"Omamori":1121,"Frozen Egg 2":2226,"MawBank":1436,"Ornamental Fan":459,"Bloody Idol":873,"Orrery":367,"Turnip":676,"Art of War":500,"Bottled Lightning":139,"Toy Ornithopter":100,"Ice Cream":57,"Calipers":823,"Tiny House":5251,"Gremlin Horn":2719,"Nilry\u0027s Codex":4904,"CeramicFish":996,"HoveringKite":124,"Vajra":558,"Sozu":746,"Centennial Puzzle":1590,"Lizard Tail":1866,"HornCleat":3329,"DollysMirror":699,"Strawberry":637,"Prayer Wheel":755,"Toxic Egg 2":643,"Girya":1462,"Happy Flower":68,"Astrolabe":533,"Oddly Smooth Stone":696,"Letter Opener":1557,"War Paint":1131,"Question Card":574,"Du-Vu Doll":2986,"OrangePellets":4053,"Bottled Flame":94,"Shuriken":599,"Bronze Scales":206,"Molten Egg 2":801,"Black Star":79,"Meat on the Bone":500,"Pocketwatch":722,"Darkstone Periapt":1075,"SacredBark":2027,"Enchiridion":435,"Mango":2979,"Snake Skull":1562,"Juzu Bracelet":766,"Incense Burner":3065,"Empty Cage":621,"PrismaticShard":1557,"ClockworkSouvenir":234,"Frozen Eye":4692,"Tough Bandages":94,"Nunchaku":521,"Dream Catcher":2005,"Mummified Hand":652,"Pantograph":57,"Gambling Chip":1176,"Tiny Chest":94,"Red Mask":329,"Orichalcum":1384,"Odd Mushroom":2819,"Medical Kit":1117,"White Beast Statue":57,"Mercury Hourglass":1972,"Peace Pipe":387,"Calling Bell":500,"Cauldron":3355,"Strange Spoon":3981,"Anchor":1918,"CaptainsWheel":1972,"Bag of Marbles":1530,"Coffee Dripper":4530,"Membership Card":899,"FossilizedHelix":1462,"TungstenRod":2337}],"Ring of the Snake":[120]},"card_choices":[{"not_picked":["Leg Sweep","Dagger Spray","Dodge and Roll"],"picked":"SKIP","floor":1.0},{"not_picked":["Backflip","Flying Knee"],"picked":"Slice","floor":5.0},{"not_picked":["Quick Slash","Underhanded Strike"],"picked":"Calculated Gamble","floor":7.0},{"not_picked":["Deflect","Distraction"],"picked":"Blade Dance","floor":10.0},{"not_picked":["Outmaneuver","Masterful Stab","PiercingWail"],"picked":"SKIP","floor":12.0},{"not_picked":["Tactician","Slice","Catalyst"],"picked":"SKIP","floor":14.0},{"not_picked":["Doppelganger","Night Terror"],"picked":"Die Die Die","floor":16.0},{"not_picked":["Dagger Throw","Crippling Poison","Quick Slash+1"],"picked":"SKIP","floor":18.0},{"not_picked":["Cloak And Dagger","Quick Slash"],"picked":"Accuracy","floor":19.0},{"not_picked":["Slice","Riddle With Holes"],"picked":"Cloak And Dagger","floor":20.0},{"not_picked":["Bane","Slice","PiercingWail"],"picked":"SKIP","floor":21.0},{"not_picked":["Deadly Poison+1","Poisoned Stab"],"picked":"Blade Dance","floor":22.0},{"not_picked":["Storm of Steel","Deflect","Choke"],"picked":"SKIP","floor":23.0},{"not_picked":["Setup","Bane","Flying Knee+1"],"picked":"SKIP","floor":27.0},{"not_picked":["Dagger Throw+1","Heel Hook","Choke"],"picked":"SKIP","floor":29.0},{"not_picked":["Deadly Poison","PiercingWail","Endless Agony"],"picked":"SKIP","floor":30.0},{"not_picked":["Slice+1","Quick Slash","Dagger Spray+1"],"picked":"SKIP","floor":31.0},{"not_picked":["Malaise","Bullet Time"],"picked":"After Image","floor":33.0},{"not_picked":["Flechettes+1","Skewer"],"picked":"Cloak And Dagger+1","floor":34.0},{"not_picked":["Quick Slash+1","Dagger Spray+1","Slice+1"],"picked":"SKIP","floor":35.0},{"not_picked":["PiercingWail+1","Cold Snap","FearNoEvil+1"],"picked":"SKIP","floor":37.0},{"not_picked":["Discovery","Madness"],"picked":"Mayhem","floor":38.0},{"not_picked":["Deflect","Cold Snap","Pommel Strike+1"],"picked":"SKIP","floor":39.0},{"not_picked":["Hemokinesis","Wild Strike","SandsOfTime"],"picked":"SKIP","floor":40.0},{"not_picked":["Gash+1","Aggregate+1","Deadly Poison","Poisoned Stab"],"picked":"SKIP","floor":41.0},{"not_picked":["Protect","Consecrate","Dropkick","Chaos"],"picked":"SKIP","floor":44.0},{"not_picked":["Dagger Throw","Stack","Multi-Cast","Sentinel"],"picked":"SKIP","floor":45.0},{"not_picked":["Consecrate","ClearTheMind+1","Riddle With Holes","Distraction+1"],"picked":"SKIP","floor":47.0},{"not_picked":["Collect","Recycle","Flame Barrier+1"],"picked":"Conserve Battery","floor":48.0},{"not_picked":["Trip+1","Calculated Gamble+1","Collect+1"],"picked":"Turbo+1","floor":48.0},{"not_picked":["Body Slam","Dropkick+1","Deep Breath","Riddle With Holes"],"picked":"SKIP","floor":54}],"player_experience":863482,"relics_obtained":[{"floor":9.0,"key":"Snake Skull"},{"floor":19.0,"key":"Red Mask"},{"floor":23.0,"key":"Du-Vu Doll"},{"floor":23.0,"key":"Whetstone"},{"floor":26.0,"key":"The Courier"},{"floor":27.0,"key":"Bottled Flame"},{"floor":27.0,"key":"Mango"},{"floor":31.0,"key":"Blue Candle"},{"floor":31.0,"key":"Bronze Scales"},{"floor":40.0,"key":"Ancient Tea Set"},{"floor":40.0,"key":"Question Card"},{"floor":43.0,"key":"Gremlin Horn"},{"floor":45.0,"key":"Potion Belt"},{"floor":45.0,"key":"Bottled Lightning"},{"floor":46.0,"key":"Old Coin"},{"floor":47.0,"key":"Happy Flower"},{"floor":47.0,"key":"Shuriken"},{"floor":54,"key":"Mercury Hourglass"},{"floor":54,"key":"Paper Crane"}],"event_choices":[{"damage_healed":0.0,"max_hp_gain":0.0,"max_hp_loss":0.0,"gold_gain":0.0,"event_name":"Scrap Ooze","player_choice":"Success","floor":2.0,"gold_loss":0.0,"damage_taken":7.0,"relics_obtained":["Regal Pillow"]},{"cards_removed":["Strike_G"],"damage_healed":0.0,"max_hp_gain":0.0,"max_hp_loss":0.0,"gold_gain":0.0,"event_name":"Golden Wing","player_choice":"Card Removal","floor":4.0,"gold_loss":0.0,"damage_taken":7.0},{"damage_healed":0.0,"max_hp_gain":0.0,"max_hp_loss":0.0,"gold_gain":0.0,"event_name":"Masked Bandits","player_choice":"Fought Bandits","floor":19.0,"gold_loss":0.0,"damage_taken":0.0},{"damage_healed":0.0,"max_hp_gain":0.0,"max_hp_loss":0.0,"gold_gain":0.0,"event_name":"SensoryStone","player_choice":"Memory 3","floor":38.0,"gold_loss":0.0,"damage_taken":10.0},{"damage_healed":0.0,"max_hp_gain":0.0,"max_hp_loss":0.0,"gold_gain":0.0,"event_name":"MindBloom","player_choice":"Fight","floor":46.0,"gold_loss":0.0,"damage_taken":0.0}],"is_beta":false,"boss_relics":[{"not_picked":["Runic Dome","SacredBark"],"picked":"Black Star"},{"not_picked":["Pandora\u0027s Box","Philosopher\u0027s Stone"],"picked":"Tiny House"}],"items_purged_floors":[0,0,8,48],"is_endless":false,"potions_floor_spawned":[5,14,16,19,21,27,29,31,35,37,44,46],"killed_by":"The Heart","ascension_level":0}}