{"host":"bg8va46pgqgvtzim","time":1614322491,"event":{"mods":["BaseMod","Minty Spire (QoL Compilation)","Quick Restart","StSLib","SuperFastMode"],"gold_per_floor":[114,39,39,53,63,63,77,77,47,73,73,148,230,230,259,275,175,186,186,186,201,234,234,331,331,351,369,244,244,261,35,35,54,86,86,96,111,111,111,122,149,165,165,190,209,242,261,274,274,372,372,382,395,101,101,201,214,244,244,269,287,341,341,361,381,397,409,436,436,455,455,468,468,468,468,468,69,101,101],"floor_reached":80,"language":"ZHS","playtime":6395,"items_purged":["Strike_B","Defend_B","Strike_B","Streamline","Ball Lightning+1"],"score":1853,"play_id":"4f943af5-3a1c-4aa2-8afd-80123948f298","local_time":"20210226145451","is_ascension_mode":true,"campfire_choices":[{"data":"Apotheosis","floor":8.0,"key":"SMITH"},{"floor":11.0,"key":"REST"},{"data":"Recycle","floor":19.0,"key":"SMITH"},{"data":"Chaos","floor":23.0,"key":"SMITH"},{"floor":35.0,"key":"RECALL"},{"data":"Creative AI","floor":49.0,"key":"SMITH"},{"data":"White Noise","floor":59.0,"key":"SMITH"},{"data":"Juggernaut","floor":69.0,"key":"SMITH"},{"data":"Enlightenment","floor":73.0,"key":"SMITH"},{"data":"Coolheaded","floor":76.0,"key":"SMITH"}],"circlet_count":0,"master_deck":["Defend_B","Zap","Dualcast+1","Apotheosis+1","White Noise+1","Turbo","Glacier+1","Recycle+1","Chaos+1","Biased Cognition","Creative AI+1","Hologram","Defragment","Consume","BootSequence+1","All For One+1","Lockon+1","Echo Form","Steam Power+1","Tempest+1","Glacier+1","Leap+1","Undo+1","White Noise+1","Deep Breath+1","Burning Pact+1","Coolheaded","Body Slam+1","Coolheaded+1","Juggernaut+1","Enlightenment+1","Heatsinks","Warcry+1"],"relics":["Cracked Core","Nunchaku","Anchor","Matryoshka","Bottled Lightning","Shuriken","Bird Faced Urn","Inserter","DataDisk","Bag of Marbles","Strawberry","Lantern","Question Card","Pen Nib","Nloth\u0027s Gift","Bag of Preparation","Vajra","Astrolabe","PrismaticShard","Whetstone","War Paint","HornCleat","Symbiotic Virus","TheAbacus","InkBottle"],"acts_visited":["Exordium","TheCity","TheBeyond","TheEnding"],"potions_floor_usage":[79,79],"damage_taken":[{"damage":3.0,"enemies":"2 Louse","floor":1.0,"turns":2.0},{"damage":1.0,"enemies":"Jaw Worm","floor":4.0,"turns":3.0},{"damage":3.0,"enemies":"Small Slimes","floor":5.0,"turns":3.0},{"damage":5.0,"enemies":"Red Slaver","floor":7.0,"turns":3.0},{"damage":4.0,"enemies":"Gremlin Nob","floor":10.0,"turns":3.0},{"damage":6.0,"enemies":"3 Sentries","floor":15.0,"turns":11.0},{"damage":0.0,"enemies":"2 Fungi Beasts","floor":16.0,"turns":3.0},{"damage":0.0,"enemies":"Lots of Slimes","floor":18.0,"turns":4.0},{"damage":0.0,"enemies":"Looter","floor":21.0,"turns":2.0},{"damage":4.0,"enemies":"Lagavulin","floor":22.0,"turns":5.0},{"damage":0.0,"enemies":"The Guardian","floor":24.0,"turns":8.0},{"damage":0.0,"enemies":"Spheric Guardian","floor":26.0,"turns":3.0},{"damage":0.0,"enemies":"Shell Parasite","floor":27.0,"turns":6.0},{"damage":0.0,"enemies":"Centurion and Healer","floor":30.0,"turns":6.0},{"damage":0.0,"enemies":"Snecko","floor":33.0,"turns":5.0},{"damage":0.0,"enemies":"Gremlin Leader","floor":34.0,"turns":6.0},{"damage":0.0,"enemies":"3 Cultists","floor":36.0,"turns":4.0},{"damage":0.0,"enemies":"Cultist and Chosen","floor":37.0,"turns":6.0},{"damage":2.0,"enemies":"Shelled Parasite and Fungi","floor":40.0,"turns":6.0},{"damage":0.0,"enemies":"Book of Stabbing","floor":41.0,"turns":6.0},{"damage":0.0,"enemies":"Snake Plant","floor":42.0,"turns":2.0},{"damage":6.0,"enemies":"Slavers","floor":44.0,"turns":6.0},{"damage":23.0,"enemies":"Snecko","floor":45.0,"turns":8.0},{"damage":0.0,"enemies":"Gremlin Leader","floor":46.0,"turns":6.0},{"damage":8.0,"enemies":"Sentry and Sphere","floor":47.0,"turns":4.0},{"damage":0.0,"enemies":"Centurion and Healer","floor":48.0,"turns":5.0},{"damage":0.0,"enemies":"Automaton","floor":50.0,"turns":8.0},{"damage":0.0,"enemies":"Orb Walker","floor":52.0,"turns":3.0},{"damage":0.0,"enemies":"3 Shapes","floor":53.0,"turns":3.0},{"damage":5.0,"enemies":"Transient","floor":57.0,"turns":5.0},{"damage":0.0,"enemies":"Giant Head","floor":58.0,"turns":7.0},{"damage":0.0,"enemies":"Nemesis","floor":60.0,"turns":5.0},{"damage":8.0,"enemies":"Spire Growth","floor":61.0,"turns":3.0},{"damage":0.0,"enemies":"Sphere and 2 Shapes","floor":64.0,"turns":3.0},{"damage":0.0,"enemies":"Jaw Worm Horde","floor":65.0,"turns":6.0},{"damage":15.0,"enemies":"4 Shapes","floor":66.0,"turns":8.0},{"damage":3.0,"enemies":"Writhing Mass","floor":67.0,"turns":4.0},{"damage":9.0,"enemies":"Reptomancer","floor":68.0,"turns":8.0},{"damage":0.0,"enemies":"Spire Growth","floor":70.0,"turns":3.0},{"damage":0.0,"enemies":"Maw","floor":72.0,"turns":6.0},{"damage":4.0,"enemies":"Awakened One","floor":74.0,"turns":11.0},{"damage":0.0,"enemies":"Shield and Spear","floor":78.0,"turns":2.0},{"damage":52,"enemies":"The Heart","floor":79,"turns":7}],"seed_played":"-2736274482787144879","potions_obtained":[{"floor":1.0,"key":"LiquidMemories"},{"floor":15.0,"key":"Energy Potion"},{"floor":21.0,"key":"Strength Potion"},{"floor":22.0,"key":"LiquidBronze"},{"floor":34.0,"key":"Swift Potion"},{"floor":37.0,"key":"Block Potion"},{"floor":48.0,"key":"GamblersBrew"},{"floor":52.0,"key":"LiquidMemories"},{"floor":65.0,"key":"SteroidPotion"},{"floor":70.0,"key":"PotionOfCapacity"}],"is_trial":false,"path_per_floor":["M","$","?","M","M","T","M","R","M","E","R","T","T","?","E","M","$","M","R","?","M","E","R","B",null,"M","M","$","?","M","$","?","M","E","R","M","M","T","T","M","E","M","?","E","M","E","M","M","R","B",null,"M","M","$","?","?","M","E","R","E","M","T","T","M","M","M","M","E","R","M","?","M","R","B",null,"R","$","E","B",null],"character_chosen":"DEFECT","items_purchased":["DataDisk","Defragment","PrismaticShard","Heatsinks","TheAbacus"],"campfire_rested":1,"item_purchase_floors":[31,31,54,77,77],"current_hp_per_floor":[51,51,51,50,47,47,42,42,30,26,48,48,48,48,42,44,44,46,46,51,51,49,49,53,80,80,80,80,80,80,80,80,80,80,80,80,80,87,87,87,87,87,87,83,76,84,84,87,87,87,87,87,87,87,87,87,87,87,87,87,81,81,81,87,87,80,85,87,87,87,83,83,83,83,83,83,83,83,43],"gold":101,"neow_bonus":"RANDOM_COLORLESS_2","is_daily":false,"chose_seed":false,"campfire_upgraded":8,"win_rate":0.0,"timestamp":1614322491,"path_taken":["M","$","?","M","M","?","M","R","M","E","R","T","T","?","E","?","?","M","R","?","M","E","R","BOSS","M","M","$","?","?","$","?","M","E","R","M","M","T","T","M","E","M","?","E","M","E","M","?","R","BOSS","M","M","$","?","?","M","E","R","E","M","T","T","M","?","?","M","E","R","M","?","M","R","BOSS","R","$","E","BOSS"],"items_purchased_type":["Relic","Card","Relic","Card","Relic"],"build_version":"2020-12-22","purchased_purges":5,"victory":true,"max_hp_per_floor":[75,75,75,75,75,75,75,75,75,75,75,75,75,75,75,75,75,75,75,80,80,80,80,80,80,80,80,80,80,80,80,80,80,80,80,80,80,87,87,87,87,87,87,87,87,87,87,87,87,87,87,87,87,87,87,87,87,87,87,87,87,87,87,87,87,87,87,87,87,87,83,83,83,83,83,83,83,83,83],"card_choices":[{"not_picked":["Transmutation","Metamorphosis"],"picked":"Apotheosis","floor":0.0},{"not_picked":["Steam","Chill"],"picked":"White Noise","floor":1.0},{"not_picked":["Beam Cell","Darkness"],"picked":"Streamline","floor":4.0},{"not_picked":["Streamline","Go for the Eyes"],"picked":"Cold Snap","floor":5.0},{"not_picked":["Steam","Redo","Stack"],"picked":"SKIP","floor":7.0},{"not_picked":["Steam","Hologram"],"picked":"Ball Lightning","floor":10.0},{"not_picked":["Force Field","Leap"],"picked":"Glacier","floor":15.0},{"not_picked":["Consume","Stack"],"picked":"Recycle","floor":16.0},{"not_picked":["Streamline","Loop"],"picked":"Chaos","floor":18.0},{"not_picked":["Gash","Aggregate","Beam Cell"],"picked":"SKIP","floor":21.0},{"not_picked":["Melter","Redo"],"picked":"Biased Cognition","floor":22.0},{"not_picked":["Echo Form","Multi-Cast"],"picked":"Creative AI","floor":24.0},{"not_picked":["Doom and Gloom","Beam Cell","Static Discharge"],"picked":"SKIP","floor":26.0},{"not_picked":["Gash","Beam Cell","Barrage"],"picked":"SKIP","floor":27.0},{"not_picked":["Barrage","Conserve Battery"],"picked":"Hologram","floor":30.0},{"not_picked":["Static Discharge","Steam Power","Hologram"],"picked":"SKIP","floor":33.0},{"not_picked":["Glacier","Cold Snap","Leap"],"picked":"SKIP","floor":34.0},{"not_picked":["Chill+1","Leap+1"],"picked":"BootSequence+1","floor":36.0},{"not_picked":["Streamline","Go for the Eyes","Sunder+1"],"picked":"SKIP","floor":37.0},{"not_picked":["Defragment","Cold Snap","Self Repair","Hologram+1"],"picked":"SKIP","floor":40.0},{"not_picked":["Redo","Go for the Eyes","Rebound","All For One"],"picked":"SKIP","floor":41.0},{"not_picked":["Redo","Go for the Eyes","Rebound"],"picked":"All For One","floor":41.0},{"not_picked":["Compile Driver+1","Leap","Hologram","Barrage"],"picked":"SKIP","floor":42.0},{"not_picked":["Biased Cognition","Barrage+1","Machine Learning"],"picked":"Lockon+1","floor":44.0},{"not_picked":["Undo","Ball Lightning","Compile Driver","Redo"],"picked":"SKIP","floor":45.0},{"not_picked":["Cold Snap","Steam","Sweeping Beam"],"picked":"Echo Form","floor":46.0},{"not_picked":["Compile Driver","Reinforced Body","Sweeping Beam"],"picked":"Buffer","floor":47.0},{"not_picked":["Redo","Barrage","Stack"],"picked":"Steam Power+1","floor":48.0},{"not_picked":["Static Discharge+1","Auto Shields","Fusion+1","BootSequence"],"picked":"SKIP","floor":52.0},{"not_picked":["Stack","Consume+1","Tempest+1"],"picked":"Undo+1","floor":53.0},{"not_picked":["Flame Barrier+1","Steam+1","BowlingBash"],"picked":"White Noise+1","floor":57.0},{"not_picked":["EmptyFist+1","Body Slam+1","Omniscience"],"picked":"Deep Breath+1","floor":58.0},{"not_picked":["Unload","Wireheading+1","EmptyFist","Dark Shackles+1"],"picked":"SKIP","floor":60.0},{"not_picked":["Calculated Gamble","FlyingSleeves+1","Bane+1"],"picked":"Burning Pact+1","floor":61.0},{"not_picked":["SpiritShield","Fusion","Cleave","Vengeance+1"],"picked":"SKIP","floor":64.0},{"not_picked":["Collect+1","Steam Power","Sentinel+1"],"picked":"Coolheaded","floor":65.0},{"not_picked":["WaveOfTheHand","Dramatic Entrance","Swift Strike"],"picked":"Body Slam+1","floor":66.0},{"not_picked":["BowlingBash+1","Outmaneuver+1","Armaments+1"],"picked":"Coolheaded","floor":67.0},{"not_picked":["Trip","Gash+1","FlurryOfBlows"],"picked":"Juggernaut","floor":68.0},{"not_picked":["JustLucky","Flying Knee","CrushJoints+1","Enlightenment"],"picked":"SKIP","floor":70.0},{"not_picked":["JustLucky","Flying Knee","CrushJoints+1"],"picked":"Enlightenment","floor":70.0},{"not_picked":["Wild Strike","All Out Attack","Adaptation+1","BootSequence+1"],"picked":"SKIP","floor":72.0},{"not_picked":["Compile Driver+1","FearNoEvil+1","EmptyFist+1"],"picked":"Warcry+1","floor":78}],"player_experience":2564823,"relics_obtained":[{"floor":6.0,"key":"Nunchaku"},{"floor":10.0,"key":"Anchor"},{"floor":12.0,"key":"Matryoshka"},{"floor":13.0,"key":"Bottled Lightning"},{"floor":13.0,"key":"Shuriken"},{"floor":15.0,"key":"Bird Faced Urn"},{"floor":22.0,"key":"MealTicket"},{"floor":34.0,"key":"Bag of Marbles"},{"floor":38.0,"key":"Strawberry"},{"floor":38.0,"key":"Lantern"},{"floor":39.0,"key":"Question Card"},{"floor":41.0,"key":"Pen Nib"},{"floor":44.0,"key":"Bag of Preparation"},{"floor":46.0,"key":"Vajra"},{"floor":58.0,"key":"Whetstone"},{"floor":60.0,"key":"War Paint"},{"floor":63.0,"key":"HornCleat"},{"floor":68.0,"key":"Symbiotic Virus"},{"floor":78,"key":"InkBottle"}],"event_choices":[{"cards_removed":["Strike_B"],"damage_healed":0.0,"max_hp_gain":0.0,"max_hp_loss":0.0,"gold_gain":0.0,"event_name":"Living Wall","player_choice":"Forget","floor":3.0,"gold_loss":0.0,"damage_taken":0.0},{"damage_healed":0.0,"max_hp_gain":0.0,"max_hp_loss":0.0,"gold_gain":0.0,"cards_transformed":["Strike_B"],"event_name":"Transmorgrifier","player_choice":"Transformed","floor":14.0,"gold_loss":0.0,"damage_taken":0.0,"cards_obtained":["Turbo"]},{"damage_healed":0.0,"max_hp_gain":5.0,"max_hp_loss":0.0,"gold_gain":0.0,"event_name":"Big Fish","player_choice":"Donut","floor":20.0,"gold_loss":0.0,"damage_taken":0.0},{"damage_healed":0.0,"max_hp_gain":0.0,"max_hp_loss":0.0,"gold_gain":0.0,"event_name":"The Woman in Blue","player_choice":"Bought 0 Potions","floor":29.0,"gold_loss":0.0,"damage_taken":0.0},{"damage_healed":0.0,"max_hp_gain":0.0,"max_hp_loss":0.0,"gold_gain":0.0,"event_name":"The Library","player_choice":"Read","floor":32.0,"gold_loss":0.0,"damage_taken":0.0,"cards_obtained":["Consume"]},{"damage_healed":0.0,"max_hp_gain":0.0,"max_hp_loss":0.0,"gold_gain":0.0,"event_name":"N\u0027loth","player_choice":"Traded Relic","floor":43.0,"relics_lost":["MealTicket"],"gold_loss":0.0,"damage_taken":0.0,"relics_obtained":["Nloth\u0027s Gift"]},{"cards_removed":["Buffer"],"damage_healed":0.0,"max_hp_gain":0.0,"max_hp_loss":0.0,"gold_gain":0.0,"event_name":"Falling","player_choice":"Removed Power","floor":55.0,"gold_loss":0.0,"damage_taken":0.0},{"damage_healed":0.0,"max_hp_gain":0.0,"max_hp_loss":0.0,"gold_gain":100.0,"event_name":"Golden Shrine","player_choice":"Pray","floor":56.0,"gold_loss":0.0,"damage_taken":0.0},{"damage_healed":0.0,"max_hp_gain":0.0,"max_hp_loss":4.0,"gold_gain":0.0,"event_name":"Winding Halls","player_choice":"Max HP","floor":71.0,"gold_loss":0.0,"damage_taken":0.0}],"is_beta":false,"boss_relics":[{"not_picked":["SlaversCollar","Black Star"],"picked":"Inserter"},{"not_picked":["Fusion Hammer","FrozenCore"],"picked":"Astrolabe"}],"items_purged_floors":[2,17,28,54,77],"is_endless":false,"potions_floor_spawned":[1,15,21,22,34,37,40,41,46,48,50,52,57,58,65,70,78],"ascension_level":1}}