{"host":"lwys0gbp6t40j7jh","time":1614334360,"event":{"mods":["BaseMod","Minty Spire (QoL Compilation)","StSLib","SuperFastMode"],"gold_per_floor":[111,122,69,89,107,139,139,165,191,201,201,221,246,259,259,332,332,321,321,339,264,264,264,291,40,63,63,63],"floor_reached":27,"language":"ENG","playtime":605,"items_purged":["Strike_R","Strike_R"],"score":417,"play_id":"a2fe288c-f885-4c13-8ddb-fd940aa040b3","local_time":"20210226111240","is_ascension_mode":true,"campfire_choices":[{"floor":7,"key":"REST"},{"floor":15,"key":"REST"},{"floor":23,"key":"REST"}],"circlet_count":0,"master_deck":["AscendersBane","Strike_R","Strike_R","Defend_R","Defend_R","Defend_R","Defend_R","Bash","Shrug It Off","Twin Strike","Carnage","Iron Wave","Disarm","Rampage","Immolate","Iron Wave","Double Tap","Bash","Cleave","Whirlwind"],"relics":["Burning Blood","Shovel","Red Skull","Ancient Tea Set","Omamori","SlaversCollar","Mercury Hourglass","Vajra","Tiny Chest"],"acts_visited":["Exordium","TheCity"],"potions_floor_usage":[4,6,13],"damage_taken":[{"damage":7,"enemies":"Small Slimes","floor":1,"turns":6},{"damage":6,"enemies":"Cultist","floor":2,"turns":5},{"damage":0,"enemies":"2 Louse","floor":4,"turns":2},{"damage":8,"enemies":"Blue Slaver","floor":5,"turns":5},{"damage":39,"enemies":"3 Sentries","floor":6,"turns":12},{"damage":37,"enemies":"Gremlin Nob","floor":8,"turns":4},{"damage":1,"enemies":"3 Louse","floor":10,"turns":3},{"damage":12,"enemies":"Large Slime","floor":12,"turns":5},{"damage":15,"enemies":"Lagavulin","floor":13,"turns":3},{"damage":4,"enemies":"Looter","floor":14,"turns":2},{"damage":48,"enemies":"Hexaghost","floor":16,"turns":10},{"damage":34,"enemies":"2 Thieves","floor":18,"turns":4},{"damage":27,"enemies":"Shell Parasite","floor":20,"turns":8},{"damage":26,"enemies":"Gremlin Leader","floor":24,"turns":6},{"damage":17,"enemies":"3 Cultists","floor":27,"turns":3}],"seed_played":"4154294538542457102","potions_obtained":[{"floor":2,"key":"DistilledChaos"},{"floor":4,"key":"SpeedPotion"},{"floor":5,"key":"ElixirPotion"},{"floor":8,"key":"Strength Potion"},{"floor":16,"key":"SpeedPotion"}],"is_trial":false,"path_per_floor":["M","M","$","M","M","E","R","E","T","M","?","M","E","M","R","B",null,"M","?","M","$","?","R","E","$","T","M"],"character_chosen":"IRONCLAD","items_purchased":["Twin Strike","Vajra"],"campfire_rested":3,"item_purchase_floors":[3,25],"current_hp_per_floor":[71,71,71,77,75,42,66,35,35,40,40,34,25,27,51,9,62,34,34,13,13,13,37,17,17,17,0,0],"gold":63,"neow_bonus":"REMOVE_CARD","is_daily":false,"chose_seed":false,"campfire_upgraded":0,"win_rate":0.0,"timestamp":1614334360,"path_taken":["M","M","$","M","M","E","R","E","T","M","?","M","E","M","R","BOSS","M","?","M","$","?","R","E","$","T","M"],"items_purchased_type":["Card","Relic"],"build_version":"2020-12-22","purchased_purges":2,"victory":false,"max_hp_per_floor":[80,80,80,80,80,80,80,80,80,80,80,80,80,80,80,80,80,80,80,80,80,80,80,80,80,80,80,80],"card_choices":[{"not_picked":["Clothesline","Headbutt"],"picked":"Shrug It Off","floor":1},{"not_picked":["Perfected Strike","Battle Trance","True Grit"],"picked":"SKIP","floor":2},{"not_picked":["Clash","Flex","Warcry"],"picked":"SKIP","floor":4},{"not_picked":["Spot Weakness","Havoc","Flex"],"picked":"SKIP","floor":5},{"not_picked":["True Grit","Berserk"],"picked":"Carnage","floor":6},{"not_picked":["Seeing Red","Searing Blow"],"picked":"Iron Wave","floor":8},{"not_picked":["Havoc","Blood for Blood","Flex"],"picked":"SKIP","floor":10},{"not_picked":["Perfected Strike","Clash","Carnage"],"picked":"SKIP","floor":12},{"not_picked":["Second Wind","Anger"],"picked":"Disarm","floor":13},{"not_picked":["Heavy Blade","Feel No Pain"],"picked":"Rampage","floor":14},{"not_picked":["Double Tap","Exhume"],"picked":"Immolate","floor":16},{"not_picked":["Wild Strike","Clothesline","Heavy Blade"],"picked":"SKIP","floor":18},{"not_picked":["Shrug It Off","Pommel Strike"],"picked":"Iron Wave","floor":20},{"not_picked":["Uppercut","Shockwave","Searing Blow"],"picked":"SKIP","floor":24}],"player_experience":1223984,"relics_obtained":[{"floor":6,"key":"Shovel"},{"floor":8,"key":"Red Skull"},{"floor":9,"key":"Ancient Tea Set"},{"floor":13,"key":"Omamori"},{"floor":24,"key":"Mercury Hourglass"},{"floor":26,"key":"Tiny Chest"}],"event_choices":[{"damage_healed":0,"gold_gain":0,"player_choice":"Ignored","damage_taken":0,"max_hp_gain":0,"max_hp_loss":0,"event_name":"Shining Light","floor":11,"gold_loss":0},{"damage_healed":0,"gold_gain":0,"player_choice":"Ignored","damage_taken":0,"max_hp_gain":0,"max_hp_loss":0,"event_name":"Cursed Tome","floor":19,"gold_loss":0},{"damage_healed":0,"gold_gain":0,"player_choice":"4 cards matched","damage_taken":0,"max_hp_gain":0,"max_hp_loss":0,"event_name":"Match and Keep!","floor":22,"gold_loss":0,"cards_obtained":["Double Tap","Bash","Cleave","Whirlwind"]}],"is_beta":false,"boss_relics":[{"not_picked":["Calling Bell","Cursed Key"],"picked":"SlaversCollar"}],"items_purged_floors":[21,25],"is_endless":false,"potions_floor_spawned":[2,4,5,8,12,16,20,24],"killed_by":"3 Cultists","ascension_level":13}}