{"host":"n4fty02wqqi95laq","time":1614318043,"event":{"mods":["BaseMod","Highlight Path","Minty Spire (QoL Compilation)","Quick Restart","Rare Cards Sparkle","StSLib"],"gold_per_floor":[112,112,33,43,57,57,75,75,75],"floor_reached":8,"language":"ZHS","playtime":214,"items_purged":[],"score":96,"play_id":"8684e3c6-3c8c-435a-b175-6961f57b1384","local_time":"20210226134043","is_ascension_mode":true,"campfire_choices":[{"data":"Neutralize","floor":6,"key":"SMITH"}],"circlet_count":0,"master_deck":["AscendersBane","Strike_G","Strike_G","Strike_G","Strike_G","Strike_G","Defend_G","Defend_G","Defend_G","Defend_G","Defend_G","Survivor","Neutralize+1","After Image","Tactician","Accuracy","Dagger Throw","Finisher"],"relics":["Ring of the Snake"],"acts_visited":[],"potions_floor_usage":[],"damage_taken":[{"damage":0.0,"enemies":"Small Slimes","floor":1.0,"turns":5.0},{"damage":8,"enemies":"2 Louse","floor":4,"turns":3},{"damage":1,"enemies":"Jaw Worm","floor":5,"turns":4},{"damage":40,"enemies":"Exordium Thugs","floor":7,"turns":8},{"damage":0,"enemies":"3 Sentries","floor":8,"turns":1}],"seed_played":"5909965535743535783","potions_obtained":[{"floor":4,"key":"Ancient Potion"},{"floor":7,"key":"GhostInAJar"}],"is_trial":false,"path_per_floor":["M","?","$","M","M","R","M","E"],"character_chosen":"THE_SILENT","items_purchased":["Accuracy"],"campfire_rested":0,"item_purchase_floors":[3],"current_hp_per_floor":[44,66,66,58,57,57,17,17,17],"gold":75,"neow_bonus":"THREE_RARE_CARDS","is_daily":false,"chose_seed":false,"campfire_upgraded":1,"win_rate":0.0,"timestamp":1614318043,"path_taken":["M","?","$","M","M","R","M","E"],"items_purchased_type":["Card"],"build_version":"2020-12-22","purchased_purges":0,"victory":false,"max_hp_per_floor":[66,66,66,66,66,66,66,66,66],"card_choices":[{"not_picked":["Bullet Time","Storm of Steel"],"picked":"After Image","floor":0.0},{"not_picked":["Backflip","Distraction"],"picked":"Tactician","floor":1.0},{"not_picked":["Sucker Punch","Slice","Caltrops"],"picked":"SKIP","floor":4},{"not_picked":["Blur","Poisoned Stab"],"picked":"Dagger Throw","floor":5},{"not_picked":["Deflect","Blur"],"picked":"Finisher","floor":7}],"player_experience":743576,"relics_obtained":[],"event_choices":[{"damage_healed":22,"gold_gain":0,"player_choice":"Banana","damage_taken":0,"max_hp_gain":0,"max_hp_loss":0,"event_name":"Big Fish","floor":2,"gold_loss":0}],"is_beta":false,"boss_relics":[],"items_purged_floors":[],"is_endless":false,"potions_floor_spawned":[4,7],"killed_by":"3 Sentries","ascension_level":20}}