{"host":"dbkc9h3etq50r1dq","time":1614307985,"event":{"mods":["AchievementEnabler","BaseMod","Block Reminder","Colored Powertips","Curses Come First","Dark Map","Filter the Spire","Minty Spire (QoL Compilation)","Permanent Neow","Potion Indicator Mod","Random Character Button","Rare Cards Sparkle","StSLib","SuperFastMode","Weighted Paths"],"gold_per_floor":[119,135,135,135,149,182,182,206,287,310,341,19,19,39,39,159,159,184,184,11,110,125,125,140,0,0,40,40,65,99,14,14,142,142,165,185,185,200,256,256,256,269,295,40,55,55,55],"floor_reached":46,"language":"ZHS","playtime":1801,"items_purged":["Injury","Strike_G","Strike_G"],"score":685,"play_id":"59ed60ac-0eaa-45ea-bd86-23f37b4a34fd","local_time":"20210226105305","is_ascension_mode":true,"campfire_choices":[{"floor":7.0,"key":"REST"},{"data":"A Thousand Cuts","floor":15.0,"key":"SMITH"},{"data":"Venomology","floor":23.0,"key":"SMITH"},{"floor":28.0,"key":"REST"},{"floor":32.0,"key":"REST"},{"floor":40,"key":"REST"}],"circlet_count":0,"master_deck":["Strike_G","Strike_G","Strike_G","Defend_G+1","Defend_G","Defend_G","Defend_G+1","Survivor+1","Neutralize","Blur+1","Infinite Blades","A Thousand Cuts+1","Cloak And Dagger","Escape Plan","Venomology+1","Accuracy","Prepared","Blade Dance","Burst","Dagger Spray","Distraction","Escape Plan","Cloak And Dagger","Storm of Steel","Wraith Form v2","Terror+1","Madness","Madness","Sucker Punch+1","Envenom","Blur","Cloak And Dagger","Master of Strategy","Accuracy","Cloak And Dagger+1","Accuracy+1"],"relics":["Ring of the Snake","Golden Idol","StoneCalendar","Blue Candle","Orichalcum","Lee\u0027s Waffle","HoveringKite","Membership Card","Vajra","HornCleat","Sundial","Letter Opener","Ornamental Fan","Black Star","Turnip","War Paint","Orrery"],"acts_visited":["Exordium","TheCity","TheBeyond"],"potions_floor_usage":[38,38,38,39,39,45,46,46,46],"damage_taken":[{"damage":2.0,"enemies":"Cultist","floor":1.0,"turns":4.0},{"damage":6.0,"enemies":"Jaw Worm","floor":2.0,"turns":8.0},{"damage":16.0,"enemies":"Small Slimes","floor":5.0,"turns":5.0},{"damage":27.0,"enemies":"Gremlin Nob","floor":6.0,"turns":5.0},{"damage":0.0,"enemies":"Exordium Wildlife","floor":8.0,"turns":4.0},{"damage":4.0,"enemies":"2 Fungi Beasts","floor":10.0,"turns":4.0},{"damage":10.0,"enemies":"Lagavulin","floor":11.0,"turns":7.0},{"damage":13.0,"enemies":"Exordium Thugs","floor":14.0,"turns":6.0},{"damage":6.0,"enemies":"Slime Boss","floor":16.0,"turns":6.0},{"damage":17.0,"enemies":"Spheric Guardian","floor":18.0,"turns":4.0},{"damage":3.0,"enemies":"3 Byrds","floor":22.0,"turns":4.0},{"damage":4.0,"enemies":"Snecko","floor":24.0,"turns":5.0},{"damage":19.0,"enemies":"Gremlin Leader","floor":27.0,"turns":4.0},{"damage":11.0,"enemies":"Sentry and Sphere","floor":29.0,"turns":4.0},{"damage":17.0,"enemies":"Slavers","floor":30.0,"turns":2.0},{"damage":38.0,"enemies":"Collector","floor":33.0,"turns":7.0},{"damage":0.0,"enemies":"3 Shapes","floor":35.0,"turns":2.0},{"damage":0.0,"enemies":"Orb Walker","floor":36.0,"turns":3.0},{"damage":12,"enemies":"Maw","floor":38,"turns":7},{"damage":12,"enemies":"2 Orb Walkers","floor":39,"turns":5},{"damage":11,"enemies":"4 Shapes","floor":42,"turns":5},{"damage":17,"enemies":"3 Darklings","floor":45,"turns":4},{"damage":29,"enemies":"Reptomancer","floor":46,"turns":4}],"seed_played":"932490301958404230","potions_obtained":[{"floor":0.0,"key":"LiquidBronze"},{"floor":0.0,"key":"Fruit Juice"},{"floor":0.0,"key":"EssenceOfSteel"},{"floor":1.0,"key":"Energy Potion"},{"floor":10.0,"key":"LiquidBronze"},{"floor":11.0,"key":"Explosive Potion"},{"floor":14.0,"key":"Strength Potion"},{"floor":27.0,"key":"EssenceOfSteel"},{"floor":33.0,"key":"SteroidPotion"},{"floor":36.0,"key":"Energy Potion"},{"floor":42,"key":"PowerPotion"},{"floor":45,"key":"SpeedPotion"}],"is_trial":false,"path_per_floor":["M","M","?","?","M","E","R","M","T","M","E","$","?","M","R","B",null,"M","?","$","?","M","R","M","$","T","E","R","M","E","?","R","B",null,"M","M","?","M","?","R","?","M","T","$","M","E"],"character_chosen":"THE_SILENT","items_purchased":["Accuracy","Prepared","Lee\u0027s Waffle","Membership Card","Distraction","Escape Plan","Vajra","Cloak And Dagger","Master of Strategy","Orrery"],"campfire_rested":4,"item_purchase_floors":[12,12,12,20,20,25,25,44,44,44],"current_hp_per_floor":[66,60,60,60,44,17,39,39,39,35,25,82,66,53,53,47,73,56,56,56,56,53,53,49,49,49,30,54,43,26,26,50,12,65,65,65,55,43,31,55,55,44,44,44,27,0,0],"gold":55,"neow_bonus":"THREE_SMALL_POTIONS","is_daily":false,"chose_seed":false,"campfire_upgraded":2,"win_rate":0.0,"timestamp":1614307985,"path_taken":["M","M","?","?","?","E","R","M","T","M","E","$","?","M","R","BOSS","M","?","$","?","M","R","M","?","T","E","R","M","E","?","R","BOSS","M","M","?","M","?","R","?","M","T","$","M","E"],"items_purchased_type":["Card","Card","Relic","Relic","Card","Card","Relic","Card","Card","Relic"],"build_version":"2020-12-22","purchased_purges":3,"victory":false,"max_hp_per_floor":[75,75,75,75,75,75,75,75,75,75,75,82,82,82,82,82,82,82,82,82,82,82,82,82,82,82,82,82,82,82,82,82,82,82,82,82,82,82,82,82,82,82,82,82,82,82,82],"card_choices":[{"not_picked":["Underhanded Strike","Bane"],"picked":"Blur","floor":1.0},{"not_picked":["Deadly Poison","Underhanded Strike"],"picked":"Infinite Blades","floor":2.0},{"not_picked":["Predator","Dodge and Roll"],"picked":"Cloak And Dagger","floor":5.0},{"not_picked":["Setup","Distraction"],"picked":"Escape Plan","floor":6.0},{"not_picked":["Deadly Poison","Catalyst","Quick Slash"],"picked":"SKIP","floor":8.0},{"not_picked":["Backstab","Bane"],"picked":"Venomology","floor":10.0},{"not_picked":["Acrobatics","Choke","Bane"],"picked":"SKIP","floor":11.0},{"not_picked":["Dash","Outmaneuver"],"picked":"Blade Dance","floor":14.0},{"not_picked":["Bullet Time","Unload"],"picked":"Burst","floor":16.0},{"not_picked":["Poisoned Stab","Dodge and Roll","Dagger Throw"],"picked":"SKIP","floor":18.0},{"not_picked":["Predator","Setup","Slice"],"picked":"SKIP","floor":22.0},{"not_picked":["PiercingWail+1","Underhanded Strike","Masterful Stab+1"],"picked":"SKIP","floor":24.0},{"not_picked":["Acrobatics","Terror"],"picked":"Cloak And Dagger","floor":27.0},{"not_picked":["Well Laid Plans","Finisher","Bouncing Flask"],"picked":"SKIP","floor":29.0},{"not_picked":["Reflex","Finisher+1"],"picked":"Storm of Steel","floor":30.0},{"not_picked":["Night Terror","Grand Finale"],"picked":"Wraith Form v2","floor":33.0},{"not_picked":["Heel Hook+1","Slice"],"picked":"Terror+1","floor":35.0},{"not_picked":["Dodge and Roll","Bane","Sucker Punch"],"picked":"SKIP","floor":36.0},{"not_picked":["Deadly Poison","Outmaneuver"],"picked":"Sucker Punch+1","floor":38},{"not_picked":["Heel Hook","Flying Knee+1"],"picked":"Envenom","floor":39},{"not_picked":["Bane","Dodge and Roll"],"picked":"Blur","floor":42},{"not_picked":["All Out Attack","Prepared"],"picked":"Accuracy","floor":44},{"not_picked":["Backflip","Poisoned Stab"],"picked":"Cloak And Dagger+1","floor":44},{"not_picked":["Infinite Blades+1","Poisoned Stab"],"picked":"Accuracy+1","floor":44},{"not_picked":["Quick Slash","Bouncing Flask","Acrobatics+1"],"picked":"SKIP","floor":45}],"player_experience":166579,"relics_obtained":[{"floor":6.0,"key":"StoneCalendar"},{"floor":9.0,"key":"Blue Candle"},{"floor":11.0,"key":"Orichalcum"},{"floor":26.0,"key":"HornCleat"},{"floor":27.0,"key":"Sundial"},{"floor":30.0,"key":"Letter Opener"},{"floor":39,"key":"Turnip"},{"floor":43,"key":"War Paint"}],"event_choices":[{"damage_healed":0.0,"max_hp_gain":0.0,"max_hp_loss":0.0,"gold_gain":0.0,"event_name":"Golden Idol","player_choice":"Take Wound","floor":3.0,"gold_loss":0.0,"damage_taken":0.0,"relics_obtained":["Golden Idol"],"cards_obtained":["Injury"]},{"damage_healed":0.0,"max_hp_gain":0.0,"max_hp_loss":0.0,"gold_gain":0.0,"cards_transformed":["Defend_G"],"event_name":"Transmorgrifier","player_choice":"Transformed","floor":4.0,"gold_loss":0.0,"damage_taken":0.0,"cards_obtained":["A Thousand Cuts"]},{"damage_healed":0.0,"max_hp_gain":0.0,"max_hp_loss":0.0,"gold_gain":0.0,"event_name":"Shining Light","player_choice":"Entered Light","floor":13.0,"gold_loss":0.0,"damage_taken":16.0,"cards_upgraded":["Survivor","Defend_G"]},{"damage_healed":0.0,"max_hp_gain":0.0,"max_hp_loss":0.0,"gold_gain":0.0,"event_name":"The Library","player_choice":"Read","floor":19.0,"gold_loss":0.0,"damage_taken":0.0,"cards_obtained":["Dagger Spray"]},{"damage_healed":0.0,"max_hp_gain":0.0,"max_hp_loss":0.0,"gold_gain":99.0,"event_name":"Nest","player_choice":"Stole From Cult","floor":21.0,"gold_loss":0.0,"damage_taken":0.0},{"damage_healed":0.0,"max_hp_gain":0.0,"max_hp_loss":0.0,"gold_gain":0.0,"event_name":"Addict","player_choice":"Obtained Relic","floor":31.0,"gold_loss":85.0,"damage_taken":0.0,"relics_obtained":["Ornamental Fan"]},{"damage_healed":0.0,"max_hp_gain":0.0,"max_hp_loss":0.0,"gold_gain":0.0,"event_name":"Winding Halls","player_choice":"Embrace Madness","floor":37.0,"gold_loss":0.0,"damage_taken":10.0,"cards_obtained":["Madness","Madness"]},{"damage_healed":0,"gold_gain":0,"player_choice":"Fight","damage_taken":0,"max_hp_gain":0,"max_hp_loss":0,"event_name":"Mysterious Sphere","floor":39,"gold_loss":0},{"damage_healed":0,"gold_gain":0,"player_choice":"Ignored","damage_taken":0,"max_hp_gain":0,"max_hp_loss":0,"event_name":"Tomb of Lord Red Mask","floor":41,"gold_loss":0}],"is_beta":false,"boss_relics":[{"not_picked":["SlaversCollar","Velvet Choker"],"picked":"HoveringKite"},{"not_picked":["Sozu","Fusion Hammer"],"picked":"Black Star"}],"items_purged_floors":[12,25,44],"is_endless":false,"potions_floor_spawned":[1,10,11,14,27,33,36,42,45],"killed_by":"Reptomancer","ascension_level":7}}