{"host":"5n1fl7z5i1vf7jan","time":1614316873,"event":{"mods":["BaseMod","Minty Spire (QoL Compilation)","Quick Restart","Relic Stats"],"gold_per_floor":[110,110,130,143,155,155,188,188,188,207,233,247,273,273,273,346,346,361,374,374,374,84,84,110,33,33,33,51,85,30,57,57,134,134,147,422,34,34,49,78,95,120,120,145,32,32,32,32,32,32,32],"floor_reached":50,"language":"ENG","playtime":2548,"items_purged":["Writhe","Regret"],"score":1108,"play_id":"c5a63683-5dfd-4681-abed-3c0a56e671bf","local_time":"20210225212113","is_ascension_mode":true,"campfire_choices":[{"data":"Dagger Spray","floor":6.0,"key":"SMITH"},{"data":"Neutralize","floor":8.0,"key":"SMITH"},{"floor":15.0,"key":"REST"},{"floor":23.0,"key":"REST"},{"floor":27.0,"key":"REST"},{"floor":32.0,"key":"REST"},{"floor":47,"key":"RECALL"},{"data":"Leg Sweep","floor":49,"key":"SMITH"}],"circlet_count":0,"master_deck":["AscendersBane","Strike_G","Strike_G","Defend_G","Defend_G","Defend_G","Defend_G","Defend_G","Survivor","Neutralize+1","Unload","Blade Dance","Calculated Gamble","Slice","Dagger Spray+1","Adrenaline","Footwork","Blade Dance","Tactician","Footwork","Corpse Explosion","Flying Knee","PiercingWail","Terror","Blur+1","Leg Sweep+1","Phantasmal Killer","Predator+1","Predator","Dash"],"relics":["Ring of the Snake","FaceOfCleric","Matryoshka","Strawberry","Darkstone Periapt","Gambling Chip","Mummified Hand","Empty Cage","Nilry\u0027s Codex","Tiny Chest","Lizard Tail","Juzu Bracelet","Paper Crane","Gremlin Horn","Snake Skull","Snecko Eye","Shuriken","Pen Nib","Letter Opener","Singing Bowl","Prayer Wheel"],"acts_visited":["Exordium","TheCity","TheBeyond"],"potions_floor_usage":[45,50,50],"damage_taken":[{"damage":6.0,"enemies":"Jaw Worm","floor":1.0,"turns":4.0},{"damage":0.0,"enemies":"Cultist","floor":3.0,"turns":3.0},{"damage":8.0,"enemies":"Small Slimes","floor":4.0,"turns":4.0},{"damage":11.0,"enemies":"Looter","floor":5.0,"turns":4.0},{"damage":2.0,"enemies":"3 Sentries","floor":7.0,"turns":4.0},{"damage":1.0,"enemies":"Exordium Wildlife","floor":10.0,"turns":2.0},{"damage":27.0,"enemies":"Gremlin Nob","floor":11.0,"turns":4.0},{"damage":0.0,"enemies":"Blue Slaver","floor":12.0,"turns":3.0},{"damage":5.0,"enemies":"3 Sentries","floor":13.0,"turns":5.0},{"damage":13.0,"enemies":"Slime Boss","floor":16.0,"turns":9.0},{"damage":28.0,"enemies":"Spheric Guardian","floor":18.0,"turns":6.0},{"damage":15.0,"enemies":"2 Thieves","floor":19.0,"turns":3.0},{"damage":12.0,"enemies":"Slavers","floor":24.0,"turns":6.0},{"damage":7.0,"enemies":"Snake Plant","floor":28.0,"turns":7.0},{"damage":23.0,"enemies":"Book of Stabbing","floor":29.0,"turns":7.0},{"damage":62.0,"enemies":"Automaton","floor":33.0,"turns":15.0},{"damage":3.0,"enemies":"3 Shapes","floor":35.0,"turns":5.0},{"damage":0.0,"enemies":"3 Darklings","floor":39.0,"turns":2.0},{"damage":31.0,"enemies":"Nemesis","floor":40.0,"turns":9.0},{"damage":1.0,"enemies":"Jaw Worm Horde","floor":41.0,"turns":4.0},{"damage":19.0,"enemies":"Reptomancer","floor":42.0,"turns":4.0},{"damage":0,"enemies":"Mind Bloom Boss Battle","floor":44,"turns":5},{"damage":90,"enemies":"Time Eater","floor":50,"turns":15}],"seed_played":"-4779597126661977909","potions_obtained":[{"floor":3.0,"key":"DuplicationPotion"},{"floor":7.0,"key":"CunningPotion"},{"floor":10.0,"key":"CultistPotion"},{"floor":12.0,"key":"SpeedPotion"},{"floor":14.0,"key":"GhostInAJar"},{"floor":16.0,"key":"Block Potion"},{"floor":24.0,"key":"Regen Potion"},{"floor":28.0,"key":"Energy Potion"},{"floor":33.0,"key":"GhostInAJar"},{"floor":39.0,"key":"DistilledChaos"},{"floor":40.0,"key":"Fire Potion"},{"floor":41.0,"key":"PowerPotion"}],"is_trial":false,"path_per_floor":["M","?","M","M","M","R","E","R","T","M","E","M","E","?","R","B",null,"M","M","?","?","$","R","E","$","T","R","M","E","$","T","R","B",null,"M","?","$","T","M","E","M","E","T","?","$","?","R","?","R","B"],"character_chosen":"THE_SILENT","items_purchased":["Terror","ColorlessPotion","GamblersBrew","Leg Sweep","Strength Potion","Shuriken","EntropicBrew"],"campfire_rested":4,"item_purchase_floors":[22,22,22,25,30,37,45],"current_hp_per_floor":[53,53,54,47,37,37,36,36,43,43,17,18,14,14,36,24,63,36,22,1,7,7,32,21,21,21,46,55,33,33,33,59,43,77,75,81,81,81,82,52,52,34,34,35,35,82,82,82,82,0,0],"gold":32,"neow_bonus":"THREE_RARE_CARDS","is_daily":false,"chose_seed":false,"campfire_upgraded":3,"win_rate":0.0,"timestamp":1614316873,"path_taken":["M","?","?","M","M","R","E","R","T","M","E","M","E","?","R","BOSS","M","?","?","?","$","R","E","?","T","R","M","E","$","?","R","BOSS","M","?","$","?","M","E","M","E","T","?","$","?","R","?","R","BOSS"],"items_purchased_type":["Card","Potion","Potion","Card","Potion","Relic","Potion"],"build_version":"2020-12-22","purchased_purges":2,"victory":false,"max_hp_per_floor":[60,60,61,62,63,63,64,64,71,72,73,74,75,75,75,76,76,77,78,78,84,84,84,85,85,85,85,86,87,87,87,87,88,88,89,95,95,95,96,97,98,99,99,100,100,82,82,82,82,82,82],"relic_stats":{"Darkstone Periapt":12,"Gremlin Horn":[9,10],"Singing Bowl":0,"counters":[23,130],"Snake Skull":[5],"Pen Nib":[7],"Juzu Bracelet":1,"Letter Opener":[38],"Lizard Tail":43,"FaceOfCleric":21,"Mummified Hand":[42],"Shuriken":[21],"Gambling Chip":[66],"Snecko Eye":[98,99,87,103],"Tiny Chest":1,"Prayer Wheel":0,"obtain_stats":[{"Darkstone Periapt":9,"Gremlin Horn":29,"Singing Bowl":43,"Nilry\u0027s Codex":20,"Snake Skull":31,"Pen Nib":40,"Juzu Bracelet":26,"Letter Opener":42,"Paper Crane":26,"Empty Cage":17,"Lizard Tail":24,"Matryoshka":7,"FaceOfCleric":2,"Mummified Hand":13,"Shuriken":37,"Strawberry":9,"Gambling Chip":11,"Snecko Eye":34,"Tiny Chest":21,"Prayer Wheel":44,"Ring of the Snake":0},{"Darkstone Periapt":5,"Gremlin Horn":15,"Singing Bowl":21,"Nilry\u0027s Codex":12,"Snake Skull":15,"Pen Nib":19,"Juzu Bracelet":13,"Letter Opener":21,"Paper Crane":13,"Empty Cage":10,"Lizard Tail":13,"Matryoshka":5,"FaceOfCleric":1,"Mummified Hand":9,"Shuriken":17,"Strawberry":5,"Gambling Chip":7,"Snecko Eye":16,"Tiny Chest":12,"Prayer Wheel":22,"Ring of the Snake":0},{"Darkstone Periapt":19,"Gremlin Horn":71,"Singing Bowl":110,"Nilry\u0027s Codex":51,"Snake Skull":71,"Pen Nib":102,"Juzu Bracelet":57,"Letter Opener":110,"Paper Crane":57,"Empty Cage":42,"Lizard Tail":57,"Matryoshka":19,"FaceOfCleric":4,"Mummified Hand":33,"Shuriken":91,"Strawberry":19,"Gambling Chip":25,"Snecko Eye":86,"Tiny Chest":51,"Prayer Wheel":115,"Ring of the Snake":0}],"Ring of the Snake":[46]},"card_choices":[{"not_picked":["Doppelganger","Burst"],"picked":"Unload","floor":0.0},{"not_picked":["Acrobatics","Bane"],"picked":"Blade Dance","floor":1.0},{"not_picked":["Concentrate","Well Laid Plans"],"picked":"Calculated Gamble","floor":3.0},{"not_picked":["Deflect","Cloak And Dagger"],"picked":"Slice","floor":4.0},{"not_picked":["Deadly Poison","Crippling Poison"],"picked":"Dagger Spray","floor":5.0},{"not_picked":["Unload","Leg Sweep"],"picked":"Adrenaline","floor":7.0},{"not_picked":["Slice","Bouncing Flask"],"picked":"Footwork","floor":10.0},{"not_picked":["PiercingWail","Acrobatics"],"picked":"Blade Dance","floor":11.0},{"not_picked":["Caltrops","Acrobatics"],"picked":"Tactician","floor":12.0},{"not_picked":["Eviscerate","Backflip"],"picked":"Footwork","floor":13.0},{"not_picked":["Venomology","Malaise"],"picked":"Corpse Explosion","floor":16.0},{"not_picked":["Noxious Fumes","Bane"],"picked":"Flying Knee","floor":18.0},{"not_picked":["Cloak And Dagger","Dagger Spray"],"picked":"PiercingWail","floor":19.0},{"not_picked":["Catalyst","Eviscerate"],"picked":"Blur+1","floor":24.0},{"not_picked":["Expertise","Cloak And Dagger","Envenom"],"picked":"SKIP","floor":28.0},{"not_picked":["Expertise","Cloak And Dagger","Envenom"],"picked":"SKIP","floor":28.0},{"not_picked":["Bouncing Flask","Blade Dance","Quick Slash"],"picked":"SKIP","floor":29.0},{"not_picked":["Glass Knife","Doppelganger"],"picked":"Phantasmal Killer","floor":33.0},{"not_picked":["Well Laid Plans","Backflip+1"],"picked":"Predator+1","floor":35.0},{"not_picked":["Sucker Punch","Flechettes","Prepared"],"picked":"SKIP","floor":39.0},{"not_picked":["Cloak And Dagger","Acrobatics+1","Poisoned Stab"],"picked":"SKIP","floor":40.0},{"not_picked":["Slice+1","Poisoned Stab"],"picked":"Predator","floor":41.0},{"not_picked":["Prepared","Heel Hook+1","Grand Finale"],"picked":"SKIP","floor":42.0},{"not_picked":["Prepared+1","Sucker Punch+1"],"picked":"Dash","floor":44}],"player_experience":434743,"relics_obtained":[{"floor":7.0,"key":"Matryoshka"},{"floor":9.0,"key":"Strawberry"},{"floor":9.0,"key":"Darkstone Periapt"},{"floor":11.0,"key":"Gambling Chip"},{"floor":13.0,"key":"Mummified Hand"},{"floor":20.0,"key":"Nilry\u0027s Codex"},{"floor":24.0,"key":"Lizard Tail"},{"floor":26.0,"key":"Juzu Bracelet"},{"floor":26.0,"key":"Paper Crane"},{"floor":29.0,"key":"Gremlin Horn"},{"floor":31.0,"key":"Snake Skull"},{"floor":40.0,"key":"Pen Nib"},{"floor":42.0,"key":"Letter Opener"},{"floor":43.0,"key":"Singing Bowl"},{"floor":44,"key":"Prayer Wheel"}],"event_choices":[{"damage_healed":0.0,"max_hp_gain":0.0,"max_hp_loss":0.0,"gold_gain":0.0,"event_name":"FaceTrader","player_choice":"Trade","floor":2.0,"gold_loss":0.0,"damage_taken":0.0,"relics_obtained":["FaceOfCleric"]},{"damage_healed":0.0,"max_hp_gain":0.0,"max_hp_loss":0.0,"gold_gain":0.0,"event_name":"Lab","player_choice":"Got Potions","floor":14.0,"gold_loss":0.0,"damage_taken":0.0},{"damage_healed":0.0,"max_hp_gain":0.0,"max_hp_loss":0.0,"gold_gain":0.0,"event_name":"Cursed Tome","player_choice":"Obtained Book","floor":20.0,"gold_loss":0.0,"damage_taken":21.0},{"damage_healed":0.0,"max_hp_gain":0.0,"max_hp_loss":0.0,"gold_gain":0.0,"event_name":"The Mausoleum","player_choice":"Opened","floor":21.0,"gold_loss":0.0,"damage_taken":0.0,"relics_obtained":["Tiny Chest"],"cards_obtained":["Writhe"]},{"damage_healed":0.0,"max_hp_gain":0.0,"max_hp_loss":0.0,"gold_gain":275.0,"event_name":"Golden Shrine","player_choice":"Desecrate","floor":36.0,"gold_loss":0.0,"damage_taken":0.0,"cards_obtained":["Regret"]},{"damage_healed":0,"gold_gain":0,"player_choice":"Fight","damage_taken":0,"max_hp_gain":0,"max_hp_loss":0,"event_name":"MindBloom","floor":44,"gold_loss":0},{"damage_healed":82,"gold_gain":0,"player_choice":"Heal","damage_taken":0,"max_hp_gain":0,"max_hp_loss":18,"event_name":"The Moai Head","floor":46,"gold_loss":0},{"cards_removed":["Strike_G"],"damage_healed":0,"gold_gain":0,"player_choice":"Purged","damage_taken":0,"max_hp_gain":0,"max_hp_loss":0,"event_name":"Purifier","floor":48,"gold_loss":0}],"is_beta":false,"boss_relics":[{"not_picked":["Coffee Dripper","Velvet Choker"],"picked":"Empty Cage"},{"not_picked":["Tiny House","Fusion Hammer"],"picked":"Snecko Eye"}],"items_purged_floors":[22,37],"is_endless":false,"potions_floor_spawned":[3,7,10,12,16,24,28,33,39,40,41],"killed_by":"Time Eater","ascension_level":20}}