{"host":"d2gh6suihlstufn7","time":1614327123,"event":{"mods":["AchievementEnabler","BaseMod","Colored Map","Colored Powertips","Minty Spire (QoL Compilation)","Permanent Neow","Quick Restart","StSLib","SuperFastMode"],"gold_per_floor":[118,393,413,426,436,436,436,436,461,476,25,40,66,6,6,6,6],"floor_reached":16,"language":"KOR","playtime":415,"items_purged":["Regret"],"score":102,"play_id":"116cd1c6-4de4-4528-be42-80535502c39b","local_time":"20210226171203","is_ascension_mode":false,"campfire_choices":[{"data":"Bullet Time","floor":6,"key":"SMITH"},{"floor":8,"key":"RECALL"},{"floor":15,"key":"REST"}],"circlet_count":0,"master_deck":["Strike_G","Strike_G","Strike_G","Strike_G","Strike_G","Defend_G","Defend_G","Defend_G","Defend_G","Survivor","Neutralize","PiercingWail","Bullet Time+1","Quick Slash","Night Terror","Bouncing Flask","Caltrops","Poisoned Stab","Deadly Poison","Infinite Blades"],"relics":["Ring of the Snake","Snake Skull","Membership Card","Bird Faced Urn","Vajra","Happy Flower"],"acts_visited":["Exordium"],"potions_floor_usage":[5,12,12,16,16],"damage_taken":[{"damage":4,"enemies":"Small Slimes","floor":1,"turns":5},{"damage":10,"enemies":"Cultist","floor":3,"turns":5},{"damage":4,"enemies":"Jaw Worm","floor":4,"turns":6},{"damage":7,"enemies":"Looter","floor":5,"turns":4},{"damage":20,"enemies":"Large Slime","floor":10,"turns":5},{"damage":9,"enemies":"3 Louse","floor":12,"turns":3},{"damage":21,"enemies":"Lagavulin","floor":13,"turns":4},{"damage":36,"enemies":"The Guardian","floor":16,"turns":7}],"seed_played":"-6270617264651777161","potions_obtained":[{"floor":4,"key":"SneckoOil"},{"floor":5,"key":"PowerPotion"},{"floor":12,"key":"Strength Potion"},{"floor":13,"key":"DistilledChaos"}],"is_trial":false,"path_per_floor":["M","?","M","M","M","R","?","R","T","M","$","M","E","$","R","B"],"character_chosen":"THE_SILENT","items_purchased":["Membership Card","Bird Faced Urn","Vajra","Regen Potion","Deadly Poison","Infinite Blades"],"campfire_rested":1,"item_purchase_floors":[11,11,11,11,14,14],"current_hp_per_floor":[66,66,56,52,45,45,45,45,45,25,25,30,11,11,32,0,0],"gold":6,"neow_bonus":"RANDOM_COMMON_RELIC","is_daily":false,"chose_seed":false,"campfire_upgraded":1,"win_rate":0.0,"timestamp":1614327123,"path_taken":["M","?","M","?","M","R","?","R","T","?","?","M","E","$","R","BOSS"],"items_purchased_type":["Relic","Relic","Relic","Potion","Card","Card"],"build_version":"2020-12-22","purchased_purges":1,"victory":false,"max_hp_per_floor":[70,70,70,70,70,70,70,70,70,70,70,70,70,70,70,70,70],"card_choices":[{"not_picked":["Sucker Punch","Slice"],"picked":"PiercingWail","floor":1},{"not_picked":["Dodge and Roll","Setup"],"picked":"Bullet Time","floor":3},{"not_picked":["Expertise","PiercingWail","Dagger Spray"],"picked":"SKIP","floor":4},{"not_picked":["Acrobatics","Deflect"],"picked":"Quick Slash","floor":5},{"not_picked":["Setup","Deflect"],"picked":"Bouncing Flask","floor":10},{"not_picked":["Predator","Outmaneuver"],"picked":"Caltrops","floor":12},{"not_picked":["Finisher","Leg Sweep"],"picked":"Poisoned Stab","floor":13}],"player_experience":59711,"relics_obtained":[{"floor":13,"key":"Happy Flower"}],"event_choices":[{"damage_healed":0,"gold_gain":275,"player_choice":"Desecrate","damage_taken":0,"max_hp_gain":0,"max_hp_loss":0,"event_name":"Golden Shrine","floor":2,"gold_loss":0,"cards_obtained":["Regret"]},{"damage_healed":0,"gold_gain":0,"cards_transformed":["Defend_G"],"player_choice":"Transformed","damage_taken":0,"max_hp_gain":0,"max_hp_loss":0,"event_name":"Transmorgrifier","floor":7,"gold_loss":0,"cards_obtained":["Night Terror"]}],"is_beta":false,"boss_relics":[],"items_purged_floors":[11],"is_endless":false,"potions_floor_spawned":[4,5,12,13],"killed_by":"The Guardian","ascension_level":0}}