{"host":"e1pm3b7xpcm97e5w","time":1614365085,"event":{"mods":["BaseMod","Better Skull","Googly Eyes","Minty Spire (QoL Compilation)","Relic Stats","Shop Mod","Spicy Shops","StSLib"],"gold_per_floor":[111,122,87,87,103,103,121,121,121,121,131,161,191,202,202,274,274,285,285,285,295,295,295,320,330,402,402,402,402,421,432,432,509,509,520,520,520,534,53,79,90,90,90,124,140,12,12,22,22,22,22],"floor_reached":52,"language":"ENG","playtime":2216,"items_purged":[],"score":1964,"play_id":"2b56f76a-bcb6-4a1d-b47f-00c65b73d731","local_time":"20210226134445","is_ascension_mode":true,"campfire_choices":[{"data":"Calculated Gamble","floor":6,"key":"SMITH"},{"data":"Skewer","floor":8,"key":"SMITH"},{"data":"Neutralize","floor":10,"key":"SMITH"},{"data":"Corpse Explosion","floor":15,"key":"SMITH"},{"data":"Wraith Form v2","floor":23,"key":"SMITH"},{"data":"Wraith Form v2","floor":27,"key":"SMITH"},{"data":"Leg Sweep","floor":29,"key":"SMITH"},{"floor":32,"key":"REST"},{"data":"Blade Dance","floor":42,"key":"SMITH"},{"data":"Night Terror","floor":47,"key":"SMITH"},{"floor":49,"key":"REST"}],"circlet_count":0,"master_deck":["AscendersBane","Strike_G","Strike_G","Defend_G","Defend_G","Defend_G","Defend_G","Defend_G","Survivor","Neutralize+1","Deflect+1","Phantasmal Killer+1","Eviscerate+1","PiercingWail","Dash","Calculated Gamble+1","Skewer+1","Endless Agony","Corpse Explosion+1","Flying Knee","Wraith Form v2+1","Outmaneuver+1","Leg Sweep+1","Wraith Form v2+1","Backflip","Backflip","Malaise","Blade Dance+1","Wraith Form v2+1","Venomology","Night Terror+1"],"relics":["Astrolabe","Bag of Preparation","Letter Opener","The Courier","Runic Pyramid","Nilry\u0027s Codex","Meat on the Bone","Mercury Hourglass","StoneCalendar","WristBlade","Ice Cream","Kunai","Pantograph","Ornamental Fan","Strawberry","Pen Nib"],"acts_visited":["Exordium","TheCity","TheBeyond"],"potions_floor_usage":[40,41,44,44,48,51,51],"damage_taken":[{"damage":0,"enemies":"Jaw Worm","floor":1,"turns":6},{"damage":13,"enemies":"Small Slimes","floor":2,"turns":4},{"damage":0,"enemies":"2 Louse","floor":5,"turns":2},{"damage":0,"enemies":"Exordium Wildlife","floor":7,"turns":2},{"damage":3,"enemies":"3 Louse","floor":11,"turns":4},{"damage":0,"enemies":"Gremlin Nob","floor":13,"turns":2},{"damage":1,"enemies":"Looter","floor":14,"turns":2},{"damage":36,"enemies":"Hexaghost","floor":16,"turns":6},{"damage":5,"enemies":"2 Thieves","floor":18,"turns":3},{"damage":0,"enemies":"Spheric Guardian","floor":21,"turns":3},{"damage":0,"enemies":"Gremlin Leader","floor":24,"turns":6},{"damage":0,"enemies":"Snake Plant","floor":25,"turns":4},{"damage":0,"enemies":"Centurion and Healer","floor":30,"turns":5},{"damage":1,"enemies":"Cultist and Chosen","floor":31,"turns":5},{"damage":9,"enemies":"Automaton","floor":33,"turns":11},{"damage":0,"enemies":"3 Darklings","floor":35,"turns":4},{"damage":4,"enemies":"Orb Walker","floor":38,"turns":4},{"damage":9,"enemies":"Reptomancer","floor":40,"turns":7},{"damage":9,"enemies":"Writhing Mass","floor":41,"turns":7},{"damage":6,"enemies":"Giant Head","floor":44,"turns":14},{"damage":3,"enemies":"3 Darklings","floor":45,"turns":3},{"damage":5,"enemies":"Sphere and 2 Shapes","floor":48,"turns":3},{"damage":22,"enemies":"Donu and Deca","floor":50,"turns":8},{"damage":51,"enemies":"Time Eater","floor":51,"turns":11}],"seed_played":"-1383891354796993042","potions_obtained":[{"floor":2,"key":"BlessingOfTheForge"},{"floor":13,"key":"SmokeBomb"},{"floor":14,"key":"Dexterity Potion"},{"floor":21,"key":"DuplicationPotion"},{"floor":40,"key":"DistilledChaos"},{"floor":45,"key":"Explosive Potion"}],"is_trial":false,"path_per_floor":["M","M","?","?","M","R","M","R","T","R","M","?","E","M","R","B",null,"M","?","?","M","?","R","E","M","T","R","T","R","M","M","R","B",null,"M","?","?","M","$","E","M","R","T","E","M","$","R","M","R","B","B",null],"character_chosen":"THE_SILENT","items_purchased":["Ice Cream","Kunai","Pen Nib"],"campfire_rested":2,"item_purchase_floors":[39,39,46],"current_hp_per_floor":[59,46,62,51,51,51,51,51,51,51,48,48,48,47,47,11,52,47,26,26,26,26,26,26,38,38,38,38,38,38,37,56,47,61,61,61,61,57,57,48,39,39,39,52,49,49,49,44,65,51,34],"gold":22,"neow_bonus":"BOSS_RELIC","is_daily":false,"chose_seed":false,"campfire_upgraded":9,"win_rate":0.0,"timestamp":1614365085,"path_taken":["M","M","?","?","M","R","M","R","T","R","M","?","E","M","R","BOSS","M","?","?","M","?","R","E","M","T","R","?","R","?","M","R","BOSS","M","?","?","M","$","E","?","R","T","E","M","$","R","M","R","BOSS","BOSS"],"items_purchased_type":["Relic","Relic","Relic"],"build_version":"2020-12-22","purchased_purges":0,"victory":true,"max_hp_per_floor":[66,66,66,66,66,66,66,66,66,66,66,66,66,66,66,66,66,66,66,66,66,66,66,66,66,66,66,66,66,66,66,66,66,66,66,66,66,66,66,66,66,66,66,73,73,73,73,73,73,73,73],"relic_stats":{"counters":[24,123],"Ornamental Fan":[56],"Astrolabe":["Deflect","Phantasmal Killer","Eviscerate"],"Pantograph":30,"StoneCalendar":[324],"Pen Nib":[4],"Bag of Preparation":[47],"Letter Opener":[195],"Kunai":[21],"obtain_stats":[{"Ice Cream":39,"Nilry\u0027s Codex":19,"Astrolabe":0,"StoneCalendar":28,"The Courier":13,"Pen Nib":46,"Bag of Preparation":4,"Letter Opener":9,"Mercury Hourglass":26,"WristBlade":34,"Ornamental Fan":43,"Pantograph":40,"Strawberry":44,"Kunai":39,"Ring of the Snake":0,"Runic Pyramid":17,"Meat on the Bone":24},{"Ice Cream":17,"Nilry\u0027s Codex":9,"Astrolabe":0,"StoneCalendar":12,"The Courier":6,"Pen Nib":21,"Bag of Preparation":2,"Letter Opener":4,"Mercury Hourglass":12,"WristBlade":15,"Ornamental Fan":19,"Pantograph":18,"Strawberry":20,"Kunai":17,"Ring of the Snake":0,"Runic Pyramid":8,"Meat on the Bone":11},{"Ice Cream":73,"Nilry\u0027s Codex":31,"Astrolabe":0,"StoneCalendar":44,"The Courier":20,"Pen Nib":103,"Bag of Preparation":10,"Letter Opener":14,"Mercury Hourglass":44,"WristBlade":65,"Ornamental Fan":87,"Pantograph":80,"Strawberry":100,"Kunai":73,"Ring of the Snake":0,"Runic Pyramid":28,"Meat on the Bone":40}],"Meat on the Bone":36,"Mercury Hourglass":[308]},"card_choices":[{"not_picked":["Dagger Throw","Deflect"],"picked":"PiercingWail","floor":1},{"not_picked":["Acrobatics","PiercingWail"],"picked":"Dash","floor":2},{"not_picked":["Expertise","Cloak And Dagger"],"picked":"Calculated Gamble","floor":5},{"not_picked":["Sucker Punch","Poisoned Stab"],"picked":"Skewer","floor":7},{"not_picked":["Dagger Throw","Calculated Gamble"],"picked":"Endless Agony","floor":11},{"not_picked":["All Out Attack","Concentrate"],"picked":"Corpse Explosion","floor":13},{"not_picked":["PiercingWail","Quick Slash"],"picked":"Flying Knee","floor":14},{"not_picked":["Adrenaline","A Thousand Cuts"],"picked":"Wraith Form v2","floor":16},{"not_picked":["Slice","Underhanded Strike"],"picked":"Outmaneuver+1","floor":18},{"not_picked":["Cloak And Dagger","Accuracy"],"picked":"Leg Sweep","floor":21},{"not_picked":["Deflect","Deadly Poison"],"picked":"Wraith Form v2","floor":24},{"not_picked":["Distraction+1","Choke"],"picked":"Backflip","floor":25},{"not_picked":["Reflex","Deadly Poison","Underhanded Strike"],"picked":"SKIP","floor":30},{"not_picked":["Caltrops","Choke"],"picked":"Backflip","floor":31},{"not_picked":["A Thousand Cuts","After Image"],"picked":"Malaise","floor":33},{"not_picked":["Dodge and Roll","Deadly Poison"],"picked":"Blade Dance","floor":35},{"not_picked":["Prepared+1","Poisoned Stab+1"],"picked":"Venomology","floor":38},{"not_picked":["Backflip","Quick Slash","Finisher"],"picked":"SKIP","floor":40},{"not_picked":["Dagger Throw","Slice","Prepared"],"picked":"SKIP","floor":41},{"not_picked":["A Thousand Cuts","Acrobatics+1"],"picked":"Night Terror","floor":44},{"not_picked":["Dagger Spray","Caltrops","All Out Attack+1"],"picked":"SKIP","floor":45},{"not_picked":["Footwork","Dagger Throw+1","Backstab"],"picked":"SKIP","floor":48}],"player_experience":729410,"relics_obtained":[{"floor":9,"key":"Letter Opener"},{"floor":13,"key":"The Courier"},{"floor":19,"key":"Nilry\u0027s Codex"},{"floor":24,"key":"Meat on the Bone"},{"floor":26,"key":"Mercury Hourglass"},{"floor":28,"key":"StoneCalendar"},{"floor":40,"key":"Pantograph"},{"floor":43,"key":"Ornamental Fan"},{"floor":44,"key":"Strawberry"}],"event_choices":[{"damage_healed":16,"gold_gain":0,"player_choice":"Healed","damage_taken":0,"max_hp_gain":0,"max_hp_loss":0,"event_name":"The Cleric","floor":3,"gold_loss":35},{"damage_healed":0,"gold_gain":0,"player_choice":"Success","damage_taken":11,"relics_obtained":["Bag of Preparation"],"max_hp_gain":0,"max_hp_loss":0,"event_name":"Scrap Ooze","floor":4,"gold_loss":0},{"damage_healed":0,"gold_gain":30,"player_choice":"Searched \u00271\u0027 times","damage_taken":0,"max_hp_gain":0,"max_hp_loss":0,"event_name":"Dead Adventurer","floor":12,"gold_loss":0},{"damage_healed":0,"gold_gain":0,"player_choice":"Obtained Book","damage_taken":21,"max_hp_gain":0,"max_hp_loss":0,"event_name":"Cursed Tome","floor":19,"gold_loss":0},{"damage_healed":0,"gold_gain":0,"player_choice":"Ignored","damage_taken":0,"max_hp_gain":0,"max_hp_loss":0,"event_name":"The Mausoleum","floor":22,"gold_loss":0},{"damage_healed":0,"gold_gain":0,"player_choice":"Ignored","damage_taken":0,"max_hp_gain":0,"max_hp_loss":0,"event_name":"Tomb of Lord Red Mask","floor":36,"gold_loss":0},{"damage_healed":0,"gold_gain":0,"player_choice":"Copied","damage_taken":0,"max_hp_gain":0,"max_hp_loss":0,"event_name":"Duplicator","floor":37,"gold_loss":0,"cards_obtained":["Wraith Form v2"]}],"is_beta":false,"boss_relics":[{"not_picked":["Fusion Hammer","Philosopher\u0027s Stone"],"picked":"Runic Pyramid"},{"not_picked":["Velvet Choker","Cursed Key"],"picked":"WristBlade"}],"items_purged_floors":[],"is_endless":false,"potions_floor_spawned":[2,13,14,21,38,40,45],"ascension_level":20}}