{"host":"jqkewjmybebgw3gd","time":1614348916,"event":{"mods":["AchievementEnabler","BaseMod","Colored Map","DeckTracker","Keyboard Shortcuts","Minty Spire (QoL Compilation)","StSLib","SuperFastMode"],"gold_per_floor":[118,133,150,150,7,40,51,83,83,83,113,113,113,132,132,227,227,247,85,102,102,134,134,146,71,71,85,118,118,118,137,137,240,240,251,270,270,281,89,121,121,343,343,343,361,381,381,414,414,414,414,414,23,51,51],"floor_reached":56,"language":"KOR","playtime":4770,"items_purged":["Writhe","Strike_R"],"score":1372,"play_id":"2b328165-08f6-4952-bfd7-6f9a933406fd","local_time":"20210226231516","is_ascension_mode":true,"campfire_choices":[{"floor":10.0,"key":"REST"},{"data":"Armaments","floor":13.0,"key":"SMITH"},{"floor":15.0,"key":"REST"},{"data":"Apotheosis","floor":23.0,"key":"SMITH"},{"floor":32.0,"key":"RECALL"},{"data":"Body Slam","floor":41.0,"key":"SMITH"},{"data":"Scrawl","floor":44.0,"key":"SMITH"},{"data":"Corruption","floor":47,"key":"SMITH"},{"data":"Blade Dance","floor":49,"key":"SMITH"},{"data":"Collect","floor":52,"key":"SMITH"}],"circlet_count":0,"master_deck":["Strike_R","Defend_R","Defend_R+1","Defend_R","Defend_R","Bash","Second Wind+1","Dark Embrace+1","Armaments+1","Shrug It Off","Stack","Collect+1","Scrawl+1","Battle Trance+1","Apotheosis+1","Blade Dance+1","Disarm+1","Calculated Gamble","Core Surge","Body Slam+1","Corruption+1","Disarm+1","Terror+1"],"relics":["Black Blood","MealTicket","Dead Branch","PrismaticShard","Orichalcum","Singing Bowl","Mercury Hourglass","Ancient Tea Set","Red Mask","PreservedInsect","War Paint","Snecko Eye","Lantern","Eternal Feather","Meat on the Bone","OrangePellets","Happy Flower","Red Skull"],"acts_visited":["Exordium","TheCity","TheBeyond","TheEnding"],"potions_floor_usage":[50],"damage_taken":[{"damage":1.0,"enemies":"Small Slimes","floor":1.0,"turns":4.0},{"damage":7.0,"enemies":"2 Louse","floor":2.0,"turns":2.0},{"damage":1.0,"enemies":"Jaw Worm","floor":3.0,"turns":3.0},{"damage":33.0,"enemies":"Lagavulin","floor":6.0,"turns":6.0},{"damage":12.0,"enemies":"Large Slime","floor":7.0,"turns":8.0},{"damage":20.0,"enemies":"3 Sentries","floor":8.0,"turns":7.0},{"damage":25.0,"enemies":"Gremlin Nob","floor":11.0,"turns":6.0},{"damage":0.0,"enemies":"3 Louse","floor":14.0,"turns":3.0},{"damage":37.0,"enemies":"The Guardian","floor":16.0,"turns":14.0},{"damage":30.0,"enemies":"3 Byrds","floor":18.0,"turns":7.0},{"damage":9.0,"enemies":"Chosen","floor":20.0,"turns":4.0},{"damage":20.0,"enemies":"Masked Bandits","floor":22.0,"turns":4.0},{"damage":22.0,"enemies":"Centurion and Healer","floor":24.0,"turns":7.0},{"damage":0.0,"enemies":"Chosen and Byrds","floor":27.0,"turns":5.0},{"damage":21.0,"enemies":"Gremlin Leader","floor":28.0,"turns":5.0},{"damage":8.0,"enemies":"Snecko","floor":31.0,"turns":7.0},{"damage":25.0,"enemies":"Collector","floor":33.0,"turns":7.0},{"damage":15.0,"enemies":"3 Darklings","floor":35.0,"turns":5.0},{"damage":12.0,"enemies":"Orb Walker","floor":36.0,"turns":4.0},{"damage":13.0,"enemies":"Sphere and 2 Shapes","floor":38.0,"turns":4.0},{"damage":6.0,"enemies":"Giant Head","floor":40.0,"turns":3.0},{"damage":7,"enemies":"Spire Growth","floor":45,"turns":5},{"damage":9,"enemies":"4 Shapes","floor":46,"turns":2},{"damage":0,"enemies":"Nemesis","floor":48,"turns":3},{"damage":42,"enemies":"Awakened One","floor":50,"turns":8},{"damage":3,"enemies":"Shield and Spear","floor":54,"turns":2},{"damage":74,"enemies":"The Heart","floor":55,"turns":6}],"seed_played":"6218504250403104947","potions_obtained":[{"floor":1.0,"key":"FairyPotion"},{"floor":2.0,"key":"AttackPotion"},{"floor":3.0,"key":"Block Potion"},{"floor":11.0,"key":"Swift Potion"},{"floor":16.0,"key":"Fire Potion"},{"floor":22.0,"key":"Dexterity Potion"},{"floor":28.0,"key":"LiquidMemories"},{"floor":33.0,"key":"LiquidBronze"},{"floor":35.0,"key":"FearPotion"},{"floor":38.0,"key":"ColorlessPotion"}],"is_trial":false,"path_per_floor":["M","M","M","?","$","E","M","E","T","R","E","?","R","M","R","B",null,"M","$","M","?","?","R","M","$","T","M","E","?","?","M","R","B",null,"M","M","?","M","$","E","R","?","T","R","M","M","R","E","R","B",null,"R","$","E","B",null],"character_chosen":"IRONCLAD","items_purchased":["PrismaticShard","Apotheosis","Body Slam","Lantern","OrangePellets","Happy Flower"],"campfire_rested":2,"item_purchase_floors":[5,19,39,39,53,53],"current_hp_per_floor":[80,79,80,73,80,53,47,33,33,57,38,38,38,46,70,39,82,64,79,82,82,76,76,66,81,81,86,77,77,77,83,83,70,88,87,89,89,90,94,96,96,96,96,96,96,96,96,96,96,66,96,96,96,98,48],"gold":51,"neow_bonus":"RANDOM_COMMON_RELIC","is_daily":false,"chose_seed":false,"campfire_upgraded":7,"win_rate":0.0,"timestamp":1614348916,"path_taken":["M","M","M","?","$","E","M","E","T","R","E","?","R","M","R","BOSS","M","$","M","?","?","R","M","?","T","M","E","?","?","M","R","BOSS","M","?","?","M","$","E","R","?","T","R","M","M","R","E","R","BOSS","R","$","E","BOSS"],"items_purchased_type":["Relic","Card","Card","Relic","Relic","Relic"],"build_version":"2020-12-22","purchased_purges":2,"victory":true,"max_hp_per_floor":[80,80,80,80,80,80,80,80,80,80,80,80,80,82,82,82,82,82,82,82,82,84,84,84,84,84,86,86,86,86,88,88,88,88,90,92,92,94,94,96,96,96,96,96,96,96,96,96,96,96,96,96,96,98,98],"card_choices":[{"not_picked":["Sever Soul","Battle Trance"],"picked":"Second Wind","floor":1.0},{"not_picked":["Headbutt","Shockwave"],"picked":"Dark Embrace","floor":2.0},{"not_picked":["Headbutt","Shrug It Off"],"picked":"Armaments","floor":3.0},{"not_picked":["Streamline","CutThroughFate","Prostrate"],"picked":"SKIP","floor":6.0},{"not_picked":["A Thousand Cuts","Redo"],"picked":"Shrug It Off","floor":7.0},{"not_picked":["Conserve Battery","Coolheaded"],"picked":"Stack","floor":8.0},{"not_picked":["Twin Strike","Tactician"],"picked":"Collect","floor":11.0},{"not_picked":["ThirdEye","Fasting2","Dropkick"],"picked":"Singing Bowl","floor":14.0},{"not_picked":["Fiend Fire","Alpha"],"picked":"Scrawl","floor":16.0},{"not_picked":["Coolheaded","Fire Breathing+1"],"picked":"Battle Trance+1","floor":18.0},{"not_picked":["ThirdEye","Riddle With Holes"],"picked":"Blade Dance","floor":20.0},{"not_picked":["Steam Power","Coolheaded","FTL"],"picked":"Singing Bowl","floor":22.0},{"not_picked":["Thinking Ahead","Bandage Up+1"],"picked":"Disarm+1","floor":24.0},{"not_picked":["Streamline","CrushJoints","Coolheaded"],"picked":"Singing Bowl","floor":27.0},{"not_picked":["Cleave","Headbutt+1"],"picked":"Calculated Gamble","floor":28.0},{"not_picked":["Perfected Strike+1","Dodge and Roll","Deflect+1"],"picked":"Singing Bowl","floor":31.0},{"not_picked":["Buffer","Venomology"],"picked":"Core Surge","floor":33.0},{"not_picked":["Redo+1","Impatience","FlyingSleeves"],"picked":"Singing Bowl","floor":35.0},{"not_picked":["Shrug It Off","Chaos","Tactician+1"],"picked":"Singing Bowl","floor":36.0},{"not_picked":["JustLucky+1","Armaments","Footwork"],"picked":"Singing Bowl","floor":38.0},{"not_picked":["Halt+1","Pommel Strike","FlurryOfBlows"],"picked":"Singing Bowl","floor":40.0},{"not_picked":["White Noise","CrushJoints+1"],"picked":"Corruption","floor":45},{"not_picked":["Stack+1","Crescendo"],"picked":"Disarm+1","floor":46},{"not_picked":["Bane+1","Ball Lightning"],"picked":"Terror+1","floor":48},{"not_picked":["Steam+1","Go for the Eyes+1","Magnetism"],"picked":"Singing Bowl","floor":54}],"player_experience":575957,"relics_obtained":[{"floor":6.0,"key":"Orichalcum"},{"floor":8.0,"key":"Singing Bowl"},{"floor":9.0,"key":"Mercury Hourglass"},{"floor":22.0,"key":"Red Mask"},{"floor":26.0,"key":"PreservedInsect"},{"floor":28.0,"key":"War Paint"},{"floor":40.0,"key":"Eternal Feather"},{"floor":48,"key":"Meat on the Bone"},{"floor":54,"key":"Red Skull"}],"event_choices":[{"cards_removed":["Strike_R"],"damage_healed":0.0,"max_hp_gain":0.0,"max_hp_loss":0.0,"gold_gain":0.0,"event_name":"Golden Wing","player_choice":"Card Removal","floor":4.0,"gold_loss":0.0,"damage_taken":7.0},{"damage_healed":0.0,"max_hp_gain":0.0,"max_hp_loss":0.0,"gold_gain":0.0,"event_name":"Liars Game","player_choice":"Ignored","floor":12.0,"gold_loss":0.0,"damage_taken":0.0},{"damage_healed":0.0,"max_hp_gain":0.0,"max_hp_loss":0.0,"gold_gain":0.0,"event_name":"The Mausoleum","player_choice":"Opened","floor":21.0,"gold_loss":0.0,"damage_taken":0.0,"relics_obtained":["Ancient Tea Set"],"cards_obtained":["Writhe"]},{"damage_healed":0.0,"max_hp_gain":0.0,"max_hp_loss":0.0,"gold_gain":0.0,"event_name":"Masked Bandits","player_choice":"Fought Bandits","floor":22.0,"gold_loss":0.0,"damage_taken":0.0},{"cards_removed":["Strike_R"],"damage_healed":0.0,"max_hp_gain":0.0,"max_hp_loss":0.0,"gold_gain":0.0,"event_name":"Back to Basics","player_choice":"Elegance","floor":29.0,"gold_loss":0.0,"damage_taken":0.0},{"damage_healed":0.0,"max_hp_gain":0.0,"max_hp_loss":0.0,"gold_gain":0.0,"event_name":"Accursed Blacksmith","player_choice":"Forge","floor":30.0,"gold_loss":0.0,"damage_taken":0.0,"cards_upgraded":["Dark Embrace"]},{"cards_removed":["Strike_R"],"damage_healed":0.0,"max_hp_gain":0.0,"max_hp_loss":0.0,"gold_gain":0.0,"event_name":"Falling","player_choice":"Removed Attack","floor":37.0,"gold_loss":0.0,"damage_taken":0.0},{"damage_healed":0.0,"max_hp_gain":0.0,"max_hp_loss":0.0,"gold_gain":222.0,"event_name":"Tomb of Lord Red Mask","player_choice":"Wore Mask","floor":42.0,"gold_loss":0.0,"damage_taken":0.0}],"is_beta":false,"boss_relics":[{"not_picked":["Runic Cube","SacredBark"],"picked":"Black Blood"},{"not_picked":["Mark of Pain","Fusion Hammer"],"picked":"Snecko Eye"}],"items_purged_floors":[25,53],"is_endless":false,"potions_floor_spawned":[1,2,3,11,16,22,28,33,35,36,38,46],"ascension_level":1}}