{"host":"0ghi9uxs64f8c30g","time":1614348279,"event":{"mods":["BaseMod","Minty Spire (QoL Compilation)","StSLib"],"gold_per_floor":[214,234,5,5,21,53,69,83,108,128,159,159,159,174,174,174,174],"floor_reached":16,"language":"ENG","playtime":774,"items_purged":["Strike_G"],"score":148,"play_id":"64597b3d-79bb-46ab-b1da-18ca3618c442","local_time":"20210226150439","is_ascension_mode":true,"campfire_choices":[{"floor":13,"key":"REST"},{"floor":15,"key":"REST"}],"circlet_count":0,"master_deck":["Strike_G","Strike_G","Strike_G","Strike_G","Defend_G","Defend_G","Defend_G","Defend_G","Defend_G","Survivor","Neutralize+1","Dodge and Roll","Flying Knee","After Image","Dagger Spray","Dagger Throw"],"relics":["Ring of the Snake","Omamori","Bag of Marbles"],"acts_visited":["Exordium"],"potions_floor_usage":[6,6,11,11,11,16],"damage_taken":[{"damage":0,"enemies":"2 Louse","floor":1,"turns":3},{"damage":9,"enemies":"Cultist","floor":2,"turns":6},{"damage":5,"enemies":"Jaw Worm","floor":5,"turns":5},{"damage":26,"enemies":"Lagavulin","floor":6,"turns":10},{"damage":16,"enemies":"Lots of Slimes","floor":7,"turns":9},{"damage":3,"enemies":"Looter","floor":8,"turns":4},{"damage":2,"enemies":"Blue Slaver","floor":10,"turns":4},{"damage":1,"enemies":"Gremlin Nob","floor":11,"turns":4},{"damage":0,"enemies":"Large Slime","floor":14,"turns":6},{"damage":49,"enemies":"Hexaghost","floor":16,"turns":16}],"seed_played":"6752225014126082005","potions_obtained":[{"floor":1,"key":"LiquidMemories"},{"floor":2,"key":"ColorlessPotion"},{"floor":6,"key":"LiquidMemories"},{"floor":7,"key":"LiquidBronze"},{"floor":8,"key":"FearPotion"},{"floor":14,"key":"Swift Potion"}],"is_trial":false,"path_per_floor":["M","M","$","?","M","E","M","M","T","M","E","?","R","M","R","B"],"character_chosen":"THE_SILENT","items_purchased":["After Image"],"campfire_rested":2,"item_purchase_floors":[3],"current_hp_per_floor":[63,54,54,54,49,23,7,4,4,2,1,6,27,27,48,0,0],"gold":174,"neow_bonus":"HUNDRED_GOLD","is_daily":false,"chose_seed":false,"campfire_upgraded":0,"win_rate":0.0,"timestamp":1614348279,"path_taken":["M","M","$","?","M","E","M","M","T","?","E","?","R","M","R","BOSS"],"items_purchased_type":["Card"],"build_version":"2020-12-22","purchased_purges":1,"victory":false,"max_hp_per_floor":[70,70,70,70,70,70,70,70,70,70,70,70,70,70,70,70,70],"card_choices":[{"not_picked":["Eviscerate","Flechettes"],"picked":"Dodge and Roll","floor":1},{"not_picked":["Eviscerate","Dodge and Roll"],"picked":"Flying Knee","floor":2},{"not_picked":["Bane","Burst","Prepared"],"picked":"SKIP","floor":5},{"not_picked":["Predator","Endless Agony","Blade Dance"],"picked":"SKIP","floor":6},{"not_picked":["Deflect","Dash","Deadly Poison"],"picked":"SKIP","floor":7},{"not_picked":["Endless Agony","Terror","Prepared"],"picked":"SKIP","floor":8},{"not_picked":["Slice","Bane"],"picked":"Cloak And Dagger","floor":10},{"not_picked":["Bane","Backflip"],"picked":"Dagger Spray","floor":11},{"not_picked":["Underhanded Strike","PiercingWail"],"picked":"Dagger Throw","floor":14}],"player_experience":228953,"relics_obtained":[{"floor":6,"key":"Omamori"},{"floor":11,"key":"Bag of Marbles"}],"event_choices":[{"damage_healed":0,"gold_gain":0,"player_choice":"Forge","damage_taken":0,"max_hp_gain":0,"max_hp_loss":0,"event_name":"Accursed Blacksmith","floor":4,"gold_loss":0,"cards_upgraded":["Neutralize"]},{"cards_removed":["Cloak And Dagger"],"damage_healed":5,"gold_gain":0,"player_choice":"Offered Common","damage_taken":0,"max_hp_gain":0,"max_hp_loss":0,"event_name":"Bonfire Elementals","floor":12,"gold_loss":0},{"cards_removed":["Cloak And Dagger"],"damage_healed":5,"gold_gain":0,"player_choice":"Offered Special","damage_taken":0,"max_hp_gain":0,"max_hp_loss":0,"event_name":"Bonfire Elementals","floor":12,"gold_loss":0}],"is_beta":false,"boss_relics":[],"items_purged_floors":[3],"is_endless":false,"potions_floor_spawned":[1,2,6,7,8,14],"killed_by":"Hexaghost","ascension_level":6}}