{"host":"gm50ke85n5jz306u","time":1614298868,"event":{"mods":["AchievementEnabler","AlwaysNeverKeys","Aspiration","BaseMod","Beaked The Cultist","Bestiary","Better Altar","Better Match","Better Note","Better Sensory Stone","Better Skull","Better Third Choice","Better Vampires","Better-Laid Plans","BetterRewards","Colored Powertips","Curses Come First","DNKmod","Defuse TimeMaze Blight","Disable Question Mark Monsters","Displayed Cursed Tome","Downfall","Emptier Cage","Extra Virgin Snecko Oil","Filter the Spire","Friendly Minions","Gremlin Skip","Hermit","Hubris","Hyrulean Relics","Ironclad Rager","Koishi","Lobotomy","Marisa????????","Marked Mod","Minty Spire (QoL Compilation)","Permanent Neow","Poor People Problems","Quick Restart","Reimu??????","Relic Filter Mod","Relic Sorter","Remove Card Discount Mod","Reorder Act Four","Replay The Spire","Shop Mod","StSLib","Synergy Search","Td1madao Mod","The Administrix","The Animator","The Blue Laboratory","The Bug Knight","The Construct","The Cursed","The Disciple","The Hierophant","The Necromancer","The Runesmith","The Senshi","The Servant 0.9.4","Thieving Mod","Transform Curses","WarShipGirlsR/????R mod"],"gold_per_floor":[10010,10010,9148,9163,8446,8446,8457,8457,8511,8527,8188,8199,8124,8144,8144,8242,8242,8261,8273,8293,8306,8319,8319,8319,8319,8394,7811,7811,7845,7863,7572,7572,7676,7676,7691,7703,7703,7184,7198,7198,7233,7253,7300,7300,7317,6970,6970,6970,6970,6970],"floor_reached":51,"language":"ENG","playtime":4465,"items_purged":["rmod:basicallowance","rmod:strick","rmod:strick","rmod:strick","rmod:strick","rmod:intelligenceanalysis","rmod:defend","rmod:defend","rmod:defend","rmod:defend","rmod:maingunfire","rmod:openingtorpedo+1","rmod:firesupport","rmod:overbreakdown","rmod:overbreakdown","rmod:firesupport","rmod:diamondstrike+1","rmod:aviationdawn","Master of Strategy+1"],"score":752,"play_id":"0737ca19-0aea-486e-bbbf-1935ef5cf0f9","local_time":"20210226012108","is_ascension_mode":true,"campfire_choices":[{"data":"rmod:expedition","floor":6.0,"key":"SMITH"},{"data":"rmod:expedition+1","floor":15.0,"key":"SMITH"},{"data":"rmod:expedition+2","floor":23.0,"key":"SMITH"},{"data":"rmod:diamondstrike","floor":25.0,"key":"SMITH"},{"data":"rmod:diamondstrike","floor":28.0,"key":"SMITH"},{"data":"rmod:expedition","floor":32.0,"key":"SMITH"},{"data":"rmod:unsinkable","floor":40,"key":"SMITH"},{"data":"rmod:unsinkable","floor":44,"key":"SMITH"},{"data":"rmod:expedition+1","floor":47,"key":"SMITH"},{"data":"rmod:expedition+2","floor":49,"key":"SMITH"}],"circlet_count":0,"master_deck":["rmod:secretscript+1","rmod:expedition+3","rmod:expedition+3","rmod:unsinkable+1","rmod:diamondstrike+1","rmod:unsinkable+1","rmod:advancebysurprise","rmod:circuitoustactics+1","rmod:diaomin"],"relics":["rmod:firstchargereward","hubris:Metronome","Shuriken","Ornamental Fan","Replay:Kaleidoscope","Boot","Replay:Rubber Ducky","MerchantsRug","RuthlessExorcism:ReiMu","Bag of Preparation","Pantograph","Toy Ornithopter","Guide Book","Philosopher\u0027s Stone","Vajra","hubris:SphereOfDissonance","hubris:EmptyBottle","Blue Candle","Mango","hubris:Backtick","HollowMod:StagPassRelic","Peace Pipe"],"acts_visited":["Exordium","TheCity","TheBeyond"],"potions_floor_usage":[41,41],"damage_taken":[{"damage":3.0,"enemies":"Small Slimes","floor":1.0,"turns":4.0},{"damage":0.0,"enemies":"Jaw Worm","floor":2.0,"turns":3.0},{"damage":0.0,"enemies":"Cultist","floor":4.0,"turns":2.0},{"damage":0.0,"enemies":"Large Slime","floor":7.0,"turns":9.0},{"damage":0.0,"enemies":"Blue Slaver","floor":10.0,"turns":4.0},{"damage":4.0,"enemies":"Exordium Thugs","floor":12.0,"turns":3.0},{"damage":0.0,"enemies":"2 Fungi Beasts","floor":14.0,"turns":4.0},{"damage":24.0,"enemies":"Hexaghost","floor":16.0,"turns":7.0},{"damage":0.0,"enemies":"Shell Parasite","floor":18.0,"turns":3.0},{"damage":9.0,"enemies":"3 Byrds","floor":19.0,"turns":4.0},{"damage":0.0,"enemies":"Snake Plant","floor":20.0,"turns":3.0},{"damage":8.0,"enemies":"Snecko","floor":21.0,"turns":3.0},{"damage":0.0,"enemies":"Centurion and Healer","floor":22.0,"turns":4.0},{"damage":0.0,"enemies":"Book of Stabbing","floor":29.0,"turns":3.0},{"damage":0.0,"enemies":"Snake Plant","floor":30.0,"turns":2.0},{"damage":0.0,"enemies":"Automaton","floor":33.0,"turns":7.0},{"damage":29.0,"enemies":"3 Darklings","floor":35.0,"turns":3.0},{"damage":0.0,"enemies":"Orb Walker","floor":36.0,"turns":4.0},{"damage":0,"enemies":"Spire Growth","floor":39,"turns":3},{"damage":7,"enemies":"R_Hoarder","floor":41,"turns":3},{"damage":0,"enemies":"3 Darklings","floor":42,"turns":5},{"damage":0,"enemies":"Transient","floor":45,"turns":5},{"damage":25,"enemies":"Donu and Deca","floor":50,"turns":6}],"seed_played":"-6295812124940911166","potions_obtained":[{"floor":7.0,"key":"Adrenaline Potion"},{"floor":10.0,"key":"Elixir"},{"floor":20.0,"key":"blueLaboratory:FrostheartPotion"},{"floor":21.0,"key":"Explosive Potion"},{"floor":42,"key":"SteroidPotion"}],"is_trial":false,"path_per_floor":["M","M","$","M","$","R","M","?","T","M","$","M","?","M","R","B",null,"M","M","M","M","M","R","?","R","T","$","R","E","M","$","R","B",null,"M","M","?","$","M","R","E","M","T","R","M","$","R","?","R","B",null],"character_chosen":"PRAEFECT","items_purchased":["Bag of Preparation","Pantograph","Elixir","Master of Strategy","rmod:expedition","rmod:overbreakdown","MerchantsRug","rmod:expedition","rmod:unsinkable","rmod:aviationdawn","Replay:Kaleidoscope","Ornamental Fan","rmod:overbreakdown","rmod:unsinkable","Guide Book","DistilledChaos","Vajra","hubris:SphereOfDissonance","hubris:EmptyBottle","Fire Potion","Mango","HollowMod:StagPassRelic","Replay:Rubber Ducky","rmod:circuitoustactics+1","rmod:diaomin","Peace Pipe","Milkshake"],"campfire_rested":0,"item_purchase_floors":[3,3,3,3,3,3,3,5,5,5,5,5,11,11,11,11,27,27,27,27,31,38,38,38,38,46,46],"current_hp_per_floor":[65,65,65,65,65,65,65,65,65,65,65,61,61,61,61,44,68,68,59,64,56,56,56,56,56,56,56,56,56,56,70,70,82,82,53,53,53,53,53,53,56,56,56,56,56,56,56,56,56,56],"gold":6970,"neow_bonus":"THREE_RARE_CARDS","is_daily":false,"chose_seed":false,"campfire_upgraded":10,"win_rate":0.0,"timestamp":1614298868,"path_taken":["M","M","$","M","$","R","M","?","T","M","$","M","?","?","R","BOSS","M","M","M","M","M","R","?","R","T","$","R","E","M","?","R","BOSS","M","?","?","$","M","R","E","M","T","R","M","?","R","?","R","BOSS"],"items_purchased_type":["Relic","Relic","Potion","Card","Card","Card","Relic","Card","Card","Card","Relic","Relic","Card","Card","Relic","Potion","Relic","Relic","Relic","Potion","Relic","Relic","Relic","Card","Card","Relic","Potion"],"build_version":"2020-12-22","purchased_purges":19,"victory":true,"max_hp_per_floor":[68,68,68,68,68,68,68,68,68,68,68,68,68,68,68,68,68,68,68,68,68,68,68,68,68,68,68,68,68,68,82,82,82,82,82,82,82,82,82,82,82,82,82,82,82,82,82,82,82,82],"card_choices":[{"not_picked":["rmod:supriseattacks","rmod:windflower"],"picked":"rmod:secretscript","floor":0.0},{"not_picked":["rmod:victimresponsibility","rmod:steelsupply"],"picked":"rmod:firesupport","floor":1.0},{"not_picked":["rmod:tearstotiara","rmod:heivgo"],"picked":"rmod:intelligenceanalysis","floor":2.0},{"not_picked":["rmod:firesupport","rmod:steelsupply"],"picked":"rmod:diamondstrike","floor":4.0},{"not_picked":["rmod:overbreakdown","rmod:fletcherpendant"],"picked":"rmod:diamondstrike","floor":7.0},{"not_picked":["rmod:gendarmerie","rmod:fuelsupply","rmod:supriseattacks"],"picked":"SKIP","floor":10.0},{"not_picked":["rmod:victimresponsibility","rmod:selfconfidence","rmod:unsinkable"],"picked":"SKIP","floor":12.0},{"not_picked":["rmod:launchingtorpedo","rmod:slowdown"],"picked":"rmod:advancebysurprise","floor":13.0},{"not_picked":["rmod:overbreakdown","rmod:intelligenceanalysis"],"picked":"rmod:firesupport","floor":14.0},{"not_picked":["rmod:rockthrower","rmod:lonelyqueen+1","rmod:generalist"],"picked":"SKIP","floor":18.0},{"not_picked":["rmod:aviationdawn","rmod:luckystar"],"picked":"rmod:openingtorpedo+1","floor":19.0},{"not_picked":["rmod:steelsupply","rmod:smokecover","rmod:capitalist"],"picked":"SKIP","floor":20.0},{"not_picked":["rmod:fletcherpendant","rmod:tearstotiara","rmod:luckystar"],"picked":"SKIP","floor":21.0},{"not_picked":["rmod:bulid+1","rmod:highspeedmaneuver","rmod:fuelsupply"],"picked":"SKIP","floor":22.0},{"not_picked":["rmod:fuelsupply+1","rmod:overbreakdown","rmod:guardianhero"],"picked":"SKIP","floor":29.0},{"not_picked":["rmod:firesupport","rmod:guardianhero","rmod:gendarmerie"],"picked":"SKIP","floor":30.0},{"not_picked":["rmod:sl","rmod:overbreakdown+1","rmod:capitalist"],"picked":"SKIP","floor":35.0},{"not_picked":["rmod:generalist+1","rmod:ammunitionsupply+1","rmod:supportescort+1"],"picked":"SKIP","floor":36.0},{"not_picked":["rmod:intelligenceanalysis","rmod:diamondstrike","rmod:tearstotiara+1"],"picked":"SKIP","floor":39},{"not_picked":["rmod:guardianhero+1","rmod:gendarmerie","rmod:tearstotiara"],"picked":"SKIP","floor":41},{"not_picked":["rmod:lonelyqueen+1","rmod:desperatesituation","rmod:capitalist"],"picked":"SKIP","floor":42},{"not_picked":["rmod:overbreakdown+1","rmod:combined+1","rmod:heivgo"],"picked":"SKIP","floor":45}],"player_experience":498970,"relics_obtained":[{"floor":9.0,"key":"Toy Ornithopter"},{"floor":26.0,"key":"hubris:Metronome"},{"floor":29.0,"key":"Blue Candle"},{"floor":41,"key":"Boot"},{"floor":43,"key":"RuthlessExorcism:ReiMu"}],"event_choices":[{"damage_healed":0.0,"max_hp_gain":0.0,"max_hp_loss":0.0,"gold_gain":0.0,"event_name":"betterMatch:BetterMatch","player_choice":"1","floor":13.0,"gold_loss":0.0,"damage_taken":0.0,"cards_obtained":["betterMatch:UncommonCard","betterMatch:ColorlessUncommonCard"]},{"damage_healed":0.0,"max_hp_gain":0.0,"max_hp_loss":0.0,"gold_gain":0.0,"event_name":"betterNote:BetterNote","player_choice":"Ignored","floor":24.0,"gold_loss":0.0,"damage_taken":0.0,"cards_obtained":["Apotheosis"]},{"damage_healed":0.0,"max_hp_gain":0.0,"max_hp_loss":0.0,"gold_gain":0.0,"event_name":"Lab","player_choice":"Got Potions","floor":37.0,"gold_loss":0.0,"damage_taken":0.0},{"damage_healed":0,"gold_gain":3,"player_choice":"1","damage_taken":0,"max_hp_gain":0,"max_hp_loss":0,"event_name":"betterStone:BetterStone","floor":48,"gold_loss":0}],"is_beta":false,"boss_relics":[{"not_picked":["aspiration:MarisaSkillbook","Pandora\u0027s Box"],"picked":"Philosopher\u0027s Stone"},{"not_picked":["beaked:MawFillet","Black Star"],"picked":"hubris:Backtick"}],"items_purged_floors":[3,3,3,5,5,11,11,11,11,11,11,27,38,38,38,38,38,38,38],"is_endless":false,"potions_floor_spawned":[4,7,10,16,19,20,21,22,30,39,42],"ascension_level":1}}