{"host":"zlryddw6xv0ljf8b","time":1614304593,"event":{"mods":["AchievementEnabler","BaseMod","Colored Map","Colored Powertips","Downfall","Highlight Path","Minty Spire (QoL Compilation)","Permanent Neow","Quick Restart","StSLib"],"gold_per_floor":[211,386,386,386,386,386,400,176,176,194,211,211,225,235,235,337,337,352,370,405,405,47,47,121,139,139,139,139,152,164,96,96,191,191,191],"floor_reached":34,"language":"ENG","playtime":1344,"items_purged":["Regret","Strike_P"],"score":392,"play_id":"0fd00ccd-4ee9-4760-9226-926ea22067e6","local_time":"20210225195633","is_ascension_mode":false,"campfire_choices":[{"data":"Eruption","floor":6.0,"key":"SMITH"},{"data":"WindmillStrike","floor":12.0,"key":"SMITH"},{"data":"SandsOfTime","floor":15.0,"key":"SMITH"},{"floor":23,"key":"REST"},{"floor":28,"key":"REST"},{"floor":32,"key":"REST"}],"circlet_count":0,"master_deck":["Strike_P+1","Strike_P","Strike_P","Defend_P","Defend_P","Defend_P","Defend_P","Eruption+1","Vigilance","FlyingSleeves+1","WindmillStrike+1","Prostrate","Protect","SandsOfTime+1","DevaForm","Fasting2","WreathOfFlame","Tantrum","EmptyFist+1","Devotion"],"relics":["PureWater","Toy Ornithopter","OrangePellets","Mummified Hand","Sozu","Red Mask","Singing Bowl","Gremlin Horn","Pantograph"],"acts_visited":["Exordium","TheCity"],"potions_floor_usage":[25],"damage_taken":[{"damage":5.0,"enemies":"Small Slimes","floor":1.0,"turns":3.0},{"damage":0.0,"enemies":"2 Louse","floor":7.0,"turns":1.0},{"damage":0.0,"enemies":"Jaw Worm","floor":10.0,"turns":2.0},{"damage":8.0,"enemies":"Red Slaver","floor":11.0,"turns":5.0},{"damage":1.0,"enemies":"Looter","floor":13.0,"turns":3.0},{"damage":1.0,"enemies":"Blue Slaver","floor":14.0,"turns":3.0},{"damage":0.0,"enemies":"Slime Boss","floor":16.0,"turns":5.0},{"damage":18.0,"enemies":"3 Byrds","floor":18.0,"turns":6.0},{"damage":3.0,"enemies":"Spheric Guardian","floor":19.0,"turns":5.0},{"damage":55.0,"enemies":"Masked Bandits","floor":20.0,"turns":6.0},{"damage":0,"enemies":"Shelled Parasite and Fungi","floor":25,"turns":2},{"damage":17,"enemies":"Sentry and Sphere","floor":29,"turns":4},{"damage":12,"enemies":"Snecko","floor":30,"turns":5},{"damage":43,"enemies":"Collector","floor":33,"turns":7}],"seed_played":"1134106760592950183","potions_obtained":[{"floor":1.0,"key":"FearPotion"},{"floor":11.0,"key":"PowerPotion"},{"floor":16.0,"key":"BlessingOfTheForge"}],"is_trial":false,"path_per_floor":["M","?","?","?","?","R","M","$","T","M","M","R","M","M","R","B",null,"M","M","?","?","$","R","T","M","T","?","R","M","M","$","R","B",null],"character_chosen":"WATCHER","items_purchased":["OrangePellets","Singing Bowl","Devotion"],"campfire_rested":3,"item_purchase_floors":[8,22,31],"current_hp_per_floor":[67,67,67,67,53,53,53,53,53,53,45,45,44,43,43,43,72,54,51,1,1,1,22,22,29,29,15,38,23,11,11,35,19,19,19],"gold":191,"neow_bonus":"HUNDRED_GOLD","is_daily":false,"chose_seed":false,"campfire_upgraded":3,"win_rate":0.0,"timestamp":1614304593,"path_taken":["M","?","?","?","?","R","M","$","T","M","M","R","?","M","R","BOSS","M","M","?","?","$","R","?","M","T","?","R","M","M","$","R","BOSS"],"items_purchased_type":["Relic","Relic","Card"],"build_version":"2020-12-22","purchased_purges":2,"victory":false,"max_hp_per_floor":[72,72,72,72,72,72,72,72,72,72,72,72,72,72,72,72,72,72,72,72,72,72,72,72,74,74,79,79,81,81,81,81,83,83,83],"card_choices":[{"not_picked":["Pray","SignatureMove"],"picked":"FlyingSleeves","floor":1.0},{"not_picked":["BattleHymn","ThirdEye"],"picked":"WindmillStrike","floor":7.0},{"not_picked":["Consecrate","Halt"],"picked":"Prostrate","floor":10.0},{"not_picked":["SashWhip","Conclude","EmptyBody"],"picked":"SKIP","floor":11.0},{"not_picked":["SashWhip","Conclude","EmptyBody"],"picked":"SKIP","floor":11.0},{"not_picked":["FlurryOfBlows","ThirdEye"],"picked":"Protect","floor":13.0},{"not_picked":["Evaluate","Weave"],"picked":"SandsOfTime","floor":14.0},{"not_picked":["MasterReality","Brilliance"],"picked":"DevaForm","floor":16.0},{"not_picked":["Collect","CutThroughFate"],"picked":"Fasting2","floor":18.0},{"not_picked":["Evaluate","FlyingSleeves+1"],"picked":"WreathOfFlame","floor":19.0},{"not_picked":["Crescendo+1","WaveOfTheHand"],"picked":"Tantrum","floor":20.0},{"not_picked":["Adaptation","ThirdEye","CrushJoints+1"],"picked":"Singing Bowl","floor":25},{"not_picked":["FollowUp","CutThroughFate","Crescendo"],"picked":"Singing Bowl","floor":29},{"not_picked":["SignatureMove","Protect"],"picked":"EmptyFist+1","floor":30},{"not_picked":["Judgement","Omniscience","LessonLearned"],"picked":"Singing Bowl","floor":33}],"player_experience":115005,"relics_obtained":[{"floor":9.0,"key":"Mummified Hand"},{"floor":20.0,"key":"Red Mask"},{"floor":24,"key":"Gremlin Horn"},{"floor":26,"key":"Pantograph"}],"event_choices":[{"damage_healed":0.0,"max_hp_gain":0.0,"max_hp_loss":0.0,"gold_gain":175.0,"event_name":"Liars Game","player_choice":"AGREE","floor":2.0,"gold_loss":0.0,"damage_taken":0.0,"cards_obtained":["Doubt"]},{"cards_removed":["Doubt"],"damage_healed":0.0,"max_hp_gain":0.0,"max_hp_loss":0.0,"gold_gain":0.0,"event_name":"Living Wall","player_choice":"Forget","floor":3.0,"gold_loss":0.0,"damage_taken":0.0},{"damage_healed":0.0,"max_hp_gain":0.0,"max_hp_loss":0.0,"gold_gain":0.0,"event_name":"Big Fish","player_choice":"Box","floor":4.0,"gold_loss":0.0,"damage_taken":0.0,"relics_obtained":["Toy Ornithopter"],"cards_obtained":["Regret"]},{"damage_healed":0.0,"max_hp_gain":0.0,"max_hp_loss":0.0,"gold_gain":0.0,"event_name":"Shining Light","player_choice":"Entered Light","floor":5.0,"gold_loss":0.0,"damage_taken":14.0,"cards_upgraded":["Strike_P","FlyingSleeves"]},{"damage_healed":0.0,"max_hp_gain":0.0,"max_hp_loss":0.0,"gold_gain":0.0,"event_name":"Masked Bandits","player_choice":"Fought Bandits","floor":20.0,"gold_loss":0.0,"damage_taken":0.0},{"damage_healed":0,"gold_gain":0,"player_choice":"Ignored","damage_taken":0,"max_hp_gain":0,"max_hp_loss":0,"event_name":"Cursed Tome","floor":21,"gold_loss":0},{"damage_healed":0,"gold_gain":0,"player_choice":"Shed Blood","damage_taken":19,"max_hp_gain":5,"max_hp_loss":0,"event_name":"Forgotten Altar","floor":27,"gold_loss":0}],"is_beta":false,"boss_relics":[{"not_picked":["Busted Crown","Empty Cage"],"picked":"Sozu"}],"items_purged_floors":[8,22],"is_endless":false,"potions_floor_spawned":[1,11,16,19,20,33],"ascension_level":0}}