{"host":"x3tdtn2vw0frar62","time":1614379449,"event":{"mods":["100% Spire Juice","Aspiration","BaseMod","Better Note","Better Sensory Stone","Better Third Choice","BetterRewards","CatGirl Mod","Hermit","Hubris","LagranYue(???·?)","Marisa????????","Minty Spire (QoL Compilation)","Morshu Shopkeeper","Morshu Shopkeeper - ENHANCED","Practice Mode","Railgun Mod","Relic Stats","Reliquary","Remilia??????","Replay The Spire","Robot Space Explorer","Shade Mod","Shop Mod","Spicy Shops","Spire Arcade","StSLib","The Cursed","The Dragon Tamer","The Marked","The Runesmith","The Sage","The Senshi","The Servant 0.9.4"],"gold_per_floor":[113,123,123,133,58,58,58,87,113,113,113,128,158,178,178,282,282,292,309,49,69,86,86,117,117,117,132,132,45,45,45,45,144,144,156,201,215,234,234,234,234,234,234,137,137,153,153,165,165,165,165,165,68,98,98,98],"floor_reached":55,"language":"ENG","playtime":3507,"items_purged":["theMarked:Strike"],"score":670,"play_id":"9e9df1cb-8d88-4b9a-a1f0-94a90959946e","local_time":"20210226174409","is_ascension_mode":false,"campfire_choices":[{"data":"theMarked:EmpowerWeapon","floor":6,"key":"SMITH"},{"data":"theMarked:SoldierOfQuellstein","floor":11,"key":"SMITH"},{"data":"Amnesia","floor":15,"key":"PURGE"},{"floor":23,"key":"REST"},{"data":"theMarked:EmpowerWeapon","floor":28,"key":"SMITH"},{"data":"Secret Technique","floor":32,"key":"SMITH"},{"floor":40,"key":"REST"},{"floor":42,"key":"REST"},{"floor":45,"key":"RECALL"},{"floor":47,"key":"REST"},{"data":"Flash of Steel","floor":49,"key":"SMITH"},{"data":"theMarked:Defend","floor":52,"key":"SMITH"}],"circlet_count":0,"master_deck":["theMarked:Strike","theMarked:Strike","theMarked:Strike","theMarked:Strike","theMarked:Defend+1","theMarked:Defend","theMarked:Defend","theMarked:Defend","theMarked:SoldierOfQuellstein+1","theMarked:EmpowerWeapon+1","theMarked:EmpowerWeapon+1","theCatGirl:BloodScent+1","Secret Technique+1","Flash of Steel+1"],"relics":["theMarked:ArtifactOfAir","Kunai","Vajra","ReplayTheSpireMod:Ring of Addiction","SacredBark","Potion Belt","aspiration:ChemicalBlood","Philosopher\u0027s Stone","hubris:DisguiseKit","Onion Ring","Iron Hammer","theMarked:SecretDocuments","aspiration:WatcherSkillbook","aspiration:AnachronicSnailShell","Pondfish Scales"],"acts_visited":["Exordium","TheCity","TheBeyond","TheEnding"],"potions_floor_usage":[8,12,12,16,16,16,18,21,22,22,22,24,24,27,33,33,35,36,36,37,44,48,50,50,50,50,50,54,54,54,55,55,55,55,55],"damage_taken":[{"damage":2,"enemies":"Jaw Worm","floor":1,"turns":4},{"damage":1,"enemies":"2 Louse","floor":2,"turns":2},{"damage":1,"enemies":"Cultist","floor":4,"turns":3},{"damage":7,"enemies":"3 Sentries","floor":8,"turns":7},{"damage":0,"enemies":"Large Slime","floor":12,"turns":3},{"damage":14,"enemies":"Gremlin Nob","floor":13,"turns":4},{"damage":2,"enemies":"3 Louse","floor":14,"turns":2},{"damage":21,"enemies":"Hexaghost","floor":16,"turns":4},{"damage":19,"enemies":"Shell Parasite","floor":18,"turns":4},{"damage":0,"enemies":"Spheric Guardian","floor":19,"turns":3},{"damage":20,"enemies":"Centurion and Healer","floor":21,"turns":4},{"damage":9,"enemies":"Snecko","floor":22,"turns":5},{"damage":5,"enemies":"Gremlin Leader","floor":24,"turns":4},{"damage":4,"enemies":"Cultist and Chosen","floor":27,"turns":4},{"damage":13,"enemies":"Automaton","floor":33,"turns":5},{"damage":3,"enemies":"Orb Walker","floor":35,"turns":2},{"damage":35,"enemies":"2 Orb Walkers","floor":36,"turns":4},{"damage":0,"enemies":"3 Darklings","floor":37,"turns":1},{"damage":22,"enemies":"Jaw Worm Horde","floor":38,"turns":3},{"damage":4,"enemies":"Maw","floor":46,"turns":5},{"damage":6,"enemies":"4 Shapes","floor":48,"turns":4},{"damage":64,"enemies":"Time Eater","floor":50,"turns":7},{"damage":47,"enemies":"Shield and Spear","floor":54,"turns":5},{"damage":39,"enemies":"The Heart","floor":55,"turns":3}],"seed_played":"4217754135733111116","potions_obtained":[{"floor":4,"key":"LifebloodPotion"},{"floor":10,"key":"SmokeBomb"},{"floor":10,"key":"EntropicBrew"},{"floor":10,"key":"GamblersBrew"},{"floor":12,"key":"Energy Potion"},{"floor":14,"key":"EntropicBrew"},{"floor":18,"key":"Swift Potion"},{"floor":22,"key":"EssenceOfSteel"},{"floor":24,"key":"Fruit Juice"},{"floor":35,"key":"theMarked:ChargePotion"},{"floor":36,"key":"theMarked:ChargePotion"},{"floor":38,"key":"Dexterity Potion"},{"floor":48,"key":"Explosive Potion"},{"floor":48,"key":"Elixir"},{"floor":50,"key":"SpeedPotion"},{"floor":50,"key":"Block Potion"},{"floor":50,"key":"Swift Potion"}],"is_trial":false,"path_per_floor":["M","M","?","M","$","R","$","E","T","?","R","M","E","M","R","B",null,"M","M","$","M","M","R","E","?","T","M","R","$","?","?","R","B",null,"M","?","M","M","?","R","?","R","T","$","R","M","R","M","R","B",null,"R","$","E","B"],"character_chosen":"THE_DEFAULT","items_purchased":["hubris:DisguiseKit","theMarked:SecretDocuments","Fruit Juice","CultistPotion"],"campfire_rested":4,"item_purchase_floors":[20,29,44,53],"current_hp_per_floor":[77,76,76,75,75,75,75,68,68,68,68,68,54,52,52,31,77,58,58,58,38,29,52,47,55,55,51,51,51,51,51,51,38,75,72,37,37,15,15,37,24,47,47,57,57,53,78,72,72,8,84,84,84,35,0,0],"gold":98,"neow_bonus":"TEN_PERCENT_HP_BONUS","is_daily":false,"chose_seed":false,"campfire_upgraded":6,"win_rate":0.0,"timestamp":1614379449,"path_taken":["M","M","?","M","$","R","$","E","T","?","R","M","E","M","R","BOSS","M","M","$","M","M","R","E","?","T","M","R","$","?","?","R","BOSS","M","?","M","M","?","R","?","R","T","$","R","M","R","?","R","BOSS","R","$","E","BOSS"],"items_purchased_type":["Relic","Relic","Potion","Potion"],"build_version":"2020-12-22","purchased_purges":1,"victory":false,"max_hp_per_floor":[79,79,79,79,79,79,79,79,79,79,79,79,79,79,79,77,77,77,77,77,77,77,77,77,77,77,77,77,77,77,75,75,75,75,75,75,75,75,75,75,78,78,78,86,86,86,86,84,84,84,84,84,84,82,82,82],"relic_stats":{"counters":[24,92],"Kunai":[28],"obtain_stats":[{"Potion Belt":10,"hubris:DisguiseKit":20,"ReplayTheSpireMod:Ring of Addiction":10,"SacredBark":10,"Vajra":9,"theMarked:ArtifactOfAir":0,"Pondfish Scales":54,"theMarked:SecretDocuments":29,"aspiration:AnachronicSnailShell":36,"aspiration:WatcherSkillbook":34,"Philosopher\u0027s Stone":17,"Onion Ring":24,"Iron Hammer":26,"Kunai":8,"aspiration:ChemicalBlood":13},{"Potion Belt":4,"hubris:DisguiseKit":10,"ReplayTheSpireMod:Ring of Addiction":4,"SacredBark":4,"Vajra":4,"theMarked:ArtifactOfAir":0,"Pondfish Scales":23,"theMarked:SecretDocuments":14,"aspiration:AnachronicSnailShell":17,"aspiration:WatcherSkillbook":15,"Philosopher\u0027s Stone":8,"Onion Ring":13,"Iron Hammer":13,"Kunai":4,"aspiration:ChemicalBlood":6},{"Potion Belt":16,"hubris:DisguiseKit":36,"ReplayTheSpireMod:Ring of Addiction":16,"SacredBark":16,"Vajra":16,"theMarked:ArtifactOfAir":0,"Pondfish Scales":89,"theMarked:SecretDocuments":53,"aspiration:AnachronicSnailShell":64,"aspiration:WatcherSkillbook":58,"Philosopher\u0027s Stone":29,"Onion Ring":49,"Iron Hammer":49,"Kunai":16,"aspiration:ChemicalBlood":23}]},"card_choices":[{"not_picked":["theMarked:ChainLightning","theMarked:Panic","theMarked:TunnelVision"],"picked":"SKIP","floor":1},{"not_picked":["theMarked:SwordAndMagic","theMarked:BanishingStrike","theMarked:Parkour"],"picked":"SKIP","floor":2},{"not_picked":["theMarked:Friction","theMarked:Frustration"],"picked":"theMarked:EmpowerWeapon","floor":4},{"not_picked":["theMarked:SelfDefenseTraining","theMarked:ComboAttacks","theMarked:Improvise"],"picked":"SKIP","floor":8},{"not_picked":["theMarked:Seal","theMarked:TheMission","theMarked:Reabsorb"],"picked":"SKIP","floor":12},{"not_picked":["theMarked:SwordAndMagic","theMarked:MysticalArsenal","theMarked:Maelstrom"],"picked":"SKIP","floor":13},{"not_picked":["theMarked:TwofoldDefense","theMarked:ChainLightning"],"picked":"theMarked:EmpowerWeapon","floor":14},{"not_picked":["theMarked:KeepCalmAndFight","theMarked:RepellingDischarge+1","theMarked:ElectricStrings"],"picked":"SKIP","floor":18},{"not_picked":["theMarked:Frustration+1","theMarked:Seal+1","theMarked:ShockingTouch+1"],"picked":"SKIP","floor":19},{"not_picked":["theMarked:ChainLightning","theMarked:Parkour+1","theMarked:ResourceFulStrike","theSenshi:TuxedoSmokingBomber"],"picked":"SKIP","floor":21},{"not_picked":["theMarked:ChainLightning","theMarked:AttractMetal","theMarked:TunnelVision","theSenshi:LunasBite"],"picked":"SKIP","floor":22},{"not_picked":["theMarked:BanishingStrike","theMarked:Indomitable","theMarked:EnhanceMovement","theSenshi:SailorPlutoAssists"],"picked":"SKIP","floor":24},{"not_picked":["theMarked:RepellingDischarge+1","theMarked:EnhanceMovement","theMarked:WardOff","theSenshi:LunasBite"],"picked":"SKIP","floor":27},{"not_picked":["ReplayUltimateDefense","hubris:Ssssneak"],"picked":"Secret Technique","floor":31},{"not_picked":["Jack Of All Trades","hubris:Ssssneak"],"picked":"Flash of Steel","floor":31},{"not_picked":["Protect+1","Perseverance","Halt+1","FlurryOfBlows+1","theSenshi:LunaWiseMentor"],"picked":"SKIP","floor":35},{"not_picked":["Replay:AtTheReady","theMarked:ChainLightning+1","Sanctity","Fasting2+1","theSenshi:SailorStarMakerAssists"],"picked":"SKIP","floor":37},{"not_picked":["theMarked:TakeCover+1","Replay:DivineShield","Replay:Anticipation","theMarked:KeepCalmAndFight","theSenshi:MoonCrisisMakeUp"],"picked":"SKIP","floor":38},{"not_picked":["EmptyBody","theMarked:ContemptForTheProud+1","WindmillStrike","theMarked:Memento+1","theSenshi:EncouragingSpeech"],"picked":"SKIP","floor":46},{"not_picked":["theMarked:KeepCalmAndFight","EmptyFist","ClearTheMind+1","theMarked:SwordAndMagic+1","theSenshi:MoonPrincessHalation"],"picked":"SKIP","floor":48},{"not_picked":["theMarked:Memento+1","Crescendo","theMarked:HeightenedSenses+1","ClearTheMind","theSenshi:TallSilhouette"],"picked":"SKIP","floor":54}],"player_experience":234805,"relics_obtained":[{"floor":8,"key":"Kunai"},{"floor":9,"key":"Vajra"},{"floor":10,"key":"ReplayTheSpireMod:Ring of Addiction"},{"floor":10,"key":"SacredBark"},{"floor":10,"key":"Potion Belt"},{"floor":13,"key":"aspiration:ChemicalBlood"},{"floor":24,"key":"Onion Ring"},{"floor":26,"key":"Iron Hammer"},{"floor":36,"key":"aspiration:AnachronicSnailShell"},{"floor":54,"key":"Pondfish Scales"}],"event_choices":[{"cards_removed":["theMarked:EmpowerWeapon"],"damage_healed":0,"gold_gain":0,"player_choice":"Take \u0026 Give","damage_taken":0,"max_hp_gain":0,"max_hp_loss":0,"event_name":"betterNote:BetterNote","floor":30,"gold_loss":0,"cards_obtained":["theCatGirl:BloodScent"]},{"damage_healed":0,"gold_gain":2,"player_choice":"1","damage_taken":0,"max_hp_gain":0,"max_hp_loss":0,"event_name":"betterStone:BetterStone","floor":31,"gold_loss":0},{"damage_healed":0,"gold_gain":0,"player_choice":"Fight","damage_taken":0,"max_hp_gain":0,"max_hp_loss":0,"event_name":"Mysterious Sphere","floor":36,"gold_loss":0},{"damage_healed":0,"gold_gain":0,"player_choice":"Ignored","damage_taken":0,"max_hp_gain":0,"max_hp_loss":0,"event_name":"Tomb of Lord Red Mask","floor":39,"gold_loss":0},{"damage_healed":0,"gold_gain":0,"player_choice":"Random: Violet","damage_taken":0,"max_hp_gain":0,"max_hp_loss":0,"event_name":"betterThird:BetterPortal","floor":41,"gold_loss":0},{"damage_healed":0,"gold_gain":0,"player_choice":"Shed Blood","damage_taken":18,"max_hp_gain":5,"max_hp_loss":0,"event_name":"Forgotten Altar","floor":41,"gold_loss":0}],"is_beta":false,"boss_relics":[{"not_picked":["reliquary:WritOfMandamus","aspiration:RunesmithSkillbook"],"picked":"Philosopher\u0027s Stone"},{"not_picked":["Pandora\u0027s Box","Runic Pyramid"],"picked":"aspiration:WatcherSkillbook"}],"items_purged_floors":[5],"is_endless":false,"potions_floor_spawned":[4,12,13,14,18,22,24,35,36,38,48],"killed_by":"The Heart","ascension_level":0}}