{"host":"1vxemzms76200xsp","time":1614371668,"event":{"mods":["AchievementEnabler","BaseMod","Better Synergies","Card Forge","Friendly Minions","Highlight Path","Minty Spire (QoL Compilation)","StSLib"],"gold_per_floor":[111,36,51,126,126,126,144,144,144,144,144,160,178,202,202,332,332,352,352,184,197,220,220,220,220,220,220,220,220],"floor_reached":28,"language":"ENG","playtime":923,"items_purged":["Malaise","Strike_G"],"score":208,"play_id":"c767eef4-90cd-41c6-bb9e-8a4875700c83","local_time":"20210226223428","is_ascension_mode":false,"campfire_choices":[{"data":"Bouncing Flask","floor":6,"key":"SMITH"},{"data":"Catalyst","floor":8,"key":"SMITH"},{"data":"Neutralize","floor":11,"key":"SMITH"},{"floor":15,"key":"REST"},{"floor":23,"key":"REST"},{"floor":25,"key":"REST"},{"floor":27,"key":"REST"}],"circlet_count":0,"master_deck":["Strike_G","Strike_G","Strike_G","Strike_G","Defend_G","Defend_G","Defend_G","Defend_G","Defend_G","Survivor","Neutralize+1","Bouncing Flask+1","Catalyst+1","Dodge and Roll","Poisoned Stab","Poisoned Stab","A Thousand Cuts","Deadly Poison","Noxious Fumes","Noxious Fumes","Caltrops+1"],"relics":["Ring of the Snake","Hammer of Thor","Seething Fire","Anvil of the Gods","Shuriken","Golden Idol","Philosopher\u0027s Stone","MutagenicStrength","Tough Bandages"],"acts_visited":["Exordium","TheCity"],"potions_floor_usage":[],"damage_taken":[{"damage":0,"enemies":"2 Louse","floor":1,"turns":4},{"damage":3,"enemies":"Jaw Worm","floor":3,"turns":3},{"damage":0,"enemies":"Small Slimes","floor":7,"turns":2},{"damage":0,"enemies":"3 Louse","floor":12,"turns":5},{"damage":5,"enemies":"Exordium Wildlife","floor":13,"turns":4},{"damage":28,"enemies":"Gremlin Gang","floor":14,"turns":4},{"damage":25,"enemies":"Hexaghost","floor":16,"turns":7},{"damage":22,"enemies":"Spheric Guardian","floor":18,"turns":4},{"damage":31,"enemies":"3 Byrds","floor":21,"turns":5},{"damage":32,"enemies":"Centurion and Healer","floor":22,"turns":7},{"damage":65,"enemies":"Gremlin Leader","floor":28,"turns":5}],"seed_played":"-8537396473611379749","potions_obtained":[{"floor":1,"key":"SpeedPotion"},{"floor":12,"key":"Weak Potion"},{"floor":16,"key":"Explosive Potion"},{"floor":22,"key":"Poison Potion"}],"is_trial":false,"path_per_floor":["M","$","M","?","?","R","M","R","T","?","R","M","M","M","R","B",null,"M","?","$","M","M","R","?","R","T","R","E"],"character_chosen":"THE_SILENT","items_purchased":["Noxious Fumes"],"campfire_rested":4,"item_purchase_floors":[20],"current_hp_per_floor":[70,70,67,56,56,56,56,56,56,56,56,56,51,23,42,17,65,43,64,64,33,1,20,20,39,39,58,0,0],"gold":220,"neow_bonus":"ONE_RANDOM_RARE_CARD","is_daily":false,"chose_seed":false,"campfire_upgraded":3,"win_rate":0.0,"timestamp":1614371668,"path_taken":["M","$","M","?","?","R","M","R","T","?","R","M","M","M","R","BOSS","M","?","$","M","M","R","?","R","T","R","E"],"items_purchased_type":["Card"],"build_version":"2020-12-22","purchased_purges":2,"victory":false,"max_hp_per_floor":[70,70,70,70,70,70,70,70,70,65,65,65,65,65,65,65,65,65,65,65,65,65,65,65,65,65,65,65,65],"card_choices":[{"not_picked":["Catalyst","Quick Slash"],"picked":"Bouncing Flask","floor":1},{"not_picked":["Slice","Quick Slash"],"picked":"Catalyst","floor":3},{"not_picked":["Reflex","Sucker Punch"],"picked":"Dodge and Roll","floor":7},{"not_picked":["Deflect","Sucker Punch"],"picked":"Poisoned Stab","floor":12},{"not_picked":["Flying Knee","Terror"],"picked":"Poisoned Stab","floor":13},{"not_picked":["Caltrops","Dodge and Roll"],"picked":"A Thousand Cuts","floor":14},{"not_picked":["All Out Attack","Acrobatics"],"picked":"Deadly Poison","floor":18},{"not_picked":["PiercingWail","Caltrops"],"picked":"Noxious Fumes","floor":21},{"not_picked":["Outmaneuver","Blur"],"picked":"Caltrops+1","floor":22}],"player_experience":35432,"relics_obtained":[{"floor":9,"key":"Shuriken"},{"floor":26,"key":"Tough Bandages"}],"event_choices":[{"damage_healed":0,"gold_gain":75,"player_choice":"Gather Gold","damage_taken":11,"max_hp_gain":0,"max_hp_loss":0,"event_name":"World of Goop","floor":4,"gold_loss":0},{"damage_healed":0,"gold_gain":0,"player_choice":"Leave","damage_taken":0,"max_hp_gain":0,"max_hp_loss":0,"event_name":"The Cleric","floor":5,"gold_loss":0},{"damage_healed":0,"gold_gain":0,"player_choice":"Lose Max HP","damage_taken":0,"relics_obtained":["Golden Idol"],"max_hp_gain":0,"max_hp_loss":5,"event_name":"Golden Idol","floor":10,"gold_loss":0},{"damage_healed":21,"gold_gain":0,"player_choice":"Heal","damage_taken":0,"max_hp_gain":0,"max_hp_loss":0,"event_name":"The Library","floor":19,"gold_loss":0},{"damage_healed":0,"gold_gain":0,"player_choice":"Inject Mutagens","damage_taken":0,"relics_obtained":["MutagenicStrength"],"max_hp_gain":0,"max_hp_loss":0,"event_name":"Drug Dealer","floor":24,"gold_loss":0}],"is_beta":false,"boss_relics":[{"not_picked":["Calling Bell","HoveringKite"],"picked":"Philosopher\u0027s Stone"}],"items_purged_floors":[2,20],"is_endless":false,"potions_floor_spawned":[1,12,16,21,22],"killed_by":"Gremlin Leader","ascension_level":0}}