{"host":"Ringo","time":1614347774,"event":{"mods":["BaseMod","Colored Map","Conspire","Dota2Spire","Hubris","Minty Spire (QoL Compilation)","Replay The Spire","StSLib","The Construct","[IsaacMod]ÒÔÈö¼âËþ","¡¾ÒÅÎï¿¨ÅÆ¡¿REMEMod"],"gold_per_floor":[113,131,131,131,131,131,165,197,224,271,315,356,400,441,453,537,549,577,150,150,150,164,196,230,265,333,368,402,436,763,789,789,867,867,879,889,613,625,525,558,588,622,647,657,667,667,700,733,733,733,733],"floor_reached":52,"language":"ZHS","playtime":1002,"items_purged":[],"score":3991,"play_id":"2d1b7e87-4dc6-420e-bbd9-8eff38903f98","local_time":"20210226215614","daily_mods":["SealedDeck","Vintage","Blue Cards","Purple Cards","Colorless Cards","Heirloom","Time Dilation","Flight","DeadlyEvents","Elite Swarm","Lethality","Binary"],"is_ascension_mode":true,"campfire_choices":[{"data":"Tantrum","floor":6.0,"key":"SMITH"},{"data":"InnerPeace","floor":15.0,"key":"SMITH"},{"data":"1","floor":32.0,"key":"LIFT"},{"data":"2","floor":49,"key":"LIFT"}],"circlet_count":0,"master_deck":["AscendersBane","Finisher+1","JustLucky+1","Conserve Battery+1","CrushJoints+1","FlurryOfBlows+1","Consecrate+1","Sweeping Beam+1","FollowUp+1","Indignation+1","Wallop+1","Tantrum+1","InnerPeace+1","LessonLearned+1","Replay:Vibes+1"],"relics":["PureWater","Busted Crown","HushsDoor","replay:Trail_Library","Girya","SatanicBible","hubris:ToyBattleship","Dota2Spire:BattleFury","Pocketwatch","Counterbalance","Calipers","Dota2Spire:DivineRapier","Void","Dota2Spire:UrnOfShadows","hubris:OldNail","Painkiller Herb","Chaos","Shuriken","hubris:Towel","MutagenicStrength","MoneyPower","Coffee Dripper","Fusion Hammer","hubris:SphereOfDissonance","Ancient Tea Set","DeathBook","hubris:Metronome","Dota2Spire:Satanic","Old Coin","Black Star","Membership Card","hubris:Stopwatch","Melange","BookOfRevelations","Dota2Spire:BladeMail","Vajra","Dota2Spire:Bloodstone","Replay:Bottled Eggs","GoldenEye","ReplayTheSpireMod:DimensionalGlitch","Chameleon Ring","Pet Ghost","hubris:MysteriousPyramids","Thread and Needle","Akabeko","Replay:Accelerometer","Peace Pipe","ReplayTheSpireMod:Shallot","TheBible"],"acts_visited":["Exordium","TheCity","TheBeyond"],"potions_floor_usage":[],"damage_taken":[{"damage":0.0,"enemies":"Jaw Worm","floor":1.0,"turns":1.0},{"damage":0.0,"enemies":"Small Slimes","floor":2.0,"turns":1.0},{"damage":0.0,"enemies":"Lagavulin","floor":7.0,"turns":1.0},{"damage":0.0,"enemies":"3 Sentries","floor":8.0,"turns":2.0},{"damage":0.0,"enemies":"Replay:BlueRogue","floor":10.0,"turns":1.0},{"damage":0.0,"enemies":"Lagavulin","floor":11.0,"turns":1.0},{"damage":0.0,"enemies":"3 Sentries","floor":12.0,"turns":1.0},{"damage":0.0,"enemies":"Gremlin Nob","floor":13.0,"turns":1.0},{"damage":0.0,"enemies":"Replay:BlueRogue","floor":14.0,"turns":1.0},{"damage":0.0,"enemies":"Hexaghost","floor":16.0,"turns":2.0},{"damage":0.0,"enemies":"2 Thieves","floor":18.0,"turns":1.0},{"damage":0.0,"enemies":"Spheric Guardian","floor":22.0,"turns":1.0},{"damage":0.0,"enemies":"conspire:Head Lice","floor":23.0,"turns":1.0},{"damage":0.0,"enemies":"Slavers","floor":24.0,"turns":1.0},{"damage":0.0,"enemies":"Book of Stabbing","floor":25.0,"turns":1.0},{"damage":0.0,"enemies":"Gremlin Leader","floor":27.0,"turns":2.0},{"damage":0.0,"enemies":"Slavers","floor":28.0,"turns":1.0},{"damage":0.0,"enemies":"Gremlin Leader","floor":29.0,"turns":2.0},{"damage":0.0,"enemies":"Slavers","floor":30.0,"turns":2.0},{"damage":0.0,"enemies":"Book of Stabbing","floor":31.0,"turns":1.0},{"damage":0.0,"enemies":"Collector","floor":33.0,"turns":1.0},{"damage":0.0,"enemies":"Orb Walker","floor":35.0,"turns":1.0},{"damage":0.0,"enemies":"3 Shapes","floor":36.0,"turns":1.0},{"damage":0.0,"enemies":"Transient","floor":38.0,"turns":1.0},{"damage":0.0,"enemies":"Nemesis","floor":40.0,"turns":1.0},{"damage":0.0,"enemies":"Reptomancer","floor":41.0,"turns":1.0},{"damage":0.0,"enemies":"R_Hoarder","floor":42.0,"turns":1.0},{"damage":0,"enemies":"Spire Growth","floor":44,"turns":1},{"damage":0,"enemies":"Jaw Worm Horde","floor":45,"turns":1},{"damage":0,"enemies":"Reptomancer","floor":47,"turns":1},{"damage":0,"enemies":"R_Hoarder","floor":48,"turns":1},{"damage":0,"enemies":"Donu and Deca","floor":50,"turns":1},{"damage":0,"enemies":"Time Eater","floor":51,"turns":2}],"seed_played":"-5090374073662059435","potions_obtained":[{"floor":2.0,"key":"BottledMiracle"},{"floor":7.0,"key":"Reflective Coating"},{"floor":33.0,"key":"DuplicationPotion"},{"floor":38.0,"key":"StancePotion"}],"is_trial":true,"path_per_floor":["M","M","?","?","T","R","E","E","T","E","E","E","E","E","R","B",null,"?","T","?","?","?","E","E","E","T","E","E","E","E","E","T","B",null,"?","?","T","?","NS","E","E","E","T","?","?","?","E","E","T","B","B",null],"character_chosen":"WATCHER","items_purchased":["LessonLearned","Chaos","Shuriken","Replay:Vibes","BookOfRevelations","Dota2Spire:BladeMail","Vajra","Consecrate+1"],"campfire_rested":0,"item_purchase_floors":[17,19,19,34,37,37,37,37],"current_hp_per_floor":[61,61,61,41,41,41,41,41,41,41,48,48,48,48,48,48,65,65,65,65,65,65,65,65,65,65,65,68,68,68,68,68,68,68,68,68,68,68,68,68,82,82,82,82,82,78,78,78,78,78,78],"gold":733,"neow_bonus":"","is_daily":false,"chose_seed":false,"campfire_upgraded":2,"win_rate":0.0,"timestamp":1614347774,"path_taken":["M","M","?","?","?","R","E","E","T","E","E","E","?","E","R","BOSS","?","T","?","?","?","E","E","E","T","E","E","E","E","E","T","BOSS","?","?","T","?","NS","E","E","E","T","?","?","?","E","E","T","BOSS","BOSS"],"items_purchased_type":["Card","Card","Relic","Card","Relic","Relic","Relic","Card"],"build_version":"2020-12-18","purchased_purges":0,"victory":true,"max_hp_per_floor":[68,68,68,68,68,68,68,68,68,68,75,75,75,75,75,75,71,71,71,71,71,71,71,71,71,71,71,71,71,71,71,71,71,68,68,68,68,68,68,68,82,82,82,82,82,78,78,78,78,78,78],"card_choices":[],"player_experience":762258,"relics_obtained":[{"floor":1.0,"key":"hubris:ToyBattleship"},{"floor":2.0,"key":"Dota2Spire:BattleFury"},{"floor":5.0,"key":"Pocketwatch"},{"floor":7.0,"key":"Counterbalance"},{"floor":8.0,"key":"Calipers"},{"floor":9.0,"key":"MawBank"},{"floor":10.0,"key":"Dota2Spire:DivineRapier"},{"floor":11.0,"key":"Strawberry"},{"floor":12.0,"key":"Void"},{"floor":13.0,"key":"Dota2Spire:UrnOfShadows"},{"floor":14.0,"key":"hubris:OldNail"},{"floor":18.0,"key":"Bird Faced Urn"},{"floor":22.0,"key":"MoneyPower"},{"floor":23.0,"key":"Coffee Dripper"},{"floor":24.0,"key":"Fusion Hammer"},{"floor":25.0,"key":"hubris:SphereOfDissonance"},{"floor":26.0,"key":"Ancient Tea Set"},{"floor":27.0,"key":"DeathBook"},{"floor":28.0,"key":"hubris:Metronome"},{"floor":29.0,"key":"Dota2Spire:Satanic"},{"floor":30.0,"key":"Old Coin"},{"floor":31.0,"key":"Black Star"},{"floor":35.0,"key":"hubris:Stopwatch"},{"floor":36.0,"key":"Melange"},{"floor":38.0,"key":"Dota2Spire:Bloodstone"},{"floor":40.0,"key":"Replay:Bottled Eggs"},{"floor":40.0,"key":"GoldenEye"},{"floor":41.0,"key":"Mango"},{"floor":41.0,"key":"ReplayTheSpireMod:DimensionalGlitch"},{"floor":42,"key":"Chameleon Ring"},{"floor":42,"key":"Pet Ghost"},{"floor":43,"key":"hubris:MysteriousPyramids"},{"floor":44,"key":"Thread and Needle"},{"floor":45,"key":"Akabeko"},{"floor":47,"key":"Replay:Accelerometer"},{"floor":47,"key":"Peace Pipe"},{"floor":48,"key":"ReplayTheSpireMod:Shallot"},{"floor":48,"key":"TheBible"}],"event_choices":[{"damage_healed":0.0,"max_hp_gain":0.0,"max_hp_loss":0.0,"gold_gain":0.0,"event_name":"conspire:LoneGhost","player_choice":"Agree","floor":3.0,"gold_loss":0.0,"damage_taken":0.0},{"damage_healed":0.0,"max_hp_gain":0.0,"max_hp_loss":0.0,"gold_gain":0.0,"event_name":"Shining Light","player_choice":"Entered Light","floor":4.0,"gold_loss":0.0,"damage_taken":20.0,"cards_upgraded":["Consecrate","Wallop"]},{"damage_healed":0.0,"max_hp_gain":0.0,"max_hp_loss":0.0,"gold_gain":0.0,"event_name":"Drug Dealer","player_choice":"Inject Mutagens","floor":21.0,"gold_loss":0.0,"damage_taken":0.0,"relics_obtained":["MutagenicStrength"]},{"damage_healed":0,"gold_gain":0,"player_choice":"Max HP","damage_taken":0,"max_hp_gain":0,"max_hp_loss":4,"event_name":"Winding Halls","floor":46,"gold_loss":0}],"is_beta":true,"boss_relics":[{"not_picked":["Astrolabe","Runic Pyramid"],"picked":"Painkiller Herb"},{"not_picked":[]},{"not_picked":["Strange Spoon","Regal Pillow"],"picked":"Membership Card"},{"not_picked":[]}],"items_purged_floors":[],"is_endless":false,"potions_floor_spawned":[2,7,11,13,16,22,23,28,31,33,38,40,42,44],"ascension_level":20}}