{"host":"i5ye7l6e2ntxqiu9","time":1614322859,"event":{"mods":["BaseMod","Downfall","Hermit","Marisa£®ÏF”Í°°ƒß¿Ì…≥£©","Minty Spire (QoL Compilation)","Replay The Spire","StSLib","The Bug Knight","The Cursed","The Hierophant","The Servant 0.9.4"],"gold_per_floor":[115,115,133,148,2,2,35,35,35,49,34,209,221,252,252,252,252],"floor_reached":16,"language":"ZHS","playtime":594,"items_purged":["downfall:Malfunctioning"],"score":110,"play_id":"3e8722f4-d254-4b2d-84bc-854c2dc82bdf","local_time":"20210226150059","is_ascension_mode":false,"campfire_choices":[{"floor":6,"key":"RECALL"},{"floor":8,"key":"REST"},{"floor":15,"key":"REST"}],"circlet_count":0,"master_deck":["TheCursedMod:Strike_TheCursed","TheCursedMod:Strike_TheCursed","TheCursedMod:Strike_TheCursed","TheCursedMod:Strike_TheCursed","TheCursedMod:Defend_TheCursed","TheCursedMod:Defend_TheCursed","TheCursedMod:Defend_TheCursed","TheCursedMod:Defend_TheCursed","TheCursedMod:CursedWand","TheCursedMod:CleanUpWorkshop","TheCursedMod:Dregs","TheCursedMod:CursedAmulet","TheCursedMod:ReleasedStrength","TheCursedMod:CircleOfCorruption","TheCursedMod:HellfireBreathing","TheCursedMod:CircleOfFlame","TheCursedMod:Stretching","TheCursedMod:SoulCrush","TheCursedMod:WearCloak","Discovery","Doubt","TheCursedMod:CircleOfFlame","TheCursedMod:TroublousMinions"],"relics":["TheCursedMod:BlackMagic101","NeowsBlessing","Durian","Bird Faced Urn","ReplayTheSpireMod:CursedCoin","Omamori"],"acts_visited":["Exordium"],"potions_floor_usage":[16,16,16],"damage_taken":[{"damage":0,"enemies":"2 Louse","floor":1,"turns":1},{"damage":0,"enemies":"Cultist","floor":3,"turns":1},{"damage":0,"enemies":"Jaw Worm","floor":4,"turns":1},{"damage":67,"enemies":"Gremlin Nob","floor":7,"turns":6},{"damage":13,"enemies":"Large Slime","floor":10,"turns":6},{"damage":0,"enemies":"Red Slaver","floor":13,"turns":3},{"damage":13,"enemies":"Lagavulin","floor":14,"turns":8},{"damage":50,"enemies":"Hexaghost","floor":16,"turns":12}],"seed_played":"-1724247814180102691","potions_obtained":[{"floor":2,"key":"FearPotion"},{"floor":2,"key":"SkillPotion"},{"floor":2,"key":"Swift Potion"},{"floor":7,"key":"Fire Potion"},{"floor":13,"key":"Toxic Potion"}],"is_trial":false,"path_per_floor":["M","?","M","M","$","R","E","R","T","M","$","?","M","E","R","B"],"character_chosen":"THE_CURSED","items_purchased":["TheCursedMod:HellfireBreathing","TheCursedMod:CircleOfFlame","TheCursedMod:Stretching","ReplayTheSpireMod:CursedCoin","Discovery"],"campfire_rested":2,"item_purchase_floors":[5,5,5,11,11],"current_hp_per_floor":[75,75,75,75,75,75,13,37,37,26,26,26,28,19,43,0,0],"gold":252,"neow_bonus":"THREE_ENEMY_KILL","is_daily":false,"chose_seed":false,"campfire_upgraded":0,"win_rate":0.0,"timestamp":1614322859,"path_taken":["M","?","?","M","$","R","E","R","T","M","?","?","M","E","R","BOSS"],"items_purchased_type":["Card","Card","Card","Relic","Card"],"build_version":"2020-12-22","purchased_purges":1,"victory":false,"max_hp_per_floor":[75,75,75,75,75,75,80,80,80,80,80,80,80,80,80,80,80],"card_choices":[{"not_picked":["TheCursedMod:Stigma","TheCursedMod:RavingStaff"],"picked":"TheCursedMod:CursedAmulet","floor":1},{"not_picked":["TheCursedMod:FleshFromBone","TheCursedMod:CursedBlade"],"picked":"TheCursedMod:ReleasedStrength","floor":3},{"not_picked":["TheCursedMod:CursedMace","TheCursedMod:CircleOfAmplification"],"picked":"TheCursedMod:CircleOfCorruption","floor":4},{"not_picked":["TheCursedMod:StingEye","TheCursedMod:Obscuration"],"picked":"TheCursedMod:SoulCrush","floor":7},{"not_picked":["TheCursedMod:StingEye","TheCursedMod:CursedStaff"],"picked":"TheCursedMod:WearCloak","floor":10},{"not_picked":["TheCursedMod:ManaBullet","TheCursedMod:ShockAndAwe"],"picked":"TheCursedMod:CircleOfFlame","floor":13},{"not_picked":["TheCursedMod:ManaBullet","TheCursedMod:Stretching"],"picked":"TheCursedMod:TroublousMinions","floor":14}],"player_experience":80824,"relics_obtained":[{"floor":7,"key":"Durian"},{"floor":9,"key":"Bird Faced Urn"},{"floor":14,"key":"Omamori"}],"event_choices":[{"damage_healed":0,"gold_gain":0,"player_choice":"Got Potions","damage_taken":0,"max_hp_gain":0,"max_hp_loss":0,"event_name":"Lab","floor":2,"gold_loss":0},{"damage_healed":0,"gold_gain":175,"player_choice":"AGREE","damage_taken":0,"max_hp_gain":0,"max_hp_loss":0,"event_name":"Liars Game","floor":12,"gold_loss":0,"cards_obtained":["Doubt"]}],"is_beta":false,"boss_relics":[],"items_purged_floors":[11],"is_endless":false,"potions_floor_spawned":[7,13],"killed_by":"Hexaghost","ascension_level":0}}