{"host":"m1hrbr0uwda4cktq","time":1614380334,"event":{"mods":["AchievementEnabler","BaseMod","Better Match","BetterRewards","Colored Map","Highlight Path","Minty Spire (QoL Compilation)","Quick Restart","Relic Stats","Shop Mod","StSLib","SuperFastMode","The Bug Knight"],"gold_per_floor":[109,127,127,127,52,80,92,120,120,146,146,158,191,206,206,307,307,327,1,17,32,48,48,77,77,77,94,94,94,94,105,105,207,207,218,218,234,9,9,9,9,9,9,43,58,58,69,69,69],"floor_reached":48,"language":"ENG","playtime":2871,"items_purged":["Regret"],"score":688,"play_id":"a3ad072d-7fe8-4439-b9d4-aa47892dcbea","local_time":"20210226195854","is_ascension_mode":true,"campfire_choices":[{"floor":11.0,"key":"REST"},{"data":"Echo Form","floor":15.0,"key":"SMITH"},{"floor":23.0,"key":"REST"},{"floor":32.0,"key":"REST"},{"floor":40,"key":"REST"},{"floor":42,"key":"REST"}],"circlet_count":0,"master_deck":["Strike_B","Strike_B","Defend_B","Defend_B","Defend_B","Defend_B","Zap","Dualcast+1","Dark Shackles","Defragment","Lockon","Steam","Ball Lightning","Cold Snap","Cold Snap","Barrage","Glacier","Gash","Coolheaded","Echo Form+1","Steam","Electrodynamics","Hologram+1","Capacitor","Hologram","Static Discharge+1","Gash","Chill","Writhe","Doubt","Compile Driver","Ball Lightning","Reboot","CurseOfTheBell","Redo+1","Coolheaded+1","Self Repair","Dark Shackles","Violence","Normality","Conserve Battery+1","Gash+1"],"relics":["Cracked Core","Question Card","Bag of Marbles","Shuriken","Bronze Scales","Bag of Preparation","Symbiotic Virus","Blue Candle","Cursed Key","Letter Opener","Sundial","InkBottle","White Beast Statue","Calling Bell","Regal Pillow","Singing Bowl","Dead Branch","Happy Flower","Lantern"],"acts_visited":["Exordium","TheCity","TheBeyond"],"potions_floor_usage":[45,45,48,48],"damage_taken":[{"damage":0.0,"enemies":"2 Louse","floor":1.0,"turns":2.0},{"damage":2.0,"enemies":"Jaw Worm","floor":2.0,"turns":3.0},{"damage":14.0,"enemies":"Gremlin Nob","floor":6.0,"turns":4.0},{"damage":0.0,"enemies":"Cultist","floor":7.0,"turns":3.0},{"damage":17.0,"enemies":"3 Sentries","floor":8.0,"turns":6.0},{"damage":15.0,"enemies":"Lagavulin","floor":10.0,"turns":5.0},{"damage":0.0,"enemies":"2 Fungi Beasts","floor":12.0,"turns":2.0},{"damage":6.0,"enemies":"Gremlin Nob","floor":13.0,"turns":3.0},{"damage":0.0,"enemies":"Blue Slaver","floor":14.0,"turns":2.0},{"damage":17.0,"enemies":"Hexaghost","floor":16.0,"turns":9.0},{"damage":21.0,"enemies":"3 Byrds","floor":18.0,"turns":3.0},{"damage":0.0,"enemies":"Spheric Guardian","floor":20.0,"turns":2.0},{"damage":5.0,"enemies":"Snecko","floor":21.0,"turns":4.0},{"damage":6.0,"enemies":"Sentry and Sphere","floor":22.0,"turns":4.0},{"damage":23.0,"enemies":"Book of Stabbing","floor":24.0,"turns":4.0},{"damage":24.0,"enemies":"Snake Plant","floor":27.0,"turns":4.0},{"damage":1.0,"enemies":"Cultist and Chosen","floor":31.0,"turns":3.0},{"damage":33.0,"enemies":"Champ","floor":33.0,"turns":8.0},{"damage":37,"enemies":"3 Darklings","floor":35,"turns":4},{"damage":13,"enemies":"3 Shapes","floor":37,"turns":4},{"damage":35,"enemies":"HollowMod:StalkingDevout","floor":44,"turns":9},{"damage":42,"enemies":"Maw","floor":45,"turns":8},{"damage":5,"enemies":"Spire Growth","floor":47,"turns":5},{"damage":23,"enemies":"Giant Head","floor":48,"turns":6}],"seed_played":"9211029186446313300","potions_obtained":[{"floor":1.0,"key":"Regen Potion"},{"floor":7.0,"key":"PowerPotion"},{"floor":10.0,"key":"BlessingOfTheForge"},{"floor":18.0,"key":"PowerPotion"},{"floor":21.0,"key":"CultistPotion"},{"floor":31.0,"key":"SkillPotion"},{"floor":33.0,"key":"Swift Potion"},{"floor":35,"key":"LiquidMemories"},{"floor":45,"key":"Block Potion"},{"floor":47,"key":"FearPotion"}],"is_trial":false,"path_per_floor":["M","M","?","?","$","E","M","E","T","E","R","M","E","M","R","B",null,"M","$","M","M","M","R","E","?","T","M","?","?","$","M","R","B",null,"M","?","M","$","?","R","?","R","T","E","M","$","M","E"],"character_chosen":"DEFECT","items_purchased":["Question Card","Dark Shackles","Defragment","Lockon","Steam","Letter Opener","Capacitor","Happy Flower","Self Repair"],"campfire_rested":5,"item_purchase_floors":[0,0,0,0,0,19,19,38,38],"current_hp_per_floor":[68,66,66,66,66,52,52,35,35,20,42,42,36,36,36,19,61,40,40,40,35,29,51,28,28,28,4,4,4,4,12,34,1,57,20,20,7,7,7,44,39,75,75,47,19,19,23,0,0],"gold":69,"neow_bonus":"","is_daily":false,"chose_seed":false,"campfire_upgraded":1,"win_rate":0.0,"timestamp":1614380334,"path_taken":["M","M","?","?","$","E","M","E","T","E","R","M","E","?","R","BOSS","M","$","M","M","M","R","E","?","T","M","?","?","$","?","R","BOSS","M","?","M","$","?","R","?","R","T","E","?","?","M","E"],"items_purchased_type":["Relic","Card","Card","Card","Card","Relic","Card","Relic","Card"],"build_version":"2020-12-22","purchased_purges":1,"victory":false,"max_hp_per_floor":[75,75,75,75,75,75,75,75,75,75,75,75,75,75,75,75,75,75,75,75,75,75,75,75,75,75,75,75,75,75,75,75,75,75,75,75,75,75,75,75,75,75,75,75,75,75,77,77,77],"relic_stats":{"Regal Pillow":29,"Singing Bowl":2,"Happy Flower":[9],"counters":[149,715],"Blue Candle":[19],"Dead Branch":[46],"Bag of Preparation":[38],"Letter Opener":[207],"Question Card":26,"Cursed Key":2,"Shuriken":[23],"Sundial":[4],"Bronze Scales":[244],"obtain_stats":[{"Gremlin Horn":27,"Vajra":24,"Runic Capacitor":0,"Ginger":0,"HollowMod:StagPassRelic":7,"Boot":43,"Sling":0,"Blood Vial":0,"HornCleat":24,"Sundial":24,"Strawberry":43,"Philosopher\u0027s Stone":17,"HandDrill":0,"Kunai":11,"HollowMod:PaleOreRelic":0,"Pear":47,"Happy Flower":0,"Astrolabe":34,"Blue Candle":13,"Dead Branch":34,"Oddly Smooth Stone":28,"Letter Opener":27,"Question Card":0,"OrangePellets":0,"Bottled Flame":27,"Shuriken":41,"Bronze Scales":28,"Molten Egg 2":12,"Pandora\u0027s Box":17,"Black Star":34,"Symbiotic Virus":48,"Unceasing Top":25,"Meat on the Bone":6,"Pocketwatch":24,"Darkstone Periapt":9,"Lantern":0,"Regal Pillow":26,"Singing Bowl":26,"Torii":0,"Mango":46,"Bag of Preparation":10,"Juzu Bracelet":0,"Incense Burner":0,"Smiling Mask":40,"Cursed Key":17,"Nunchaku":29,"Matryoshka":0,"Mummified Hand":14,"WingedGreaves":0,"Red Mask":39,"Cracked Core":0,"InkBottle":8,"Runic Pyramid":17,"Thread and Needle":45,"The Courier":44,"PreservedInsect":0,"Omamori":48,"Frozen Egg 2":22,"Orichalcum":6,"White Beast Statue":10,"Nuclear Battery":17,"Peace Pipe":6,"Calling Bell":34,"DataDisk":14,"CaptainsWheel":0,"Ornamental Fan":0,"Bag of Marbles":11,"TungstenRod":0,"Toy Ornithopter":26},{"Gremlin Horn":52,"Vajra":93,"Runic Capacitor":80,"Ginger":6,"HollowMod:StagPassRelic":12,"Boot":28,"Sling":66,"Blood Vial":0,"HornCleat":50,"Sundial":140,"Strawberry":62,"Philosopher\u0027s Stone":90,"HandDrill":66,"Kunai":41,"HollowMod:PaleOreRelic":66,"Pear":30,"Happy Flower":6,"Astrolabe":24,"Blue Candle":133,"Dead Branch":143,"Oddly Smooth Stone":95,"Letter Opener":20,"Question Card":125,"OrangePellets":32,"Bottled Flame":95,"Shuriken":28,"Bronze Scales":52,"Molten Egg 2":14,"Pandora\u0027s Box":45,"Black Star":97,"Symbiotic Virus":31,"Unceasing Top":51,"Meat on the Bone":5,"Pocketwatch":19,"Darkstone Periapt":13,"Lantern":6,"Regal Pillow":51,"Singing Bowl":19,"Torii":66,"Mango":30,"Bag of Preparation":40,"Juzu Bracelet":66,"Incense Burner":66,"Smiling Mask":60,"Cursed Key":135,"Nunchaku":95,"Matryoshka":117,"Mummified Hand":44,"WingedGreaves":66,"Red Mask":27,"Cracked Core":0,"InkBottle":71,"Runic Pyramid":76,"Thread and Needle":64,"The Courier":29,"PreservedInsect":80,"Omamori":65,"Frozen Egg 2":18,"Orichalcum":70,"White Beast Statue":72,"Nuclear Battery":16,"Peace Pipe":38,"Calling Bell":143,"DataDisk":15,"CaptainsWheel":66,"Ornamental Fan":66,"Bag of Marbles":13,"TungstenRod":0,"Toy Ornithopter":94},{"Gremlin Horn":262,"Vajra":463,"Runic Capacitor":408,"Ginger":25,"HollowMod:StagPassRelic":49,"Boot":155,"Sling":334,"Blood Vial":0,"HornCleat":253,"Sundial":664,"Strawberry":310,"Philosopher\u0027s Stone":451,"HandDrill":334,"Kunai":217,"HollowMod:PaleOreRelic":334,"Pear":171,"Happy Flower":25,"Astrolabe":131,"Blue Candle":636,"Dead Branch":679,"Oddly Smooth Stone":473,"Letter Opener":101,"Question Card":608,"OrangePellets":184,"Bottled Flame":473,"Shuriken":155,"Bronze Scales":262,"Molten Egg 2":59,"Pandora\u0027s Box":232,"Black Star":488,"Symbiotic Virus":176,"Unceasing Top":256,"Meat on the Bone":20,"Pocketwatch":92,"Darkstone Periapt":53,"Lantern":25,"Regal Pillow":256,"Singing Bowl":92,"Torii":334,"Mango":171,"Bag of Preparation":213,"Juzu Bracelet":334,"Incense Burner":334,"Smiling Mask":302,"Cursed Key":647,"Nunchaku":473,"Matryoshka":583,"Mummified Hand":227,"WingedGreaves":334,"Red Mask":147,"Cracked Core":0,"InkBottle":358,"Runic Pyramid":388,"Thread and Needle":322,"The Courier":166,"PreservedInsect":408,"Omamori":325,"Frozen Egg 2":84,"Orichalcum":350,"White Beast Statue":366,"Nuclear Battery":75,"Peace Pipe":205,"Calling Bell":679,"DataDisk":65,"CaptainsWheel":334,"Ornamental Fan":334,"Bag of Marbles":53,"TungstenRod":0,"Toy Ornithopter":470}],"InkBottle":[29]},"card_choices":[{"not_picked":["Rebound","Darkness","Blizzard"],"picked":"Ball Lightning","floor":1.0},{"not_picked":["Hologram","Recycle","White Noise"],"picked":"Cold Snap","floor":2.0},{"not_picked":["Leap","Static Discharge","Turbo"],"picked":"Cold Snap","floor":6.0},{"not_picked":["Ball Lightning","Stack","Streamline"],"picked":"Barrage","floor":7.0},{"not_picked":["Undo","Sweeping Beam","Static Discharge"],"picked":"Glacier","floor":8.0},{"not_picked":["Double Energy","Thunder Strike","Redo"],"picked":"Gash","floor":10.0},{"not_picked":["Aggregate","Streamline","Chaos"],"picked":"Coolheaded","floor":12.0},{"not_picked":["Compile Driver","Coolheaded","Rebound"],"picked":"Echo Form","floor":13.0},{"not_picked":["Sunder","Rebound","Leap"],"picked":"Steam","floor":14.0},{"not_picked":["Thunder Strike","Machine Learning","Meteor Strike"],"picked":"Electrodynamics","floor":16.0},{"not_picked":["White Noise","Chill","Loop"],"picked":"Hologram+1","floor":18.0},{"not_picked":["Turbo","Rebound","Streamline"],"picked":"Hologram","floor":20.0},{"not_picked":["Hologram","Consume","Rebound"],"picked":"Static Discharge+1","floor":21.0},{"not_picked":["Compile Driver","Ball Lightning","Redo"],"picked":"Gash","floor":22.0},{"not_picked":["Darkness","Fission","Amplify"],"picked":"Chill","floor":24.0},{"not_picked":["Beam Cell+1","Gash","Heatsinks"],"picked":"Compile Driver","floor":27.0},{"not_picked":["Steam","Cold Snap","Fission"],"picked":"Ball Lightning","floor":31.0},{"not_picked":["Thunder Strike","Electrodynamics","Core Surge"],"picked":"Reboot","floor":33.0},{"not_picked":["Glacier","Leap","Coolheaded"],"picked":"Redo+1","floor":35},{"not_picked":["Rebound+1","Static Discharge+1","Sweeping Beam+1"],"picked":"Coolheaded+1","floor":37},{"not_picked":["Trip","Dramatic Entrance","Magnetism"],"picked":"Dark Shackles","floor":41},{"not_picked":["Swift Strike","Panacea","Secret Weapon"],"picked":"Violence","floor":41},{"not_picked":["Steam","Rebound+1","Scrape+1"],"picked":"Conserve Battery+1","floor":44},{"not_picked":["Force Field","Beam Cell","Heatsinks"],"picked":"Gash+1","floor":45},{"not_picked":["Gash","Darkness+1","Chaos+1","Multi-Cast"],"picked":"Singing Bowl","floor":47}],"player_experience":219961,"relics_obtained":[{"floor":6.0,"key":"Shuriken"},{"floor":8.0,"key":"Bronze Scales"},{"floor":9.0,"key":"Bag of Preparation"},{"floor":10.0,"key":"Symbiotic Virus"},{"floor":13.0,"key":"Blue Candle"},{"floor":24.0,"key":"Sundial"},{"floor":26.0,"key":"White Beast Statue"},{"floor":34,"key":"Regal Pillow"},{"floor":34,"key":"Singing Bowl"},{"floor":34,"key":"Dead Branch"},{"floor":44,"key":"Lantern"}],"event_choices":[{"damage_healed":0.0,"max_hp_gain":0.0,"max_hp_loss":0.0,"gold_gain":0.0,"event_name":"Big Fish","player_choice":"Box","floor":3.0,"gold_loss":0.0,"damage_taken":0.0,"relics_obtained":["Bag of Marbles"],"cards_obtained":["Regret"]},{"cards_removed":["Strike_B"],"damage_healed":0.0,"max_hp_gain":0.0,"max_hp_loss":0.0,"gold_gain":0.0,"event_name":"Wheel of Change","player_choice":"Card Removal","floor":4.0,"gold_loss":0.0,"damage_taken":0.0},{"damage_healed":0.0,"max_hp_gain":0.0,"max_hp_loss":0.0,"gold_gain":0.0,"event_name":"The Mausoleum","player_choice":"Opened","floor":25.0,"gold_loss":0.0,"damage_taken":0.0,"relics_obtained":["InkBottle"],"cards_obtained":["Writhe"]},{"damage_healed":0.0,"max_hp_gain":0.0,"max_hp_loss":0.0,"gold_gain":0.0,"event_name":"Cursed Tome","player_choice":"Ignored","floor":28.0,"gold_loss":0.0,"damage_taken":0.0},{"damage_healed":0.0,"max_hp_gain":0.0,"max_hp_loss":0.0,"gold_gain":0.0,"event_name":"Upgrade Shrine","player_choice":"Upgraded","floor":29.0,"gold_loss":0.0,"damage_taken":0.0,"cards_upgraded":["Dualcast"]},{"cards_removed":["Strike_B"],"damage_healed":0,"gold_gain":0,"player_choice":"Removed Attack","damage_taken":0,"max_hp_gain":0,"max_hp_loss":0,"event_name":"Falling","floor":36,"gold_loss":0},{"damage_healed":0,"gold_gain":0,"player_choice":"Ignored","damage_taken":0,"max_hp_gain":0,"max_hp_loss":0,"event_name":"Mysterious Sphere","floor":39,"gold_loss":0},{"damage_healed":0,"gold_gain":0,"player_choice":"Memory 2","damage_taken":5,"max_hp_gain":0,"max_hp_loss":0,"event_name":"SensoryStone","floor":41,"gold_loss":0}],"is_beta":false,"boss_relics":[{"not_picked":["Philosopher\u0027s Stone","Pandora\u0027s Box"],"picked":"Cursed Key"},{"not_picked":["FrozenCore","SlaversCollar"],"picked":"Calling Bell"}],"items_purged_floors":[5],"is_endless":false,"potions_floor_spawned":[1,7,10,13,14,18,21,27,31,33,35,37,44,45,47],"killed_by":"Giant Head","ascension_level":6}}