{"host":"pj7egx7jkoz18hom","time":1614330095,"event":{"mods":["AchievementEnabler","BaseMod","Keyboard Shortcuts","Minty Spire (QoL Compilation)","SuperFastMode"],"gold_per_floor":[112,124,144,144,161,161,188,206,206,186,186,199,210,238,238,343,343,360,370,60,71,71,71,71,71,96,107,107,107],"floor_reached":28,"language":"KOR","playtime":972,"items_purged":["Strike_R"],"score":290,"play_id":"243f26a6-bb9a-4ea6-947f-c41c76ef70f4","local_time":"20210226180135","is_ascension_mode":true,"campfire_choices":[{"data":"Exhume","floor":6,"key":"SMITH"},{"floor":11,"key":"REST"},{"floor":15,"key":"REST"},{"data":"Armaments","floor":23,"key":"SMITH"},{"data":"Barricade","floor":25,"key":"SMITH"}],"circlet_count":0,"master_deck":["Strike_R","Strike_R","Strike_R","Defend_R+1","Defend_R","Defend_R","Bash","Spot Weakness","Exhume+1","Shrug It Off","Metallicize+1","Thunderclap","Ghostly Armor","Inflame","Ghostly Armor","Barricade+1","Body Slam+1","Offering","Armaments+1","Injury"],"relics":["Burning Blood","Oddly Smooth Stone","Orichalcum","Cursed Key","TheAbacus","Nloth\u0027s Gift","Tiny Chest"],"acts_visited":["Exordium","TheCity"],"potions_floor_usage":[12,13,14,14,16,16,21,27],"damage_taken":[{"damage":12,"enemies":"Jaw Worm","floor":1,"turns":3},{"damage":10,"enemies":"Small Slimes","floor":2,"turns":3},{"damage":0,"enemies":"Cultist","floor":3,"turns":4},{"damage":12,"enemies":"Large Slime","floor":5,"turns":7},{"damage":30,"enemies":"Gremlin Nob","floor":7,"turns":5},{"damage":13,"enemies":"Blue Slaver","floor":8,"turns":3},{"damage":16,"enemies":"Gremlin Gang","floor":12,"turns":5},{"damage":19,"enemies":"Large Slime","floor":13,"turns":6},{"damage":17,"enemies":"Lagavulin","floor":14,"turns":8},{"damage":33,"enemies":"Slime Boss","floor":16,"turns":10},{"damage":6,"enemies":"Shell Parasite","floor":18,"turns":7},{"damage":6,"enemies":"Spheric Guardian","floor":19,"turns":6},{"damage":21,"enemies":"Centurion and Healer","floor":21,"turns":5},{"damage":32,"enemies":"Chosen and Byrds","floor":27,"turns":7},{"damage":25,"enemies":"Masked Bandits","floor":28,"turns":2}],"seed_played":"-4872415739716076853","potions_obtained":[{"floor":7,"key":"AttackPotion"},{"floor":8,"key":"Fire Potion"},{"floor":10,"key":"BloodPotion"},{"floor":12,"key":"AttackPotion"},{"floor":13,"key":"GamblersBrew"},{"floor":14,"key":"LiquidMemories"},{"floor":16,"key":"Explosive Potion"},{"floor":21,"key":"Energy Potion"},{"floor":27,"key":"ElixirPotion"}],"is_trial":false,"path_per_floor":["M","M","M","?","M","R","E","M","T","?","R","M","M","E","R","B",null,"M","M","$","M","?","R","?","R","T","M","?"],"character_chosen":"IRONCLAD","items_purchased":["Offering","TheAbacus"],"campfire_rested":2,"item_purchase_floors":[20,20],"current_hp_per_floor":[66,62,68,54,48,48,24,17,17,17,53,43,30,33,69,42,65,65,65,65,50,50,50,50,50,50,24,0,0],"gold":107,"neow_bonus":"TRANSFORM_TWO_CARDS","is_daily":false,"chose_seed":false,"campfire_upgraded":3,"win_rate":0.0,"timestamp":1614330095,"path_taken":["M","M","M","?","M","R","E","M","T","?","R","M","M","E","R","BOSS","M","?","$","M","?","R","?","R","T","?","?"],"items_purchased_type":["Card","Relic"],"build_version":"2020-12-22","purchased_purges":1,"victory":false,"max_hp_per_floor":[72,72,72,72,72,72,72,72,72,72,72,72,72,72,72,72,72,72,72,72,72,72,72,72,72,72,72,72,72],"card_choices":[{"not_picked":["Iron Wave","Headbutt"],"picked":"Shrug It Off","floor":1},{"not_picked":["Anger","Spot Weakness"],"picked":"Metallicize","floor":2},{"not_picked":["Metallicize","Anger"],"picked":"Thunderclap","floor":3},{"not_picked":["Headbutt","Iron Wave","Second Wind"],"picked":"SKIP","floor":5},{"not_picked":["Iron Wave","Feel No Pain","Warcry"],"picked":"SKIP","floor":7},{"not_picked":["True Grit","Warcry"],"picked":"Ghostly Armor","floor":8},{"not_picked":["Thunderclap","Intimidate"],"picked":"Inflame","floor":12},{"not_picked":["Wild Strike","Twin Strike","Feel No Pain"],"picked":"SKIP","floor":13},{"not_picked":["Anger","Double Tap"],"picked":"Ghostly Armor","floor":14},{"not_picked":["Impervious","Limit Break"],"picked":"Barricade","floor":16},{"not_picked":["Clothesline","Shrug It Off"],"picked":"Body Slam+1","floor":18},{"not_picked":["Havoc+1","Heavy Blade+1","Flex"],"picked":"SKIP","floor":19},{"not_picked":["Sword Boomerang+1","Anger","Demon Form"],"picked":"SKIP","floor":21},{"not_picked":["Dropkick","Headbutt","Sentinel+1"],"picked":"SKIP","floor":27}],"player_experience":161884,"relics_obtained":[{"floor":7,"key":"Regal Pillow"},{"floor":9,"key":"Oddly Smooth Stone"},{"floor":14,"key":"Orichalcum"},{"floor":26,"key":"Tiny Chest"}],"event_choices":[{"damage_healed":0,"gold_gain":0,"player_choice":"Entered Light","damage_taken":14,"max_hp_gain":0,"max_hp_loss":0,"event_name":"Shining Light","floor":4,"gold_loss":0,"cards_upgraded":["Defend_R","Metallicize"]},{"damage_healed":0,"gold_gain":0,"player_choice":"Bought 1 Potion","damage_taken":0,"max_hp_gain":0,"max_hp_loss":0,"event_name":"The Woman in Blue","floor":10,"gold_loss":0},{"damage_healed":0,"gold_gain":0,"player_choice":"Read","damage_taken":0,"max_hp_gain":0,"max_hp_loss":0,"event_name":"The Library","floor":22,"gold_loss":0,"cards_obtained":["Armaments"]},{"damage_healed":0,"gold_gain":0,"player_choice":"Traded Relic","damage_taken":0,"relics_obtained":["Nloth\u0027s Gift"],"max_hp_gain":0,"max_hp_loss":0,"event_name":"N\u0027loth","floor":24,"relics_lost":["Regal Pillow"],"gold_loss":0},{"damage_healed":0,"gold_gain":0,"player_choice":"Fought Bandits","damage_taken":0,"max_hp_gain":0,"max_hp_loss":0,"event_name":"Masked Bandits","floor":28,"gold_loss":0}],"is_beta":false,"boss_relics":[{"not_picked":["Empty Cage","SacredBark"],"picked":"Cursed Key"}],"items_purged_floors":[20],"is_endless":false,"potions_floor_spawned":[7,8,12,13,14,16,21,27],"killed_by":"Masked Bandits","ascension_level":5}}