{"host":"mi0eibewekhugwl1","time":1614346872,"event":{"mods":["AchievementEnabler","BaseMod","Colored Map","Colored Powertips","DeckTracker","Keyboard Shortcuts","Minty Spire (QoL Compilation)","Quick Restart","Rare Cards Sparkle","Relic Stats","StSLib","SuperFastMode","everything is the same but u backflip on backflip"],"gold_per_floor":[109,122,134,134,134,134,145,145,145,155,168,184,204,219,219,294,294,311,328,345,345,345,345],"floor_reached":22,"language":"KOR","playtime":495,"items_purged":[],"score":368,"play_id":"45ad4084-a633-4e45-ac0e-11c0f4f75a26","local_time":"20210226224112","is_ascension_mode":true,"campfire_choices":[{"data":"Zap","floor":6,"key":"SMITH"},{"data":"Creative AI","floor":15,"key":"SMITH"}],"circlet_count":0,"master_deck":["AscendersBane","Strike_B","Strike_B","Strike_B","Defend_B","Defend_B","Defend_B","Defend_B","Zap+1","Dualcast","BootSequence","Melter","Glacier","Sweeping Beam","Cold Snap","Creative AI+1","Chill","Consume","Go for the Eyes","Electrodynamics","Ball Lightning","Heatsinks"],"relics":["Cracked Core","Peace Pipe","Shuriken","Sozu"],"acts_visited":["Exordium","TheCity"],"potions_floor_usage":[7,16,22],"damage_taken":[{"damage":12,"enemies":"Jaw Worm","floor":1,"turns":4},{"damage":0,"enemies":"2 Louse","floor":2,"turns":2},{"damage":0,"enemies":"Small Slimes","floor":3,"turns":3},{"damage":12,"enemies":"Exordium Thugs","floor":7,"turns":5},{"damage":0,"enemies":"Looter","floor":10,"turns":4},{"damage":0,"enemies":"Exordium Wildlife","floor":11,"turns":4},{"damage":4,"enemies":"Lots of Slimes","floor":12,"turns":6},{"damage":0,"enemies":"Blue Slaver","floor":13,"turns":4},{"damage":7,"enemies":"Red Slaver","floor":14,"turns":5},{"damage":35,"enemies":"The Guardian","floor":16,"turns":13},{"damage":11,"enemies":"2 Thieves","floor":18,"turns":3},{"damage":0,"enemies":"Spheric Guardian","floor":19,"turns":3},{"damage":30,"enemies":"Centurion and Healer","floor":20,"turns":8},{"damage":11,"enemies":"Snecko","floor":22,"turns":3}],"seed_played":"-4180167553956712610","potions_obtained":[{"floor":2,"key":"Block Potion"},{"floor":7,"key":"BlessingOfTheForge"},{"floor":10,"key":"Swift Potion"},{"floor":16,"key":"Ancient Potion"}],"is_trial":false,"path_per_floor":["M","M","M","?","?","R","M","?","T","M","M","M","M","M","R","B",null,"M","M","M","?","M"],"character_chosen":"DEFECT","items_purchased":[],"campfire_rested":0,"item_purchase_floors":[],"current_hp_per_floor":[52,52,52,52,34,34,22,71,71,71,71,67,67,60,60,25,60,49,49,19,19,8,8],"gold":345,"neow_bonus":"THREE_CARDS","is_daily":false,"chose_seed":false,"campfire_upgraded":2,"win_rate":0.0,"timestamp":1614346872,"path_taken":["M","M","M","?","?","R","M","?","T","M","M","M","?","M","R","BOSS","M","M","M","?","M"],"items_purchased_type":[],"build_version":"2020-12-22","purchased_purges":0,"victory":false,"max_hp_per_floor":[71,71,71,71,71,71,71,71,71,71,71,71,71,71,71,71,71,71,71,71,71,71,71],"relic_stats":{"Peace Pipe":0,"Sozu":2,"counters":[14,66],"Shuriken":[2],"obtain_stats":[{"Peace Pipe":5,"Sozu":17,"Shuriken":9,"Cracked Core":0},{"Peace Pipe":3,"Sozu":10,"Shuriken":4,"Cracked Core":0},{"Peace Pipe":9,"Sozu":49,"Shuriken":14,"Cracked Core":0}]},"card_choices":[{"not_picked":["Rebound","Barrage"],"picked":"BootSequence","floor":0},{"not_picked":["Barrage","Auto Shields"],"picked":"Melter","floor":1},{"not_picked":["Leap","Scrape"],"picked":"Glacier","floor":2},{"not_picked":["Redo","Compile Driver"],"picked":"Sweeping Beam","floor":3},{"not_picked":["Leap","Sweeping Beam"],"picked":"Cold Snap","floor":7},{"not_picked":["Beam Cell","Leap"],"picked":"Creative AI","floor":10},{"not_picked":["Cold Snap","Leap"],"picked":"Chill","floor":11},{"not_picked":["Chill","Redo"],"picked":"Consume","floor":12},{"not_picked":["Steam","Redo","Barrage"],"picked":"SKIP","floor":13},{"not_picked":["Cold Snap","Redo"],"picked":"Go for the Eyes","floor":14},{"not_picked":["Echo Form","Meteor Strike"],"picked":"Electrodynamics","floor":16},{"not_picked":["Reinforced Body","Sweeping Beam"],"picked":"Ball Lightning","floor":18},{"not_picked":["Turbo","Steam+1"],"picked":"Heatsinks","floor":19},{"not_picked":["Fusion","Streamline","Beam Cell"],"picked":"SKIP","floor":20}],"player_experience":1833388,"relics_obtained":[{"floor":9,"key":"Shuriken"}],"event_choices":[{"damage_healed":0,"gold_gain":0,"player_choice":"Ignored","damage_taken":0,"max_hp_gain":0,"max_hp_loss":0,"event_name":"Liars Game","floor":4,"gold_loss":0},{"damage_healed":0,"gold_gain":0,"player_choice":"Success","damage_taken":18,"relics_obtained":["Peace Pipe"],"max_hp_gain":0,"max_hp_loss":0,"event_name":"Scrap Ooze","floor":5,"gold_loss":0},{"damage_healed":49,"gold_gain":0,"player_choice":"Full Heal","damage_taken":0,"max_hp_gain":0,"max_hp_loss":0,"event_name":"Wheel of Change","floor":8,"gold_loss":0},{"cards_removed":["Strike_B"],"damage_healed":0,"gold_gain":0,"player_choice":"Elegance","damage_taken":0,"max_hp_gain":0,"max_hp_loss":0,"event_name":"Back to Basics","floor":21,"gold_loss":0}],"is_beta":false,"boss_relics":[{"not_picked":["Philosopher\u0027s Stone","Fusion Hammer"],"picked":"Sozu"}],"items_purged_floors":[],"is_endless":false,"potions_floor_spawned":[2,7,10,13,16,18,19],"killed_by":"Snecko","ascension_level":20}}