{"host":"z8uivwf40jrpk7h3","time":1614326986,"event":{"mods":["BaseMod","Minty Spire (QoL Compilation)","StSLib","[IsaacMod]ÒÔÈö¼âËþ"],"gold_per_floor":[117,3,3,3,3,31,31,62,62,90,90,90,104,136,136,236,236,247,162,162,176,188,221,221,247,247,267,292,307,307,33,33,138,138,153,153,28,74,124,149,159,185,210,228,228,228,228,246,258,270,282,294,45,72,135,135],"floor_reached":55,"language":"ZHS","playtime":1669,"items_purged":["Strike_P","Strike_P","Defend_P","Defend_P","Prostrate","Strike_P+1"],"score":1369,"play_id":"3106a16a-8421-4ce2-a23f-4d43bd2cfff4","local_time":"20210226160946","is_ascension_mode":true,"campfire_choices":[{"data":"Eruption","floor":7.0,"key":"SMITH"},{"data":"Tantrum","floor":15.0,"key":"SMITH"},{"data":"Vault","floor":24.0,"key":"SMITH"},{"data":"Scrawl","floor":32.0,"key":"SMITH"},{"floor":47.0,"key":"RECALL"},{"data":"Tantrum","floor":49.0,"key":"SMITH"},{"data":"Wallop","floor":52.0,"key":"SMITH"}],"circlet_count":0,"master_deck":["Strike_P+1","Defend_P+1","Eruption+1","Vigilance","WheelKick+1","Tantrum+1","Evaluate+1","Vault+1","Scrawl+1","Scrawl+1","Wallop+1","Tantrum+1","BloodyBrimstone"],"relics":["PureWater","HushsDoor","NineVolt","NeowsBlessing","Regal Pillow","SharpPlug","Shovel","Singing Bowl","DeadEye","BelialBook","SlaversCollar","RottenBaby","AnarchistCookbook","Nunchaku","DeathBook","Oddly Smooth Stone","Omamori","PokeGo","Unceasing Top","Strawberry","War Paint","PunchingBag","Vajra","Anchor","Juzu Bracelet","Centennial Puzzle","GuppysHead","Pen Nib","Philosopher\u0027s Stone","Incubus","Bag of Marbles","Whetstone","Pocketwatch","The Courier","Happy Flower","Torii","Lizard Tail","Bottled Flame","SalivaCoin","White Beast Statue","MealTicket","Toxic Egg 2","PillsDrop","Orichalcum","PreservedInsect","Blue Candle","Akabeko","GnawedLeaf","CaptainsWheel","MawBank","Art of War","Mercury Hourglass","Lantern","Bottled Lightning"],"acts_visited":["Exordium","TheCity","TheBeyond","TheEnding"],"potions_floor_usage":[55,55,55,55],"damage_taken":[{"damage":0.0,"enemies":"Jaw Worm","floor":1.0,"turns":1.0},{"damage":0.0,"enemies":"Lagavulin","floor":6.0,"turns":1.0},{"damage":0.0,"enemies":"Gremlin Nob","floor":8.0,"turns":1.0},{"damage":10.0,"enemies":"3 Sentries","floor":10.0,"turns":4.0},{"damage":0.0,"enemies":"Small Slimes","floor":13.0,"turns":1.0},{"damage":0.0,"enemies":"Gremlin Nob","floor":14.0,"turns":2.0},{"damage":0.0,"enemies":"Slime Boss","floor":16.0,"turns":3.0},{"damage":0.0,"enemies":"3 Byrds","floor":18.0,"turns":2.0},{"damage":0.0,"enemies":"Chosen","floor":21.0,"turns":2.0},{"damage":0.0,"enemies":"Snake Plant","floor":22.0,"turns":2.0},{"damage":0.0,"enemies":"Gremlin Leader","floor":23.0,"turns":1.0},{"damage":0.0,"enemies":"Book of Stabbing","floor":25.0,"turns":3.0},{"damage":0.0,"enemies":"Centurion and Healer","floor":27.0,"turns":2.0},{"damage":0.0,"enemies":"Gremlin Leader","floor":28.0,"turns":3.0},{"damage":0.0,"enemies":"Sentry and Sphere","floor":29.0,"turns":1.0},{"damage":0.0,"enemies":"Champ","floor":33.0,"turns":2.0},{"damage":0.0,"enemies":"3 Darklings","floor":35.0,"turns":2.0},{"damage":0.0,"enemies":"2 Orb Walkers","floor":38.0,"turns":1.0},{"damage":0.0,"enemies":"Mind Bloom Boss Battle","floor":39.0,"turns":1.0},{"damage":0.0,"enemies":"Giant Head","floor":40.0,"turns":1.0},{"damage":0.0,"enemies":"Orb Walker","floor":41.0,"turns":1.0},{"damage":0.0,"enemies":"Nemesis","floor":42.0,"turns":2.0},{"damage":0.0,"enemies":"Maw","floor":44.0,"turns":1.0},{"damage":0.0,"enemies":"Transient","floor":48.0,"turns":2.0},{"damage":0.0,"enemies":"Awakened One","floor":50.0,"turns":4.0},{"damage":0.0,"enemies":"Shield and Spear","floor":54.0,"turns":1.0},{"damage":0,"enemies":"LittleHush","floor":55,"turns":10}],"seed_played":"-8211155675837376389","potions_obtained":[{"floor":1.0,"key":"Fruit Juice"},{"floor":14.0,"key":"AttackPotion"},{"floor":16.0,"key":"FearPotion"},{"floor":28.0,"key":"PowerPotion"},{"floor":29.0,"key":"Ancient Potion"},{"floor":41.0,"key":"EntropicBrew"}],"is_trial":false,"path_per_floor":["M","$","?","?","?","E","R","E","T","E","?","?","M","E","R","B",null,"M","?","?","M","M","E","R","E","T","M","E","M","?","$","R","B",null,"M","?","$","?","?","E","M","E","T","M","?","T","R","M","R","B",null,"R","$","E","B"],"character_chosen":"WATCHER","items_purchased":["WheelKick","Damocles","RottenBaby","Scrawl","Scrawl","Wallop","Incubus","FairyPotion","BloodyBrimstone"],"campfire_rested":0,"item_purchase_floors":[2,17,17,17,31,31,34,34,53],"current_hp_per_floor":[77,77,62,62,67,67,67,67,67,57,57,57,59,61,61,61,51,53,53,53,55,57,59,59,68,68,70,72,74,60,60,60,62,50,52,52,52,54,56,56,58,60,60,62,64,64,64,66,66,66,66,66,66,65,17,17],"gold":135,"neow_bonus":"THREE_ENEMY_KILL","is_daily":false,"chose_seed":false,"campfire_upgraded":6,"win_rate":0.0,"timestamp":1614326986,"path_taken":["M","$","?","?","?","E","R","E","T","E","?","?","?","E","R","BOSS","M","?","?","M","M","E","R","E","T","?","E","M","?","$","R","BOSS","M","?","$","?","?","E","M","E","T","M","?","?","R","M","R","BOSS","R","$","E","BOSS"],"items_purchased_type":["Card","Relic","Relic","Card","Card","Card","Relic","Potion","Card"],"build_version":"2020-12-22","purchased_purges":6,"victory":false,"max_hp_per_floor":[77,77,77,77,82,82,82,82,82,82,82,82,84,86,86,86,51,53,53,53,55,57,59,59,68,68,70,72,74,79,79,79,81,50,52,52,52,54,56,56,58,60,60,62,64,64,64,66,66,66,66,66,66,65,59,59],"card_choices":[{"not_picked":[],"picked":"ChaosCard","floor":0.0},{"not_picked":["Evaluate","Perseverance"],"picked":"Prostrate","floor":1.0},{"not_picked":["Protect","Crescendo"],"picked":"Tantrum","floor":6.0},{"not_picked":["Prostrate","FlyingSleeves","ClearTheMind"],"picked":"SKIP","floor":8.0},{"not_picked":["ThirdEye","JustLucky"],"picked":"Evaluate","floor":10.0},{"not_picked":["DevaForm","Meditate","CrushJoints"],"picked":"Singing Bowl","floor":13.0},{"not_picked":["DevaForm","Meditate","EmptyBody"],"picked":"Singing Bowl","floor":14.0},{"not_picked":["DevaForm","Omniscience"],"picked":"Vault","floor":16.0},{"not_picked":["FollowUp+1","Sanctity","Protect+1"],"picked":"Singing Bowl","floor":18.0},{"not_picked":["Study+1","ClearTheMind+1","WreathOfFlame"],"picked":"Singing Bowl","floor":21.0},{"not_picked":["Nirvana","FollowUp","ThirdEye"],"picked":"Singing Bowl","floor":22.0},{"not_picked":["ReachHeaven","Wish","SashWhip"],"picked":"Singing Bowl","floor":23.0},{"not_picked":["EmptyBody","SandsOfTime","ClearTheMind"],"picked":"Singing Bowl","floor":25.0},{"not_picked":["Evaluate","WreathOfFlame+1","EmptyBody"],"picked":"Singing Bowl","floor":27.0},{"not_picked":["SashWhip","Meditate+1","Consecrate+1"],"picked":"Singing Bowl","floor":28.0},{"not_picked":["CrushJoints","Fasting2","Worship"],"picked":"Singing Bowl","floor":29.0},{"not_picked":["Omniscience","ConjureBlade","DevaForm"],"picked":"Singing Bowl","floor":33.0},{"not_picked":["Prostrate+1","Crescendo+1","Swivel"],"picked":"Singing Bowl","floor":35.0},{"not_picked":["FearNoEvil","InnerPeace+1","Consecrate+1"],"picked":"Singing Bowl","floor":38.0},{"not_picked":["SashWhip+1","JustLucky","WheelKick+1"],"picked":"Singing Bowl","floor":39.0},{"not_picked":["Evaluate+1","BowlingBash+1"],"picked":"Tantrum","floor":40.0},{"not_picked":["WindmillStrike+1","Study+1","Swivel+1"],"picked":"Singing Bowl","floor":41.0},{"not_picked":["MasterReality","Crescendo+1","FollowUp+1"],"picked":"Singing Bowl","floor":42.0},{"not_picked":["CrushJoints+1","WaveOfTheHand+1","Halt+1"],"picked":"Singing Bowl","floor":44.0},{"not_picked":["Panacea+1","Blind+1","SuicideKing"],"picked":"Singing Bowl","floor":45.0},{"not_picked":["Meditate+1","Vengeance+1","LikeWater"],"picked":"Singing Bowl","floor":48.0},{"not_picked":["Wallop+1","Sanctity+1","WindmillStrike+1"],"picked":"Singing Bowl","floor":54.0}],"player_experience":116975,"relics_obtained":[{"floor":6.0,"key":"SharpPlug"},{"floor":8.0,"key":"Shovel"},{"floor":9.0,"key":"Singing Bowl"},{"floor":10.0,"key":"DeadEye"},{"floor":14.0,"key":"BelialBook"},{"floor":18.0,"key":"AnarchistCookbook"},{"floor":21.0,"key":"DeathBook"},{"floor":22.0,"key":"Oddly Smooth Stone"},{"floor":23.0,"key":"Omamori"},{"floor":23.0,"key":"Diplopia"},{"floor":25.0,"key":"PokeGo"},{"floor":25.0,"key":"Unceasing Top"},{"floor":25.0,"key":"Strawberry"},{"floor":26.0,"key":"War Paint"},{"floor":27.0,"key":"PunchingBag"},{"floor":27.0,"key":"Vajra"},{"floor":28.0,"key":"Anchor"},{"floor":28.0,"key":"Juzu Bracelet"},{"floor":28.0,"key":"Centennial Puzzle"},{"floor":29.0,"key":"GuppysHead"},{"floor":29.0,"key":"Pen Nib"},{"floor":35.0,"key":"Bag of Marbles"},{"floor":35.0,"key":"Whetstone"},{"floor":38.0,"key":"Pocketwatch"},{"floor":38.0,"key":"The Courier"},{"floor":38.0,"key":"Happy Flower"},{"floor":39.0,"key":"Torii"},{"floor":39.0,"key":"Lizard Tail"},{"floor":39.0,"key":"Bottled Flame"},{"floor":40.0,"key":"SalivaCoin"},{"floor":40.0,"key":"White Beast Statue"},{"floor":40.0,"key":"MealTicket"},{"floor":41.0,"key":"Toxic Egg 2"},{"floor":41.0,"key":"PillsDrop"},{"floor":42.0,"key":"Orichalcum"},{"floor":42.0,"key":"PreservedInsect"},{"floor":42.0,"key":"Blue Candle"},{"floor":43.0,"key":"Akabeko"},{"floor":44.0,"key":"GnawedLeaf"},{"floor":44.0,"key":"CaptainsWheel"},{"floor":48.0,"key":"MawBank"},{"floor":48.0,"key":"Art of War"},{"floor":54.0,"key":"Mercury Hourglass"},{"floor":54.0,"key":"Lantern"},{"floor":54.0,"key":"Bottled Lightning"}],"event_choices":[{"damage_healed":0.0,"max_hp_gain":0.0,"max_hp_loss":0.0,"gold_gain":0.0,"event_name":"Shining Light","player_choice":"Entered Light","floor":3.0,"gold_loss":0.0,"damage_taken":15.0,"cards_upgraded":["Strike_P","Defend_P"]},{"cards_removed":["ChaosCard"],"damage_healed":0.0,"max_hp_gain":0.0,"max_hp_loss":0.0,"gold_gain":0.0,"event_name":"WeMeetAgain","player_choice":"Gave Card","floor":4.0,"gold_loss":0.0,"damage_taken":0.0,"relics_obtained":["Regal Pillow"]},{"damage_healed":0.0,"max_hp_gain":5.0,"max_hp_loss":0.0,"gold_gain":0.0,"event_name":"Big Fish","player_choice":"Donut","floor":5.0,"gold_loss":0.0,"damage_taken":0.0},{"cards_removed":["Defend_P"],"damage_healed":0.0,"max_hp_gain":0.0,"max_hp_loss":0.0,"gold_gain":0.0,"event_name":"Living Wall","player_choice":"Forget","floor":11.0,"gold_loss":0.0,"damage_taken":0.0},{"damage_healed":0.0,"max_hp_gain":0.0,"max_hp_loss":0.0,"gold_gain":0.0,"event_name":"Liars Game","player_choice":"Ignored","floor":12.0,"gold_loss":0.0,"damage_taken":0.0},{"damage_healed":0.0,"max_hp_gain":0.0,"max_hp_loss":0.0,"gold_gain":0.0,"event_name":"Addict","player_choice":"Obtained Relic","floor":19.0,"gold_loss":85.0,"damage_taken":0.0,"relics_obtained":["Nunchaku"]},{"damage_healed":0.0,"max_hp_gain":0.0,"max_hp_loss":0.0,"gold_gain":0.0,"event_name":"Vampires","player_choice":"Ignored","floor":20.0,"gold_loss":0.0,"damage_taken":0.0},{"damage_healed":0.0,"max_hp_gain":5.0,"max_hp_loss":0.0,"gold_gain":0.0,"event_name":"Forgotten Altar","player_choice":"Shed Blood","floor":30.0,"gold_loss":0.0,"damage_taken":19.0},{"damage_healed":0.0,"max_hp_gain":0.0,"max_hp_loss":0.0,"gold_gain":0.0,"event_name":"Mysterious Sphere","player_choice":"Fight","floor":38.0,"gold_loss":0.0,"damage_taken":0.0},{"damage_healed":0.0,"max_hp_gain":0.0,"max_hp_loss":0.0,"gold_gain":0.0,"event_name":"MindBloom","player_choice":"Fight","floor":39.0,"gold_loss":0.0,"damage_taken":0.0},{"damage_healed":0.0,"max_hp_gain":0.0,"max_hp_loss":0.0,"gold_gain":0.0,"event_name":"SensoryStone","player_choice":"Memory 1","floor":45.0,"gold_loss":0.0,"damage_taken":0.0}],"is_beta":false,"boss_relics":[{"not_picked":["Tiny House","Calling Bell"],"picked":"SlaversCollar"},{"not_picked":[]},{"not_picked":["Snecko Eye","HolyWater"],"picked":"Philosopher\u0027s Stone"},{"not_picked":[]}],"items_purged_floors":[2,17,31,34,37,53],"is_endless":false,"potions_floor_spawned":[1,14,16,22,28,29,35,39,41,42,44,48,54],"killed_by":"LittleHush","ascension_level":1}}