{"host":"eeb412nj2w7f9cz8","time":1614318259,"event":{"mods":["Act Like it!","BaseMod","Library of Ruina","Library of Ruina Extra","Minty Spire (QoL Compilation)","StSLib"],"gold_per_floor":[112,112,131,150,167,197,197,106,106,106,139,64,90,165,165,260,260,279,279,295,295,314,314,314],"floor_reached":23,"language":"ZHS","playtime":1338,"items_purged":["Tailoring"],"score":265,"play_id":"577b3044-2762-482c-b7dc-260c37890944","local_time":"20210226134419","is_ascension_mode":true,"campfire_choices":[{"data":"SunsetBlade","floor":7.0,"key":"SMITH"},{"floor":10.0,"key":"RECALL"},{"data":"SharpNails","floor":15,"key":"SMITH"}],"circlet_count":0,"master_deck":["Dodge","LightDefense","LightAttack","LightAttack","LightAttack","LightDefense","LightDefense","LightDefense","ChargeAndCover","FocusedStrikes","FeatherShield","SunsetBlade+1","GatherIntel","ChiWen","FieryDragonSlash","ViolentFlame","IronWall","SharpNails+1","SuanNi","GoinFirst","FlowOfTheSword"],"relics":["PageOfLibrarian","Unceasing Top","Mummified Hand","Pantograph","Singing Bowl","Bottled Tornado","Black Star"],"acts_visited":["Exordium","TheCity"],"potions_floor_usage":[],"damage_taken":[{"damage":0.0,"enemies":"2 Louse","floor":1.0,"turns":3.0},{"damage":14.0,"enemies":"Cultist","floor":3.0,"turns":5.0},{"damage":7.0,"enemies":"Small Slimes","floor":4.0,"turns":4.0},{"damage":0.0,"enemies":"Blue Slaver","floor":5.0,"turns":5.0},{"damage":28.0,"enemies":"Gremlin Nob","floor":6.0,"turns":5.0},{"damage":5.0,"enemies":"3 Sentries","floor":11.0,"turns":6.0},{"damage":9,"enemies":"Gremlin Nob","floor":13,"turns":4},{"damage":2,"enemies":"Slime Boss","floor":16,"turns":7},{"damage":21,"enemies":"Shell Parasite","floor":18,"turns":3},{"damage":7,"enemies":"Chosen","floor":20,"turns":2},{"damage":21,"enemies":"Centurion and Healer","floor":22,"turns":4},{"damage":37,"enemies":"Gremlin Leader","floor":23,"turns":6}],"seed_played":"7666468394788387741","potions_obtained":[{"floor":5.0,"key":"Explosive Potion"},{"floor":6.0,"key":"Regen Potion"},{"floor":13,"key":"Ancient Potion"}],"is_trial":false,"path_per_floor":["M","?","M","M","M","E","R","$","T","R","E","$","E","?","R","B",null,"M","?","M","?","M","E"],"character_chosen":"Librarian","items_purchased":["ViolentFlame","IronWall"],"campfire_rested":0,"item_purchase_floors":[8,8],"current_hp_per_floor":[54,54,40,33,33,5,5,5,5,5,15,15,13,2,2,32,66,47,47,49,36,22,0,0],"gold":314,"neow_bonus":"ONE_RARE_RELIC","is_daily":false,"chose_seed":false,"campfire_upgraded":2,"win_rate":0.0,"timestamp":1614318259,"path_taken":["M","?","M","M","M","E","R","?","T","R","E","$","E","?","R","BOSS","M","?","M","?","M","E"],"items_purchased_type":["Card","Card"],"build_version":"2020-12-22","purchased_purges":1,"victory":false,"max_hp_per_floor":[59,59,56,70,70,70,70,70,70,70,70,70,66,66,66,66,66,68,68,70,75,75,75,75],"card_choices":[{"not_picked":["BattleCommand","TheWillOfTheCity","Unlock1","PreemptiveStrike","UpbeatPerformance","Parry","SnakesPrey","Zzzzzap"],"picked":"FeatherShield","floor":1.0},{"not_picked":["AlloutWar","Fence","OminousPower","FrontalAssault","FendThisOffIfYouCan","QuickAttack","GuidanceOfTheGears","EnergyCycle"],"picked":"SunsetBlade","floor":3.0},{"not_picked":["PreparedMind","HighSpeedStabbing","AGoldenOpportunity","GrazeTheGrass","IdentifyWeakpoint","Standoff","SuppressingShot","Retaliate"],"picked":"GatherIntel","floor":4.0},{"not_picked":["Parry2","HighSpeedStabbing","BiAn","TheArtOfRapidSteps","EnergyConversion","Faith","BackAttack","BlindFaith"],"picked":"ChiWen","floor":5.0},{"not_picked":["BlowItUp","SomberProcuration","FleetFootsteps","FendThisOffIfYouCan","ForcefulGesture","ConcentratedFire","SinglePointStab","MultiBlock"],"picked":"FieryDragonSlash","floor":6.0},{"not_picked":["WillBeTasty","FrontalAssault","TendonChords","QuickAttack","MultiHit","BoundaryOfDeath","UnavoidableGaze","Rewind"],"picked":"SharpNails","floor":11.0},{"not_picked":["Ripple","Disposal","AssaultOrder","DefenseOrder","Gamble","Brawl","TheWillOfTheCity","TendonChords","MultiBlock"],"picked":"Singing Bowl","floor":13},{"not_picked":["GroundSmash","Suppress"],"picked":"SuanNi","floor":16},{"not_picked":["DefenseOrder","Decapitation","HiddenBlade+1","Wallop_lor","TendonChords","RulesOfTheBackstreets","TraceOfFumes","MultiHit","SmokingPipe+1"],"picked":"Singing Bowl","floor":18},{"not_picked":["ScatteringSlash+1","AsThePrescriptOrders","SerpentSwordTechnique","Thirst","PreparedMind+1","Crush","SuppressingShot","EnergyShield","GutHarvesting"],"picked":"Singing Bowl","floor":20},{"not_picked":["PuppetBlockade+1","TrimTheIngredients","SenseQuarry","Marionette","BackAttack","DefenseOrder","Diversion+1","SmokingPipe"],"picked":"FlowOfTheSword","floor":22}],"player_experience":132917,"relics_obtained":[{"floor":6.0,"key":"Mummified Hand"},{"floor":9.0,"key":"Pantograph"},{"floor":11.0,"key":"Singing Bowl"},{"floor":13,"key":"Bottled Tornado"}],"event_choices":[{"damage_healed":0.0,"max_hp_gain":0.0,"max_hp_loss":0.0,"gold_gain":0.0,"event_name":"Match and Keep!","player_choice":"1 cards matched","floor":2.0,"gold_loss":0.0,"damage_taken":0.0,"cards_obtained":["Tailoring"]},{"damage_healed":0,"gold_gain":75,"player_choice":"Gather Gold","damage_taken":11,"max_hp_gain":0,"max_hp_loss":0,"event_name":"World of Goop","floor":14,"gold_loss":0},{"damage_healed":0,"gold_gain":0,"player_choice":"Read","damage_taken":0,"max_hp_gain":0,"max_hp_loss":0,"event_name":"The Library","floor":19,"gold_loss":0,"cards_obtained":["GoinFirst"]},{"damage_healed":0,"gold_gain":0,"player_choice":"Shed Blood","damage_taken":18,"max_hp_gain":5,"max_hp_loss":0,"event_name":"Forgotten Altar","floor":21,"gold_loss":0}],"is_beta":false,"boss_relics":[{"not_picked":["Philosopher\u0027s Stone","SlaversCollar"],"picked":"Black Star"}],"items_purged_floors":[12],"is_endless":false,"potions_floor_spawned":[5,6,13],"killed_by":"Gremlin Leader","ascension_level":3}}