{"host":"sufkhx3gqml4n92r","time":1614327671,"event":{"mods":["ATMod(阿瑾Mod)","Act Like it!","BaseMod","Challenge The Spire","Colored Powertips","Conspire","Friendly Minions","Highlight Path","HumanHunterMod(怪物杀人mod)","KinomotoSakuraMod(木之本樱)","Library of Ruina","Library of Ruina Extra","Minty Spire (QoL Compilation)","MostiFishMod","Pale of the Ancients","Red Circlet Mod","Relic Filter Mod","Relic Stats","Reliquary","Remilia（蕾米莉亚）","Replay The Spire","Shop Mod","Spicy Shops","Spire Birthday Party","StSLib","TestMod","The Alterego","Waifu the Spire","Wide Potions","noobMod","【功能Mod】聪明的最终Boss","【遗物卡牌】REMEMod"],"gold_per_floor":[117,117,131,148,160,160,178,178,178,197,297,312,331,55,55,154,154,171,171,186,197,214,214,233,233,259,308,308,342,342,342,342,445,445,455,524,524,568,568,638,638,653,653,668,695,695,707,10,10,10,10],"floor_reached":52,"language":"ZHS","playtime":3638,"items_purged":[],"score":1026,"play_id":"43fcdec5-e8c3-4522-bd6f-89b104d7d15b","local_time":"20210226162111","is_ascension_mode":false,"campfire_choices":[{"data":"DimensionalRift","floor":6.0,"key":"SMITH"},{"data":"CleanUp","floor":15.0,"key":"SMITH"},{"data":"Punishment","floor":23.0,"key":"SMITH"},{"data":"LightDefense","floor":25.0,"key":"SMITH"},{"data":"RhinoRam","floor":28.0,"key":"SMITH"},{"data":"TheWillOfTheCity","floor":32.0,"key":"SMITH"},{"data":"ShockingBlow","floor":41,"key":"SMITH"},{"data":"FlamingDragonFist","floor":49,"key":"SMITH"}],"circlet_count":0,"master_deck":["Dodge","LightDefense","LightAttack","LightAttack","LightAttack","LightDefense","LightDefense+1","ChargeAndCover","FocusedStrikes+1","AT_FamilyPortrait","DimensionalRift+1","ShockingBlow+1","Faith","Thrust","LightDefense+1","CleanUp+1","Feast","Diversion","Punishment+1","TheWillOfTheCity+1","RhinoRam+1","FrontalAssault+1","Unlock1","EndlessBattle+1","GutHarvesting+1","FeelinGood+1","FleetEdge+1","InnerArdor+1","FlashingStrike+1","VioletBlade+1","FlamingDragonFist+1","Slice_lor+1","Regret","GrazeTheGrass","Zzzzzap","WillOfThePrescript","SnakesPrey","Outburst"],"relics":["PageOfLibrarian","ice","REME_ComplimentaryCards","DaveBox","AT_ATBox","testmod-TestBox","BirthdayGift-Icosahedron","testmod-RealStoneCalender","SynthV:TestCard","reliquary:ExpiredCoupon","MerchantsRug","Nloth\u0027s Gift","testmod-OneHitWonder","Black Star","PageOfLumberjack","Bronze Scales","AT_SilvercatRing","Iron Hammer","MealTicket","PageOfRedShoes","PageOfScorchedGirl","Orichalcum"],"acts_visited":["Exordium","TheCity","TheBeyond"],"potions_floor_usage":[39],"damage_taken":[{"damage":0.0,"enemies":"2 Louse","floor":1.0,"turns":3.0},{"damage":0.0,"enemies":"Jaw Worm","floor":3.0,"turns":3.0},{"damage":0.0,"enemies":"conspire:RoseBush","floor":4.0,"turns":1.0},{"damage":0.0,"enemies":"Looter","floor":5.0,"turns":1.0},{"damage":0.0,"enemies":"Gremlin Gang","floor":7.0,"turns":1.0},{"damage":0.0,"enemies":"Large Slime","floor":10.0,"turns":2.0},{"damage":0.0,"enemies":"Lots of Slimes","floor":12.0,"turns":1.0},{"damage":0.0,"enemies":"Looter","floor":13.0,"turns":1.0},{"damage":9.0,"enemies":"The Guardian","floor":16.0,"turns":3.0},{"damage":10.0,"enemies":"2 Thieves","floor":18.0,"turns":2.0},{"damage":4.0,"enemies":"3 Byrds","floor":20.0,"turns":1.0},{"damage":0.0,"enemies":"Centurion and Healer","floor":21.0,"turns":2.0},{"damage":0.0,"enemies":"3 Cultists","floor":22.0,"turns":3.0},{"damage":13.0,"enemies":"Sentry and Sphere","floor":24.0,"turns":4.0},{"damage":0.0,"enemies":"Book of Stabbing","floor":29.0,"turns":1.0},{"damage":39.0,"enemies":"Collector","floor":33.0,"turns":4.0},{"damage":7,"enemies":"3 Darklings","floor":35,"turns":2},{"damage":0,"enemies":"3 Shapes","floor":38,"turns":3},{"damage":0,"enemies":"Reptomancer","floor":40,"turns":2},{"damage":0,"enemies":"Maw","floor":42,"turns":3},{"damage":0,"enemies":"Sphere and 2 Shapes","floor":44,"turns":3},{"damage":0,"enemies":"R_Hoarder","floor":45,"turns":3},{"damage":0,"enemies":"Transient","floor":47,"turns":6},{"damage":0,"enemies":"Donu and Deca","floor":50,"turns":1},{"damage":0,"enemies":"Donu and Deca","floor":51,"turns":1}],"seed_played":"-7258220566839844205","potions_obtained":[{"floor":12.0,"key":"Elixir"},{"floor":13.0,"key":"Strength Potion"},{"floor":16.0,"key":"Ancient Potion"},{"floor":20.0,"key":"DistilledChaos"},{"floor":22.0,"key":"Toxic Potion"},{"floor":33.0,"key":"Death Potion"},{"floor":35,"key":"REME_GoldPotion"},{"floor":44,"key":"Strength Potion"},{"floor":47,"key":"Energy Potion"}],"is_trial":false,"path_per_floor":["M","?","M","M","M","R","M","?","T","M","?","M","M","$","R","B",null,"M","?","M","M","M","R","M","R","T","$","R","E","?","?","R","B",null,"M","$","?","M","?","E","R","M","T","M","E","?","M","$","R","B",null,null],"character_chosen":"Librarian","items_purchased":["MerchantsRug","Vajra","PageOfRedShoes","PageOfScorchedGirl","Orichalcum","GrazeTheGrass","Zzzzzap","WillOfThePrescript","SnakesPrey","Outburst"],"campfire_rested":0,"item_purchase_floors":[14,14,48,48,48,48,48,48,48,48],"current_hp_per_floor":[60,60,61,62,62,62,55,55,55,56,56,57,58,58,58,50,244,52,52,49,50,51,51,39,39,39,39,39,47,47,47,47,251,251,56,56,56,61,61,62,62,63,63,63,67,67,251,251,251,120,115],"gold":10,"neow_bonus":"UPGRADE_CARD","is_daily":false,"chose_seed":false,"campfire_upgraded":8,"win_rate":0.0,"timestamp":1614327671,"path_taken":["M","?","M","M","M","R","M","?","T","?","?","?","?","$","R","BOSS","M","?","M","?","?","R","M","R","T","$","R","E","?","?","R","BOSS","M","$","?","M","?","E","R","?","T","M","E","?","M","$","R","BOSS"],"items_purchased_type":["Relic","Relic","Relic","Relic","Relic","Card","Card","Card","Card","Card"],"build_version":"2020-12-22","purchased_purges":0,"victory":true,"max_hp_per_floor":[65,65,63,62,219,219,68,68,68,74,74,244,76,76,244,244,244,244,244,244,244,244,244,244,244,244,244,244,251,251,251,251,251,251,251,251,251,251,251,251,251,251,251,251,251,251,251,251,251,251,251],"relic_stats":{"counters":[25,57],"Bronze Scales":[18],"MealTicket":0,"Nloth\u0027s Gift":25,"Black Star":2,"Orichalcum":[6],"obtain_stats":[{"MerchantsRug":14,"AT_ATBox":0,"testmod-TestBox":0,"DaveBox":0,"Vajra":14,"ice":0,"BirthdayGift-Icosahedron":0,"AT_SilvercatRing":43,"Orichalcum":48,"PageOfRedShoes":48,"PageOfLibrarian":0,"PageOfLumberjack":40,"testmod-RealStoneCalender":0,"reliquary:ExpiredCoupon":9,"SynthV:TestCard":1,"Strawberry":29,"Bronze Scales":40,"PageOfScorchedGirl":48,"MealTicket":45,"Iron Hammer":45,"Nloth\u0027s Gift":19,"Black Star":34,"testmod-OneHitWonder":26,"REME_ComplimentaryCards":0},{"MerchantsRug":8,"AT_ATBox":0,"testmod-TestBox":0,"DaveBox":0,"Vajra":8,"ice":0,"BirthdayGift-Icosahedron":0,"AT_SilvercatRing":20,"Orichalcum":23,"PageOfRedShoes":23,"PageOfLibrarian":0,"PageOfLumberjack":19,"testmod-RealStoneCalender":0,"reliquary:ExpiredCoupon":5,"SynthV:TestCard":1,"Strawberry":15,"Bronze Scales":19,"PageOfScorchedGirl":23,"MealTicket":22,"Iron Hammer":22,"Nloth\u0027s Gift":10,"Black Star":16,"testmod-OneHitWonder":14,"REME_ComplimentaryCards":0},{"MerchantsRug":13,"AT_ATBox":0,"testmod-TestBox":0,"DaveBox":0,"Vajra":13,"ice":0,"BirthdayGift-Icosahedron":0,"AT_SilvercatRing":43,"Orichalcum":55,"PageOfRedShoes":55,"PageOfLibrarian":0,"PageOfLumberjack":40,"testmod-RealStoneCalender":0,"reliquary:ExpiredCoupon":9,"SynthV:TestCard":3,"Strawberry":29,"Bronze Scales":40,"PageOfScorchedGirl":55,"MealTicket":49,"Iron Hammer":49,"Nloth\u0027s Gift":18,"Black Star":33,"testmod-OneHitWonder":28,"REME_ComplimentaryCards":0}]},"card_choices":[{"not_picked":["HandleRequest","HiddenBlade","StrikeDown","AsThePrescriptOrders","GroundSmash","QuickSuppression","TendonChords","SerpentSwordTechnique"],"picked":"DimensionalRift","floor":1.0},{"not_picked":["Rewind","ChopItOff","GrazeTheGrass","FlashOfSunup","Parry2","CombatPreparation","Reload","TimeForALittleTest","CookingPrep","BurningFlash"],"picked":"ShockingBlow","floor":3.0},{"not_picked":["ForTheFamily","StrikeDown","StrongStrike","ViolentFlame","FleetFootsteps","DesperateStruggle","QuickSuppression","EnergyBeam","StructuralAnalysis","Multislash"],"picked":"SpearedSweep","floor":4.0},{"not_picked":["Transpierce","HighKick","RhinoRam","MultiBlock","BiAn","Reload","StrikeDown","BackAttack","AGoldenOpportunity","InhaleSmoke"],"picked":"Faith","floor":5.0},{"not_picked":["Bvapour","SnakeSlit","Reload","BiAn","Endure","Rewind","OpportunitySpotted","Disposal","Struggle","IllEndYou"],"picked":"Thrust","floor":7.0},{"not_picked":["Zzzzzap","CoordinatedAssault","WillOfThePrescript","Endure","Ripple","Quickness","HiddenBlade","GuidanceOfTheGears","Pound","BladeWhirl"],"picked":"CleanUp","floor":10.0},{"not_picked":["AutonomousRush","CutIn","DarkCloud","ChopItOff","ClassAndRespect","SinglePointStab","RapidGashes","FleetEdge","AlloutWar","UnavoidableGaze"],"picked":"Feast","floor":12.0},{"not_picked":["HiddenBlade","SavageMode","EnergyCycle","SuppressingShot","PreparedMind","ScatteringSlash","TendonChords","WaitUp","SpearedSweep","EnergyStrike"],"picked":"Diversion","floor":13.0},{"not_picked":["ScratchThat","CleanUp","Tttonst","Castigation"],"picked":"Punishment","floor":16.0},{"not_picked":["Parry2","ShockingBlow+1","HighKick","BindingArms","ToWhereThePrescriptPoints+1","Standoff","SmokingPipe","OpportunitySpotted+1","SinglePointStab","LeRegole"],"picked":"TheWillOfTheCity","floor":18.0},{"not_picked":["FrontalAssault","FeatherShield","UnavoidableGaze","MultiHit","SparkingSpear","Leap_lor+1","Thrust","Parry2","CombatPreparation+1","MultiBlock"],"picked":"RhinoRam","floor":20.0},{"not_picked":["Reload","Clone","AlloutWar","GatherIntel","SpearedSweep","Disposal","LeRegole","DestructiveImpact","Execute_lor","Quickness"],"picked":"FrontalAssault+1","floor":21.0},{"not_picked":["KeepItFresh","ToOvercomeCrisis","VioletBlade","VenomousFangs","QuickAttack","QuickSuppression","SilentMist+1","GatherIntel+1","Bvapour","Parry"],"picked":"Unlock1","floor":22.0},{"not_picked":["SinglePointStab","UpbeatPerformance","UnavoidableGaze","GuidanceOfTheGears","WillOfThePrescript","GreatSerpentsImpact","Rewind","Standoff+1","EnergyCycle","DarkCloud","TheWillOfTheCity+1"],"picked":"SKIP","floor":24.0},{"not_picked":["ChargeUp","LeRegole","HighKick","TraceOfFumes","DevastatingThrash","Commandeering","ICanCookAnything","BackAttack+1","SavageMode","Reload"],"picked":"EndlessBattle+1","floor":29.0},{"not_picked":["Transpierce","CrackOfDawn","Lock","Observe"],"picked":"GutHarvesting","floor":33.0},{"not_picked":["MindWhip+1","ForTheFamily","SuppressingShot+1","Eradication","UpbeatPerformance+1","FleetEdge","EmotionalTurbulence","FierceCharge+1","FlashingStrike+1","SpearedSweep"],"picked":"FeelinGood+1","floor":35},{"not_picked":["Parry","DimensionalRift","Laceration","FieryWaltz","GuidanceOfTheGears","EnergyShield+1","QuickAttack+1","SuppressingShot","Unlock1","FierceCharge"],"picked":"FleetEdge+1","floor":38},{"not_picked":["DimensionalRift","FleetEdge","WillProduceFineSilk","FendThisOffIfYouCan+1","EnergyCycle+1","DefenseOrder","HighKick+1","HiddenBlade","Parry+1","FleetFootsteps+1"],"picked":"InnerArdor+1","floor":40},{"not_picked":["Multislash+1","PreemptiveStrike","SinglePointStab","NightInTheBackstreets+1","UpbeatPerformance","SuppressingShot+1","Observe","UnavoidableGaze","WillBeTasty+1","FleetFootsteps"],"picked":"FlashingStrike+1","floor":42},{"not_picked":["GrazeTheGrass+1","Suppress","SnakesPrey","UpbeatPerformance","EnergyShield","GreatSerpentsImpact","DevastatingThrash","EnergyStrike+1","ToOvercomeCrisis","Leap_lor"],"picked":"VioletBlade+1","floor":44},{"not_picked":["SunsetBlade","IdentifyWeakpoint","FleetFootsteps","TendonChords","FleetEdge+1","SilentMist+1","MindCrush","Diversion+1","Mutilate","SerpentineBarrier+1"],"picked":"FlamingDragonFist","floor":45},{"not_picked":["DefenseOrder","Leap_lor","FlyingSword+1","Parry+1","HighKick","YoureTooSlow+1","Zzzzzap+1","BiAn","Gigigig","GoinFirst"],"picked":"Slice_lor+1","floor":47}],"player_experience":102523,"relics_obtained":[{"floor":1.0,"key":"SynthV:TestCard"},{"floor":9.0,"key":"reliquary:ExpiredCoupon"},{"floor":26.0,"key":"testmod-OneHitWonder"},{"floor":29.0,"key":"Strawberry"},{"floor":40,"key":"PageOfLumberjack"},{"floor":40,"key":"Bronze Scales"},{"floor":43,"key":"AT_SilvercatRing"},{"floor":45,"key":"Iron Hammer"},{"floor":45,"key":"MealTicket"}],"event_choices":[{"damage_healed":0.0,"max_hp_gain":0.0,"max_hp_loss":0.0,"gold_gain":0.0,"event_name":"The Cleric","player_choice":"Leave","floor":2.0,"gold_loss":0.0,"damage_taken":0.0},{"cards_removed":["LightDefense"],"damage_healed":0.0,"max_hp_gain":0.0,"max_hp_loss":0.0,"gold_gain":0.0,"event_name":"Bonfire Elementals","player_choice":"Offered Basic","floor":8.0,"gold_loss":0.0,"damage_taken":0.0},{"damage_healed":0.0,"max_hp_gain":0.0,"max_hp_loss":0.0,"gold_gain":100.0,"event_name":"Wheel of Change","player_choice":"Gold","floor":11.0,"gold_loss":0.0,"damage_taken":0.0},{"damage_healed":0.0,"max_hp_gain":0.0,"max_hp_loss":0.0,"gold_gain":0.0,"event_name":"N\u0027loth","player_choice":"Traded Relic","floor":19.0,"relics_lost":["Vajra"],"gold_loss":0.0,"damage_taken":0.0,"relics_obtained":["Nloth\u0027s Gift"]},{"damage_healed":0.0,"max_hp_gain":0.0,"max_hp_loss":0.0,"gold_gain":0.0,"event_name":"conspire:Investor","player_choice":"Leave","floor":30.0,"gold_loss":0.0,"damage_taken":0.0},{"damage_healed":0.0,"max_hp_gain":0.0,"max_hp_loss":0.0,"gold_gain":0.0,"event_name":"Vampires","player_choice":"Ignored","floor":31.0,"gold_loss":0.0,"damage_taken":0.0},{"damage_healed":0,"gold_gain":0,"player_choice":"Ignored","damage_taken":0,"max_hp_gain":0,"max_hp_loss":0,"event_name":"The Moai Head","floor":37,"gold_loss":0},{"damage_healed":0,"gold_gain":0,"player_choice":"Upgraded","damage_taken":0,"max_hp_gain":0,"max_hp_loss":0,"event_name":"Upgrade Shrine","floor":39,"gold_loss":0,"cards_upgraded":["GutHarvesting"]}],"is_beta":false,"boss_relics":[{"not_picked":["testmod-Recursion","ReplayTheSpireMod:DimensionalGlitch","Cursed Key"]},{"not_picked":["reliquary:KinkedSpring","REME_ChargedStone"],"picked":"Black Star"}],"items_purged_floors":[],"is_endless":false,"potions_floor_spawned":[1,4,12,13,16,20,22,33,35,44,47],"ascension_level":0}}