{"host":"ul3z8ex5o8l5j7mh","time":1614348749,"event":{"mods":["2.2 Compatiblity","AchievementEnabler","BaseMod","Bestiary","Colored Map","Colored Powertips","Curses Come First","DeckTracker","Highlight Path","Keyboard Shortcuts","Minty Spire (QoL Compilation)","Relic Sorter","Relic Stats","StSLib","SuperFastMode"],"gold_per_floor":[117,67,80,98,98,125,125,156,208,225,0,20,20,32,32,132,132,152,152,105,105,105,105,139,153,176,176,176],"floor_reached":27,"language":"ENG","playtime":831,"items_purged":["Defend_R"],"score":313,"play_id":"ff93691a-0d4b-472a-92e7-14c032a36b9f","local_time":"20210226151229","is_ascension_mode":true,"campfire_choices":[{"floor":7.0,"key":"REST"},{"data":"Rupture","floor":15.0,"key":"SMITH"},{"data":"Limit Break","floor":23,"key":"SMITH"}],"circlet_count":0,"master_deck":["Strike_R","Strike_R","Strike_R","Strike_R","Defend_R","Defend_R","Bash","Cleave","Blood for Blood","Shrug It Off","Bludgeon","Rupture+1","Shrug It Off","Rage","Bloodletting","Limit Break+1","Limit Break","Shrug It Off","Writhe","Corruption","Rupture"],"relics":["Burning Blood","Bronze Scales","Bottled Flame","Bag of Preparation","MealTicket","Snecko Eye","Blood Vial","Sundial","Potion Belt"],"acts_visited":["Exordium","TheCity"],"potions_floor_usage":[18,24,27],"damage_taken":[{"damage":1.0,"enemies":"2 Louse","floor":1.0,"turns":3.0},{"damage":6.0,"enemies":"Cultist","floor":3.0,"turns":3.0},{"damage":10.0,"enemies":"Small Slimes","floor":4.0,"turns":3.0},{"damage":29.0,"enemies":"Gremlin Nob","floor":6.0,"turns":4.0},{"damage":40.0,"enemies":"Lagavulin","floor":8.0,"turns":4.0},{"damage":3.0,"enemies":"Looter","floor":10.0,"turns":2.0},{"damage":0.0,"enemies":"Large Slime","floor":12.0,"turns":2.0},{"damage":3.0,"enemies":"Lots of Slimes","floor":14.0,"turns":2.0},{"damage":46.0,"enemies":"Hexaghost","floor":16.0,"turns":7.0},{"damage":10,"enemies":"2 Thieves","floor":18,"turns":3},{"damage":73,"enemies":"Slavers","floor":24,"turns":5},{"damage":12,"enemies":"Shell Parasite","floor":25,"turns":3},{"damage":15,"enemies":"Chosen and Byrds","floor":27,"turns":3}],"seed_played":"7626236903204148071","potions_obtained":[{"floor":1.0,"key":"Regen Potion"},{"floor":8.0,"key":"BlessingOfTheForge"},{"floor":10.0,"key":"DuplicationPotion"},{"floor":16.0,"key":"ColorlessPotion"},{"floor":25,"key":"AttackPotion"}],"is_trial":false,"path_per_floor":["M","?","M","M","?","E","R","E","T","M","$","M","$","M","R","B",null,"M","?","$","?","?","R","E","M","T","M"],"character_chosen":"IRONCLAD","items_purchased":["Rupture","Shrug It Off","Rage","Shrug It Off"],"campfire_rested":1,"item_purchase_floors":[11,11,11,20],"current_hp_per_floor":[77,77,77,73,73,59,80,46,46,49,64,70,80,80,80,40,70,66,66,80,80,80,80,13,9,9,0,0],"gold":176,"neow_bonus":"RANDOM_COMMON_RELIC","is_daily":false,"chose_seed":false,"campfire_upgraded":2,"win_rate":0.0,"timestamp":1614348749,"path_taken":["M","?","M","M","?","E","R","E","T","M","$","?","?","M","R","BOSS","M","?","$","?","?","R","E","M","T","M"],"items_purchased_type":["Card","Card","Card","Card"],"build_version":"2020-12-22","purchased_purges":1,"victory":false,"max_hp_per_floor":[80,80,80,80,80,80,80,80,80,80,80,80,80,80,80,80,80,80,80,80,80,80,80,80,80,80,80,80],"relic_stats":{"Blood Vial":4,"counters":[13,44],"Sundial":[0],"Bronze Scales":[123],"Snecko Eye":[23,26,31,32],"MealTicket":39,"Bag of Preparation":[16],"obtain_stats":[{"Blood Vial":22,"Potion Belt":26,"Bottled Flame":6,"Sundial":24,"Bronze Scales":0,"Snecko Eye":17,"MealTicket":9,"Bag of Preparation":8,"Burning Blood":0},{"Blood Vial":10,"Potion Belt":12,"Bottled Flame":4,"Sundial":11,"Bronze Scales":0,"Snecko Eye":9,"MealTicket":5,"Bag of Preparation":5,"Burning Blood":0},{"Blood Vial":33,"Potion Belt":41,"Bottled Flame":13,"Sundial":38,"Bronze Scales":0,"Snecko Eye":30,"MealTicket":17,"Bag of Preparation":17,"Burning Blood":0}],"Burning Blood":69},"card_choices":[{"not_picked":["Headbutt","Havoc"],"picked":"Cleave","floor":1.0},{"not_picked":["Clothesline","Sentinel"],"picked":"Blood for Blood","floor":3.0},{"not_picked":["Perfected Strike","Sword Boomerang"],"picked":"Shrug It Off","floor":4.0},{"not_picked":["Dropkick","Clothesline"],"picked":"Bludgeon","floor":6.0},{"not_picked":["True Grit","Heavy Blade","Sword Boomerang"],"picked":"SKIP","floor":8.0},{"not_picked":["Warcry","Dark Embrace","Cleave"],"picked":"SKIP","floor":10.0},{"not_picked":["Second Wind","Havoc"],"picked":"Bloodletting","floor":12.0},{"not_picked":["Thunderclap","Sword Boomerang"],"picked":"Limit Break","floor":14.0},{"not_picked":["Feed","Barricade"],"picked":"Limit Break","floor":16.0},{"not_picked":["Headbutt","Intimidate","Body Slam"],"picked":"SKIP","floor":18},{"not_picked":["Headbutt","Heavy Blade"],"picked":"Corruption","floor":24},{"not_picked":["Fire Breathing+1","Iron Wave+1"],"picked":"Rupture","floor":25}],"player_experience":442835,"relics_obtained":[{"floor":6.0,"key":"Bottled Flame"},{"floor":8.0,"key":"Bag of Preparation"},{"floor":9.0,"key":"MealTicket"},{"floor":24,"key":"Sundial"},{"floor":26,"key":"Potion Belt"}],"event_choices":[{"cards_removed":["Strike_R"],"damage_healed":0.0,"max_hp_gain":0.0,"max_hp_loss":0.0,"gold_gain":0.0,"event_name":"The Cleric","player_choice":"Card Removal","floor":2.0,"gold_loss":50.0,"damage_taken":0.0},{"cards_removed":["Defend_R"],"damage_healed":0.0,"max_hp_gain":0.0,"max_hp_loss":0.0,"gold_gain":0.0,"event_name":"Purifier","player_choice":"Purged","floor":5.0,"gold_loss":0.0,"damage_taken":0.0},{"damage_healed":0,"gold_gain":0,"player_choice":"Ignored","damage_taken":0,"max_hp_gain":0,"max_hp_loss":0,"event_name":"Ghosts","floor":19,"gold_loss":0},{"damage_healed":0,"gold_gain":0,"player_choice":"Ignored","damage_taken":0,"max_hp_gain":0,"max_hp_loss":0,"event_name":"Vampires","floor":21,"gold_loss":0},{"damage_healed":0,"gold_gain":0,"player_choice":"Opened","damage_taken":0,"relics_obtained":["Blood Vial"],"max_hp_gain":0,"max_hp_loss":0,"event_name":"The Mausoleum","floor":22,"gold_loss":0,"cards_obtained":["Writhe"]}],"is_beta":false,"boss_relics":[{"not_picked":["Black Star","Coffee Dripper"],"picked":"Snecko Eye"}],"items_purged_floors":[11],"is_endless":false,"potions_floor_spawned":[1,8,10,16,25],"killed_by":"Chosen and Byrds","ascension_level":6}}