{"host":"dqv8oo4v229c1o2l","time":1614370482,"event":{"mods":["AchievementEnabler","BaseMod","Colored Map","Colored Powertips","Minty Spire (QoL Compilation)","Quick Restart","Rare Cards Sparkle","StSLib","Synergy Search"],"gold_per_floor":[109,126,140,156,174,174,191,191,191,191,211,211,211],"floor_reached":12,"language":"ENG","playtime":529,"items_purged":[],"score":115,"play_id":"5b134e58-d278-4b24-a5bf-aaae1ce58f17","local_time":"20210226121442","is_ascension_mode":true,"campfire_choices":[{"floor":6.0,"key":"REST"}],"circlet_count":0,"master_deck":["AscendersBane","Strike_B","Strike_B","Strike_B","Strike_B","Defend_B","Defend_B","Defend_B","Defend_B","Zap","Reprogram","Melter","Streamline","Steam Power","Rip and Tear","Self Repair","Parasite","Hyperbeam"],"relics":["Philosopher\u0027s Stone","InkBottle"],"acts_visited":["Exordium"],"potions_floor_usage":[],"damage_taken":[{"damage":6.0,"enemies":"2 Louse","floor":1.0,"turns":3.0},{"damage":8.0,"enemies":"Jaw Worm","floor":2.0,"turns":4.0},{"damage":12.0,"enemies":"Small Slimes","floor":3.0,"turns":3.0},{"damage":15.0,"enemies":"Blue Slaver","floor":4.0,"turns":4.0},{"damage":8.0,"enemies":"Looter","floor":5.0,"turns":3.0},{"damage":12.0,"enemies":"3 Louse","floor":7.0,"turns":3.0},{"damage":33,"enemies":"Lots of Slimes","floor":11,"turns":4},{"damage":0,"enemies":"Lagavulin","floor":12,"turns":1}],"seed_played":"-86286875096883284","potions_obtained":[{"floor":1.0,"key":"Ancient Potion"},{"floor":4.0,"key":"Weak Potion"}],"is_trial":false,"path_per_floor":["M","M","M","M","M","R","M","?","T","?","M","E"],"character_chosen":"DEFECT","items_purchased":[],"campfire_rested":1,"item_purchase_floors":[],"current_hp_per_floor":[62,54,42,27,19,41,29,22,22,40,7,7,7],"gold":211,"neow_bonus":"BOSS_RELIC","is_daily":false,"chose_seed":false,"campfire_upgraded":0,"win_rate":0.0,"timestamp":1614370482,"path_taken":["M","M","M","M","M","R","M","?","T","?","M","E"],"items_purchased_type":[],"build_version":"2020-12-22","purchased_purges":0,"victory":false,"max_hp_per_floor":[75,75,75,75,75,75,75,75,75,75,75,75,75],"card_choices":[{"not_picked":["Storm","Barrage"],"picked":"Reprogram","floor":1.0},{"not_picked":["Stack","Barrage"],"picked":"Melter","floor":2.0},{"not_picked":["Cold Snap","Recycle"],"picked":"Streamline","floor":3.0},{"not_picked":["Defragment","White Noise"],"picked":"Steam Power","floor":4.0},{"not_picked":["Steam","Go for the Eyes"],"picked":"Rip and Tear","floor":5.0},{"not_picked":["Compile Driver","Melter"],"picked":"Self Repair","floor":7.0},{"not_picked":["Barrage","Turbo"],"picked":"Hyperbeam","floor":11}],"player_experience":351127,"relics_obtained":[{"floor":9.0,"key":"InkBottle"}],"event_choices":[{"cards_removed":["Dualcast"],"damage_healed":0.0,"max_hp_gain":0.0,"max_hp_loss":0.0,"gold_gain":0.0,"event_name":"Golden Wing","player_choice":"Card Removal","floor":8.0,"gold_loss":0.0,"damage_taken":7.0},{"damage_healed":18.0,"max_hp_gain":0.0,"max_hp_loss":0.0,"gold_gain":0.0,"event_name":"Mushrooms","player_choice":"Healed and dodged fight","floor":10.0,"gold_loss":0.0,"damage_taken":0.0,"cards_obtained":["Parasite"]}],"is_beta":false,"boss_relics":[],"items_purged_floors":[],"is_endless":false,"potions_floor_spawned":[1,4],"killed_by":"Lagavulin","ascension_level":11}}