{"host":"i2s4iw62z1dejrqn","time":1614349800,"event":{"mods":["AchievementEnabler","BaseMod","Minty Spire (QoL Compilation)","Random Character Button","SuperFastMode"],"gold_per_floor":[114,132,151,151,326,364,364,382,382,59,9,9,9],"floor_reached":12,"language":"KOR","playtime":3048,"items_purged":[],"score":117,"play_id":"edd043fc-e266-4c20-91a5-8182a915de86","local_time":"20210226233000","is_ascension_mode":true,"campfire_choices":[{"floor":7.0,"key":"REST"}],"circlet_count":0,"master_deck":["AscendersBane","Strike_B","Strike_B","Strike_B","Defend_B","Defend_B","Defend_B","Defend_B","Zap","Dualcast","Lockon","Double Energy","Doubt","Coolheaded","Chill","Glacier"],"relics":["Cracked Core","NeowsBlessing","Golden Idol","Kunai","Calipers","Symbiotic Virus"],"acts_visited":["Exordium"],"potions_floor_usage":[12],"damage_taken":[{"damage":0.0,"enemies":"Jaw Worm","floor":1.0,"turns":1.0},{"damage":0.0,"enemies":"2 Louse","floor":2.0,"turns":1.0},{"damage":0.0,"enemies":"Cultist","floor":3.0,"turns":1.0},{"damage":45.0,"enemies":"3 Sentries","floor":6.0,"turns":8.0},{"damage":34.0,"enemies":"Large Slime","floor":8.0,"turns":7.0},{"damage":16,"enemies":"Lagavulin","floor":12,"turns":6}],"seed_played":"-9024569578038803327","potions_obtained":[{"floor":3.0,"key":"Fire Potion"},{"floor":8.0,"key":"Strength Potion"}],"is_trial":false,"path_per_floor":["M","M","M","?","?","E","R","M","T","$","?","E"],"character_chosen":"DEFECT","items_purchased":["Glacier","Symbiotic Virus"],"campfire_rested":1,"item_purchase_floors":[10,10],"current_hp_per_floor":[68,68,68,68,68,23,43,9,9,9,9,0,0],"gold":9,"neow_bonus":"THREE_ENEMY_KILL","is_daily":false,"chose_seed":false,"campfire_upgraded":0,"win_rate":0.0,"timestamp":1614349800,"path_taken":["M","M","M","?","?","E","R","M","T","?","?","E"],"items_purchased_type":["Card","Relic"],"build_version":"2020-12-22","purchased_purges":0,"victory":false,"max_hp_per_floor":[75,75,75,69,69,69,69,69,69,69,69,69,69],"card_choices":[{"not_picked":["Barrage","Force Field"],"picked":"Lockon","floor":1.0},{"not_picked":["Steam","Barrage","Hello World"],"picked":"SKIP","floor":2.0},{"not_picked":["Barrage","BootSequence"],"picked":"Double Energy","floor":3.0},{"not_picked":["Fission","Force Field"],"picked":"Coolheaded","floor":6.0},{"not_picked":["Sunder","Leap"],"picked":"Chill","floor":8.0}],"player_experience":504665,"relics_obtained":[{"floor":6.0,"key":"Kunai"},{"floor":9.0,"key":"Calipers"}],"event_choices":[{"damage_healed":0.0,"max_hp_gain":0.0,"max_hp_loss":6.0,"gold_gain":0.0,"event_name":"Golden Idol","player_choice":"Lose Max HP","floor":4.0,"gold_loss":0.0,"damage_taken":0.0,"relics_obtained":["Golden Idol"]},{"damage_healed":0.0,"max_hp_gain":0.0,"max_hp_loss":0.0,"gold_gain":175.0,"event_name":"Liars Game","player_choice":"AGREE","floor":5.0,"gold_loss":0.0,"damage_taken":0.0,"cards_obtained":["Doubt"]},{"cards_removed":["Strike_B"],"damage_healed":0.0,"max_hp_gain":0.0,"max_hp_loss":0.0,"gold_gain":0.0,"event_name":"The Cleric","player_choice":"Card Removal","floor":11.0,"gold_loss":50.0,"damage_taken":0.0}],"is_beta":false,"boss_relics":[],"items_purged_floors":[],"is_endless":false,"potions_floor_spawned":[3,8],"killed_by":"Lagavulin","ascension_level":10}}