{"host":"th1rgt4ohg3ajuw6","time":1614382023,"event":{"mods":["Act Like it!","BaseMod","Downfall","GifTheSpireLib","Minty Spire (QoL Compilation)","Shade Mod","Shop Mod","StSLib","Stuff the Spire"],"gold_per_floor":[109,122,140,157,174,174,191,191,214,214,232,250,265,280,280,385,385,397,413,155,168,184,184,184,203,203,23,23,42,57,5,5,107,107,124,143,163,163,177,177,187,187,187,201,201,214,214,232,232,232,232],"floor_reached":50,"language":"ENG","playtime":4553,"items_purged":[],"score":525,"play_id":"20b7a81c-75eb-45f6-9519-256451562df0","local_time":"20210226152703","is_ascension_mode":false,"campfire_choices":[{"data":"Shade:AnimateDead","floor":6,"key":"SMITH"},{"data":"Shade:SoulToxin","floor":8,"key":"SMITH"},{"data":"Shade:Carnophage","floor":15,"key":"SMITH"},{"data":"Apotheosis","floor":23,"key":"SMITH"},{"floor":28,"key":"REST"},{"floor":32,"key":"REST"},{"floor":40,"key":"REST"},{"floor":42,"key":"REST"},{"floor":47,"key":"REST"},{"floor":49,"key":"REST"}],"circlet_count":0,"master_deck":["Shade:Strike_Shade","Shade:Strike_Shade","Shade:Strike_Shade","Shade:Defend_Shade","Shade:Defend_Shade","Shade:Defend_Shade","Shade:Defend_Shade","Shade:AnimateDead+1","Shade:CarefulCut+1","Shade:FleshOffering","Shade:SoulToxin+1","Shade:Bite_Shade","Shade:SanguineRitual","Shade:OpenGraves","Shade:Trample","Shade:BoneShards","Shade:Bonestorm+1","Shade:FleshToFlesh","Shade:FingerOfDeath","Shade:Carnophage+1","Shade:LastGasp","CurseOfTheBell","Shade:PotionOfRestlessness+1","Shade:AuraOfUnlife","Shade:SkeletonHug","Shade:FleshToFlesh+1","Shade:FeralStrike","Apotheosis+1","Shade:Bite_Shade","Shade:WallOfFlesh","Shade:FeralStrike+1","Shade:ClawBack+1","Shade:Excise","Shade:BoneShards+1","Shade:AblativeArmor+1","Shade:PressTheAttack+1","Dark Shackles","Shade:SkeletonHug+1","Shade:AuraOfUnlife","Shade:Frenzy","Shade:DangerousRitual+1","Shade:ExtraLimbs+1","Shade:SkeletonHug+1","Shade:UnbarTheGrave","Shade:FuneraryArmor+1","Shade:Bonestorm+1","Shade:SkeletonArmy","Shade:Frenzy+1","Shade:BoneShards+1","Shade:FuneraryJewels+1","Shade:FingerOfDeath+1","Shade:ClawBack+1","Parasite","Shade:WallOfFlesh","Shade:Consume+1","Shade:ExtraLimbs+1","Shade:Trample+1","Shade:SkeletonHug+1","Shade:GraveStillness","Shade:ExtraLimbs+1","Shade:FingerOfDeath+1"],"relics":["Shade:YorickSkull","Happy Flower","Calling Bell","Smiling Mask","StuffTheSpire:Tea","Prayer Wheel","Molten Egg 2","Busted Crown","Bottled Flame","Whetstone"],"acts_visited":["Exordium","TheCity","TheBeyond"],"potions_floor_usage":[18,18,18,21,30,30,30,33,50,50],"damage_taken":[{"damage":0,"enemies":"Cultist","floor":1,"turns":4},{"damage":0,"enemies":"Small Slimes","floor":2,"turns":3},{"damage":0,"enemies":"Jaw Worm","floor":3,"turns":3},{"damage":4,"enemies":"Exordium Thugs","floor":4,"turns":6},{"damage":0,"enemies":"Red Slaver","floor":5,"turns":3},{"damage":8,"enemies":"Gremlin Gang","floor":7,"turns":5},{"damage":6,"enemies":"Lots of Slimes","floor":11,"turns":5},{"damage":2,"enemies":"Red Slaver","floor":12,"turns":3},{"damage":4,"enemies":"Blue Slaver","floor":13,"turns":5},{"damage":0,"enemies":"Exordium Thugs","floor":14,"turns":3},{"damage":4,"enemies":"The Guardian","floor":16,"turns":14},{"damage":7,"enemies":"3 Byrds","floor":18,"turns":4},{"damage":8,"enemies":"Chosen","floor":19,"turns":7},{"damage":10,"enemies":"Snake Plant","floor":21,"turns":6},{"damage":0,"enemies":"Centurion and Healer","floor":22,"turns":5},{"damage":23,"enemies":"Cultist and Chosen","floor":25,"turns":5},{"damage":32,"enemies":"Snecko","floor":29,"turns":10},{"damage":0,"enemies":"Snake Plant","floor":30,"turns":3},{"damage":68,"enemies":"Automaton","floor":33,"turns":14},{"damage":37,"enemies":"3 Darklings","floor":35,"turns":6},{"damage":0,"enemies":"Orb Walker","floor":36,"turns":3},{"damage":0,"enemies":"Maw","floor":37,"turns":8},{"damage":38,"enemies":"Spire Growth","floor":39,"turns":7},{"damage":0,"enemies":"Writhing Mass","floor":41,"turns":7},{"damage":15,"enemies":"Jaw Worm Horde","floor":44,"turns":5},{"damage":17,"enemies":"Sphere and 2 Shapes","floor":46,"turns":6},{"damage":29,"enemies":"Writhing Mass","floor":48,"turns":6},{"damage":47,"enemies":"Awakened One","floor":50,"turns":4}],"seed_played":"6991232951086790358","potions_obtained":[{"floor":1,"key":"Fire Potion"},{"floor":2,"key":"Swift Potion"},{"floor":3,"key":"ColorlessPotion"},{"floor":13,"key":"SkillPotion"},{"floor":16,"key":"Fruit Juice"},{"floor":19,"key":"Weak Potion"},{"floor":21,"key":"LiquidBronze"},{"floor":22,"key":"DistilledChaos"},{"floor":29,"key":"Swift Potion"},{"floor":30,"key":"Swift Potion"},{"floor":39,"key":"FearPotion"},{"floor":46,"key":"LiquidMemories"}],"is_trial":false,"path_per_floor":["M","M","M","M","M","R","M","R","T","?","M","M","M","M","R","B",null,"M","M","$","M","M","R","?","M","T","$","R","M","M","$","R","B",null,"M","M","M","T","M","R","M","R","T","M","?","M","R","M","R","B"],"character_chosen":"SHADE","items_purchased":["Shade:FeralStrike","Apotheosis","Shade:Bite_Shade","Shade:PressTheAttack+1","Dark Shackles","Shade:SkeletonHug+1","Shade:SkeletonHug+1"],"campfire_rested":6,"item_purchase_floors":[20,20,20,27,27,27,31],"current_hp_per_floor":[71,71,71,69,71,71,67,67,67,67,63,63,61,61,61,61,71,69,63,63,58,62,62,62,45,45,45,67,39,42,42,64,4,76,41,41,45,45,11,33,33,55,55,45,45,30,52,23,45,0,0],"gold":232,"neow_bonus":"TEN_PERCENT_HP_BONUS","is_daily":false,"chose_seed":false,"campfire_upgraded":4,"win_rate":0.0,"timestamp":1614382023,"path_taken":["M","M","M","M","?","R","M","R","T","?","M","M","?","M","R","BOSS","M","M","$","M","M","R","?","M","T","?","R","?","?","?","R","BOSS","M","?","M","?","M","R","M","R","T","M","?","?","R","M","R","BOSS"],"items_purchased_type":["Card","Card","Card","Card","Card","Card","Card"],"build_version":"2020-12-22","purchased_purges":0,"victory":false,"max_hp_per_floor":[71,71,71,71,71,71,71,71,71,71,71,71,71,71,71,71,71,76,76,76,76,76,76,76,76,76,76,76,76,76,76,76,76,76,76,76,76,76,76,76,76,76,76,76,76,76,76,76,76,76,76],"card_choices":[{"not_picked":["Shade:FuneraryArmor","Shade:Frenzy"],"picked":"Shade:FleshOffering","floor":1},{"not_picked":["Shade:Frenzy","Shade:SpectralStrikes"],"picked":"Shade:SoulToxin","floor":2},{"not_picked":["Shade:BoneShards","Shade:FreshBones"],"picked":"Shade:Bite_Shade","floor":3},{"not_picked":["Shade:FleshOffering","Shade:Frenzy"],"picked":"Shade:SanguineRitual","floor":4},{"not_picked":["Shade:ScuttlingHand","Shade:FleshLikeOak"],"picked":"Shade:OpenGraves","floor":5},{"not_picked":["Shade:GreyBargain","Shade:BoneShards"],"picked":"Shade:Trample","floor":7},{"not_picked":["Shade:FreshBones","Shade:Trample"],"picked":"Shade:Bonestorm","floor":11},{"not_picked":["Shade:Trample","Shade:LastGasp"],"picked":"Shade:FleshToFlesh","floor":12},{"not_picked":["Shade:FreshBones","Shade:SoulToxin"],"picked":"Shade:FingerOfDeath","floor":13},{"not_picked":["Shade:WallOfFlesh","Shade:Brains"],"picked":"Shade:Carnophage","floor":14},{"not_picked":["Shade:GreaterAnimation","Shade:LichForm"],"picked":"Shade:LastGasp","floor":16},{"not_picked":["Shade:FreshBones","Shade:Bonestorm"],"picked":"Shade:PotionOfRestlessness+1","floor":18},{"not_picked":["Shade:FeralStrike","Shade:CallWraith"],"picked":"Shade:AuraOfUnlife","floor":18},{"not_picked":["Shade:FleshOffering+1","Shade:Bonestorm"],"picked":"Shade:SkeletonHug","floor":19},{"not_picked":["Shade:SelfBurial","Shade:Premonition"],"picked":"Shade:FleshToFlesh+1","floor":19},{"not_picked":["Shade:ScuttlingHand+1","Shade:SpectralStrikes"],"picked":"Shade:WallOfFlesh","floor":21},{"not_picked":["Shade:FuneraryArmor","Shade:AncientSpear"],"picked":"Shade:FeralStrike+1","floor":21},{"not_picked":["Shade:Bonestorm","Shade:Trample"],"picked":"Shade:ClawBack+1","floor":22},{"not_picked":["Shade:Haruspicy","Shade:LyeBath+1"],"picked":"Shade:Excise","floor":22},{"not_picked":["Shade:CallWraith","Shade:Premonition"],"picked":"Shade:BoneShards","floor":25},{"not_picked":["Shade:GreyBargain","Shade:Frenzy"],"picked":"Shade:AblativeArmor+1","floor":25},{"not_picked":["Shade:SelfBurial","Shade:Trample+1"],"picked":"Shade:AuraOfUnlife","floor":29},{"not_picked":["Shade:PressTheAttack+1","Shade:Bonestorm+1"],"picked":"Shade:Frenzy","floor":29},{"not_picked":["Shade:Premonition+1","Shade:GreyBargain"],"picked":"Shade:DangerousRitual+1","floor":30},{"not_picked":["Shade:Awaken","Shade:CommandSoldier"],"picked":"Shade:ExtraLimbs+1","floor":30},{"not_picked":["Shade:MadHubris","Shade:GreaterAnimation"],"picked":"Shade:UnbarTheGrave","floor":33},{"not_picked":[],"picked":"Shade:FuneraryArmor+1","floor":35},{"not_picked":[],"picked":"Shade:Bonestorm+1","floor":35},{"not_picked":[],"picked":"Shade:SkeletonArmy","floor":36},{"not_picked":[],"picked":"Shade:Frenzy+1","floor":36},{"not_picked":[],"picked":"Shade:BoneShards+1","floor":37},{"not_picked":[],"picked":"Shade:FuneraryJewels+1","floor":37},{"not_picked":[],"picked":"Shade:FingerOfDeath+1","floor":39},{"not_picked":[],"picked":"Shade:ClawBack+1","floor":39},{"not_picked":[],"picked":"Shade:WallOfFlesh","floor":41},{"not_picked":[],"picked":"Shade:SanguineRitual","floor":41},{"not_picked":[],"picked":"Shade:Consume+1","floor":44},{"not_picked":[],"picked":"Shade:ExtraLimbs+1","floor":44},{"not_picked":[],"picked":"Shade:SkeletonHug+1","floor":46},{"not_picked":[],"picked":"Shade:GraveStillness","floor":46},{"not_picked":[],"picked":"Shade:ExtraLimbs+1","floor":48},{"not_picked":[],"picked":"Shade:FingerOfDeath+1","floor":48}],"player_experience":272049,"relics_obtained":[{"floor":9,"key":"Happy Flower"},{"floor":17,"key":"Smiling Mask"},{"floor":17,"key":"StuffTheSpire:Tea"},{"floor":17,"key":"Prayer Wheel"},{"floor":26,"key":"Molten Egg 2"},{"floor":38,"key":"Bottled Flame"},{"floor":43,"key":"Whetstone"}],"event_choices":[{"damage_healed":0,"gold_gain":0,"cards_transformed":["Shade:Strike_Shade"],"player_choice":"Transformed","damage_taken":0,"max_hp_gain":0,"max_hp_loss":0,"event_name":"Transmorgrifier","floor":10,"gold_loss":0,"cards_obtained":["Shade:BoneShards"]},{"damage_healed":0,"gold_gain":0,"player_choice":"Forge","damage_taken":0,"max_hp_gain":0,"max_hp_loss":0,"event_name":"Accursed Blacksmith","floor":24,"gold_loss":0,"cards_upgraded":["Shade:Bonestorm"]},{"damage_healed":0,"gold_gain":0,"cards_transformed":["Shade:SanguineRitual"],"player_choice":"Transformed","damage_taken":0,"max_hp_gain":0,"max_hp_loss":0,"event_name":"Transmorgrifier","floor":45,"gold_loss":0,"cards_obtained":["Shade:Trample"]}],"is_beta":false,"boss_relics":[{"not_picked":["Tiny House","Runic Pyramid"],"picked":"Calling Bell"},{"not_picked":["Pandora\u0027s Box","Coffee Dripper"],"picked":"Busted Crown"}],"items_purged_floors":[],"is_endless":false,"potions_floor_spawned":[1,2,3,7,13,16,19,21,22,29,30,39,46],"killed_by":"Awakened One","ascension_level":0}}