{"host":"avq773cl9g5msfol","time":1614301718,"event":{"mods":["100% Spire Juice","AchievementEnabler","Act Like it!","Ascension Unlocker","Aspiration","Astrologer","Aya Shameimaru","Bard","Bartender","BaseMod","Better Altar","Better Third Choice","BetterRewards","CapriCore","ChefMod","Colored Map","Colored Powertips","Conspire","Dio Mod","Downfall","Elementarium","Energized Spire","Extra Virgin Snecko Oil","Gensokyo","GifTheSpireLib","Hallownest","Hermit","Highlight Path","Hubris","Humility","Infinite Spire","Jorbs\u0027s Wanderer Trilogy","Koishi","Magitek Elite","Marisa????????","Marked Mod","Menagerie","Minty Spire (QoL Compilation)","Pale of the Ancients","Potionbrewer","Quarter Circle Forward PUNCH!","Rare Cards Sparkle","Reimu??????","Relic Stats","Reliquary","Remilia??????","Replay The Spire","Robot Space Explorer","SacredBarkPlus","Shade Mod","Shapeshifter Mod","Somnambulant","Spicy Shops","Spire Arcade","StSLib","The Administrix","The Blue Laboratory","The Bug Knight","The Construct","The Cursed","The Disciple","The Dragon Tamer","The Exalted","The Hayseed","The Hierophant","The Hydrologist","The Immortal","The Marked","The Mystic","The Problem Sleuth","The Runesmith","The Senshi","The Vixen","The Wild Card","TheFirefly","Wandering Minibosses","Wide Potions","vexMod"],"gold_per_floor":[114,132,132,132,132,164,164,189,189,222,222,247,247,138,138,239,239,255,269,285,193,108,134,134,134,214,214,225,250,250,279,279,377,377,394,394,394,394,394,223,256,256],"floor_reached":43,"language":"ENG","playtime":3558,"items_purged":["shameimaru:GaleBlade+1","shameimaru:Photoshoot+1","shameimaru:Persuade+1","shameimaru:SnapshotStrike+1","shameimaru:EvasiveForm+1","shameimaru:Tailwind+1"],"score":2076,"play_id":"e9d53bcd-1d60-4f62-96a4-04a23970d7f0","local_time":"20210226080837","is_ascension_mode":true,"campfire_choices":[{"data":"shameimaru:PlayfulTaunt","floor":7,"key":"SMITH"},{"data":"Menagerie:LoxodonWarhammer","floor":11,"key":"SMITH"},{"floor":15,"key":"REST"},{"data":"shameimaru:LibraryResearch","floor":25,"key":"SMITH"},{"floor":27,"key":"REST"},{"floor":32,"key":"RECALL"},{"floor":39,"key":"REST"}],"circlet_count":0,"master_deck":["shameimaru:PlayfulTaunt+1","shameimaru:Foresight+1","shameimaru:AdverseWind+1","shameimaru:IllusoryDominance+1","shameimaru:SuddenOutburst+1","shameimaru:WindsOfChange+1","shameimaru:FlutteringFeyFan+1","shameimaru:Duality+1","shameimaru:Preparation+1","shameimaru:AutumnalFallWind+1","Flash of Steel+1","shameimaru:ReporterInstinct+1","shameimaru:AirCutter+1","shameimaru:MassDeletion+1","ReplayTheSpireMod:Private Reserves+1","shameimaru:WhispersOfTheWind+1","shameimaru:Photoshoot+1","shameimaru:InstantShotJournalist+1","shameimaru:DashingGrace+1","shameimaru:InvertedColours+1","shameimaru:SkywardSonnet+1","shameimaru:BreezeOfReminiscence+1","shameimaru:Persuade+1","Panache+1","shameimaru:CherishingBreeze+1","shameimaru:CandidShot+1","ReplayUltimateDefense+1","Finesse+1","shameimaru:EvasiveForm+1","Menagerie:LoxodonWarhammer+1","shameimaru:HighlightReel+1","shameimaru:WindSickleVeiling+1","shameimaru:LibraryResearch+1","shameimaru:Tailwind+1","shameimaru:ClangingWindchime+1","shameimaru:MountainProcession+1"],"relics":["shameimaru:blackbirdfeather","Golden Egg","Quantum Egg","OrangePellets","Mummified Hand","Oddly Smooth Stone","potionbrewer:Keyblade","Runesmith:AutoHammer","Membership Card","Anchor","infinitespire:EmpoweringShard","reliquary:Bookmark","Bromod:ArcaneAwakening","ClockworkSouvenir","reliquary:TridentHead","reliquary:JackalopeAntler","vexMod:ScavengeHelm","Vajra","reliquary:Craggleroot","Happy Flower","hubris:ToyBattleship","hubris:BottledRain","hubris:MedicalManual","conspire:RunicOctahedron","ScarletDevilRocket","reliquary:Ember","infinitespire:Broken Mirror"],"acts_visited":["Menagerie:Menagerie","TheCity","TheBeyond","TheEnding"],"potions_floor_usage":[0,7,37,37,42,42,42,42],"damage_taken":[{"damage":0,"enemies":"Menagerie:MonstrousExperiment","floor":1,"turns":2},{"damage":0,"enemies":"Menagerie:StygianBoar","floor":2,"turns":1},{"damage":0,"enemies":"Menagerie:MaskedSummoner","floor":6,"turns":4},{"damage":0,"enemies":"Menagerie:VoidReaper","floor":8,"turns":1},{"damage":0,"enemies":"Menagerie:Hydra","floor":10,"turns":3},{"damage":0,"enemies":"Menagerie:MaskedSummoner","floor":12,"turns":3},{"damage":0,"enemies":"Menagerie:Suneater","floor":16,"turns":3},{"damage":0,"enemies":"Chosen","floor":18,"turns":2},{"damage":0,"enemies":"Shell Parasite","floor":19,"turns":2},{"damage":0,"enemies":"Centurion and Healer","floor":20,"turns":3},{"damage":0,"enemies":"conspire:SneckoGhost","floor":23,"turns":2},{"damage":0,"enemies":"Shelled Parasite and Fungi","floor":28,"turns":1},{"damage":10,"enemies":"Slavers","floor":29,"turns":4},{"damage":0,"enemies":"Gremlin Leader","floor":31,"turns":4},{"damage":0,"enemies":"Collector","floor":33,"turns":1},{"damage":0,"enemies":"Orb Walker","floor":35,"turns":1},{"damage":0,"enemies":"Awakened One","floor":37,"turns":6},{"damage":0,"enemies":"Shield and Spear","floor":41,"turns":1},{"damage":2,"enemies":"The Heart","floor":42,"turns":7}],"seed_played":"-5456222317638439800","potions_obtained":[{"floor":16,"key":"Adrenaline Potion"}],"is_trial":false,"path_per_floor":["M","M","?","$","?","E","R","E","T","E","R","E","?","$","R","B",null,"M","M","M","$","?","E","T","R","T","R","M","E","$","E","R","B",null,"M","AVR","B",null,"R","$","E","B",null],"character_chosen":"AYA","items_purchased":["OrangePellets","shameimaru:Preparation","shameimaru:AutumnalFallWind","Flash of Steel","shameimaru:GaleBlade","shameimaru:ReporterInstinct","shameimaru:AirCutter+1","shameimaru:MassDeletion","Mummified Hand","ReplayTheSpireMod:Private Reserves","shameimaru:WhispersOfTheWind","Oddly Smooth Stone","potionbrewer:Keyblade","shameimaru:Photoshoot","shameimaru:InstantShotJournalist","shameimaru:DashingGrace","Runesmith:AutoHammer","shameimaru:InvertedColours","qcfpunch:Challenger_Coin","blueLaboratory:FruitPunch","LiquidBronze","shameimaru:SkywardSonnet","shameimaru:BreezeOfReminiscence","shameimaru:Persuade","Membership Card","Anchor","infinitespire:EmpoweringShard","reliquary:Bookmark","Panache","shameimaru:CherishingBreeze","blueLaboratory:ImpenetrablePotion","Bromod:ArcaneAwakening","ClockworkSouvenir","shameimaru:CandidShot","ReplayUltimateDefense","Finesse","bronze:BurnAndBuffPotion","shameimaru:EvasiveForm","Vajra","shameimaru:HighlightReel","shameimaru:Tailwind","infinitespire:Broken Mirror","blueLaboratory:FrostheartPotion","Energy Potion"],"campfire_rested":3,"item_purchase_floors":[0,0,0,0,0,0,0,0,0,0,0,0,0,0,0,0,0,0,0,0,0,0,0,0,0,0,0,0,0,0,0,0,0,0,0,0,0,0,14,14,21,40,40,40],"current_hp_per_floor":[80,80,80,80,80,80,80,80,80,80,80,80,80,80,80,80,80,80,80,80,80,80,80,80,80,80,80,80,76,76,80,80,80,80,80,80,80,80,80,80,80,78],"gold":256,"neow_bonus":"","is_daily":false,"chose_seed":false,"campfire_upgraded":3,"win_rate":0.0,"timestamp":1614301717,"path_taken":["M","M","?","$","?","E","R","E","T","E","R","E","?","?","R","BOSS","M","?","?","$","?","E","?","R","T","R","M","E","?","E","R","BOSS","M","AVR","BOSS","R","$","E","BOSS"],"items_purchased_type":["Relic","Card","Card","Card","Card","Card","Card","Card","Relic","Card","Card","Relic","Relic","Card","Card","Card","Relic","Card","Potion","Potion","Potion","Card","Card","Card","Relic","Relic","Relic","Relic","Card","Card","Potion","Relic","Relic","Card","Card","Card","Potion","Card","Relic","Card","Card","Relic","Potion","Potion"],"build_version":"2020-12-22","purchased_purges":6,"victory":true,"max_hp_per_floor":[80,80,80,80,80,80,80,80,80,80,80,80,80,80,80,80,80,80,80,80,80,80,80,80,80,80,80,80,80,80,80,80,80,80,80,80,80,80,80,80,80,80],"relic_stats":{"OrangePellets":[0],"Happy Flower":[9],"counters":[203,629],"Mummified Hand":[136],"obtain_stats":[{"theSenshi:CutieMoonRodRelic":0,"Golden Egg":1,"infinitespire:BottledMercury":30,"ScarletDevilRocket":34,"Gensokyo:UndefinedDarkness":19,"downfall:HeartBlessingGreen":27,"TheSimpletonMod:WoodChipper":28,"wanderingMiniBosses:OtherGremlinHorn":2,"vexMod:TanglingVine":37,"reliquary:Tamtam":0,"reliquary:RedCape":17,"Boot":26,"Ring of Searing":2,"vexMod:CardConverter":42,"Ribbon":0,"vexMod:EndlessSickness":34,"MealTicket":2,"downfall:ExtraCursedKey":41,"hubris:MobiusCoin":2,"DemoMod:OrangeGuonStone":44,"Gensokyo:TheCrow":41,"TentaclePot:ReiMu":40,"hubris:SphereOfDissonance":0,"HollowMod:JonisBlessing":0,"qcfpunch:Dark_Gi":34,"Akabeko":27,"infinitespire:EvilPickle":35,"reliquary:Bookmark":0,"SlaversCollar":17,"theSenshi:TransformationBroochRelic":0,"qcfpunch:Broken_Tusk":14,"infinitespire:Broken Mirror":40,"Bird Faced Urn":0,"Pandora\u0027s Box":10,"aspiration:SilentSkillbook":34,"Unceasing Top":21,"Bromod:ArcaneFury":28,"qcfpunch:Spiky_Bracers":12,"Regal Pillow":29,"sneckomod:BlankCard":23,"Bromod:ArcanePistoleer":0,"King of Hearts":31,"Bag of Preparation":49,"Mythril_Glove":10,"hubris:EmptyBottle":12,"theSenshi:ChokerRelic":0,"Power_Wrist":29,"White_Cape":0,"Ancient Tea Set":6,"hubris:EvacipatedBox":1,"Burning Blood":0,"Cleaning_Rag":41,"Replay:Rubber Ducky":0,"Silver_Glasses":17,"Bromod:ArcaneAwakening":0,"reliquary:TridentHead":6,"reliquary:Buckler":26,"hubris:FunFungus":0,"Chemical X":0,"hubris:ChampionShield":0,"wanderingMiniBosses:LockLocket":38,"hubris:GlazedTorus":0,"Potion Belt":10,"downfall:HeartBlessingRed":27,"Self Forming Clay":8,"qcfpunch:Black_Training_Shirt":8,"conspire:RunicOctahedron":34,"PreservedInsect":29,"Protect_Vest":0,"Ring of Greed":2,"infinitespire:Lucky Rock":31,"infinitespire:CheckeredPen":0,"hubris:Towel":46,"Frozen Egg 2":8,"Replay:Arrowhead":10,"reliquary:Crutches":0,"PureWhite:ReiMu":0,"Busted Crown":36,"CrazyTorch:ReiMu":0,"reliquary:Ember":34,"Garlic":45,"potionbrewer:BottledElixir":25,"Runesmith:AutoHammer":0,"hexamod:BolsterEngine":0,"Toy Ornithopter":28,"hubris:BottledRain":40,"Ice Cream":0,"shameimaru:blackbirdfeather":0,"Vajra":0,"DemoMod:GlassGuonStoneRelic":8,"sneckomod:SneckoSoul":0,"RedLine:ReiMu":34,"potionbrewer:RamsHorn":12,"Lizard Tail":0,"HornCleat":0,"DemoMod:MonsterBlood":47,"theSenshi:RoseRelic":0,"Prayer Wheel":1,"DemoMod:ClearGuonStone":0,"qcfpunch:Chain_With_Nametags":43,"conspire:Dentures":0,"Girya":0,"hubris:Teleporter":14,"Happy Flower":22,"vexMod:ScavengeHelm":10,"Dead Branch":3,"Oddly Smooth Stone":0,"wanderingMiniBosses:MasterThiefsPresence":22,"Charon\u0027s Ashes":0,"potionbrewer:BhaskarasWheel":17,"Replay:Kaleidoscope":52,"War Paint":15,"potionbrewer:ToyAutogyro":0,"Question Card":1,"reliquary:JackalopeAntler":8,"OrangePellets":53,"Replay:Baseball":25,"ReplayTheSpireMod:Spearhead":26,"reliquary:PorcupineQuills":40,"wanderingMiniBosses:Blackblade":20,"Brimstone":24,"Shuriken":0,"Bronze Scales":44,"Onion Ring":24,"infinitespire:EmpoweringShard":23,"reliquary:MedicineBall":0,"hubris:ToyBattleship":24,"reliquary:WritOfMandamus":17,"aspiration:HatOfInfinitePower":23,"theSenshi:CosmicHeartCompactRelic":0,"Darkstone Periapt":6,"ReplayFunnel":44,"Hallownest:StagBellRelic1":20,"reliquary:PrincelyHelmet":43,"reliquary:BoilingFlask":0,"Juzu Bracelet":0,"Incense Burner":0,"PrismaticShard":39,"ClockworkSouvenir":0,"Frozen Eye":8,"Mummified Hand":21,"downfall:HeartBlessingBlue":27,"Slimebound:StickyStick":0,"Genji_Glove":0,"TheVixenMod:UmbreonRelic":42,"DemoMod:JetPack":43,"Red Skull":0,"Replay:Towering Pillar of Hats":43,"aspiration:FetidBarrel":23,"Quantum Egg":1,"aspiration:RunicSpoon":21,"hubris:MedicalManual":29,"vexMod:FocusSash":21,"Gensokyo:ConquerorOfFear":20,"Orichalcum":48,"Medical Kit":40,"vexMod:Dragonfruit":23,"Anchor":12,"wanderingMiniBosses:CarrionFlame":18,"infinitespire:WardingShard":0,"vexMod:HeadHunter":0,"reliquary:Craggleroot":17,"ChewingGum":17,"Another Sword":0,"reliquary:Stiletto":46,"Bag of Marbles":38,"Membership Card":0,"Gem_Box":34,"potionbrewer:Keyblade":0,"Guard_Bracelet":0,"hubris:Potato":8,"FossilizedHelix":9,"RuthlessExorcism:ReiMu":0},{"theSenshi:CutieMoonRodRelic":52,"Golden Egg":0,"infinitespire:BottledMercury":71,"ScarletDevilRocket":199,"Gensokyo:UndefinedDarkness":147,"downfall:HeartBlessingGreen":15,"TheSimpletonMod:WoodChipper":69,"wanderingMiniBosses:OtherGremlinHorn":1,"vexMod:TanglingVine":181,"reliquary:Tamtam":81,"reliquary:RedCape":118,"Boot":177,"Ring of Searing":31,"vexMod:CardConverter":161,"Ribbon":30,"vexMod:EndlessSickness":180,"MealTicket":31,"downfall:ExtraCursedKey":182,"hubris:MobiusCoin":31,"DemoMod:OrangeGuonStone":48,"Gensokyo:TheCrow":76,"TentaclePot:ReiMu":101,"hubris:SphereOfDissonance":52,"HollowMod:JonisBlessing":52,"qcfpunch:Dark_Gi":155,"Akabeko":153,"infinitespire:EvilPickle":98,"reliquary:Bookmark":184,"SlaversCollar":38,"theSenshi:TransformationBroochRelic":30,"qcfpunch:Broken_Tusk":89,"infinitespire:Broken Mirror":201,"Bird Faced Urn":135,"Pandora\u0027s Box":5,"aspiration:SilentSkillbook":20,"Unceasing Top":92,"Bromod:ArcaneFury":43,"qcfpunch:Spiky_Bracers":172,"Regal Pillow":17,"sneckomod:BlankCard":122,"Bromod:ArcanePistoleer":135,"King of Hearts":95,"Bag of Preparation":105,"Mythril_Glove":114,"hubris:EmptyBottle":7,"theSenshi:ChokerRelic":52,"Power_Wrist":17,"White_Cape":52,"Ancient Tea Set":84,"hubris:EvacipatedBox":0,"Burning Blood":81,"Cleaning_Rag":23,"Replay:Rubber Ducky":52,"Silver_Glasses":90,"Bromod:ArcaneAwakening":184,"reliquary:TridentHead":187,"reliquary:Buckler":122,"hubris:FunFungus":81,"Chemical X":166,"hubris:ChampionShield":135,"wanderingMiniBosses:LockLocket":100,"hubris:GlazedTorus":108,"Potion Belt":5,"downfall:HeartBlessingRed":15,"Self Forming Clay":140,"qcfpunch:Black_Training_Shirt":4,"conspire:RunicOctahedron":199,"PreservedInsect":178,"Protect_Vest":108,"Ring of Greed":31,"infinitespire:Lucky Rock":125,"infinitespire:CheckeredPen":166,"hubris:Towel":25,"Frozen Egg 2":85,"Replay:Arrowhead":5,"reliquary:Crutches":81,"PureWhite:ReiMu":135,"Busted Crown":98,"CrazyTorch:ReiMu":135,"reliquary:Ember":73,"Garlic":102,"potionbrewer:BottledElixir":15,"Runesmith:AutoHammer":135,"hexamod:BolsterEngine":108,"Toy Ornithopter":16,"hubris:BottledRain":76,"Ice Cream":135,"shameimaru:blackbirdfeather":166,"Vajra":166,"DemoMod:GlassGuonStoneRelic":4,"sneckomod:SneckoSoul":0,"RedLine:ReiMu":44,"potionbrewer:RamsHorn":88,"Lizard Tail":81,"HornCleat":30,"DemoMod:MonsterBlood":25,"theSenshi:RoseRelic":30,"Prayer Wheel":0,"DemoMod:ClearGuonStone":30,"qcfpunch:Chain_With_Nametags":161,"conspire:Dentures":30,"Girya":166,"hubris:Teleporter":173,"Happy Flower":194,"vexMod:ScavengeHelm":189,"Dead Branch":2,"Oddly Smooth Stone":166,"wanderingMiniBosses:MasterThiefsPresence":150,"Charon\u0027s Ashes":81,"potionbrewer:BhaskarasWheel":146,"Replay:Kaleidoscope":29,"War Paint":9,"potionbrewer:ToyAutogyro":30,"Question Card":0,"reliquary:JackalopeAntler":188,"OrangePellets":29,"Replay:Baseball":67,"ReplayTheSpireMod:Spearhead":152,"reliquary:PorcupineQuills":160,"wanderingMiniBosses:Blackblade":176,"Brimstone":122,"Shuriken":166,"Bronze Scales":130,"Onion Ring":14,"infinitespire:EmpoweringShard":14,"reliquary:MedicineBall":135,"hubris:ToyBattleship":195,"reliquary:WritOfMandamus":62,"aspiration:HatOfInfinitePower":66,"theSenshi:CosmicHeartCompactRelic":30,"Darkstone Periapt":34,"ReplayFunnel":162,"Hallownest:StagBellRelic1":39,"reliquary:PrincelyHelmet":102,"reliquary:BoilingFlask":135,"Juzu Bracelet":30,"Incense Burner":108,"PrismaticShard":159,"ClockworkSouvenir":30,"Frozen Eye":4,"Mummified Hand":12,"downfall:HeartBlessingBlue":15,"Slimebound:StickyStick":52,"Genji_Glove":30,"TheVixenMod:UmbreonRelic":23,"DemoMod:JetPack":47,"Red Skull":135,"Replay:Towering Pillar of Hats":24,"aspiration:FetidBarrel":42,"Quantum Egg":0,"aspiration:RunicSpoon":92,"hubris:MedicalManual":197,"vexMod:FocusSash":12,"Gensokyo:ConquerorOfFear":148,"Orichalcum":26,"Medical Kit":101,"vexMod:Dragonfruit":93,"Anchor":36,"wanderingMiniBosses:CarrionFlame":39,"infinitespire:WardingShard":166,"vexMod:HeadHunter":135,"reliquary:Craggleroot":191,"ChewingGum":10,"Another Sword":81,"reliquary:Stiletto":103,"Bag of Marbles":22,"Membership Card":30,"Gem_Box":126,"potionbrewer:Keyblade":81,"Guard_Bracelet":108,"hubris:Potato":35,"FossilizedHelix":113,"RuthlessExorcism:ReiMu":52},{"theSenshi:CutieMoonRodRelic":211,"Golden Egg":0,"infinitespire:BottledMercury":268,"ScarletDevilRocket":614,"Gensokyo:UndefinedDarkness":473,"downfall:HeartBlessingGreen":39,"TheSimpletonMod:WoodChipper":264,"wanderingMiniBosses:OtherGremlinHorn":2,"vexMod:TanglingVine":567,"reliquary:Tamtam":302,"reliquary:RedCape":391,"Boot":554,"Ring of Searing":114,"vexMod:CardConverter":503,"Ribbon":112,"vexMod:EndlessSickness":563,"MealTicket":114,"downfall:ExtraCursedKey":569,"hubris:MobiusCoin":114,"DemoMod:OrangeGuonStone":195,"Gensokyo:TheCrow":286,"TentaclePot:ReiMu":348,"hubris:SphereOfDissonance":211,"HollowMod:JonisBlessing":211,"qcfpunch:Dark_Gi":492,"Akabeko":488,"infinitespire:EvilPickle":340,"reliquary:Bookmark":578,"SlaversCollar":143,"theSenshi:TransformationBroochRelic":112,"qcfpunch:Broken_Tusk":318,"infinitespire:Broken Mirror":621,"Bird Faced Urn":446,"Pandora\u0027s Box":12,"aspiration:SilentSkillbook":72,"Unceasing Top":326,"Bromod:ArcaneFury":171,"qcfpunch:Spiky_Bracers":532,"Regal Pillow":43,"sneckomod:BlankCard":403,"Bromod:ArcanePistoleer":446,"King of Hearts":332,"Bag of Preparation":355,"Mythril_Glove":380,"hubris:EmptyBottle":19,"theSenshi:ChokerRelic":211,"Power_Wrist":43,"White_Cape":211,"Ancient Tea Set":309,"hubris:EvacipatedBox":0,"Burning Blood":302,"Cleaning_Rag":76,"Replay:Rubber Ducky":211,"Silver_Glasses":322,"Bromod:ArcaneAwakening":578,"reliquary:TridentHead":585,"reliquary:Buckler":403,"hubris:FunFungus":302,"Chemical X":513,"hubris:ChampionShield":446,"wanderingMiniBosses:LockLocket":346,"hubris:GlazedTorus":366,"Potion Belt":12,"downfall:HeartBlessingRed":39,"Self Forming Clay":456,"qcfpunch:Black_Training_Shirt":8,"conspire:RunicOctahedron":614,"PreservedInsect":557,"Protect_Vest":366,"Ring of Greed":114,"infinitespire:Lucky Rock":410,"infinitespire:CheckeredPen":513,"hubris:Towel":81,"Frozen Egg 2":310,"Replay:Arrowhead":12,"reliquary:Crutches":302,"PureWhite:ReiMu":446,"Busted Crown":340,"CrazyTorch:ReiMu":446,"reliquary:Ember":278,"Garlic":349,"potionbrewer:BottledElixir":39,"Runesmith:AutoHammer":446,"hexamod:BolsterEngine":366,"Toy Ornithopter":42,"hubris:BottledRain":286,"Ice Cream":446,"shameimaru:blackbirdfeather":513,"Vajra":513,"DemoMod:GlassGuonStoneRelic":8,"sneckomod:SneckoSoul":0,"RedLine:ReiMu":174,"potionbrewer:RamsHorn":315,"Lizard Tail":302,"HornCleat":112,"DemoMod:MonsterBlood":81,"theSenshi:RoseRelic":112,"Prayer Wheel":0,"DemoMod:ClearGuonStone":112,"qcfpunch:Chain_With_Nametags":503,"conspire:Dentures":112,"Girya":513,"hubris:Teleporter":534,"Happy Flower":602,"vexMod:ScavengeHelm":589,"Dead Branch":3,"Oddly Smooth Stone":513,"wanderingMiniBosses:MasterThiefsPresence":481,"Charon\u0027s Ashes":302,"potionbrewer:BhaskarasWheel":472,"Replay:Kaleidoscope":99,"War Paint":24,"potionbrewer:ToyAutogyro":112,"Question Card":0,"reliquary:JackalopeAntler":586,"OrangePellets":99,"Replay:Baseball":255,"ReplayTheSpireMod:Spearhead":486,"reliquary:PorcupineQuills":502,"wanderingMiniBosses:Blackblade":548,"Brimstone":403,"Shuriken":513,"Bronze Scales":429,"Onion Ring":37,"infinitespire:EmpoweringShard":37,"reliquary:MedicineBall":446,"hubris:ToyBattleship":604,"reliquary:WritOfMandamus":243,"aspiration:HatOfInfinitePower":252,"theSenshi:CosmicHeartCompactRelic":112,"Darkstone Periapt":122,"ReplayFunnel":505,"Hallownest:StagBellRelic1":148,"reliquary:PrincelyHelmet":349,"reliquary:BoilingFlask":446,"Juzu Bracelet":112,"Incense Burner":366,"PrismaticShard":499,"ClockworkSouvenir":112,"Frozen Eye":7,"Mummified Hand":32,"downfall:HeartBlessingBlue":39,"Slimebound:StickyStick":211,"Genji_Glove":112,"TheVixenMod:UmbreonRelic":76,"DemoMod:JetPack":191,"Red Skull":446,"Replay:Towering Pillar of Hats":78,"aspiration:FetidBarrel":161,"Quantum Egg":0,"aspiration:RunicSpoon":326,"hubris:MedicalManual":609,"vexMod:FocusSash":32,"Gensokyo:ConquerorOfFear":475,"Orichalcum":87,"Medical Kit":348,"vexMod:Dragonfruit":328,"Anchor":135,"wanderingMiniBosses:CarrionFlame":148,"infinitespire:WardingShard":513,"vexMod:HeadHunter":446,"reliquary:Craggleroot":595,"ChewingGum":26,"Another Sword":302,"reliquary:Stiletto":350,"Bag of Marbles":74,"Membership Card":112,"Gem_Box":416,"potionbrewer:Keyblade":302,"Guard_Bracelet":366,"hubris:Potato":126,"FossilizedHelix":377,"RuthlessExorcism:ReiMu":211}]},"card_choices":[{"not_picked":["shameimaru:ExclusiveScoop","shameimaru:CherishingBreeze","shameimaru:WhispersOfTheWind"],"picked":"SKIP","floor":1},{"not_picked":["shameimaru:PeerlessWind","shameimaru:Tailwind","shameimaru:Photoshoot"],"picked":"SKIP","floor":2},{"not_picked":["Menagerie:LightningHelix","Menagerie:Staggershock"],"picked":"Menagerie:LoxodonWarhammer","floor":5},{"not_picked":["shameimaru:CoerciveReport","shameimaru:CherishingBreeze","shameimaru:GuidingBreeze"],"picked":"SKIP","floor":6},{"not_picked":["shameimaru:GustFan","shameimaru:RapidEnhancement","shameimaru:GuidingBreeze"],"picked":"SKIP","floor":8},{"not_picked":["shameimaru:LoadedStatement","shameimaru:HitAndRun","shameimaru:DashingGrace"],"picked":"SKIP","floor":10},{"not_picked":["shameimaru:DashingDomination","shameimaru:Photoshoot","shameimaru:AirCutter"],"picked":"SKIP","floor":12},{"not_picked":["shameimaru:PhotoAlbum","shameimaru:Plagiarism"],"picked":"shameimaru:WindSickleVeiling","floor":16},{"not_picked":["shameimaru:Foresight","shameimaru:AdverseWind","shameimaru:FlutteringFeyFan+1"],"picked":"SKIP","floor":18},{"not_picked":["shameimaru:BlindingSpeed+1","shameimaru:GuidingBreeze"],"picked":"shameimaru:LibraryResearch","floor":19},{"not_picked":["shameimaru:AirSlash","shameimaru:Preparation","shameimaru:WhispersOfTheWind"],"picked":"SKIP","floor":20},{"not_picked":["shameimaru:Photocopier+1","shameimaru:Imitation","shameimaru:BlindingSpeed+1"],"picked":"SKIP","floor":23},{"not_picked":["shameimaru:CandidShot","shameimaru:PeerlessWind","shameimaru:WidespreadPropaganda+1"],"picked":"SKIP","floor":28},{"not_picked":["shameimaru:CherishingBreeze","shameimaru:CandidShot","shameimaru:WhispersOfTheWind"],"picked":"SKIP","floor":29},{"not_picked":["shameimaru:Opportunity","shameimaru:CandidShot","shameimaru:ReporterInstinct"],"picked":"SKIP","floor":31},{"not_picked":["shameimaru:PhotoAlbum","shameimaru:WindSickleVeiling"],"picked":"shameimaru:ClangingWindchime","floor":33},{"not_picked":["shameimaru:InvertedColours","shameimaru:ReporterInstinct+1","shameimaru:IntertwinedWinds+1"],"picked":"SKIP","floor":35},{"not_picked":["shameimaru:PhotographicDisposal","shameimaru:PressRelease"],"picked":"shameimaru:MountainProcession","floor":41}],"player_experience":1519786,"relics_obtained":[{"floor":6,"key":"reliquary:TridentHead"},{"floor":8,"key":"reliquary:JackalopeAntler"},{"floor":10,"key":"vexMod:ScavengeHelm"},{"floor":24,"key":"hubris:ToyBattleship"},{"floor":26,"key":"hubris:BottledRain"},{"floor":29,"key":"hubris:MedicalManual"}],"event_choices":[{"damage_healed":0,"gold_gain":0,"player_choice":"Leave","damage_taken":0,"max_hp_gain":0,"max_hp_loss":0,"event_name":"conspire:Investor","floor":3,"gold_loss":0},{"damage_healed":0,"gold_gain":0,"player_choice":"Peek","damage_taken":0,"max_hp_gain":0,"max_hp_loss":0,"event_name":"Menagerie:OvergrownLibrary","floor":5,"gold_loss":0},{"damage_healed":0,"gold_gain":0,"player_choice":"Obtained Relic","damage_taken":0,"relics_obtained":["Happy Flower"],"max_hp_gain":0,"max_hp_loss":0,"event_name":"Addict","floor":22,"gold_loss":85}],"is_beta":false,"boss_relics":[{"not_picked":["energizedSpire:StickyHand","Painkiller Herb"],"picked":"reliquary:Craggleroot"},{"not_picked":["Runesmith:UraniumAnvil","Runic Dome"],"picked":"conspire:RunicOctahedron"}],"items_purged_floors":[0,0,0,0,0,21],"is_endless":false,"potions_floor_spawned":[1,2,12,16,20,23,29,31,33],"ascension_level":1,"is_humility":true}}