{"host":"z3m7ofiwbo1p8b5b","time":1614372404,"event":{"mods":["BaseMod","BetterRewards","Downfall","Minty Spire (QoL Compilation)","Replay The Spire","StSLib"],"gold_per_floor":[111,129,146,146,146,146,176,351,375,391,391,391,408,256,256,359,359,376,117,131,79,94,94,9,9,9,9,23,34,34,51,51,152,152,167,2,19,19,19,47,47,65,111,143,143,143],"floor_reached":45,"language":"ENG","playtime":2089,"items_purged":["Doubt"],"score":623,"play_id":"35e7dcdd-14ff-4ec4-86c3-d973d873e170","local_time":"20210226154644","is_ascension_mode":false,"campfire_choices":[{"floor":6,"key":"REST"},{"floor":11,"key":"REST"},{"floor":15,"key":"REST"},{"floor":23,"key":"REST"},{"floor":25,"key":"REST"},{"floor":32,"key":"REST"},{"floor":41,"key":"REST"}],"circlet_count":0,"master_deck":["Strike_G","Strike_G","Strike_G","Strike_G","Strike_G","Defend_G","Defend_G","Defend_G","Defend_G","Defend_G","Survivor","Neutralize","Blade Dance+1","ReplayTheSpireMod:Shiv Toss","Finisher","Replay:Bag of Tricks","Hidden Blade","Cloak And Dagger","A Thousand Cuts","Flying Knee+1","PiercingWail","Infinite Blades+1","Cloak And Dagger","Accuracy","Cloak And Dagger+1","Blade Dance+1","Infinite Blades","Jack Of All Trades","Blade Dance+1"],"relics":["Ring of the Snake","Snake Skull","Pen Nib","SlaversCollar","Shuriken","Thread and Needle","Peace Pipe","Fusion Hammer","Question Card","ReplayTheSpireMod:Lightbulb","Omamori","Anchor"],"acts_visited":["Exordium","TheCity","TheBeyond"],"potions_floor_usage":[2,7,13,18,18,22,29,40,42],"damage_taken":[{"damage":5,"enemies":"Jaw Worm","floor":1,"turns":8},{"damage":0,"enemies":"2 Louse","floor":2,"turns":2},{"damage":4,"enemies":"Small Slimes","floor":3,"turns":5},{"damage":18,"enemies":"3 Sentries","floor":7,"turns":6},{"damage":19,"enemies":"Exordium Wildlife","floor":10,"turns":4},{"damage":0,"enemies":"Red Slaver","floor":13,"turns":4},{"damage":19,"enemies":"Slime Boss","floor":16,"turns":6},{"damage":17,"enemies":"2 Thieves","floor":18,"turns":4},{"damage":17,"enemies":"Spheric Guardian","floor":20,"turns":4},{"damage":14,"enemies":"Centurion and Healer","floor":22,"turns":5},{"damage":16,"enemies":"Snecko","floor":28,"turns":4},{"damage":1,"enemies":"3 Cultists","floor":29,"turns":4},{"damage":17,"enemies":"Shelled Parasite and Fungi","floor":31,"turns":3},{"damage":34,"enemies":"Pondfish","floor":33,"turns":8},{"damage":0,"enemies":"3 Shapes","floor":35,"turns":4},{"damage":14,"enemies":"3 Darklings","floor":37,"turns":5},{"damage":20,"enemies":"Reptomancer","floor":40,"turns":4},{"damage":22,"enemies":"Spire Growth","floor":42,"turns":3},{"damage":48,"enemies":"Nemesis","floor":44,"turns":5},{"damage":16,"enemies":"Writhing Mass","floor":45,"turns":2}],"seed_played":"-6987664560786309296","potions_obtained":[{"floor":1,"key":"BlessingOfTheForge"},{"floor":3,"key":"AttackPotion"},{"floor":7,"key":"SpeedPotion"},{"floor":13,"key":"Guardian:BlockOnCardUsePotion"},{"floor":16,"key":"Poison Potion"},{"floor":20,"key":"SkillPotion"},{"floor":28,"key":"Guardian:BlockOnCardUsePotion"},{"floor":37,"key":"CunningPotion"},{"floor":40,"key":"hexamod:SoulburnPotion"}],"is_trial":false,"path_per_floor":["M","M","M","$","?","R","E","?","T","M","R","?","M","$","R","B",null,"M","$","M","$","M","R","?","R","T","?","M","M","$","M","R","B",null,"M","$","M","T","$","E","R","M","T","E","M"],"character_chosen":"THE_SILENT","items_purchased":["Hidden Blade","Cloak And Dagger","Shuriken","Infinite Blades+1","Infinite Blades","Jack Of All Trades"],"campfire_rested":7,"item_purchase_floors":[14,14,19,21,36,36],"current_hp_per_floor":[72,72,68,68,68,77,59,59,59,40,63,68,68,68,82,63,82,65,65,48,48,34,58,58,82,82,82,66,65,65,48,72,38,82,82,82,68,68,68,48,72,50,50,2,0,0],"gold":143,"neow_bonus":"TEN_PERCENT_HP_BONUS","is_daily":false,"chose_seed":false,"campfire_upgraded":0,"win_rate":0.0,"timestamp":1614372404,"path_taken":["M","M","M","$","?","R","E","?","T","M","R","?","M","?","R","BOSS","M","$","M","$","M","R","?","R","T","?","?","M","$","M","R","BOSS","M","$","M","?","$","E","R","M","T","E","M"],"items_purchased_type":["Card","Card","Relic","Card","Card","Card"],"build_version":"2020-12-22","purchased_purges":1,"victory":false,"max_hp_per_floor":[77,77,77,77,77,77,77,77,77,77,77,82,82,82,82,82,82,82,82,82,82,82,82,82,82,82,82,82,82,82,82,82,82,82,82,82,82,82,82,82,82,82,82,82,82,82],"card_choices":[{"not_picked":["Replay:Poison Smokescreen","Backstab"],"picked":"Blade Dance","floor":1},{"not_picked":["Underhanded Strike","Poisoned Stab"],"picked":"ReplayTheSpireMod:Shiv Toss","floor":2},{"not_picked":["Deadly Poison","Sucker Punch"],"picked":"Finisher","floor":3},{"not_picked":["Underhanded Strike","Prepared","Predator"],"picked":"SKIP","floor":7},{"not_picked":["Tactician","Underhanded Strike","Bouncing Flask"],"picked":"SKIP","floor":10},{"not_picked":["Dagger Throw","Dash"],"picked":"Replay:Bag of Tricks","floor":13},{"not_picked":["Doppelganger","Corpse Explosion"],"picked":"A Thousand Cuts","floor":16},{"not_picked":["Caltrops+1","Toxin Wave"],"picked":"Flying Knee+1","floor":18},{"not_picked":["Slice","Masterful Stab"],"picked":"PiercingWail","floor":20},{"not_picked":["ReplayTheSpireMod:Speed Training","Prepared"],"picked":"Cloak And Dagger","floor":22},{"not_picked":["Bane","Dagger Spray"],"picked":"Cloak And Dagger+1","floor":28},{"not_picked":["Sucker Punch","Expertise+1","Bouncing Flask"],"picked":"SKIP","floor":29},{"not_picked":["ReplayTheSpireMod:Tripwire","Unload","Underhanded Strike"],"picked":"SKIP","floor":31},{"not_picked":["Bouncing Flask","Underhanded Strike+1"],"picked":"Blade Dance+1","floor":35},{"not_picked":["Dagger Throw+1","Deadly Poison+1","Setup+1"],"picked":"SKIP","floor":37},{"not_picked":["Dodge and Roll+1","Flying Knee+1","Slice"],"picked":"Blade Dance+1","floor":40},{"not_picked":["Riddle With Holes+1","Finisher+1","Sucker Punch+1","Dagger Spray+1"],"picked":"SKIP","floor":42},{"not_picked":["Malaise","Bouncing Flask+1","Glass Knife","Poisoned Stab"],"picked":"SKIP","floor":44}],"player_experience":234748,"relics_obtained":[{"floor":7,"key":"Snake Skull"},{"floor":9,"key":"Pen Nib"},{"floor":26,"key":"Peace Pipe"},{"floor":38,"key":"Question Card"},{"floor":40,"key":"ReplayTheSpireMod:Lightbulb"},{"floor":43,"key":"Omamori"},{"floor":44,"key":"Anchor"}],"event_choices":[{"damage_healed":0,"gold_gain":0,"player_choice":"Grow","damage_taken":0,"max_hp_gain":0,"max_hp_loss":0,"event_name":"Living Wall","floor":5,"gold_loss":0,"cards_upgraded":["Blade Dance"]},{"damage_healed":0,"gold_gain":175,"player_choice":"AGREE","damage_taken":0,"max_hp_gain":0,"max_hp_loss":0,"event_name":"Liars Game","floor":8,"gold_loss":0,"cards_obtained":["Doubt"]},{"damage_healed":0,"gold_gain":0,"player_choice":"Donut","damage_taken":0,"max_hp_gain":5,"max_hp_loss":0,"event_name":"Big Fish","floor":12,"gold_loss":0},{"damage_healed":0,"gold_gain":0,"player_choice":"Obtained Relic","damage_taken":0,"relics_obtained":["Thread and Needle"],"max_hp_gain":0,"max_hp_loss":0,"event_name":"Addict","floor":24,"gold_loss":85},{"damage_healed":0,"gold_gain":0,"player_choice":"Read","damage_taken":0,"max_hp_gain":0,"max_hp_loss":0,"event_name":"The Library","floor":27,"gold_loss":0,"cards_obtained":["Accuracy"]}],"is_beta":false,"boss_relics":[{"not_picked":["Replay:Wanted Poster","Replay:Drink Me"],"picked":"SlaversCollar"},{"not_picked":["SacredBark","Philosopher\u0027s Stone"],"picked":"Fusion Hammer"}],"items_purged_floors":[14],"is_endless":false,"potions_floor_spawned":[1,3,7,13,16,20,28,37,40],"killed_by":"Writhing Mass","ascension_level":0}}