{"host":"sc8gyep369e97udg","time":1614311238,"event":{"mods":["BaseMod","Bestiary","Minty Spire (QoL Compilation)","Relic Stats"],"gold_per_floor":[118,138,154,154,79,112,62,62,112,139,156,180,212,228,228,328,328,348,360,373,2,18,18,51,51,51,0,0,10,23,41,41,145,145,162,172,69,88,88,88,103,103,103],"floor_reached":42,"language":"ENG","playtime":5232,"items_purged":["Regret","Strike_P"],"score":595,"play_id":"9015ae9b-b33e-43b2-bef3-0ba968da0212","local_time":"20210225224718","is_ascension_mode":true,"campfire_choices":[{"data":"Wallop","floor":8,"key":"SMITH"},{"data":"Eruption","floor":15,"key":"SMITH"},{"floor":23,"key":"REST"},{"floor":25,"key":"REST"},{"floor":32,"key":"REST"},{"floor":40,"key":"RECALL"}],"circlet_count":0,"master_deck":["Strike_P","Strike_P","Defend_P","Defend_P","Defend_P+1","Eruption+1","Vigilance","Conclude","WreathOfFlame","Protect","ThirdEye+1","Vengeance","Wallop+1","CutThroughFate","WindmillStrike","FearNoEvil","Halt","Devotion+1","Adaptation","EmptyMind+1","Perseverance+1","FollowUp","ThirdEye+1","Brilliance","Nirvana+1","Brilliance","Prostrate","FlyingSleeves+1"],"relics":["PureWater","PreservedInsect","Nunchaku","War Paint","Damaru","Odd Mushroom","SacredBark","Frozen Eye","Frozen Egg 2","Yang","Busted Crown"],"acts_visited":["Exordium","TheCity","TheBeyond"],"potions_floor_usage":[6,10,16,16,20,24,29,33,35,38,41,41],"damage_taken":[{"damage":0,"enemies":"Small Slimes","floor":1,"turns":2},{"damage":0,"enemies":"2 Louse","floor":2,"turns":2},{"damage":0,"enemies":"Cultist","floor":3,"turns":4},{"damage":2,"enemies":"3 Sentries","floor":6,"turns":2},{"damage":0,"enemies":"Lagavulin","floor":10,"turns":3},{"damage":0,"enemies":"Looter","floor":11,"turns":2},{"damage":0,"enemies":"The Mushroom Lair","floor":12,"turns":2},{"damage":0,"enemies":"Gremlin Nob","floor":13,"turns":2},{"damage":0,"enemies":"2 Fungi Beasts","floor":14,"turns":2},{"damage":11,"enemies":"Hexaghost","floor":16,"turns":9},{"damage":6,"enemies":"Shell Parasite","floor":18,"turns":4},{"damage":12,"enemies":"3 Byrds","floor":19,"turns":6},{"damage":10,"enemies":"Sentry and Sphere","floor":20,"turns":5},{"damage":23,"enemies":"Snake Plant","floor":22,"turns":6},{"damage":25,"enemies":"Slavers","floor":24,"turns":5},{"damage":0,"enemies":"Snecko","floor":29,"turns":4},{"damage":1,"enemies":"Sentry and Sphere","floor":30,"turns":4},{"damage":24,"enemies":"Shelled Parasite and Fungi","floor":31,"turns":4},{"damage":27,"enemies":"Collector","floor":33,"turns":9},{"damage":1,"enemies":"Orb Walker","floor":35,"turns":4},{"damage":0,"enemies":"3 Darklings","floor":36,"turns":5},{"damage":7,"enemies":"Writhing Mass","floor":38,"turns":5},{"damage":50,"enemies":"Transient","floor":41,"turns":5},{"damage":32,"enemies":"Nemesis","floor":42,"turns":2}],"seed_played":"-2170790822490054152","potions_obtained":[{"floor":2,"key":"BlessingOfTheForge"},{"floor":3,"key":"SkillPotion"},{"floor":12,"key":"LiquidBronze"},{"floor":13,"key":"PowerPotion"},{"floor":19,"key":"SkillPotion"},{"floor":22,"key":"BlessingOfTheForge"},{"floor":24,"key":"StancePotion"},{"floor":31,"key":"Explosive Potion"},{"floor":33,"key":"Fire Potion"},{"floor":35,"key":"SkillPotion"}],"is_trial":false,"path_per_floor":["M","M","M","?","$","E","?","R","T","E","M","?","E","M","R","B",null,"M","M","M","$","M","R","E","R","T","?","?","M","M","M","R","B",null,"M","M","$","M","?","R","M","E"],"character_chosen":"WATCHER","items_purchased":["Frozen Eye","FollowUp","Ancient Potion","Prostrate","Block Potion"],"campfire_rested":3,"item_purchase_floors":[21,21,21,37,37],"current_hp_per_floor":[72,72,72,72,72,70,70,70,70,70,70,70,70,70,70,59,72,66,54,44,44,21,42,17,38,38,38,38,38,37,13,34,7,72,71,71,71,64,64,64,14,0,0],"gold":103,"neow_bonus":"TRANSFORM_TWO_CARDS","is_daily":false,"chose_seed":false,"campfire_upgraded":2,"win_rate":0.0,"timestamp":1614311238,"path_taken":["M","M","M","?","$","E","?","R","T","E","M","?","E","M","R","BOSS","M","M","M","$","M","R","E","R","T","?","?","M","M","?","R","BOSS","M","M","$","M","?","R","M","E"],"items_purchased_type":["Relic","Card","Potion","Card","Potion"],"build_version":"2020-12-22","purchased_purges":2,"victory":false,"max_hp_per_floor":[72,72,72,72,72,72,72,72,72,72,72,72,72,72,72,72,72,72,72,72,72,72,72,72,72,72,72,72,72,72,72,72,72,72,72,72,72,72,68,68,68,68,68],"relic_stats":{"Nunchaku":[16],"Busted Crown":8,"counters":[24,98],"Yang":[84],"PreservedInsect":168,"War Paint":["Defend_P","ThirdEye"],"obtain_stats":[{"Frozen Eye":21,"Nunchaku":6,"Busted Crown":34,"SacredBark":17,"Damaru":10,"Yang":26,"PreservedInsect":4,"PureWater":0,"War Paint":9,"Odd Mushroom":12,"Frozen Egg 2":24},{"Frozen Eye":13,"Nunchaku":4,"Busted Crown":19,"SacredBark":10,"Damaru":5,"Yang":15,"PreservedInsect":3,"PureWater":0,"War Paint":4,"Odd Mushroom":7,"Frozen Egg 2":15},{"Frozen Eye":45,"Nunchaku":10,"Busted Crown":77,"SacredBark":30,"Damaru":13,"Yang":56,"PreservedInsect":8,"PureWater":0,"War Paint":10,"Odd Mushroom":17,"Frozen Egg 2":56}]},"card_choices":[{"not_picked":["CrushJoints","JustLucky"],"picked":"Protect","floor":1},{"not_picked":["ClearTheMind","EmptyMind"],"picked":"ThirdEye","floor":2},{"not_picked":["FlyingSleeves","CrushJoints"],"picked":"Vengeance","floor":3},{"not_picked":["SashWhip","WindmillStrike"],"picked":"Wallop","floor":6},{"not_picked":["Blasphemy","Collect"],"picked":"CutThroughFate","floor":10},{"not_picked":["ThirdEye","Fasting2"],"picked":"WindmillStrike","floor":11},{"not_picked":["Tantrum","Meditate"],"picked":"FearNoEvil","floor":12},{"not_picked":["ClearTheMind","Alpha"],"picked":"Halt","floor":13},{"not_picked":["CutThroughFate","Protect","EmptyFist"],"picked":"SKIP","floor":14},{"not_picked":["Omniscience","Ragnarok"],"picked":"Devotion","floor":16},{"not_picked":["SignatureMove","Collect+1"],"picked":"Adaptation","floor":18},{"not_picked":["EmptyBody","Protect+1"],"picked":"EmptyMind+1","floor":19},{"not_picked":["Indignation","JustLucky"],"picked":"Perseverance+1","floor":20},{"not_picked":["FollowUp","BowlingBash"],"picked":"ThirdEye+1","floor":22},{"not_picked":["WindmillStrike","ClearTheMind","CrushJoints"],"picked":"SKIP","floor":24},{"not_picked":["JustLucky","Wireheading+1"],"picked":"Brilliance","floor":29},{"not_picked":["Evaluate","Tantrum+1"],"picked":"Nirvana+1","floor":30},{"not_picked":["CutThroughFate+1","SandsOfTime","WreathOfFlame"],"picked":"SKIP","floor":31},{"not_picked":["Ragnarok","Scrawl"],"picked":"Brilliance","floor":33},{"not_picked":["ThirdEye+1"],"picked":"SKIP","floor":35},{"not_picked":["SignatureMove"],"picked":"SKIP","floor":36},{"not_picked":["Prostrate"],"picked":"SKIP","floor":38},{"not_picked":[],"picked":"FlyingSleeves+1","floor":41}],"player_experience":127851,"relics_obtained":[{"floor":6,"key":"Nunchaku"},{"floor":9,"key":"War Paint"},{"floor":10,"key":"Damaru"},{"floor":12,"key":"Odd Mushroom"},{"floor":24,"key":"Frozen Egg 2"},{"floor":26,"key":"Yang"}],"event_choices":[{"damage_healed":0,"gold_gain":0,"player_choice":"Box","damage_taken":0,"relics_obtained":["PreservedInsect"],"max_hp_gain":0,"max_hp_loss":0,"event_name":"Big Fish","floor":4,"gold_loss":0,"cards_obtained":["Regret"]},{"cards_removed":["Writhe"],"damage_healed":0,"gold_gain":0,"player_choice":"Card Removal","damage_taken":0,"max_hp_gain":0,"max_hp_loss":0,"event_name":"The Cleric","floor":7,"gold_loss":50},{"damage_healed":0,"gold_gain":0,"player_choice":"Fought Mushrooms","damage_taken":0,"max_hp_gain":0,"max_hp_loss":0,"event_name":"Mushrooms","floor":12,"gold_loss":0},{"damage_healed":0,"gold_gain":0,"player_choice":"Paid Fearfully","damage_taken":0,"max_hp_gain":0,"max_hp_loss":0,"event_name":"Masked Bandits","floor":27,"gold_loss":51},{"damage_healed":0,"gold_gain":0,"player_choice":"Upgraded","damage_taken":0,"max_hp_gain":0,"max_hp_loss":0,"event_name":"Upgrade Shrine","floor":28,"gold_loss":0,"cards_upgraded":["Devotion"]},{"damage_healed":0,"gold_gain":0,"player_choice":"Max HP","damage_taken":0,"max_hp_gain":0,"max_hp_loss":4,"event_name":"Winding Halls","floor":39,"gold_loss":0}],"is_beta":false,"boss_relics":[{"not_picked":["Sozu","Runic Dome"],"picked":"SacredBark"},{"not_picked":["Fusion Hammer","HolyWater"],"picked":"Busted Crown"}],"items_purged_floors":[5,21],"is_endless":false,"potions_floor_spawned":[2,3,12,13,19,22,24,31,33,35],"killed_by":"Nemesis","ascension_level":3}}