{"host":"en4narc5947t7k9n","time":1614346438,"event":{"mods":["AchievementEnabler","BaseMod","Colored Map","Minty Spire (QoL Compilation)","SuperFastMode"],"gold_per_floor":[110,110,124,143,160,193,193,210,210,222,239,239,259,280,280,280,280],"floor_reached":16,"language":"KOR","playtime":2022,"items_purged":[],"score":106,"play_id":"410e8728-72b8-44bd-9c6e-12171a2e8a70","local_time":"20210226223358","is_ascension_mode":false,"campfire_choices":[{"data":"Seeing Red","floor":7,"key":"SMITH"},{"data":"Armaments","floor":15,"key":"SMITH"}],"circlet_count":0,"master_deck":["Strike_R","Strike_R","Strike_R","Strike_R","Strike_R","Defend_R","Defend_R","Defend_R","Defend_R","Bash","Seeing Red+1","Ghostly Armor","Pommel Strike","Thunderclap","Armaments+1","Clash","Carnage","Flex","Inflame","Warcry"],"relics":["Burning Blood","NeowsBlessing","Bottled Flame","Odd Mushroom"],"acts_visited":["Exordium"],"potions_floor_usage":[11,13,14,16],"damage_taken":[{"damage":0,"enemies":"2 Louse","floor":1,"turns":1},{"damage":0,"enemies":"Cultist","floor":3,"turns":1},{"damage":0,"enemies":"Jaw Worm","floor":4,"turns":1},{"damage":30,"enemies":"Exordium Thugs","floor":5,"turns":7},{"damage":55,"enemies":"3 Sentries","floor":6,"turns":12},{"damage":1,"enemies":"3 Louse","floor":8,"turns":4},{"damage":7,"enemies":"2 Fungi Beasts","floor":10,"turns":4},{"damage":8,"enemies":"Red Slaver","floor":11,"turns":4},{"damage":0,"enemies":"Large Slime","floor":13,"turns":1},{"damage":12,"enemies":"The Mushroom Lair","floor":14,"turns":4},{"damage":20,"enemies":"Slime Boss","floor":16,"turns":6}],"seed_played":"-8527210118797377994","potions_obtained":[{"floor":5,"key":"ElixirPotion"},{"floor":8,"key":"AttackPotion"},{"floor":10,"key":"SteroidPotion"},{"floor":12,"key":"LiquidMemories"},{"floor":12,"key":"SkillPotion"}],"is_trial":false,"path_per_floor":["M","$","M","M","M","E","R","M","T","M","M","?","M","?","R","B"],"character_chosen":"IRONCLAD","items_purchased":[],"campfire_rested":0,"item_purchase_floors":[],"current_hp_per_floor":[80,80,80,80,56,7,7,12,12,11,9,9,15,9,9,0,0],"gold":280,"neow_bonus":"THREE_ENEMY_KILL","is_daily":false,"chose_seed":false,"campfire_upgraded":2,"win_rate":0.0,"timestamp":1614346438,"path_taken":["M","$","M","M","M","E","R","M","T","M","M","?","?","?","R","BOSS"],"items_purchased_type":[],"build_version":"2020-12-22","purchased_purges":0,"victory":false,"max_hp_per_floor":[80,80,80,80,80,80,80,80,80,80,80,80,80,80,80,80,80],"card_choices":[{"not_picked":["Flex","Wild Strike"],"picked":"Seeing Red","floor":1},{"not_picked":["Perfected Strike","Feel No Pain"],"picked":"Ghostly Armor","floor":3},{"not_picked":["Iron Wave","Body Slam"],"picked":"Pommel Strike","floor":4},{"not_picked":["True Grit","Iron Wave"],"picked":"Thunderclap","floor":5},{"not_picked":["Feel No Pain","Pommel Strike"],"picked":"Armaments","floor":6},{"not_picked":["Armaments","Exhume"],"picked":"Clash","floor":8},{"not_picked":["Armaments","Havoc"],"picked":"Carnage","floor":10},{"not_picked":["Rage","Clash"],"picked":"Flex","floor":11},{"not_picked":["Armaments","Searing Blow"],"picked":"Inflame","floor":13},{"not_picked":["Dark Embrace","Feel No Pain"],"picked":"Warcry","floor":14}],"player_experience":228581,"relics_obtained":[{"floor":6,"key":"Bottled Flame"},{"floor":14,"key":"Odd Mushroom"}],"event_choices":[{"damage_healed":0,"gold_gain":0,"player_choice":"Got Potions","damage_taken":0,"max_hp_gain":0,"max_hp_loss":0,"event_name":"Lab","floor":12,"gold_loss":0},{"damage_healed":0,"gold_gain":0,"player_choice":"Fought Mushrooms","damage_taken":0,"max_hp_gain":0,"max_hp_loss":0,"event_name":"Mushrooms","floor":14,"gold_loss":0}],"is_beta":false,"boss_relics":[],"items_purged_floors":[],"is_endless":false,"potions_floor_spawned":[5,8,10],"killed_by":"Slime Boss","ascension_level":0}}