{"host":"04hu06athq38zzol","time":1614378897,"event":{"mods":["Act Like it!","BaseMod","Colored Map","Colored Powertips","Highlight Path","Library of Ruina","Minty Spire (QoL Compilation)","Replay The Spire","StSLib","Waifu the Spire"],"gold_per_floor":[113,43,63,76,26,26,26,36,36,51,80,98,129,129,129,226,226,244,133,133,408,421,421,440,467,467,467,494,494,494,507,507,605,605,617,636,655,357,357,383,383,399,399,85,98,126,136,146,146,146,146,146,72,104,104],"floor_reached":56,"language":"ZHS","playtime":4187,"items_purged":[],"score":1084,"play_id":"4e1f521f-3178-4d44-bea4-169ed40e0d10","local_time":"20210227063457","is_ascension_mode":false,"campfire_choices":[{"data":"ShrineToMusic","floor":6,"key":"SMITH"},{"data":"DaringDecision","floor":15,"key":"SMITH"},{"floor":23,"key":"REST"},{"floor":27,"key":"REST"},{"floor":32,"key":"RECALL"},{"data":"ShrineToMusic","floor":41,"key":"SMITH"},{"data":"BlazingStrike","floor":49,"key":"SMITH"},{"data":"DistortedBlade","floor":52,"key":"SMITH"}],"circlet_count":0,"master_deck":["LightDefense","ChargeAndCover","FocusedStrikes","DaringDecision+1","BurningFlash","ShrineToMusic+1","Faith","Diversion","AlloutWar","FleetEdge","TieShanKao","Outburst","Faith","WillProduceFineSilk","Decapitation","Tttonst+1","FleetEdge","Regret","Unlock1+1","DaringDecision+1","ShrineToMusic+1","FieryDragonSlash","HiddenBlade","FeatherShield+1","Eradication","FrontalAssault+1","DistortedBlade+1","SturdyDefense+1","SwordOfVolition+1","UnavoidableGaze+1","Deflect_lor+1","LeRegole+1","BlazingStrike+1","EndlessBattle","FrontalAssault+1","FrontalAssault+1","FrontalAssault+1","FrontalAssault+1","WaitUp+1","SerpentSwordTechnique+1","SparkingSpear+1","Eradication","ShrineToMusic","ForTheFamily+1"],"relics":["PageOfLibrarian","PageOfPorccubus","PageOfPinocchio","Blue Doll","Replay:Drink Me","Centennial Puzzle","Toxic Egg 2","Bag of Preparation","Replay:Bronze Core","Orrery","Regal Pillow","PageOfNothingThere","Whetstone","Toolbox","PageOfScarecrow","Vajra"],"acts_visited":["Exordium","TheCity","TheBeyond","TheEnding"],"potions_floor_usage":[16,55,55],"damage_taken":[{"damage":1,"enemies":"Small Slimes","floor":1,"turns":3},{"damage":0,"enemies":"Jaw Worm","floor":3,"turns":3},{"damage":1,"enemies":"Cultist","floor":4,"turns":5},{"damage":0,"enemies":"2 Fungi Beasts","floor":8,"turns":1},{"damage":20,"enemies":"Exordium Thugs","floor":10,"turns":3},{"damage":3,"enemies":"3 Sentries","floor":11,"turns":4},{"damage":7,"enemies":"Looter","floor":12,"turns":2},{"damage":14,"enemies":"Gremlin Nob","floor":13,"turns":3},{"damage":19,"enemies":"Fading Forest","floor":16,"turns":11},{"damage":20,"enemies":"Chosen","floor":18,"turns":6},{"damage":35,"enemies":"2 Thieves","floor":22,"turns":5},{"damage":22,"enemies":"Snake Plant","floor":24,"turns":3},{"damage":26,"enemies":"Slavers","floor":25,"turns":5},{"damage":23,"enemies":"Gremlin Leader","floor":28,"turns":3},{"damage":16,"enemies":"Sentry and Sphere","floor":31,"turns":3},{"damage":22,"enemies":"Collector","floor":33,"turns":7},{"damage":12,"enemies":"3 Darklings","floor":35,"turns":3},{"damage":0,"enemies":"Orb Walker","floor":36,"turns":4},{"damage":10,"enemies":"Spire Growth","floor":37,"turns":3},{"damage":57,"enemies":"Giant Head","floor":40,"turns":7},{"damage":0,"enemies":"3 Darklings","floor":42,"turns":2},{"damage":0,"enemies":"Maw","floor":45,"turns":4},{"damage":9,"enemies":"Reptomancer","floor":46,"turns":2},{"damage":0,"enemies":"Transient","floor":47,"turns":5},{"damage":0,"enemies":"Sphere and 2 Shapes","floor":48,"turns":2},{"damage":0,"enemies":"Replay:Hell Engine","floor":50,"turns":5},{"damage":78,"enemies":"Shield and Spear","floor":54,"turns":6},{"damage":15,"enemies":"The Heart","floor":55,"turns":3}],"seed_played":"7682799714607953153","potions_obtained":[{"floor":3,"key":"SkillPotion"},{"floor":4,"key":"Doom Potion"},{"floor":8,"key":"Elixir"},{"floor":16,"key":"Fruit Juice"},{"floor":22,"key":"ColorlessPotion"}],"is_trial":false,"path_per_floor":["M","$","M","M","?","R","$","M","T","M","E","M","E","?","R","B",null,"M","$","?","?","M","R","M","E","T","R","E","?","T","M","R_BF","B",null,"M","M","M","$","?","E","R","M","T","$","M","E","M","M","R","B",null,"R","$","E","B",null],"character_chosen":"Librarian","items_purchased":["ShrineToMusic","Tttonst+1","FleetEdge","Orrery","BlazingStrike","FrontalAssault+1","Whetstone","Toolbox","ShrineToMusic"],"campfire_rested":2,"item_purchase_floors":[2,19,19,38,38,44,44,44,53],"current_hp_per_floor":[59,59,59,58,58,58,58,58,58,44,44,39,27,27,27,73,55,55,55,55,55,55,71,55,37,37,58,43,43,43,33,33,15,71,60,60,54,54,54,7,7,55,55,55,55,48,48,48,48,55,55,55,55,55,55],"gold":104,"neow_bonus":"ONE_RANDOM_RARE_CARD","is_daily":false,"chose_seed":false,"campfire_upgraded":5,"win_rate":0.0,"timestamp":1614378897,"path_taken":["M","$","M","M","?","R","?","M","T","M","E","?","E","?","R","BOSS","M","$","?","?","M","R","?","E","T","R","E","?","?","?","R_BF","BOSS","M","M","M","$","?","E","R","?","T","?","M","E","M","M","R","BOSS","R","$","E","BOSS"],"items_purchased_type":["Card","Card","Card","Relic","Card","Card","Relic","Relic","Card"],"build_version":"2020-12-22","purchased_purges":0,"victory":true,"max_hp_per_floor":[65,65,65,84,84,84,84,70,70,68,84,84,62,62,68,73,55,55,55,55,55,68,71,66,76,76,71,71,71,71,71,71,71,71,60,60,60,60,60,60,55,55,55,55,64,64,64,64,55,55,55,55,55,55,55],"card_choices":[{"not_picked":["SinglePointStab","SnakesPrey","IronWall","Observe","Quickness","WillOfThePrescript","EnergyShield","Standoff"],"picked":"BurningFlash","floor":1},{"not_picked":["HighKick","FendThisOffIfYouCan","RepressedFlesh","FieryDragonSlash","WillOfThePrescript","QuickSuppression","GuardingStance","StructuralAnalysis"],"picked":"Faith","floor":3},{"not_picked":["StrongStrike","Duel_lor","Eject","BiXi","Observe","SpearedSweep","SunsetBlade","Rewind"],"picked":"Diversion","floor":4},{"not_picked":["FleetEdge","Pound","Endure","BiAn","KeepItFresh","Fence","HandleRequest","PinpointShot"],"picked":"AlloutWar","floor":8},{"not_picked":["Outburst","EnergyCycle","FeelinGood","Rampage_lor","SuppressingShot","GrazeTheGrass","AsThePrescriptOrders","SharpSwipe"],"picked":"FleetEdge","floor":10},{"not_picked":["DeepDrag","BlindFaith","TrimTheIngredients","Leap_lor","DimensionalRift","PuppetBlockade","Pound","HandleRequest"],"picked":"TieShanKao","floor":11},{"not_picked":["ProselytesBlade","BlowItUp","AutonomousRush","PinpointShot","Overpower","MultiBlock","TimeForALittleTest","LoosenUp"],"picked":"Outburst","floor":12},{"not_picked":["Outburst","FaintMemories","Parry","Thrust","CrackOfDawn","FeelinGood","NightInTheBackstreets","SpearedSweep"],"picked":"Faith","floor":13},{"not_picked":["FleshFillet","Tttonst"],"picked":"WillProduceFineSilk","floor":16},{"not_picked":["FeelinGood+1","HighKick","EnergyShield","StructuralAnalysis","DarkCloud","Overpower","FleetFootsteps+1","RapidGashes"],"picked":"Decapitation","floor":18},{"not_picked":["UnavoidableGaze","StrikeDown","Creak","CombatPreparation","SinglePointStab+1","BladeWhirl+1","SunsetBlade","Eject"],"picked":"Unlock1","floor":22},{"not_picked":["Zzzzzap","BiAn","NonstopAssault","SweepTheBackstreets","Parry","NightInTheBackstreets","EnergyCycle","Outburst","Execute_lor"],"picked":"SKIP","floor":24},{"not_picked":["ViolentFlame","SuppressingShot","BackAttack","ForcefulGesture","BlindFaith+1","LoosenUp+1","MultiBlock","UnforgettableMelody"],"picked":"DaringDecision","floor":25},{"not_picked":["Multislash","PreemptiveStrike+1","SharpenedBlade","BiAn+1","StrikeDown+1","ViolentFlame","HiddenBlade","Rewind+1"],"picked":"ShrineToMusic","floor":28},{"not_picked":["ConcentratedFire","WillBeTasty+1","SmokingPipe+1","SpearedSweep","TimeForALittleTest","Parry","FlashingStrike","RapidGashes"],"picked":"FeatherShield+1","floor":31},{"not_picked":["GutHarvesting","ScratchThat"],"picked":"Eradication","floor":33},{"not_picked":["Parry2+1","Rewind+1","FleshFillet","EnergyCycle","BlindFaith+1","Faith+1","Outburst+1","UndertakePrescript+1"],"picked":"FrontalAssault+1","floor":35},{"not_picked":["Quickness+1","FlashOfSunup+1","Standoff","Parry2","EnergyStrike+1","FrontalAssault+1","JiaoTu","FieryDragonSlash"],"picked":"DistortedBlade","floor":36},{"not_picked":["FrontalAssault+1","AssaultOrder","Thrust","InnerArdor+1","Gamble+1","KeepItFresh+1","BackAttack+1","Parry+1"],"picked":"SturdyDefense+1","floor":37},{"not_picked":["Parry","Parry2","WillOfThePrescript+1","PreemptiveStrike+1","YoureAHindrance","FocusFire+1","Suppress","QuickAttack+1"],"picked":"SwordOfVolition+1","floor":38},{"not_picked":["BurningFlash","Thrust","Parry+1","StructuralAnalysis+1","TheRedNotes+1","AsThePrescriptOrders+1","NonstopAssault","Rewind+1"],"picked":"UnavoidableGaze+1","floor":38},{"not_picked":["GreatSerpentsImpact","BoundaryOfDeath","Parry2","StructuralAnalysis+1","HighKick","MirageStorm","YoureTooSlow+1","Outburst"],"picked":"Deflect_lor+1","floor":38},{"not_picked":["HiddenBlade","Marionette+1","Thrust+1","SunsetBlade","Diversion+1","Duel_lor+1","FaintMemories","ViolentFlame+1"],"picked":"LeRegole+1","floor":38},{"not_picked":["Leap_lor","GrazeTheGrass","Overpower+1","FeelinGood","ClassAndRespect","SteelKnuckles+1","EnergyCycle+1","SerpentSwordTechnique+1"],"picked":"FrontalAssault+1","floor":40},{"not_picked":["ClassAndRespect","PinpointShot+1","Outburst","YourShield+1","PreemptiveStrike+1","StrongStrike+1","StrikeDown","InkOver"],"picked":"FrontalAssault+1","floor":42},{"not_picked":["ShrineToMusic","StrikeDown+1","UnavoidableGaze+1","BindingArms","StrongStrike","DirtyBlow","QuickSuppression+1","SuppressingShot"],"picked":"WaitUp+1","floor":45},{"not_picked":["CombatPreparation+1","PinpointShot+1","SnakeSlit+1","Riposte","FieryDragonSlash","SparkingSpear+1","AsThePrescriptOrders+1","SharpenedBlade+1"],"picked":"SerpentSwordTechnique+1","floor":46},{"not_picked":["SkitterAway+1","IronWall+1","Guardian_lor+1","PreemptiveStrike","FeelinGood+1","Outburst","SpearedSweep+1","ClassAndRespect+1"],"picked":"SparkingSpear+1","floor":47},{"not_picked":["SkitterAway+1","QuickSuppression","SmokingPipe+1","KeepItFresh","SharpSwipe+1","EnergyStrike+1","Multislash","StrikeDown"],"picked":"Eradication","floor":48},{"not_picked":["RapidGashes","Faith+1","TheArtOfRapidSteps+1","EnergyCycle+1","HandleRequest+1","WrathOfTorment+1","FleetEdge+1","ReadyUp+1"],"picked":"ForTheFamily+1","floor":54}],"player_experience":238523,"relics_obtained":[{"floor":9,"key":"PageOfPorccubus"},{"floor":11,"key":"PageOfPinocchio"},{"floor":13,"key":"Blue Doll"},{"floor":25,"key":"Centennial Puzzle"},{"floor":26,"key":"Toxic Egg 2"},{"floor":28,"key":"Bag of Preparation"},{"floor":40,"key":"Regal Pillow"},{"floor":43,"key":"PageOfNothingThere"},{"floor":46,"key":"PageOfScarecrow"},{"floor":54,"key":"Vajra"}],"event_choices":[{"cards_removed":["Dodge"],"damage_healed":0,"gold_gain":0,"player_choice":"Card Removal","damage_taken":0,"max_hp_gain":0,"max_hp_loss":0,"event_name":"The Cleric","floor":5,"gold_loss":50},{"damage_healed":0,"gold_gain":0,"player_choice":"Got Potions","damage_taken":0,"max_hp_gain":0,"max_hp_loss":0,"event_name":"Lab","floor":14,"gold_loss":0},{"damage_healed":0,"gold_gain":0,"player_choice":"Ignored","damage_taken":0,"max_hp_gain":0,"max_hp_loss":0,"event_name":"Vampires","floor":20,"gold_loss":0},{"damage_healed":0,"gold_gain":275,"player_choice":"Desecrate","damage_taken":0,"max_hp_gain":0,"max_hp_loss":0,"event_name":"Golden Shrine","floor":21,"gold_loss":0,"cards_obtained":["Regret"]},{"damage_healed":0,"gold_gain":0,"cards_transformed":["LightAttack","LightDefense"],"player_choice":"Became Test Subject","damage_taken":0,"max_hp_gain":0,"max_hp_loss":0,"event_name":"Drug Dealer","floor":29,"gold_loss":0,"cards_obtained":["FieryDragonSlash","HiddenBlade"]},{"damage_healed":0,"gold_gain":0,"cards_transformed":["LightDefense"],"player_choice":"Transformed","damage_taken":0,"max_hp_gain":0,"max_hp_loss":0,"event_name":"Transmorgrifier","floor":39,"gold_loss":0,"cards_obtained":["EndlessBattle"]}],"is_beta":false,"boss_relics":[{"not_picked":["Painkiller Herb","ChewingGum"],"picked":"Replay:Drink Me"},{"not_picked":["Velvet Choker","Ring of Chaos"],"picked":"Replay:Bronze Core"}],"items_purged_floors":[],"is_endless":false,"potions_floor_spawned":[3,4,8,16,22,25,33,35,36,37,46,48],"ascension_level":0}}