{"host":"ul3z8ex5o8l5j7mh","time":1614377618,"event":{"mods":["2.2 Compatiblity","AchievementEnabler","BaseMod","Bestiary","Colored Map","Colored Powertips","Curses Come First","DeckTracker","Highlight Path","Keyboard Shortcuts","Minty Spire (QoL Compilation)","Relic Sorter","Relic Stats","StSLib","SuperFastMode"],"gold_per_floor":[117,117,133,60,60,86,11,11,35,110,110,151,151,184,184,184,184],"floor_reached":16,"language":"ENG","playtime":487,"items_purged":["Regret"],"score":154,"play_id":"16c6e0fe-e72e-4255-bd70-b57c027a480f","local_time":"20210226231338","is_ascension_mode":true,"campfire_choices":[{"data":"Infernal Blade","floor":8.0,"key":"SMITH"},{"data":"Rupture","floor":13.0,"key":"SMITH"},{"floor":15.0,"key":"REST"}],"circlet_count":0,"master_deck":["Strike_R","Strike_R","Strike_R","Strike_R","Strike_R","Defend_R","Defend_R","Defend_R","Defend_R","Bash","Rupture+1","Infernal Blade+1","Inflame","Injury","Rupture","Sever Soul"],"relics":["Burning Blood","Lantern","Ancient Tea Set","MealTicket","Happy Flower","Golden Idol","Eternal Feather","Mercury Hourglass"],"acts_visited":["Exordium"],"potions_floor_usage":[],"damage_taken":[{"damage":0.0,"enemies":"Small Slimes","floor":1.0,"turns":3.0},{"damage":6.0,"enemies":"Cultist","floor":3.0,"turns":3.0},{"damage":12.0,"enemies":"Gremlin Nob","floor":6.0,"turns":3.0},{"damage":35.0,"enemies":"Lagavulin","floor":12.0,"turns":5.0},{"damage":40.0,"enemies":"3 Sentries","floor":14.0,"turns":8.0},{"damage":66,"enemies":"The Guardian","floor":16,"turns":12}],"seed_played":"-4159235991291621389","potions_obtained":[{"floor":1.0,"key":"AttackPotion"},{"floor":2.0,"key":"Strength Potion"},{"floor":2.0,"key":"CultistPotion"},{"floor":3.0,"key":"Regen Potion"}],"is_trial":false,"path_per_floor":["M","?","M","$","?","E","$","R","T","?","?","E","R","E","R","B"],"character_chosen":"IRONCLAD","items_purchased":["Infernal Blade"],"campfire_rested":1,"item_purchase_floors":[4],"current_hp_per_floor":[78,78,78,78,78,72,80,80,80,69,69,54,63,29,62,0,0],"gold":184,"neow_bonus":"RANDOM_COMMON_RELIC","is_daily":false,"chose_seed":false,"campfire_upgraded":2,"win_rate":0.0,"timestamp":1614377618,"path_taken":["M","?","?","$","?","E","$","R","T","?","?","E","R","E","R","BOSS"],"items_purchased_type":["Card"],"build_version":"2020-12-22","purchased_purges":1,"victory":false,"max_hp_per_floor":[80,80,80,80,80,80,80,80,80,80,80,80,80,80,80,80,80],"relic_stats":{"Happy Flower":[8],"counters":[6,34],"Golden Idol":15,"MealTicket":8,"Eternal Feather":18,"obtain_stats":[{"Lantern":0,"Happy Flower":9,"Golden Idol":11,"MealTicket":6,"Eternal Feather":12,"Ancient Tea Set":5,"Burning Blood":0,"Mercury Hourglass":14},{"Lantern":0,"Happy Flower":3,"Golden Idol":3,"MealTicket":3,"Eternal Feather":4,"Ancient Tea Set":2,"Burning Blood":0,"Mercury Hourglass":5},{"Lantern":0,"Happy Flower":9,"Golden Idol":9,"MealTicket":9,"Eternal Feather":14,"Ancient Tea Set":6,"Burning Blood":0,"Mercury Hourglass":22}],"Burning Blood":30,"Mercury Hourglass":[30]},"card_choices":[{"not_picked":["Metallicize","Wild Strike","Havoc"],"picked":"SKIP","floor":1.0},{"not_picked":["Perfected Strike","Wild Strike"],"picked":"Rupture","floor":3.0},{"not_picked":["Intimidate","Wild Strike"],"picked":"Inflame","floor":6.0},{"not_picked":["Power Through","Sentinel"],"picked":"Rupture","floor":12.0},{"not_picked":["Heavy Blade","Thunderclap"],"picked":"Sever Soul","floor":14.0}],"player_experience":450833,"relics_obtained":[{"floor":6.0,"key":"MealTicket"},{"floor":9.0,"key":"Happy Flower"},{"floor":12.0,"key":"Eternal Feather"},{"floor":14.0,"key":"Mercury Hourglass"}],"event_choices":[{"damage_healed":0.0,"max_hp_gain":0.0,"max_hp_loss":0.0,"gold_gain":0.0,"event_name":"Lab","player_choice":"Got Potions","floor":2.0,"gold_loss":0.0,"damage_taken":0.0},{"damage_healed":0.0,"max_hp_gain":0.0,"max_hp_loss":0.0,"gold_gain":0.0,"event_name":"Big Fish","player_choice":"Box","floor":5.0,"gold_loss":0.0,"damage_taken":0.0,"relics_obtained":["Ancient Tea Set"],"cards_obtained":["Regret"]},{"damage_healed":0.0,"max_hp_gain":0.0,"max_hp_loss":0.0,"gold_gain":75.0,"event_name":"World of Goop","player_choice":"Gather Gold","floor":10.0,"gold_loss":0.0,"damage_taken":11.0},{"damage_healed":0.0,"max_hp_gain":0.0,"max_hp_loss":0.0,"gold_gain":0.0,"event_name":"Golden Idol","player_choice":"Take Wound","floor":11.0,"gold_loss":0.0,"damage_taken":0.0,"relics_obtained":["Golden Idol"],"cards_obtained":["Injury"]}],"is_beta":false,"boss_relics":[],"items_purged_floors":[7],"is_endless":false,"potions_floor_spawned":[1,3],"killed_by":"The Guardian","ascension_level":7}}