{"host":"m2qkn877fkm57m2k","time":1614302261,"event":{"mods":["AchievementEnabler","Bartender","BaseMod","Colored Map","Koishi","Magitek Elite","Minty Spire (QoL Compilation)","Permanent Neow","Relic Sorter","StSLib"],"gold_per_floor":[366,541,541,97,112,112,145,145,145,145,179,195,226,288,288,384,384,403,414,12,12,27,60,60,95,95,130,130,141,141,141,141,241,241,251,271,17,69,82,82,109,128,128,128,147,174,189,214,214,214],"floor_reached":51,"language":"ENG","playtime":5602,"items_purged":["Doubt","Writhe"],"score":1263,"play_id":"194c0675-d948-41e7-bb5f-4e2d01ba745c","local_time":"20210226021741","is_ascension_mode":true,"campfire_choices":[{"data":"Koishi:GhostParty","floor":6.0,"key":"SMITH"},{"data":"Koishi:SilentAndRestless","floor":8.0,"key":"SMITH"},{"data":"Koishi:GrowingPain","floor":10.0,"key":"SMITH"},{"data":"Koishi:Provoke","floor":15.0,"key":"SMITH"},{"data":"Koishi:Untouchable","floor":24.0,"key":"SMITH"},{"data":"Koishi:ApparitionsStalkTheNight","floor":28.0,"key":"SMITH"},{"data":"Koishi:BramblyRoseGarden","floor":32.0,"key":"SMITH"},{"data":"Koishi:Ego","floor":40.0,"key":"SMITH"},{"data":"Koishi:FourthEye","floor":44,"key":"SMITH"},{"data":"Koishi:RoseHell","floor":49,"key":"SMITH"}],"circlet_count":0,"master_deck":["Koishi:BasicStrike+1","Koishi:BasicDefend","Koishi:BasicDefend","Koishi:BasicDefend","Koishi:BasicDefend","Koishi:Provoke+1","Koishi:HauntingSlash+1","Koishi:GhostParty+1","Koishi:GrowingPain+1","Master of Strategy","Koishi:IdleWhim","Koishi:PhantomBarrier","Koishi:SilentAndRestless+1","Koishi:ApparitionsStalkTheNight","Koishi:BramblyRoseGarden+1","Koishi:HeartfeltFancy","Koishi:RoseHell+1","Koishi:StrangeCloudFist+1","Koishi:FourthEye+1","Koishi:Untouchable+1","Koishi:ApparitionsStalkTheNight+1","Koishi:EmbersOfLove","Ghostly","Ghostly","Ghostly","Ghostly","Ghostly","Koishi:Ego+1","Koishi:Possession","Koishi:PhilosophyOfTheDespised"],"relics":["Koishi:ImaginaryFriend","Vajra","Calipers","Angel_Ring","Power_Wrist","HornCleat","Empty Cage","Koishi:LettersToReimu","Nunchaku","Centennial Puzzle","Bottled Flame","Mango","Golden_Hairpin","Guard_Bracelet","Ribbon","Mummified Hand","Peace Pipe","Strawberry","Boot"],"acts_visited":["Exordium","TheCity","TheBeyond"],"potions_floor_usage":[50],"damage_taken":[{"damage":1.0,"enemies":"2 Louse","floor":1.0,"turns":4.0},{"damage":1.0,"enemies":"Small Slimes","floor":5.0,"turns":5.0},{"damage":8.0,"enemies":"Gremlin Nob","floor":7.0,"turns":9.0},{"damage":10.0,"enemies":"3 Sentries","floor":11.0,"turns":8.0},{"damage":0.0,"enemies":"Jaw Worm","floor":12.0,"turns":2.0},{"damage":0.0,"enemies":"Gremlin Nob","floor":13.0,"turns":2.0},{"damage":3.0,"enemies":"3 Sentries","floor":14.0,"turns":10.0},{"damage":6.0,"enemies":"Slime Boss","floor":16.0,"turns":11.0},{"damage":8.0,"enemies":"3 Byrds","floor":18.0,"turns":6.0},{"damage":17.0,"enemies":"Chosen","floor":19.0,"turns":6.0},{"damage":0.0,"enemies":"Snecko","floor":22.0,"turns":8.0},{"damage":3.0,"enemies":"Slavers","floor":23.0,"turns":9.0},{"damage":0.0,"enemies":"Gremlin Leader","floor":25.0,"turns":9.0},{"damage":3.0,"enemies":"Book of Stabbing","floor":27.0,"turns":4.0},{"damage":0.0,"enemies":"Snake Plant","floor":29.0,"turns":6.0},{"damage":0.0,"enemies":"Champ","floor":33.0,"turns":13.0},{"damage":0.0,"enemies":"Orb Walker","floor":35.0,"turns":7.0},{"damage":0.0,"enemies":"3 Shapes","floor":36.0,"turns":5.0},{"damage":0.0,"enemies":"2 Orb Walkers","floor":38.0,"turns":5.0},{"damage":0.0,"enemies":"Maw","floor":39.0,"turns":9.0},{"damage":0.0,"enemies":"Reptomancer","floor":41.0,"turns":9.0},{"damage":0,"enemies":"Sphere and 2 Shapes","floor":42,"turns":8},{"damage":0,"enemies":"Jaw Worm Horde","floor":45,"turns":5},{"damage":0,"enemies":"Nemesis","floor":46,"turns":12},{"damage":0,"enemies":"Spire Growth","floor":47,"turns":6},{"damage":0,"enemies":"Giant Head","floor":48,"turns":8},{"damage":0,"enemies":"Awakened One","floor":50,"turns":8}],"seed_played":"-4992967064852743401","potions_obtained":[{"floor":1.0,"key":"PowerPotion"},{"floor":5.0,"key":"Explosive Potion"},{"floor":7.0,"key":"Fire Potion"},{"floor":11.0,"key":"DuplicationPotion"},{"floor":13.0,"key":"Dexterity Potion"},{"floor":18.0,"key":"PowerPotion"},{"floor":22.0,"key":"SteroidPotion"},{"floor":23.0,"key":"SneckoOil"},{"floor":29.0,"key":"ColorlessPotion"},{"floor":33.0,"key":"Regen Potion"},{"floor":35.0,"key":"Fire Potion"},{"floor":36.0,"key":"LiquidMemories"},{"floor":45,"key":"SkillPotion"},{"floor":48,"key":"DuplicationPotion"}],"is_trial":false,"path_per_floor":["M","?","?","$","M","R","E","R","T","R","E","M","E","?","R","B",null,"M","M","$","?","M","E","R","E","T","E","R","M","?","?","R","B",null,"M","M","$","?","M","R","E","M","T","R","M","E","M","E","R","B",null],"character_chosen":"KOISHI","items_purchased":["Koishi:GrowingPain","Master of Strategy","Koishi:IdleWhim","Koishi:Untouchable","Koishi:LettersToReimu","Koishi:ApparitionsStalkTheNight","Guard_Bracelet"],"campfire_rested":0,"item_purchase_floors":[4,4,4,20,20,20,37],"current_hp_per_floor":[42,42,30,30,31,31,27,27,27,27,17,20,22,20,20,20,60,54,39,39,39,41,40,40,40,40,51,51,53,53,37,37,37,37,37,37,37,37,37,37,37,37,37,37,37,44,44,44,44,44],"gold":214,"neow_bonus":"TWO_FIFTY_GOLD","is_daily":false,"chose_seed":false,"campfire_upgraded":10,"win_rate":0.0,"timestamp":1614302261,"path_taken":["M","?","?","$","M","R","E","R","T","R","E","M","E","?","R","BOSS","M","M","$","?","M","E","R","E","T","E","R","M","?","?","R","BOSS","M","M","$","?","M","R","E","M","T","R","M","E","M","E","R","BOSS"],"items_purchased_type":["Card","Card","Card","Card","Relic","Card","Relic"],"build_version":"2020-12-22","purchased_purges":2,"victory":true,"max_hp_per_floor":[60,60,60,60,60,60,60,60,60,60,60,60,60,60,60,60,60,60,60,60,60,60,60,60,60,60,74,74,74,74,37,37,37,37,37,37,37,37,37,37,37,37,37,37,37,44,44,44,44,44],"card_choices":[{"not_picked":["Koishi:ParalyzingFear","Koishi:ReflexRadar"],"picked":"Koishi:GhostParty","floor":1.0},{"not_picked":["Koishi:StingingMind","Koishi:FleetingPhantom"],"picked":"Koishi:PhantomBarrier","floor":5.0},{"not_picked":["Koishi:ReflexRadar","Koishi:FleetingPhantom"],"picked":"Koishi:SilentAndRestless","floor":7.0},{"not_picked":["Koishi:RacingHeart","Koishi:TraumaticStroke"],"picked":"Koishi:ApparitionsStalkTheNight","floor":11.0},{"not_picked":["Koishi:Prune","Koishi:Catatonia"],"picked":"Koishi:BramblyRoseGarden","floor":12.0},{"not_picked":["Koishi:UnconsciousUrges","Koishi:StingingMind"],"picked":"Koishi:HeartfeltFancy","floor":13.0},{"not_picked":["Koishi:RollingInRichesHeart","Koishi:MentalBreakdown"],"picked":"Koishi:RoseHell","floor":16.0},{"not_picked":["Koishi:UnconsciousUprising+1","Koishi:BramblyRoseGarden+1"],"picked":"Koishi:StrangeCloudFist+1","floor":18.0},{"not_picked":["Koishi:PhantomStrike+1","Koishi:ApparitionsStalkTheNight"],"picked":"Koishi:FourthEye","floor":19.0},{"not_picked":["Koishi:DreadfulBlow+1","Koishi:ParalyzingFear","Koishi:BloodcurdlingScream+1"],"picked":"SKIP","floor":22.0},{"not_picked":["Koishi:FreudianInstinct","Koishi:UnseenTerror"],"picked":"Koishi:EmbersOfLove","floor":23.0},{"not_picked":["Koishi:Catatonia","Koishi:RorschachInDanmaku","Koishi:DreadfulBlow"],"picked":"SKIP","floor":25.0},{"not_picked":["Koishi:ImGoingToCallYouNow","Koishi:RacingHeart+1","Koishi:SpiritedAway"],"picked":"SKIP","floor":27.0},{"not_picked":["Koishi:ImGoingToCallYouNow","Koishi:RacingHeart+1","Koishi:SpiritedAway"],"picked":"SKIP","floor":27.0},{"not_picked":["Koishi:SubterraneanRose","Koishi:SprinkleStarAndHeart","Koishi:CatchAndRose"],"picked":"SKIP","floor":29.0},{"not_picked":["Koishi:ImGoingToCallYouNow","Koishi:PerfectMindControl"],"picked":"Koishi:Ego","floor":33.0},{"not_picked":["Koishi:SubterraneanRose+1","Koishi:ParalyzingFear+1"],"picked":"Koishi:Possession","floor":35.0},{"not_picked":["Koishi:Jaunt+1","Koishi:SubterraneanRose","Koishi:StingingMind+1"],"picked":"SKIP","floor":36.0},{"not_picked":["Koishi:Possession","Koishi:CatchAndRose+1","Koishi:SubterraneanRose"],"picked":"SKIP","floor":39.0},{"not_picked":["Koishi:RorschachInDanmaku","Koishi:Jaunt+1"],"picked":"Koishi:PhilosophyOfTheDespised","floor":41.0},{"not_picked":["Koishi:StingingMind","Koishi:FleetingPhantom+1","Koishi:SubterraneanRose"],"picked":"SKIP","floor":42},{"not_picked":["Koishi:RollingInRichesHeart","Koishi:ReflexRadar+1","Koishi:EmbersOfLove+1"],"picked":"SKIP","floor":45},{"not_picked":["Koishi:Prune+1","Koishi:PhilosophyOfTheDespised","Koishi:CatchAndRose"],"picked":"SKIP","floor":46},{"not_picked":["Koishi:UnconsciousUrges+1","Koishi:ParalyzingFear+1","Koishi:ReleaseOfTheId"],"picked":"SKIP","floor":47},{"not_picked":["Koishi:BloodcurdlingScream","Koishi:SubterraneanRose+1","Koishi:RacingHeart"],"picked":"SKIP","floor":48}],"player_experience":69453,"relics_obtained":[{"floor":7.0,"key":"Vajra"},{"floor":9.0,"key":"Calipers"},{"floor":11.0,"key":"Angel_Ring"},{"floor":13.0,"key":"Power_Wrist"},{"floor":14.0,"key":"HornCleat"},{"floor":23.0,"key":"Centennial Puzzle"},{"floor":25.0,"key":"Bottled Flame"},{"floor":27.0,"key":"Mango"},{"floor":38.0,"key":"Ribbon"},{"floor":41.0,"key":"Mummified Hand"},{"floor":43,"key":"Peace Pipe"},{"floor":46,"key":"Strawberry"},{"floor":48,"key":"Boot"}],"event_choices":[{"damage_healed":0.0,"max_hp_gain":0.0,"max_hp_loss":0.0,"gold_gain":175.0,"event_name":"Liars Game","player_choice":"AGREE","floor":2.0,"gold_loss":0.0,"damage_taken":0.0,"cards_obtained":["Doubt"]},{"damage_healed":0.0,"max_hp_gain":0.0,"max_hp_loss":0.0,"gold_gain":0.0,"event_name":"Shining Light","player_choice":"Entered Light","floor":3.0,"gold_loss":0.0,"damage_taken":12.0,"cards_upgraded":["Koishi:HauntingSlash","Koishi:BasicStrike"]},{"damage_healed":0.0,"max_hp_gain":0.0,"max_hp_loss":0.0,"gold_gain":0.0,"event_name":"Dead Adventurer","player_choice":"Searched \u00272\u0027 times","floor":14.0,"gold_loss":0.0,"damage_taken":0.0},{"damage_healed":0.0,"max_hp_gain":0.0,"max_hp_loss":0.0,"gold_gain":0.0,"event_name":"The Mausoleum","player_choice":"Opened","floor":21.0,"gold_loss":0.0,"damage_taken":0.0,"relics_obtained":["Nunchaku"],"cards_obtained":["Writhe"]},{"cards_removed":["Koishi:BasicStrike"],"damage_healed":0.0,"max_hp_gain":0.0,"max_hp_loss":0.0,"gold_gain":0.0,"event_name":"Back to Basics","player_choice":"Elegance","floor":30.0,"gold_loss":0.0,"damage_taken":0.0},{"damage_healed":0.0,"max_hp_gain":0.0,"max_hp_loss":37.0,"gold_gain":0.0,"event_name":"Ghosts","player_choice":"Became a Ghost","floor":31.0,"gold_loss":0.0,"damage_taken":0.0,"cards_obtained":["Ghostly","Ghostly","Ghostly","Ghostly","Ghostly"]},{"damage_healed":0.0,"max_hp_gain":0.0,"max_hp_loss":0.0,"gold_gain":0.0,"event_name":"Mysterious Sphere","player_choice":"Fight","floor":38.0,"gold_loss":0.0,"damage_taken":0.0}],"is_beta":false,"boss_relics":[{"not_picked":["Runic Dome","Velvet Choker"],"picked":"Empty Cage"},{"not_picked":["Busted Crown","Calling Bell"],"picked":"Golden_Hairpin"}],"items_purged_floors":[4,37],"is_endless":false,"potions_floor_spawned":[1,5,7,11,13,18,22,23,29,33,35,36,45,48],"ascension_level":4}}