{"host":"ve9aztkoyqeblvav","time":1614350266,"event":{"mods":["Act Like it!","Aspiration","BaseMod","Colored Map","Colored Powertips","Highlight Path","Marked Mod","Minty Spire (QoL Compilation)","Pale of the Ancients","Quick Restart","Reorder Act Four","StSLib","The Hierophant","Waifu the Spire","[IsaacMod]ÒÔÈö¼âËþ"],"gold_per_floor":[116,116,128,53,53,53,80,94,94,124,124,138,151,151,151,228,228,245,255,290,48,60,60,76,88,88,88,102,120,120,120,120,194,194,214,89,106,125,347,347,377,402,402,432,432,447,500,184,184,184,212,212,242,242,242,254,225,250,269,269,269,269,269,107,107,107,107],"floor_reached":55,"language":"ZHS","playtime":2703,"items_purged":["Defend_P","Strike_P","Defend_P","Strike_P","Strike_P"],"score":2152,"play_id":"5450e5ba-ea31-40ef-b186-ca620670687d","local_time":"20210226223746","is_ascension_mode":true,"campfire_choices":[{"data":"Eruption","floor":6.0,"key":"SMITH"},{"data":"Adaptation","floor":11.0,"key":"SMITH"},{"data":"BowlingBash","floor":15.0,"key":"SMITH"},{"data":"Tantrum","floor":23.0,"key":"SMITH"},{"data":"TalkToTheHand","floor":27.0,"key":"SMITH"},{"data":"Adaptation","floor":30.0,"key":"SMITH"},{"data":"MentalFortress","floor":32.0,"key":"SMITH"},{"data":"DeusExMachina","floor":40.0,"key":"SMITH"},{"data":"Fasting2","floor":41,"key":"SMITH"},{"floor":44,"key":"RECALL"},{"floor":49,"key":"REST"},{"data":"Vault","floor":54,"key":"SMITH"}],"circlet_count":0,"master_deck":["AscendersBane","Eruption+1","Vigilance","BowlingBash+1","MentalFortress+1","Adaptation+1","DevaForm","Tantrum+1","TalkToTheHand+1","FlurryOfBlows","Fasting2+1","Adaptation+1","DeusExMachina+1","ClearTheMind","TalkToTheHand+1","TalkToTheHand+1","Vault+1"],"relics":["PureWater","HushsDoor","GuppysPaw","Blood Vial","War Paint","Runic Pyramid","Red Mask","PillsDrop","VioletLotus","Juzu Bracelet","YumHeart","White Beast Statue","InkBottle","Torii","Lee\u0027s Waffle","Bottled Tornado","aspiration:SeaSaltIceCream","Empty Cage","BookofShadows","GuppysTail","Orrery"],"acts_visited":["Exordium","TheCity","TheBeyond","TheEnding"],"potions_floor_usage":[50],"damage_taken":[{"damage":6.0,"enemies":"Jaw Worm","floor":1.0,"turns":6.0},{"damage":0.0,"enemies":"Cultist","floor":3.0,"turns":2.0},{"damage":9.0,"enemies":"3 Sentries","floor":7.0,"turns":8.0},{"damage":0.0,"enemies":"Small Slimes","floor":8.0,"turns":3.0},{"damage":40.0,"enemies":"Lagavulin","floor":10.0,"turns":5.0},{"damage":0.0,"enemies":"3 Louse","floor":12.0,"turns":2.0},{"damage":0.0,"enemies":"2 Fungi Beasts","floor":13.0,"turns":3.0},{"damage":6.0,"enemies":"Hexaghost","floor":16.0,"turns":9.0},{"damage":2.0,"enemies":"Shell Parasite","floor":18.0,"turns":3.0},{"damage":0.0,"enemies":"Spheric Guardian","floor":19.0,"turns":3.0},{"damage":0.0,"enemies":"Masked Bandits","floor":20.0,"turns":4.0},{"damage":6.0,"enemies":"Centurion and Healer","floor":22.0,"turns":3.0},{"damage":3.0,"enemies":"Shelled Parasite and Fungi","floor":24.0,"turns":3.0},{"damage":16.0,"enemies":"Snake Plant","floor":25.0,"turns":3.0},{"damage":1.0,"enemies":"Chosen and Byrds","floor":28.0,"turns":4.0},{"damage":0.0,"enemies":"Snecko","floor":29.0,"turns":2.0},{"damage":12.0,"enemies":"Collector","floor":33.0,"turns":5.0},{"damage":0.0,"enemies":"3 Darklings","floor":35.0,"turns":3.0},{"damage":5.0,"enemies":"3 Shapes","floor":37.0,"turns":4.0},{"damage":9.0,"enemies":"Sphere and 2 Shapes","floor":38.0,"turns":4.0},{"damage":4.0,"enemies":"Nemesis","floor":41.0,"turns":3.0},{"damage":0.0,"enemies":"Mind Bloom Boss Battle","floor":42.0,"turns":5.0},{"damage":0.0,"enemies":"Giant Head","floor":44.0,"turns":4.0},{"damage":14.0,"enemies":"3 Darklings","floor":35.0,"turns":3.0},{"damage":21.0,"enemies":"2 Orb Walkers","floor":36.0,"turns":4.0},{"damage":1,"enemies":"Reptomancer","floor":40,"turns":2},{"damage":0,"enemies":"Giant Head","floor":42,"turns":2},{"damage":1,"enemies":"Sphere and 2 Shapes","floor":45,"turns":3},{"damage":0,"enemies":"Mind Bloom Boss Battle","floor":47,"turns":3},{"damage":33,"enemies":"Jaw Worm Horde","floor":48,"turns":3},{"damage":13,"enemies":"Donu and Deca","floor":50,"turns":2},{"damage":0,"enemies":"Awakened One","floor":51,"turns":3},{"damage":43,"enemies":"Shield and Spear","floor":55,"turns":2}],"seed_played":"-4047558286983551178","potions_obtained":[{"floor":5.0,"key":"BottledMiracle"},{"floor":5.0,"key":"LiquidBronze"},{"floor":10.0,"key":"SkillPotion"},{"floor":13.0,"key":"Strength Potion"},{"floor":16.0,"key":"Ancient Potion"},{"floor":19.0,"key":"BlessingOfTheForge"},{"floor":24.0,"key":"PowerPotion"},{"floor":25.0,"key":"Swift Potion"},{"floor":35.0,"key":"DuplicationPotion"},{"floor":38.0,"key":"Dexterity Potion"},{"floor":44.0,"key":"StancePotion"},{"floor":35.0,"key":"Energy Potion"},{"floor":36.0,"key":"DuplicationPotion"},{"floor":45,"key":"BottledMiracle"}],"is_trial":false,"path_per_floor":["M","?","M","$","?","R","E","M","T","E","R","M","M","?","R","B",null,"M","M","?","$","M","R","M","M","T","R","M","M","R","?","R","B",null,"M","$","M","M","?","R","E","?","T","E","M","M","?","$","?","?","E","R","E","T","R","M","$","?","M","R","B","B",null,"$","R","E"],"character_chosen":"WATCHER","items_purchased":["Tantrum","TalkToTheHand","FlurryOfBlows","Lee\u0027s Waffle","ClearTheMind","Orrery"],"campfire_rested":1,"item_purchase_floors":[17,21,21,37,46,53],"current_hp_per_floor":[55,55,55,55,55,55,46,48,48,10,10,12,14,7,7,3,35,35,37,39,39,33,33,32,18,18,18,19,21,21,21,21,11,32,34,34,31,24,24,24,22,24,24,26,32,19,25,37,37,35,34,34,35,35,35,34,34,35,2,12,22,24,32,32,32,0,0],"gold":107,"neow_bonus":"ONE_RARE_RELIC","is_daily":false,"chose_seed":false,"campfire_upgraded":10,"win_rate":0.0,"timestamp":1614350266,"path_taken":["M","?","M","$","?","R","E","M","T","E","R","?","M","?","R","BOSS","M","M","?","$","M","R","M","M","T","R","M","M","R","?","R","BOSS","M","$","M","M","?","R","E","?","T","E","M","M","?","$","?","?","E","R","E","T","R","M","$","?","M","R","BOSS","BOSS","$","R","E"],"items_purchased_type":["Card","Card","Card","Relic","Card","Relic"],"build_version":"2020-12-22","purchased_purges":5,"victory":false,"max_hp_per_floor":[62,62,62,62,62,62,62,62,62,59,59,59,59,59,59,53,45,45,45,39,39,39,39,39,39,39,39,39,39,39,39,39,39,39,39,39,36,36,36,36,33,33,33,33,33,33,30,37,37,35,35,35,35,35,35,35,35,35,35,35,35,35,35,35,35,32,32],"card_choices":[{"not_picked":["PathToVictory","MarkedMod:Acupuncture","Halt"],"picked":"SKIP","floor":1.0},{"not_picked":["Consecrate","FlurryOfBlows"],"picked":"BowlingBash","floor":3.0},{"not_picked":["Prostrate","Conclude"],"picked":"MentalFortress","floor":7.0},{"not_picked":["WaveOfTheHand","EmptyFist","Consecrate"],"picked":"SKIP","floor":8.0},{"not_picked":["Evaluate","MarkedMod:SlowDance"],"picked":"Adaptation","floor":10.0},{"not_picked":["CutThroughFate","ThirdEye","PathToVictory"],"picked":"SKIP","floor":12.0},{"not_picked":["ThirdEye","Perseverance","Crescendo"],"picked":"SKIP","floor":13.0},{"not_picked":["ThirdEye","Perseverance","Crescendo"],"picked":"SKIP","floor":13.0},{"not_picked":["ConjureBlade","Wish"],"picked":"DevaForm","floor":16.0},{"not_picked":["MarkedMod:GentlePulse+1","Conclude","MarkedMod:Acupuncture"],"picked":"SKIP","floor":18.0},{"not_picked":["MarkedMod:OneThousandNeedles","SignatureMove+1","ClearTheMind"],"picked":"SKIP","floor":19.0},{"not_picked":["MarkedMod:GentlePulse","Crescendo"],"picked":"Fasting2","floor":22.0},{"not_picked":["MarkedMod:OneThousandNeedles","Crescendo","LikeWater"],"picked":"SKIP","floor":24.0},{"not_picked":["Worship+1","Protect","Prostrate"],"picked":"SKIP","floor":25.0},{"not_picked":["Wireheading","CrushJoints"],"picked":"Adaptation","floor":28.0},{"not_picked":["Tantrum","Protect","PathToVictory+1"],"picked":"SKIP","floor":29.0},{"not_picked":["Ragnarok","MarkedMod:NorthStar"],"picked":"DeusExMachina","floor":33.0},{"not_picked":["Wallop","EmptyBody","MarkedMod:GentlePulse"],"picked":"SKIP","floor":35.0},{"not_picked":["Halt","PathToVictory","Swivel"],"picked":"SKIP","floor":37.0},{"not_picked":["Meditate","MarkedMod:FirstStrike+1","MentalFortress"],"picked":"SKIP","floor":38.0},{"not_picked":["Consecrate+1","Vengeance+1","Brilliance"],"picked":"SKIP","floor":41.0},{"not_picked":["CarveReality+1","EmptyMind","Study+1"],"picked":"SKIP","floor":44.0},{"not_picked":["ClearTheMind+1","EmptyBody","FlyingSleeves+1"],"picked":"SKIP","floor":35.0},{"not_picked":["MarkedMod:GentlePulse+1","MarkedMod:PinPointDefense","Conclude"],"picked":"SKIP","floor":40},{"not_picked":["SashWhip+1","Evaluate+1","FearNoEvil"],"picked":"SKIP","floor":42},{"not_picked":["Wish","MarkedMod:FirstStrike","CutThroughFate"],"picked":"SKIP","floor":45},{"not_picked":["Wish","MarkedMod:FirstStrike","CutThroughFate"],"picked":"SKIP","floor":45},{"not_picked":["DeceiveReality","MarkedMod:GentlePulse"],"picked":"TalkToTheHand+1","floor":47},{"not_picked":["LikeWater","Collect+1","WaveOfTheHand+1"],"picked":"SKIP","floor":48},{"not_picked":["Prostrate","MarkedMod:GentlePulse"],"picked":"TalkToTheHand+1","floor":53},{"not_picked":["CutThroughFate","Worship+1"],"picked":"Vault","floor":53}],"player_experience":1724556,"relics_obtained":[{"floor":7.0,"key":"Blood Vial"},{"floor":10.0,"key":"War Paint"},{"floor":20.0,"key":"Red Mask"},{"floor":26.0,"key":"PillsDrop"},{"floor":41.0,"key":"Juzu Bracelet"},{"floor":42.0,"key":"YumHeart"},{"floor":43.0,"key":"White Beast Statue"},{"floor":44.0,"key":"InkBottle"},{"floor":36.0,"key":"Torii"},{"floor":40,"key":"Bottled Tornado"},{"floor":42,"key":"aspiration:SeaSaltIceCream"},{"floor":43,"key":"BookofShadows"},{"floor":47,"key":"GuppysTail"}],"event_choices":[{"damage_healed":0.0,"max_hp_gain":0.0,"max_hp_loss":0.0,"gold_gain":0.0,"event_name":"Liars Game","player_choice":"Ignored","floor":2.0,"gold_loss":0.0,"damage_taken":0.0},{"damage_healed":0.0,"max_hp_gain":0.0,"max_hp_loss":0.0,"gold_gain":0.0,"event_name":"Lab","player_choice":"Got Potions","floor":5.0,"gold_loss":0.0,"damage_taken":0.0},{"cards_removed":["Strike_P"],"damage_healed":0.0,"max_hp_gain":0.0,"max_hp_loss":0.0,"gold_gain":0.0,"event_name":"Golden Wing","player_choice":"Card Removal","floor":14.0,"gold_loss":0.0,"damage_taken":7.0},{"damage_healed":0.0,"max_hp_gain":0.0,"max_hp_loss":0.0,"gold_gain":0.0,"event_name":"Masked Bandits","player_choice":"Fought Bandits","floor":20.0,"gold_loss":0.0,"damage_taken":0.0},{"damage_healed":0.0,"max_hp_gain":0.0,"max_hp_loss":0.0,"gold_gain":0.0,"event_name":"The Mausoleum","player_choice":"Ignored","floor":31.0,"gold_loss":0.0,"damage_taken":0.0},{"damage_healed":0.0,"max_hp_gain":0.0,"max_hp_loss":0.0,"gold_gain":222.0,"event_name":"Tomb of Lord Red Mask","player_choice":"Wore Mask","floor":39.0,"gold_loss":0.0,"damage_taken":0.0},{"damage_healed":0.0,"max_hp_gain":0.0,"max_hp_loss":0.0,"gold_gain":0.0,"event_name":"MindBloom","player_choice":"Fight","floor":42.0,"gold_loss":0.0,"damage_taken":0.0},{"damage_healed":0.0,"max_hp_gain":0.0,"max_hp_loss":0.0,"gold_gain":0.0,"event_name":"Mysterious Sphere","player_choice":"Fight","floor":36.0,"gold_loss":0.0,"damage_taken":0.0},{"damage_healed":0.0,"max_hp_gain":0.0,"max_hp_loss":0.0,"gold_gain":0.0,"event_name":"SensoryStone","player_choice":"Memory 1","floor":38.0,"gold_loss":0.0,"damage_taken":0.0},{"damage_healed":0.0,"max_hp_gain":0.0,"max_hp_loss":2.0,"gold_gain":0.0,"event_name":"Winding Halls","player_choice":"Max HP","floor":39.0,"gold_loss":0.0,"damage_taken":0.0},{"damage_healed":0,"gold_gain":0,"player_choice":"Fight","damage_taken":0,"max_hp_gain":0,"max_hp_loss":0,"event_name":"MindBloom","floor":47,"gold_loss":0}],"is_beta":false,"boss_relics":[{"not_picked":["Snecko Eye","Sozu"],"picked":"Runic Pyramid"},{"not_picked":[]},{"not_picked":["aspiration:SecretTechniqueScroll","Calling Bell"],"picked":"VioletLotus"},{"not_picked":[]}],"items_purged_floors":[4,17,21,36,37],"is_endless":false,"potions_floor_spawned":[10,12,13,16,19,24,25,35,38,42,44,35,36,40,42,45,47,48],"killed_by":"Shield and Spear","ascension_level":20}}