{"host":"aovbmu76o5toxav1","time":1614375806,"event":{"mods":["BaseMod","Jorbs\u0027s Wanderer Trilogy","Marisa????????","Minty Spire (QoL Compilation)","StSLib","The Bug Knight","The Servant 0.9.4"],"gold_per_floor":[115,133,153,164,176,176,19,35,35,60,70,70,97,116,116,215,215,252,252,0,12,12,12,12],"floor_reached":23,"language":"ENG","playtime":2114,"items_purged":[],"score":205,"play_id":"9cfb5065-b678-4497-b711-9250d543a43c","local_time":"20210226164326","is_ascension_mode":false,"campfire_choices":[{"data":"HollowMod:TaintedHusks","floor":6,"key":"SMITH"},{"data":"HollowMod:SoulSplash","floor":12,"key":"SMITH"},{"floor":15,"key":"REST"}],"circlet_count":0,"master_deck":["HollowMod:NailStrikeStart","HollowMod:NailStrikeStart","HollowMod:NailStrikeStart","HollowMod:NailStrikeStart","HollowMod:QuickDashStart","HollowMod:QuickDashStart","HollowMod:QuickDashStart","HollowMod:QuickDashStart","HollowMod:FocusHealStart","HollowMod:PogoStrike","HollowMod:PureNailStrike","HollowMod:TaintedHusks+1","HollowMod:DungDefenderAura","HollowMod:Grubsong","HollowMod:InfectionAssault","HollowMod:SoulSplash+1","HollowMod:GrimmsGift","HollowMod:FallenFury","HollowMod:DesolateDive","HollowMod:PureVessel","CurseOfTheBell","HollowMod:CycloneSlash","J.A.X.","HollowMod:NewLastStag","HollowMod:SoulVessel"],"relics":["HollowMod:VesselMask","Du-Vu Doll","Toolbox","Kunai","Lantern","Pantograph","Calling Bell","Omamori","HollowMod:MantisClawRelic","Calipers"],"acts_visited":["Exordium","TheCity"],"potions_floor_usage":[13,13,16,23],"damage_taken":[{"damage":3,"enemies":"Jaw Worm","floor":1,"turns":3},{"damage":0,"enemies":"2 Louse","floor":2,"turns":3},{"damage":3,"enemies":"Small Slimes","floor":3,"turns":2},{"damage":7,"enemies":"Blue Slaver","floor":4,"turns":6},{"damage":23,"enemies":"Gremlin Gang","floor":5,"turns":7},{"damage":0,"enemies":"3 Louse","floor":8,"turns":2},{"damage":26,"enemies":"Lagavulin","floor":10,"turns":5},{"damage":0,"enemies":"Large Slime","floor":11,"turns":4},{"damage":42,"enemies":"3 Sentries","floor":13,"turns":8},{"damage":0,"enemies":"Exordium Thugs","floor":14,"turns":3},{"damage":56,"enemies":"HollowMod:FalseKnight","floor":16,"turns":9},{"damage":32,"enemies":"HollowMod:HuskSentry","floor":18,"turns":9},{"damage":16,"enemies":"Chosen","floor":21,"turns":5},{"damage":33,"enemies":"Gremlin Leader","floor":23,"turns":3}],"seed_played":"2596386687278165833","potions_obtained":[{"floor":1,"key":"Regen Potion"},{"floor":4,"key":"SmokeBomb"},{"floor":8,"key":"SkillPotion"},{"floor":10,"key":"Energy Potion"},{"floor":11,"key":"BlessingOfTheForge"},{"floor":16,"key":"EssenceOfSteel"}],"is_trial":false,"path_per_floor":["M","M","M","M","M","R","$","M","T","E","M","R","E","M","R","B",null,"M","?","?","M","$","E"],"character_chosen":"THE_BUGKNIGHT","items_purchased":["Toolbox"],"campfire_rested":1,"item_purchase_floors":[7],"current_hp_per_floor":[65,65,62,61,44,44,44,44,44,24,24,24,7,7,27,6,68,42,42,42,32,32,0,0],"gold":12,"neow_bonus":"ONE_RARE_RELIC","is_daily":false,"chose_seed":false,"campfire_upgraded":2,"win_rate":0.0,"timestamp":1614375806,"path_taken":["M","M","M","M","M","R","$","M","T","E","M","R","E","M","R","BOSS","M","?","?","?","$","E"],"items_purchased_type":["Relic"],"build_version":"2020-12-22","purchased_purges":0,"victory":false,"max_hp_per_floor":[68,68,68,68,68,68,68,68,68,68,68,68,68,68,68,68,68,68,68,68,68,68,68,68],"card_choices":[{"not_picked":["HollowMod:RecoilStrike","HollowMod:MothsMistake"],"picked":"HollowMod:PureNailStrike","floor":1},{"not_picked":["HollowMod:VengefulSpirit","HollowMod:HeavyBlow"],"picked":"HollowMod:TaintedHusks","floor":2},{"not_picked":["HollowMod:CrystalDash","HollowMod:SoulSplash"],"picked":"HollowMod:DungDefenderAura","floor":3},{"not_picked":["HollowMod:VengefulVoid","HollowMod:WraithStrike"],"picked":"HollowMod:Grubsong","floor":4},{"not_picked":["HollowMod:NewJinnsSoul","HollowMod:ChannelNail"],"picked":"HollowMod:InfectionAssault","floor":5},{"not_picked":["HollowMod:HeavyBlow","HollowMod:ShadowDash","HollowMod:theNailsmith"],"picked":"SKIP","floor":8},{"not_picked":["HollowMod:LifebloodCocoon","HollowMod:FastStrike"],"picked":"HollowMod:SoulSplash","floor":10},{"not_picked":["HollowMod:InfectionAssault","HollowMod:SharpenedShadows"],"picked":"HollowMod:GrimmsGift","floor":11},{"not_picked":["HollowMod:VengefulVoid","HollowMod:VoidDash"],"picked":"HollowMod:FallenFury","floor":13},{"not_picked":["HollowMod:ChannelNail","HollowMod:WraithStrike"],"picked":"HollowMod:DesolateDive","floor":14},{"not_picked":["HollowMod:LifebloodCore","HollowMod:VoidDash"],"picked":"HollowMod:PureVessel","floor":16},{"not_picked":["HollowMod:DescendingDark+1","HollowMod:HeavyBlow"],"picked":"HollowMod:CycloneSlash","floor":18},{"not_picked":["HollowMod:ElderbugsWisdom","HollowMod:SiblingsShadow"],"picked":"HollowMod:SoulVessel","floor":21}],"player_experience":143001,"relics_obtained":[{"floor":9,"key":"Kunai"},{"floor":10,"key":"Lantern"},{"floor":13,"key":"Pantograph"},{"floor":17,"key":"Omamori"},{"floor":17,"key":"HollowMod:MantisClawRelic"},{"floor":17,"key":"Calipers"}],"event_choices":[{"damage_healed":0,"gold_gain":0,"player_choice":"Obtain J.A.X.","damage_taken":0,"max_hp_gain":0,"max_hp_loss":0,"event_name":"Drug Dealer","floor":19,"gold_loss":0,"cards_obtained":["J.A.X."]}],"is_beta":false,"boss_relics":[{"not_picked":["Cursed Key","Velvet Choker"],"picked":"Calling Bell"}],"items_purged_floors":[],"is_endless":false,"potions_floor_spawned":[1,4,8,10,11,16],"killed_by":"Gremlin Leader","ascension_level":0}}