{"host":"r4j5b3etkqj66d96","time":1614331299,"event":{"mods":["BaseMod","Colored Map","DeckTracker","Highlight Path","Minty Spire (QoL Compilation)","Quick Restart","Relic Stats","StSLib","SuperFastMode"],"gold_per_floor":[113,163,176,196,206,206,206],"floor_reached":6,"language":"JPN","playtime":235,"items_purged":[],"score":76,"play_id":"9731fdd4-ee91-40a3-954b-3533ec6a52b2","local_time":"20210226182139","is_ascension_mode":true,"campfire_choices":[],"circlet_count":0,"master_deck":["AscendersBane","Strike_G","Strike_G","Strike_G","Strike_G","Strike_G","Defend_G","Defend_G","Defend_G","Defend_G","Defend_G","Survivor","Neutralize","Dodge and Roll","Backflip","Acrobatics","Dagger Spray"],"relics":["Runic Dome"],"acts_visited":["Exordium"],"potions_floor_usage":[6],"damage_taken":[{"damage":6,"enemies":"2 Louse","floor":1,"turns":4},{"damage":2,"enemies":"Cultist","floor":3,"turns":5},{"damage":0,"enemies":"Jaw Worm","floor":4,"turns":5},{"damage":11,"enemies":"Looter","floor":5,"turns":4},{"damage":47,"enemies":"Gremlin Nob","floor":6,"turns":4}],"seed_played":"-4210278093251612966","potions_obtained":[{"floor":1,"key":"Weak Potion"}],"is_trial":false,"path_per_floor":["M","?","M","M","M","E"],"character_chosen":"THE_SILENT","items_purchased":[],"campfire_rested":0,"item_purchase_floors":[],"current_hp_per_floor":[53,53,51,51,40,0,0],"gold":206,"neow_bonus":"BOSS_RELIC","is_daily":false,"chose_seed":false,"campfire_upgraded":0,"win_rate":0.0,"timestamp":1614331299,"path_taken":["M","?","M","M","?","E"],"items_purchased_type":[],"build_version":"2020-12-22","purchased_purges":0,"victory":false,"max_hp_per_floor":[66,66,66,66,66,66,66],"relic_stats":{"counters":[5,22],"obtain_stats":[{"Runic Dome":0,"Ring of the Snake":0},{"Runic Dome":0,"Ring of the Snake":0},{"Runic Dome":0,"Ring of the Snake":0}]},"card_choices":[{"not_picked":["Finisher","Outmaneuver"],"picked":"Dodge and Roll","floor":1},{"not_picked":["Underhanded Strike","Blade Dance"],"picked":"Backflip","floor":3},{"not_picked":["Deflect","Bane"],"picked":"Acrobatics","floor":4},{"not_picked":["Escape Plan","Bouncing Flask"],"picked":"Dagger Spray","floor":5}],"player_experience":1312592,"relics_obtained":[],"event_choices":[{"damage_healed":0,"gold_gain":50,"player_choice":"Pray","damage_taken":0,"max_hp_gain":0,"max_hp_loss":0,"event_name":"Golden Shrine","floor":2,"gold_loss":0}],"is_beta":false,"boss_relics":[],"items_purged_floors":[],"is_endless":false,"potions_floor_spawned":[1],"killed_by":"Gremlin Nob","ascension_level":20}}