{"host":"dbkc9h3etq50r1dq","time":1614355259,"event":{"mods":["100% Spire Juice","AchievementEnabler","BaseMod","Block Reminder","Colored Powertips","Curses Come First","Dark Map","Minty Spire (QoL Compilation)","Permanent Neow","Potion Indicator Mod","Random Character Button","Rare Cards Sparkle","StSLib","SuperFastMode","Weighted Paths"],"gold_per_floor":[118,118,118,17,32,32,66,66,66,92,92,111,1,28,28,126,126,142,156,182,194,205,205,205,205],"floor_reached":24,"language":"ZHS","playtime":776,"items_purged":[],"score":287,"play_id":"ca2db6bc-a41a-47ee-996e-2439e1eb0db9","local_time":"20210227000059","is_ascension_mode":true,"campfire_choices":[{"data":"Moonworks:Ambush","floor":6.0,"key":"SMITH"},{"floor":11.0,"key":"REST"},{"data":"1","floor":15.0,"key":"LIFT"},{"floor":23,"key":"REST"}],"circlet_count":0,"master_deck":["Moonworks:Strike","Moonworks:Strike","Moonworks:Strike","Moonworks:Defend","Moonworks:Defend","Moonworks:Defend","Moonworks:Defend","Moonworks:Ambush+1","Moonworks:LongDistanceShot","Moonworks:SakisCookie","Moonworks:ScrambledEve","Moonworks:Flamethrower","Moonworks:NicePresent","Moonworks:SubspaceTunnel","Moonworks:IndiscriminateFireSupport+1","Moonworks:SakisCookie","Moonworks:SakisCookie","Moonworks:Bloodlust","Moonworks:CrystalBarrier","Moonworks:SakisCookie","Moonworks:SakisCookie+1","Moonworks:SakisCookie"],"relics":["Moonworks:BrokenBomb","Moonworks:Homemark","Ancient Tea Set","Girya","Peace Pipe","Molten Egg 2","Bag of Preparation","Sozu","Red Mask"],"acts_visited":["Exordium","TheCity"],"potions_floor_usage":[20],"damage_taken":[{"damage":0.0,"enemies":"Small Slimes","floor":1.0,"turns":3.0},{"damage":0.0,"enemies":"2 Louse","floor":4.0,"turns":2.0},{"damage":0.0,"enemies":"Cultist","floor":5.0,"turns":4.0},{"damage":16.0,"enemies":"Lagavulin","floor":7.0,"turns":5.0},{"damage":12.0,"enemies":"Gremlin Nob","floor":10.0,"turns":3.0},{"damage":0.0,"enemies":"Looter","floor":12.0,"turns":2.0},{"damage":4.0,"enemies":"Blue Slaver","floor":13.0,"turns":3.0},{"damage":10.0,"enemies":"3 Sentries","floor":14.0,"turns":3.0},{"damage":12.0,"enemies":"Slime Boss","floor":16.0,"turns":4.0},{"damage":0.0,"enemies":"3 Byrds","floor":18.0,"turns":1.0},{"damage":25.0,"enemies":"2 Thieves","floor":19.0,"turns":3.0},{"damage":29,"enemies":"Masked Bandits","floor":20,"turns":3},{"damage":8,"enemies":"Cultist and Chosen","floor":21,"turns":2},{"damage":4,"enemies":"3 Cultists","floor":22,"turns":2},{"damage":75,"enemies":"Book of Stabbing","floor":24,"turns":6}],"seed_played":"-8235295274112667861","potions_obtained":[{"floor":13.0,"key":"Fire Potion"},{"floor":14.0,"key":"FearPotion"},{"floor":16.0,"key":"SkillPotion"}],"is_trial":false,"path_per_floor":["M","?","?","M","M","R","E","?","T","E","R","M","M","E","R","B",null,"M","M","?","M","M","R","E"],"character_chosen":"THE_STARBREAKER","items_purchased":[],"campfire_rested":2,"item_purchase_floors":[],"current_hp_per_floor":[60,60,65,65,65,65,49,49,49,37,56,58,54,50,50,44,65,65,50,39,36,39,58,0,0],"gold":205,"neow_bonus":"RANDOM_COMMON_RELIC","is_daily":false,"chose_seed":false,"campfire_upgraded":1,"win_rate":0.0,"timestamp":1614355259,"path_taken":["M","?","?","M","M","R","E","?","T","E","R","M","?","E","R","BOSS","M","M","?","M","M","R","E"],"items_purchased_type":[],"build_version":"2020-12-22","purchased_purges":0,"victory":false,"max_hp_per_floor":[60,60,65,65,65,65,65,65,65,65,65,65,65,65,65,65,65,65,65,65,65,65,65,65,65],"card_choices":[{"not_picked":["Moonworks:NicePresent","Moonworks:ImOnFire"],"picked":"Moonworks:SakisCookie","floor":1.0},{"not_picked":["Moonworks:LulusLuckyEgg","Moonworks:UnluckyCharm"],"picked":"Moonworks:ScrambledEve","floor":4.0},{"not_picked":["Moonworks:BigMagnum","Moonworks:ExtendedPhotonRifle"],"picked":"Moonworks:Flamethrower","floor":5.0},{"not_picked":["Moonworks:StiffCrystal","Moonworks:IndiscriminateFireSupport"],"picked":"Moonworks:NicePresent","floor":7.0},{"not_picked":["Moonworks:Dinner","Moonworks:BigMagnum"],"picked":"Moonworks:IndiscriminateFireSupport+1","floor":10.0},{"not_picked":["Moonworks:BigMagnum","Moonworks:EvilMastermind"],"picked":"Moonworks:SakisCookie","floor":12.0},{"not_picked":["Moonworks:LulusLuckyEgg","Moonworks:DeployBits"],"picked":"Moonworks:SakisCookie","floor":13.0},{"not_picked":["Moonworks:ImOnFire","Moonworks:UnluckyCharm"],"picked":"Moonworks:Bloodlust","floor":14.0},{"not_picked":["Moonworks:WeAreWaruda","Moonworks:ReflectiveShell"],"picked":"Moonworks:CrystalBarrier","floor":16.0},{"not_picked":["Moonworks:LulusLuckyEgg+1","Moonworks:BindingChains"],"picked":"Moonworks:SakisCookie","floor":18.0},{"not_picked":["Moonworks:DeployBits+1","Moonworks:ImOnFire","Moonworks:JonathanRush+1"],"picked":"SKIP","floor":19.0},{"not_picked":["Moonworks:BigBangBell","Moonworks:Dinner"],"picked":"Moonworks:SakisCookie+1","floor":20},{"not_picked":["Moonworks:BigMagnum","Moonworks:BigBangBell+1","Moonworks:Assault+1"],"picked":"SKIP","floor":21},{"not_picked":["Moonworks:LulusLuckyEgg","Moonworks:BigBangBell"],"picked":"Moonworks:SakisCookie","floor":22}],"player_experience":196845,"relics_obtained":[{"floor":7.0,"key":"Girya"},{"floor":9.0,"key":"Peace Pipe"},{"floor":10.0,"key":"Molten Egg 2"},{"floor":14.0,"key":"Bag of Preparation"},{"floor":20,"key":"Red Mask"}],"event_choices":[{"damage_healed":0.0,"max_hp_gain":0.0,"max_hp_loss":0.0,"gold_gain":0.0,"event_name":"The Cleric","player_choice":"Leave","floor":2.0,"gold_loss":0.0,"damage_taken":0.0},{"damage_healed":0.0,"max_hp_gain":5.0,"max_hp_loss":0.0,"gold_gain":0.0,"event_name":"Big Fish","player_choice":"Donut","floor":3.0,"gold_loss":0.0,"damage_taken":0.0},{"damage_healed":0.0,"max_hp_gain":0.0,"max_hp_loss":0.0,"gold_gain":0.0,"cards_transformed":["Moonworks:Strike"],"event_name":"Transmorgrifier","player_choice":"Transformed","floor":8.0,"gold_loss":0.0,"damage_taken":0.0,"cards_obtained":["Moonworks:SubspaceTunnel"]},{"damage_healed":0,"gold_gain":0,"player_choice":"Fought Bandits","damage_taken":0,"max_hp_gain":0,"max_hp_loss":0,"event_name":"Masked Bandits","floor":20,"gold_loss":0}],"is_beta":false,"boss_relics":[{"not_picked":["Coffee Dripper","Black Star"],"picked":"Sozu"}],"items_purged_floors":[],"is_endless":false,"potions_floor_spawned":[13,14,16,18,19,21],"killed_by":"Book of Stabbing","ascension_level":4}}