{"host":"lmshf3swj20gmdor","time":1614358895,"event":{"mods":["2.2 Compatiblity","BaseMod","Downfall","Googly Eyes","Hubris","Minty Spire (QoL Compilation)","Replay The Spire","Spikes Relics","StSLib","Synergy Search","The Servant 0.9.4"],"gold_per_floor":[114,147,147,165,115,115,115,140,215,232,232,232,252,286,286,385,385,403,416,428,215,215,215,215,215],"floor_reached":24,"language":"ENG","playtime":709,"items_purged":[],"score":235,"play_id":"157382a6-ef2a-42cf-8e8d-e22dffc26730","local_time":"20210226170135","is_ascension_mode":true,"campfire_choices":[{"data":"DoubleEdge","floor":6,"key":"SMITH"},{"floor":11,"key":"REST"},{"floor":15,"key":"REST"},{"floor":23,"key":"REST"}],"circlet_count":0,"master_deck":["Strike_S","Strike_S","Strike_S","Defend_S","Defend_S","Defend_S","Defend_S","KidneyShot","Exchange","DoubleEdge+1","Unruled+1","Ricochet","BottledTime","LightFlow","Sunlight","MurderousAura","Orbit","BestPractice","DancingSilver","Luminosity","LightFlow"],"relics":["Uniform","MiniBlackHole","Question Card","BrokenLever","StoneMask","Bag of Preparation"],"acts_visited":["Exordium","TheCity"],"potions_floor_usage":[14,14,19,20,20,24],"damage_taken":[{"damage":11,"enemies":"Jaw Worm","floor":1,"turns":5},{"damage":1,"enemies":"2 Louse","floor":4,"turns":2},{"damage":23,"enemies":"3 Sentries","floor":8,"turns":9},{"damage":0,"enemies":"Small Slimes","floor":10,"turns":2},{"damage":4,"enemies":"Gremlin Gang","floor":13,"turns":3},{"damage":14,"enemies":"Gremlin Nob","floor":14,"turns":3},{"damage":29,"enemies":"Fading Forest","floor":16,"turns":11},{"damage":23,"enemies":"Shell Parasite","floor":18,"turns":3},{"damage":35,"enemies":"2 Thieves","floor":19,"turns":4},{"damage":18,"enemies":"Cultist and Chosen","floor":20,"turns":4},{"damage":26,"enemies":"Slavers","floor":24,"turns":2}],"seed_played":"-5991584968339770166","potions_obtained":[{"floor":2,"key":"Dexterity Potion"},{"floor":2,"key":"SmokeBomb"},{"floor":2,"key":"Weak Potion"},{"floor":10,"key":"EssenceOfSteel"},{"floor":16,"key":"PowerPotion"},{"floor":18,"key":"Languid Potion"},{"floor":19,"key":"Strength Potion"},{"floor":20,"key":"Explosive Potion"}],"is_trial":false,"path_per_floor":["M","?","$","M","?","R","?","E","T","M","R","?","M","E","R","B",null,"M","M","M","$","?","R","E"],"character_chosen":"THE_SERVANT","items_purchased":["Bag of Preparation","Luminosity"],"campfire_rested":3,"item_purchase_floors":[21,21],"current_hp_per_floor":[54,38,38,37,37,37,37,14,14,14,33,33,29,15,34,13,65,45,16,4,4,4,25,0,0],"gold":215,"neow_bonus":"RANDOM_COMMON_RELIC","is_daily":false,"chose_seed":false,"campfire_upgraded":1,"win_rate":0.0,"timestamp":1614358895,"path_taken":["M","?","$","M","?","R","?","E","T","?","R","?","M","E","R","BOSS","M","M","M","$","?","R","E"],"items_purchased_type":["Relic","Card"],"build_version":"2020-12-22","purchased_purges":0,"victory":false,"max_hp_per_floor":[65,65,65,65,65,65,65,65,65,65,65,65,65,65,65,65,65,66,68,70,70,70,70,70,70],"card_choices":[{"not_picked":["Defy","Rewind"],"picked":"DoubleEdge","floor":1},{"not_picked":["ShatteredReality","Potential"],"picked":"Unruled","floor":4},{"not_picked":["Collapse","Reset"],"picked":"Ricochet","floor":8},{"not_picked":["Ricochet","FastForward","Advance"],"picked":"BottledTime","floor":10},{"not_picked":["Rearm","Contraction","BestPractice"],"picked":"Sunlight","floor":13},{"not_picked":["Spin","Unruled","Starlight","Ricochet"],"picked":"SKIP","floor":14},{"not_picked":["TrueSight","ForgedInTime","SoulSculpture"],"picked":"MurderousAura","floor":16},{"not_picked":["Comet","Alleviate","ShatteredReality+1"],"picked":"Orbit","floor":18},{"not_picked":["Revamp","Moondial","BottledTime"],"picked":"BestPractice","floor":19},{"not_picked":["DualDimension","StarChef","Gouge"],"picked":"DancingSilver","floor":20}],"player_experience":865900,"relics_obtained":[{"floor":8,"key":"Question Card"},{"floor":14,"key":"BrokenLever"}],"event_choices":[{"cards_removed":["Strike_S"],"damage_healed":0,"gold_gain":0,"player_choice":"Card Removal","damage_taken":0,"max_hp_gain":0,"max_hp_loss":0,"event_name":"The Cleric","floor":5,"gold_loss":50},{"damage_healed":0,"gold_gain":0,"player_choice":"Forge","damage_taken":0,"max_hp_gain":0,"max_hp_loss":0,"event_name":"Accursed Blacksmith","floor":7,"gold_loss":0,"cards_upgraded":["Unruled"]},{"damage_healed":0,"gold_gain":0,"player_choice":"1 cards matched","damage_taken":0,"max_hp_gain":0,"max_hp_loss":0,"event_name":"Match and Keep!","floor":22,"gold_loss":0,"cards_obtained":["LightFlow"]}],"is_beta":false,"boss_relics":[{"not_picked":["Honey Jar","ReplayTheSpireMod:DimensionalGlitch"],"picked":"StoneMask"}],"items_purged_floors":[],"is_endless":false,"potions_floor_spawned":[8,10,16,18,19,20],"killed_by":"Slavers","ascension_level":3}}