{"host":"l3xrug4zqg5ym5g5","time":1614311329,"event":{"mods":["AchievementEnabler","BaseMod","Colored Map","Highlight Path","Minty Spire (QoL Compilation)","Quick Restart","Rare Cards Sparkle","Relic Sorter","Relic Stats","StSLib","SuperFastMode"],"gold_per_floor":[119,136,86,86,97,62,62,93,93,93,268,10,10,24,24,122,122,161,5,5,5,25,25,25,25],"floor_reached":24,"language":"ENG","playtime":702,"items_purged":["Doubt"],"score":192,"play_id":"1f72a3df-7e33-41a1-b138-5f86495623d4","local_time":"20210225224849","is_ascension_mode":false,"campfire_choices":[{"data":"Venomology","floor":7,"key":"SMITH"},{"data":"Flying Knee","floor":10,"key":"SMITH"},{"data":"Accuracy","floor":13,"key":"SMITH"},{"floor":15,"key":"REST"},{"data":"RitualDagger","floor":23,"key":"SMITH"}],"circlet_count":0,"master_deck":["Strike_G","Strike_G","Strike_G","Strike_G","Strike_G","Defend_G","Defend_G","Defend_G","Defend_G","Defend_G","Survivor","Neutralize","Poisoned Stab","Blade Dance","Poisoned Stab","Venomology+1","Flying Knee+1","Accuracy+1","Flying Knee","After Image","CurseOfTheBell","Blade Dance","Infinite Blades","Caltrops","Dagger Spray","Infinite Blades","Slice","RitualDagger+1","Dagger Spray","PiercingWail"],"relics":["Ring of the Snake","Thread and Needle","Bag of Marbles","Prayer Wheel","Calling Bell","Anchor","Letter Opener","Torii","Orrery"],"acts_visited":["Exordium","TheCity"],"potions_floor_usage":[1,8,8,14,16,16,16,16,18,18,18,18,22,24],"damage_taken":[{"damage":0,"enemies":"2 Louse","floor":1,"turns":2},{"damage":0,"enemies":"Small Slimes","floor":2,"turns":3},{"damage":0,"enemies":"Jaw Worm","floor":5,"turns":3},{"damage":22,"enemies":"3 Sentries","floor":8,"turns":9},{"damage":5,"enemies":"Exordium Thugs","floor":14,"turns":4},{"damage":3,"enemies":"Hexaghost","floor":16,"turns":9},{"damage":22,"enemies":"3 Byrds","floor":18,"turns":6},{"damage":7,"enemies":"Shell Parasite","floor":22,"turns":5},{"damage":22,"enemies":"Chosen and Byrds","floor":24,"turns":4}],"seed_played":"1510787433839994321","potions_obtained":[{"floor":0,"key":"Weak Potion"},{"floor":0,"key":"BlessingOfTheForge"},{"floor":0,"key":"CunningPotion"},{"floor":14,"key":"Swift Potion"},{"floor":16,"key":"ColorlessPotion"}],"is_trial":false,"path_per_floor":["M","M","$","?","M","?","R","E","T","R","?","$","R","M","R","B",null,"M","$","?","?","M","R","M"],"character_chosen":"THE_SILENT","items_purchased":["Poisoned Stab","Accuracy","Block Potion","SpeedPotion","Orrery"],"campfire_rested":1,"item_purchase_floors":[3,12,12,12,19],"current_hp_per_floor":[70,70,70,58,58,70,70,48,48,48,48,48,48,43,64,61,70,48,48,35,29,22,22,0,0],"gold":25,"neow_bonus":"THREE_SMALL_POTIONS","is_daily":false,"chose_seed":false,"campfire_upgraded":4,"win_rate":0.0,"timestamp":1614311329,"path_taken":["M","M","$","?","M","?","R","E","T","R","?","$","R","?","R","BOSS","M","$","?","?","M","R","M"],"items_purchased_type":["Card","Card","Potion","Potion","Relic"],"build_version":"2020-12-22","purchased_purges":1,"victory":false,"max_hp_per_floor":[70,70,70,70,70,70,70,70,70,70,70,70,70,70,70,70,70,70,70,75,75,75,75,75,75],"relic_stats":{"Torii":10,"counters":[9,45],"Prayer Wheel":3,"Letter Opener":[5],"obtain_stats":[{"Calling Bell":17,"Anchor":17,"Torii":17,"Orrery":19,"Thread and Needle":4,"Prayer Wheel":9,"Bag of Marbles":8,"Letter Opener":17,"Ring of the Snake":0},{"Calling Bell":6,"Anchor":6,"Torii":6,"Orrery":7,"Thread and Needle":2,"Prayer Wheel":4,"Bag of Marbles":4,"Letter Opener":6,"Ring of the Snake":0},{"Calling Bell":30,"Anchor":30,"Torii":30,"Orrery":36,"Thread and Needle":5,"Prayer Wheel":17,"Bag of Marbles":17,"Letter Opener":30,"Ring of the Snake":0}],"Ring of the Snake":[18]},"card_choices":[{"not_picked":["Eviscerate","Backflip"],"picked":"Poisoned Stab","floor":1},{"not_picked":["Backflip","Underhanded Strike"],"picked":"Blade Dance","floor":2},{"not_picked":["Distraction","Dagger Throw"],"picked":"Venomology","floor":5},{"not_picked":["Quick Slash","Malaise"],"picked":"Flying Knee","floor":8},{"not_picked":["All Out Attack","Flechettes"],"picked":"Flying Knee","floor":14},{"not_picked":["Bane","Escape Plan","Flechettes"],"picked":"SKIP","floor":14},{"not_picked":["Corpse Explosion","Tools of the Trade"],"picked":"After Image","floor":16},{"not_picked":["Outmaneuver","Deadly Poison"],"picked":"Blade Dance","floor":18},{"not_picked":["Predator","Acrobatics+1","Leg Sweep"],"picked":"SKIP","floor":18},{"not_picked":["Endless Agony","Flechettes"],"picked":"Infinite Blades","floor":19},{"not_picked":["Expertise","Dagger Throw"],"picked":"Caltrops","floor":19},{"not_picked":["Masterful Stab","Underhanded Strike"],"picked":"Dagger Spray","floor":19},{"not_picked":["Choke+1","Adrenaline"],"picked":"Infinite Blades","floor":19},{"not_picked":["Reflex+1","Dagger Throw"],"picked":"Slice","floor":19},{"not_picked":["Heel Hook","Dodge and Roll"],"picked":"Dagger Spray","floor":22},{"not_picked":["Underhanded Strike","Crippling Poison"],"picked":"PiercingWail","floor":22}],"player_experience":106300,"relics_obtained":[{"floor":8,"key":"Bag of Marbles"},{"floor":9,"key":"Prayer Wheel"},{"floor":17,"key":"Anchor"},{"floor":17,"key":"Letter Opener"},{"floor":17,"key":"Torii"}],"event_choices":[{"damage_healed":0,"gold_gain":0,"player_choice":"Success","damage_taken":12,"relics_obtained":["Thread and Needle"],"max_hp_gain":0,"max_hp_loss":0,"event_name":"Scrap Ooze","floor":4,"gold_loss":0},{"damage_healed":17,"gold_gain":0,"player_choice":"Healed","damage_taken":0,"max_hp_gain":0,"max_hp_loss":0,"event_name":"The Cleric","floor":6,"gold_loss":35},{"damage_healed":0,"gold_gain":175,"player_choice":"AGREE","damage_taken":0,"max_hp_gain":0,"max_hp_loss":0,"event_name":"Liars Game","floor":11,"gold_loss":0,"cards_obtained":["Doubt"]},{"damage_healed":0,"gold_gain":0,"player_choice":"Shed Blood","damage_taken":18,"max_hp_gain":5,"max_hp_loss":0,"event_name":"Forgotten Altar","floor":20,"gold_loss":0},{"damage_healed":0,"gold_gain":0,"player_choice":"Joined the Cult","damage_taken":6,"max_hp_gain":0,"max_hp_loss":0,"event_name":"Nest","floor":21,"gold_loss":0,"cards_obtained":["RitualDagger"]}],"is_beta":false,"boss_relics":[{"not_picked":["Pandora\u0027s Box","Coffee Dripper"],"picked":"Calling Bell"}],"items_purged_floors":[12],"is_endless":false,"potions_floor_spawned":[14,16],"killed_by":"Chosen and Byrds","ascension_level":0}}