{"host":"2l5k2wp87eek7qja","time":1614369532,"event":{"mods":["BaseMod","Colored Map","Minty Spire (QoL Compilation)","Relic Stats"],"gold_per_floor":[119,119,119,119,3,3,42,42,42,62,9,53,53,77,77,166,166,190,225,195,214,230,230,245,285,312,48,48,72,105,118,118,211,211,232,245,12,27,50,85,105,105,105],"floor_reached":42,"language":"ENG","playtime":1983,"items_purged":["Strike_G","Strike_G","Strike_G"],"score":1056,"play_id":"0fcc56af-1684-41b4-b396-6abdb60e61aa","local_time":"20210226215852","is_ascension_mode":true,"campfire_choices":[{"data":"Footwork","floor":6,"key":"SMITH"},{"data":"Neutralize","floor":8,"key":"SMITH"},{"data":"Poisoned Stab","floor":13,"key":"SMITH"},{"data":"Flying Knee","floor":15,"key":"SMITH"},{"data":"Dodge and Roll","floor":23,"key":"SMITH"},{"data":"Catalyst","floor":32,"key":"SMITH"}],"circlet_count":0,"master_deck":["AscendersBane","Strike_G","Defend_G","Defend_G","Defend_G","Defend_G","Defend_G","Survivor","Neutralize+1","Poisoned Stab+1","Footwork+1","Slice","Flying Knee+1","Poisoned Stab+1","Dagger Spray+1","Die Die Die+1","Dodge and Roll+1","Caltrops+1","Flechettes+1","Catalyst+1","Footwork","Deadly Poison+1","Burst","Deadly Poison","Burst","Deflect","Night Terror","Noxious Fumes","Concentrate"],"relics":["Ring of the Snake","NeowsBlessing","Golden Idol","Nunchaku","Boot","Question Card","Molten Egg 2","Runic Pyramid","Red Mask","Ninja Scroll","Bronze Scales","Regal Pillow","Coffee Dripper","Ancient Tea Set"],"acts_visited":["Exordium","TheCity","TheBeyond"],"potions_floor_usage":[12,16,19,22,22,22,24,24,36,38],"damage_taken":[{"damage":0,"enemies":"Small Slimes","floor":1,"turns":1},{"damage":0,"enemies":"Gremlin Nob","floor":7,"turns":1},{"damage":0,"enemies":"2 Louse","floor":10,"turns":1},{"damage":26,"enemies":"3 Sentries","floor":12,"turns":10},{"damage":0,"enemies":"Cultist","floor":14,"turns":3},{"damage":17,"enemies":"The Guardian","floor":16,"turns":12},{"damage":0,"enemies":"Chosen","floor":18,"turns":4},{"damage":7,"enemies":"Masked Bandits","floor":19,"turns":2},{"damage":1,"enemies":"Shell Parasite","floor":21,"turns":5},{"damage":2,"enemies":"Shelled Parasite and Fungi","floor":22,"turns":7},{"damage":0,"enemies":"Sentry and Sphere","floor":24,"turns":3},{"damage":7,"enemies":"Gremlin Leader","floor":25,"turns":7},{"damage":5,"enemies":"Snake Plant","floor":29,"turns":4},{"damage":17,"enemies":"Book of Stabbing","floor":30,"turns":4},{"damage":5,"enemies":"3 Cultists","floor":31,"turns":4},{"damage":19,"enemies":"Collector","floor":33,"turns":6},{"damage":7,"enemies":"Orb Walker","floor":35,"turns":3},{"damage":9,"enemies":"3 Darklings","floor":36,"turns":5},{"damage":21,"enemies":"Jaw Worm Horde","floor":38,"turns":3},{"damage":0,"enemies":"Sphere and 2 Shapes","floor":39,"turns":5},{"damage":15,"enemies":"Nemesis","floor":40,"turns":5},{"damage":6,"enemies":"Writhing Mass","floor":41,"turns":5},{"damage":15,"enemies":"4 Shapes","floor":42,"turns":6}],"seed_played":"-8605482429960357243","potions_obtained":[{"floor":7,"key":"Fire Potion"},{"floor":10,"key":"Strength Potion"},{"floor":14,"key":"FearPotion"},{"floor":20,"key":"BlessingOfTheForge"},{"floor":20,"key":"EntropicBrew"},{"floor":22,"key":"SteroidPotion"},{"floor":30,"key":"SpeedPotion"},{"floor":31,"key":"GamblersBrew"},{"floor":36,"key":"Weak Potion"}],"is_trial":false,"path_per_floor":["M","?","?","?","$","R","E","R","T","M","$","E","R","M","R","B",null,"M","?","?","M","M","R","M","E","T","$","?","M","E","M","R","B",null,"M","M","$","M","M","E","M","M"],"character_chosen":"THE_SILENT","items_purchased":["Footwork","Flying Knee","Catalyst","Footwork","FairyPotion"],"campfire_rested":0,"item_purchase_floors":[5,11,27,27,37],"current_hp_per_floor":[59,59,54,47,47,47,47,47,47,47,47,21,21,21,21,4,46,46,39,39,38,36,36,36,29,29,29,60,55,38,33,33,14,49,42,33,33,12,12,18,12,0,0],"gold":105,"neow_bonus":"THREE_ENEMY_KILL","is_daily":false,"chose_seed":false,"campfire_upgraded":6,"win_rate":0.0,"timestamp":1614369532,"path_taken":["M","?","?","?","$","R","E","R","T","M","?","E","R","M","R","BOSS","M","?","?","M","?","R","?","E","T","$","?","M","E","M","R","BOSS","M","?","$","M","M","E","M","M"],"items_purchased_type":["Card","Card","Card","Card","Potion"],"build_version":"2020-12-22","purchased_purges":3,"victory":false,"max_hp_per_floor":[66,60,60,60,60,60,60,60,60,60,60,60,60,60,60,60,60,60,60,60,60,60,60,60,60,60,60,60,60,60,60,60,60,60,60,60,60,60,60,60,60,60,60],"relic_stats":{"Nunchaku":[24],"Regal Pillow":0,"counters":[23,106],"Golden Idol":134,"Bronze Scales":[165],"Boot":[106],"Question Card":20,"obtain_stats":[{"Regal Pillow":30,"NeowsBlessing":0,"Golden Idol":2,"Boot":7,"Question Card":9,"Ancient Tea Set":40,"Nunchaku":3,"Ninja Scroll":25,"Bronze Scales":26,"Molten Egg 2":12,"Red Mask":19,"Coffee Dripper":34,"Ring of the Snake":0,"Runic Pyramid":17},{"Regal Pillow":14,"NeowsBlessing":0,"Golden Idol":1,"Boot":2,"Question Card":2,"Ancient Tea Set":21,"Nunchaku":1,"Ninja Scroll":12,"Bronze Scales":12,"Molten Egg 2":4,"Red Mask":8,"Coffee Dripper":16,"Ring of the Snake":0,"Runic Pyramid":6},{"Regal Pillow":64,"NeowsBlessing":0,"Golden Idol":1,"Boot":2,"Question Card":2,"Ancient Tea Set":95,"Nunchaku":1,"Ninja Scroll":56,"Bronze Scales":56,"Molten Egg 2":13,"Red Mask":34,"Coffee Dripper":74,"Ring of the Snake":0,"Runic Pyramid":28}],"Ring of the Snake":[46]},"card_choices":[{"not_picked":["Dodge and Roll","Bouncing Flask"],"picked":"Poisoned Stab","floor":1},{"not_picked":["Finisher","Deflect","Expertise"],"picked":"SKIP","floor":7},{"not_picked":["Endless Agony","Underhanded Strike","Venomology"],"picked":"Slice","floor":10},{"not_picked":["Acrobatics","Slice+1","Tactician"],"picked":"Poisoned Stab+1","floor":12},{"not_picked":["Bane+1","Quick Slash+1","Concentrate"],"picked":"Dagger Spray+1","floor":14},{"not_picked":["Envenom","Adrenaline","Unload+1"],"picked":"Die Die Die+1","floor":16},{"not_picked":["Underhanded Strike+1","Endless Agony+1","Riddle With Holes+1","Well Laid Plans"],"picked":"SKIP","floor":18},{"not_picked":["Cloak And Dagger","Quick Slash+1","Blade Dance"],"picked":"Dodge and Roll","floor":19},{"not_picked":["Doppelganger","Riddle With Holes+1","Escape Plan","Dagger Throw+1"],"picked":"SKIP","floor":21},{"not_picked":["Bane+1","Flying Knee+1","Dodge and Roll","Underhanded Strike+1"],"picked":"SKIP","floor":22},{"not_picked":["Eviscerate+1","Dagger Spray+1","Calculated Gamble"],"picked":"Caltrops+1","floor":24},{"not_picked":["Cloak And Dagger","Dagger Spray+1","Acrobatics"],"picked":"Flechettes+1","floor":25},{"not_picked":["Poisoned Stab+1","Caltrops","Underhanded Strike+1"],"picked":"Deadly Poison+1","floor":29},{"not_picked":["Backflip","Dodge and Roll","Heel Hook+1"],"picked":"Burst","floor":30},{"not_picked":["Sucker Punch+1","Backflip","Prepared"],"picked":"Deadly Poison","floor":31},{"not_picked":["Venomology","A Thousand Cuts","Storm of Steel"],"picked":"Burst","floor":33},{"not_picked":["Dodge and Roll","Underhanded Strike+1","Infinite Blades","Caltrops"],"picked":"SKIP","floor":35},{"not_picked":["Poisoned Stab+1","Dodge and Roll","Slice+1"],"picked":"Deflect","floor":36},{"not_picked":["Endless Agony+1","Underhanded Strike+1","Cloak And Dagger"],"picked":"Night Terror","floor":38},{"not_picked":["Outmaneuver","Acrobatics","Prepared","Reflex"],"picked":"SKIP","floor":39},{"not_picked":["Dagger Spray+1","Underhanded Strike+1","Bullet Time"],"picked":"Noxious Fumes","floor":40},{"not_picked":["Poisoned Stab+1","Slice+1","Dagger Spray+1"],"picked":"Concentrate","floor":41}],"player_experience":910458,"relics_obtained":[{"floor":7,"key":"Boot"},{"floor":9,"key":"Question Card"},{"floor":12,"key":"Molten Egg 2"},{"floor":19,"key":"Red Mask"},{"floor":25,"key":"Ninja Scroll"},{"floor":26,"key":"Bronze Scales"},{"floor":30,"key":"Regal Pillow"},{"floor":40,"key":"Ancient Tea Set"}],"event_choices":[{"damage_healed":0,"gold_gain":0,"player_choice":"Lose Max HP","damage_taken":0,"relics_obtained":["Golden Idol"],"max_hp_gain":0,"max_hp_loss":6,"event_name":"Golden Idol","floor":2,"gold_loss":0},{"damage_healed":0,"gold_gain":0,"player_choice":"Success","damage_taken":5,"relics_obtained":["Nunchaku"],"max_hp_gain":0,"max_hp_loss":0,"event_name":"Scrap Ooze","floor":3,"gold_loss":0},{"cards_removed":["Strike_G"],"damage_healed":0,"gold_gain":0,"player_choice":"Card Removal","damage_taken":7,"max_hp_gain":0,"max_hp_loss":0,"event_name":"Golden Wing","floor":4,"gold_loss":0},{"damage_healed":0,"gold_gain":0,"player_choice":"Fought Bandits","damage_taken":0,"max_hp_gain":0,"max_hp_loss":0,"event_name":"Masked Bandits","floor":19,"gold_loss":0},{"damage_healed":0,"gold_gain":0,"player_choice":"Bought 2 Potions","damage_taken":0,"max_hp_gain":0,"max_hp_loss":0,"event_name":"The Woman in Blue","floor":20,"gold_loss":0},{"damage_healed":31,"gold_gain":0,"player_choice":"Full Heal","damage_taken":0,"max_hp_gain":0,"max_hp_loss":0,"event_name":"Wheel of Change","floor":28,"gold_loss":0}],"is_beta":false,"boss_relics":[{"not_picked":["Sozu","Tiny House"],"picked":"Runic Pyramid"},{"not_picked":["SacredBark","WristBlade"],"picked":"Coffee Dripper"}],"items_purged_floors":[5,27,37],"is_endless":false,"potions_floor_spawned":[7,10,14,21,22,30,31,35,36],"killed_by":"4 Shapes","ascension_level":20}}