{"host":"54jr43vd79817238","time":1614361999,"event":{"mods":["ATMod(°¢èªMod)","Act Like it!","Arknights","Aspiration","BaseMod","CapriCore","Dota2Spire","Friendly Minions","Gensokyo","Hallownest","Hermit","HololiveMod","Jedi Mod","KomeijiMod","Library of Ruina","Library of Ruina Extra","Lobotomy","LobotomyExtend","Marisa£¨ìFÓê¡¡Ä§ÀíÉ³£©","Minty Spire (QoL Compilation)","MostiFishMod","Quarter Circle Forward PUNCH!","Reliquary","Replay The Spire","Robot Space Explorer","RumiaBox-Â¶Ã×æ«µÄÉñÃØºÐ×Ó","Spicy Shops","StSLib","TestMod","The Alterego","The Senshi","TheWitcher","Yakumo Yukari mod","Yuyuko","¡¾ÒÅÎï¿¨ÅÆ¡¿REMEMod"],"gold_per_floor":[113,113,126,145,157,188,188,200,249,277,144,144,174,187,187,289,289,303,303,322,421,434,450,450,52,52,52,64,64,128,146,146,244,244,261,278,293,293,381,381,385,785,785,785,629,642,655,687,687,687,687],"floor_reached":50,"language":"ZHS","playtime":3060,"items_purged":["Parasite","LightAttack"],"score":819,"play_id":"2f5b4bea-b579-4036-84bf-d35070b7aefa","local_time":"20210227015319","is_ascension_mode":false,"campfire_choices":[{"floor":7.0,"key":"RECALL"},{"data":"ExtractFuel","floor":12.0,"key":"SMITH"},{"data":"InhaleSmoke","floor":15.0,"key":"SMITH"},{"data":"Suppress","floor":24,"key":"SMITH"},{"data":"SkyClearingCut","floor":27,"key":"SMITH"},{"data":"FrontalAssault","floor":32,"key":"SMITH"},{"data":"GrazeTheGrass","floor":40,"key":"SMITH"},{"data":"TheWillOfTheCity","floor":44,"key":"SMITH"},{"data":"SunsetBlade","floor":49,"key":"SMITH"}],"circlet_count":0,"master_deck":["Dodge+1","LightDefense","LightAttack","LightAttack+1","LightDefense","LightDefense","LightDefense","ChargeAndCover","FocusedStrikes","AT_WindFlip","InhaleSmoke+1","SkyClearingCut+1","Commandeering","ExtractFuel+1","SharpNails","Suppress+1","GrazeTheGrass+1","SilentMist","Deflect_lor","ViolentFlame","CrackOfDawn+1","IronWall","FierceOnslaught","Dazed","RulesOfTheBackstreets+1","BackAttack+1","Parry2+1","Punishment","FrontalAssault+1","Lock","BoundaryOfDeath","Outburst+1","Parry2","Diversion+1","SharpenedBlade","SnakesPrey","TheWillOfTheCity+1","ForTheFamily","SunsetBlade+1","Parry2"],"relics":["PageOfLibrarian","AT_ATBox","testmod-TestBox","REME_ComplimentaryCards","testmod-CrystalShield","SynthV","SynthV:TestCard","PageOfNosferatu","AT_ForceNature","PageOfSpiderBud","MagicDraw1","PageOfPorccubus","ReplayTheSpireMod:TigerMarble","Replay:Bottled Steam","testmod-ConstraintPeriapt","ChewingGum","KyoryuNoHagoromo","Replay:Baseball","Bottled Lightning","Sling","reliquary:Stiletto"],"acts_visited":["Exordium","TheCity","Gensokyo:Gensokyoest"],"potions_floor_usage":[22,22,48,48,50],"damage_taken":[{"damage":0.0,"enemies":"2 Louse","floor":1.0,"turns":1.0},{"damage":2.0,"enemies":"Cultist","floor":3.0,"turns":3.0},{"damage":0.0,"enemies":"Jaw Worm","floor":4.0,"turns":1.0},{"damage":0.0,"enemies":"Large Slime","floor":5.0,"turns":3.0},{"damage":0.0,"enemies":"Lagavulin","floor":6.0,"turns":3.0},{"damage":0.0,"enemies":"Red Slaver","floor":8.0,"turns":2.0},{"damage":0.0,"enemies":"3 Sentries","floor":10.0,"turns":1.0},{"damage":0.0,"enemies":"Gremlin Nob","floor":13.0,"turns":3.0},{"damage":0.0,"enemies":"2 Fungi Beasts","floor":14.0,"turns":2.0},{"damage":0.0,"enemies":"Hexaghost","floor":16.0,"turns":8.0},{"damage":0,"enemies":"Shell Parasite","floor":18,"turns":4},{"damage":0,"enemies":"Spheric Guardian","floor":20,"turns":3},{"damage":0,"enemies":"Cultist and Chosen","floor":22,"turns":5},{"damage":6,"enemies":"Snake Plant","floor":23,"turns":3},{"damage":0,"enemies":"Centurion and Healer","floor":28,"turns":4},{"damage":2,"enemies":"Gremlin Leader","floor":30,"turns":6},{"damage":0,"enemies":"3 Cultists","floor":31,"turns":4},{"damage":0,"enemies":"Champ","floor":33,"turns":7},{"damage":0,"enemies":"Gensokyo:3_Boulders","floor":35,"turns":2},{"damage":0,"enemies":"Gensokyo:3_Bats","floor":36,"turns":4},{"damage":0,"enemies":"Gensokyo:Dusk_and_Dawn","floor":37,"turns":3},{"damage":0,"enemies":"Gensokyo:Marisa","floor":41,"turns":3},{"damage":0,"enemies":"Gensokyo:Sharpion","floor":46,"turns":4},{"damage":0,"enemies":"Gensokyo:4_Bats","floor":47,"turns":3},{"damage":5,"enemies":"Gensokyo:Kasen","floor":48,"turns":6},{"damage":89,"enemies":"Gensokyo:Scarlet_Devils","floor":50,"turns":3}],"seed_played":"-2874238797810538084","potions_obtained":[{"floor":3.0,"key":"PowerPotion"},{"floor":6.0,"key":"BlessingOfTheForge"},{"floor":8.0,"key":"Languid Potion"},{"floor":13.0,"key":"Explosive Potion"},{"floor":18,"key":"ColorlessPotion"},{"floor":23,"key":"Elixir"},{"floor":28,"key":"LifebloodPotion"},{"floor":41,"key":"Adrenaline Potion"}],"is_trial":false,"path_per_floor":["M","?","M","M","M","E","R","M","T","E","$","R","E","M","R","B",null,"M","?","M","?","M","M","R","$","T","R","M","?","E","M","R","B",null,"M","M","M","T","?","R","E","?","T","R","COS","M","M","E","R","B"],"character_chosen":"Librarian","items_purchased":["PageOfSpiderBud","PageOfPorccubus","ReplayTheSpireMod:TigerMarble"],"campfire_rested":0,"item_purchase_floors":[11,25,25],"current_hp_per_floor":[60,46,44,44,50,52,52,55,55,55,55,55,68,68,68,71,71,64,64,60,60,60,66,66,66,66,66,60,60,60,60,60,60,60,60,68,65,65,39,39,47,47,47,47,47,53,65,76,76,0,0],"gold":687,"neow_bonus":"THREE_CARDS","is_daily":false,"chose_seed":false,"campfire_upgraded":8,"win_rate":0.0,"timestamp":1614361999,"path_taken":["M","?","M","M","M","E","R","M","T","E","$","R","E","M","R","BOSS","M","?","?","?","M","M","R","?","T","R","M","?","E","M","R","BOSS","M","M","M","?","?","R","E","?","T","R","COS","M","M","E","R","BOSS"],"items_purchased_type":["Relic","Relic","Relic"],"build_version":"2020-12-22","purchased_purges":2,"victory":false,"max_hp_per_floor":[70,70,63,89,81,82,82,78,78,71,68,68,68,90,90,71,71,64,64,60,60,66,66,87,87,87,87,60,60,60,68,87,60,60,74,68,65,65,65,87,60,60,60,87,87,76,217,82,87,87,87],"card_choices":[{"not_picked":["QuickSuppression","UpbeatPerformance"],"picked":"InhaleSmoke","floor":0.0},{"not_picked":["ChiWen","HighKick","HiddenBlade","ForcefulGesture","ReadyUp","GuidanceOfTheGears","JiaoTu","FierceCharge"],"picked":"SkyClearingCut","floor":1.0},{"not_picked":["Pound","EnergyShield","Ripple","Preparation","SpearedSweep","GreatSerpentsImpact","UnavoidableGaze","FleetEdge","BulkyImpact","Leap_lor"],"picked":"Commandeering","floor":3.0},{"not_picked":["DefenseOrder","HiddenBlade","Standoff","FrontalAssault","Eject","SpearedSweep","FleshFillet","SnakesPrey","Juggling","Bvapour"],"picked":"ExtractFuel","floor":4.0},{"not_picked":["SpearedSweep","YoureTooSlow","GuardingStance","GatherIntel","SerpentSwordTechnique","AsThePrescriptOrders","Standoff","FlashingStrike","ViolentFlame","AutonomousRush"],"picked":"SharpNails","floor":5.0},{"not_picked":["DefenseOrder","FrontalAssault","BattleCommand","EnergyShield","Parry","VioletBlade","AbsorbImpact","RepressedFlesh","StructuralAnalysis","BladeWhirl"],"picked":"Suppress","floor":6.0},{"not_picked":["VenomousFangs","Reload","ShrineToMusic","TheWillOfTheCity","ClassAndRespect","ChopItOff","FlyingSword","VioletBlade","PreemptiveStrike","ReadyUp"],"picked":"GrazeTheGrass","floor":8.0},{"not_picked":["ReadyUp","DarkCloud","DestructiveImpact","QuickSuppression","SinglePointStab","ElectricShock","SpearedSweep","DaringDecision","Gigigig","RepressedFlesh"],"picked":"SilentMist","floor":10.0},{"not_picked":["Endure","NightInTheBackstreets","Multislash","PinpointShot","AutonomousRush","Thrust","Retaliate","MultiBlock","FlashOfSunup","Duel_lor"],"picked":"Deflect_lor","floor":13.0},{"not_picked":["Faith","EnergyCycle","EnergyStrike","FlyingSword","FleetEdge","Thrust","ShrineToMusic","AssaultOrder","Marionette","MultiBlock"],"picked":"ViolentFlame","floor":14.0},{"not_picked":["Deflect_lor","FleshFillet","GutHarvesting","Tttonst"],"picked":"CrackOfDawn","floor":16.0},{"not_picked":["Deflect_lor","MultiBlock+1","Thrust","SunsetBlade","JiaoTu","TheWillOfTheCity+1","EndlessBattle","Faith","EnergyShield","YoureTooSlow"],"picked":"IronWall","floor":18},{"not_picked":["SwordOfVolition","StrikeDown","TendonChords","Leap_lor+1","IngredientHunt","CoordinatedAssault","DirtyBlow","BlindFaith","Laceration","GrazeTheGrass"],"picked":"FierceOnslaught","floor":20},{"not_picked":["SunsetBlade","BiAn","EnergyStrike","EndlessBattle","MindWhip","BackAttack","PreemptiveStrike","Zzzzzap","BiXi+1","EnergyBeam"],"picked":"RulesOfTheBackstreets+1","floor":22},{"not_picked":["PuppetBlockade","DesperateStruggle+1","UnavoidableGaze+1","Disposal","ViolentFlame","QuickSuppression","Quickness","StrongStrike","AsThePrescriptOrders","PinpointShot"],"picked":"BackAttack+1","floor":23},{"not_picked":["HandleRequest","AsThePrescriptOrders","FaintMemories","UpbeatPerformance+1","BlowItUp+1","Thrust","EnergyConversion","EnergyShield","Faith","Multislash"],"picked":"Parry2+1","floor":28},{"not_picked":["SilentNight","GreatSerpentsImpact","EnergyCycle","Parry","StrongStrike","BizarreAttack+1","DesperateStruggle+1","Decapitation","Tailoring+1","AbsorbImpact"],"picked":"Punishment","floor":30},{"not_picked":["HiddenBlade","Overcharge","StrongStrike+1","EnergyShield","FieryWaltz","Retaliate","GreatSerpentsImpact+1","FierceOnslaught","HardRehearsal","BindingChains"],"picked":"FrontalAssault","floor":31},{"not_picked":["MirageStorm","DaringDecision","Transpierce","SilentNight"],"picked":"Lock","floor":33},{"not_picked":["Execute_lor+1","Guardian_lor","Unlock1","FleetFootsteps","HighKick","CoordinatedAssault","TraceOfFumes+1","PreemptiveStrike+1","Diversion","Wallop_lor"],"picked":"BoundaryOfDeath","floor":35},{"not_picked":["MindWhip+1","Marionette","SnakeSlit","SunsetBlade","SerpentineBarrier","MultiBlock","HandleRequest+1","Pound","EnergyBeam","Concentration"],"picked":"Outburst+1","floor":36},{"not_picked":["Pound","StrongStrike+1","GreatSerpentsImpact+1","FrontalAssault+1","StructuralAnalysis+1","SunsetBlade","DevastatingThrash+1","LoosenUp","MultiHit","SmokingPipe+1"],"picked":"Parry2","floor":37},{"not_picked":["TieShanKao","SerpentSwordTechnique","EnergyCycle","SteelKnuckles+1","SinglePointStab","InnerArdor+1","DesperateStruggle+1","SenseQuarry","TheWillOfTheCity","StrikeDown+1"],"picked":"Diversion+1","floor":39},{"not_picked":["HandleRequest","Creak","Juggling+1","DarkCloud","ForcefulGesture+1","BalefulBrand","StrongStrike+1","Thrust","Pound","RulesOfTheBackstreets+1"],"picked":"SharpenedBlade","floor":39},{"not_picked":["BiAn+1","MultiBlock+1","BulkyImpact","ScatteringSlash+1","UnavoidableGaze+1","Outburst+1","AutonomousRush+1","Parry2+1","FaintMemories+1","ToOvercomeCrisis+1"],"picked":"SnakesPrey","floor":39},{"not_picked":["BoundaryOfDeath","Overpower","UpbeatPerformance","StructuralAnalysis","EnergyCycle","EnergyStrike+1","TraceOfFumes+1","LossOfSenses","WillProduceFineSilk","WrathOfTorment+1"],"picked":"TheWillOfTheCity","floor":41},{"not_picked":["QuickAttack","FleetEdge","TheWillOfTheCity","Diversion","HiddenBlade+1","SteelKnuckles","EndlessBattle","Leap_lor","Eject+1","Rewind+1"],"picked":"ForTheFamily","floor":46},{"not_picked":["MultiHit+1","StrongStrike+1","StructuralAnalysis+1","SearingSword","SnakesPrey+1","GuidanceOfTheGears+1","EnergyStrike","CombatPreparation","SenseQuarry","FleetFootsteps+1"],"picked":"SunsetBlade","floor":47},{"not_picked":["RepressedFlesh","Quickness","FeelinGood","JiaoTu+1","Unlock1","UnavoidableGaze+1","Multislash","RagingStormLove","FleetEdge+1","DevastatingThrash"],"picked":"Parry2","floor":48}],"player_experience":329224,"relics_obtained":[{"floor":1.0,"key":"SynthV:TestCard"},{"floor":6.0,"key":"PageOfNosferatu"},{"floor":10.0,"key":"AT_ForceNature"},{"floor":13.0,"key":"MagicDraw1"},{"floor":26,"key":"Replay:Bottled Steam"},{"floor":30,"key":"testmod-ConstraintPeriapt"},{"floor":38,"key":"KyoryuNoHagoromo"},{"floor":41,"key":"Replay:Baseball"},{"floor":43,"key":"Bottled Lightning"},{"floor":48,"key":"reliquary:Stiletto"}],"event_choices":[{"damage_healed":0.0,"max_hp_gain":0.0,"max_hp_loss":0.0,"gold_gain":0.0,"event_name":"Shining Light","player_choice":"Entered Light","floor":2.0,"gold_loss":0.0,"damage_taken":14.0,"cards_upgraded":["LightAttack","Dodge"]},{"damage_healed":0,"gold_gain":0,"player_choice":"Ignored","damage_taken":0,"max_hp_gain":0,"max_hp_loss":0,"event_name":"N\u0027loth","floor":19,"gold_loss":0},{"damage_healed":0,"gold_gain":99,"player_choice":"Stole From Cult","damage_taken":0,"max_hp_gain":0,"max_hp_loss":0,"event_name":"Nest","floor":21,"gold_loss":0},{"damage_healed":0,"gold_gain":0,"player_choice":"Upgraded","damage_taken":0,"max_hp_gain":0,"max_hp_loss":0,"event_name":"Upgrade Shrine","floor":29,"gold_loss":0,"cards_upgraded":["CrackOfDawn"]},{"damage_healed":0,"gold_gain":400,"player_choice":"Sell","damage_taken":0,"max_hp_gain":0,"max_hp_loss":0,"event_name":"¶÷ÂåË¹µÄÅÌ×Ó","floor":42,"relics_lost":["DaveBox"],"gold_loss":0}],"is_beta":false,"boss_relics":[{"not_picked":["BloodWine","aspiration:RitualDagger","aspiration:SecretTechniqueScroll"]},{"not_picked":["aspiration:RunicSpoon","REME_LowDesire"],"picked":"ChewingGum"}],"items_purged_floors":[11,25],"is_endless":false,"potions_floor_spawned":[3,6,8,13,18,23,28,35,41,47],"killed_by":"Gensokyo:Scarlet_Devils","ascension_level":0}}