{"host":"qyicbro3v73hr90o","time":1614311552,"event":{"mods":["2.2 Compatiblity","AchievementEnabler","Bartender","BaseMod","CapriCore","Colored Map","Colored Powertips","Conspire","Downfall","Energized Spire","Friendly Minions","Hermit","Jorbs\u0027s Wanderer Trilogy","Mad Scientist","Minty Spire (QoL Compilation)","Shade Mod","Shapeshifter Mod","StSLib","The Administrix","The Adventurer","The Construct","The Cursed","The Disciple","The Spell Scribe","The Wild Card","TheBandit","TheFirefly","TheSwordswoman","TheVacant","Unceasing Turn Reminder"],"gold_per_floor":[117,135,135,60,60,94,94,94,121,221,221,21,21,38,38,209,209,274,23,44,44,67,67,32,65,65,65,89,122,51,73,73,73,73],"floor_reached":33,"language":"ENG","playtime":1788,"items_purged":["hermit:Strike_Hermit","hermit:Strike_Hermit"],"score":370,"play_id":"8e720dc3-b31d-4cf3-a756-0e6e7aafa305","local_time":"20210225215232","is_ascension_mode":false,"campfire_choices":[{"floor":7,"key":"REST"},{"floor":11,"key":"REST"},{"data":"hermit:FinalCanter","floor":13,"key":"SMITH"},{"data":"hermit:ShadowCloak","floor":15,"key":"SMITH"},{"data":"hermit:Malice","floor":23,"key":"SMITH"},{"data":"hermit:BlackWind","floor":32,"key":"SMITH"}],"circlet_count":0,"master_deck":["hermit:Defend_Hermit","hermit:Defend_Hermit+1","hermit:Defend_Hermit","hermit:Defend_Hermit","hermit:Snapshot","hermit:Covet+1","Injury","hermit:TakeAim","hermit:Spite","hermit:TrackingShot","hermit:NoHoldsBarred","Injury","hermit:FinalCanter+1","CurseOfTheBell","CurseOfTheBell","Normality","Decay","downfall:Haunted","hermit:Purgatory","conspire:SpireCoStock","conspire:SpireCoStock","conspire:SpireCoStock","conspire:SpireCoStock","hermit:ShadowCloak+1","hermit:FatalDesire+1","hermit:Malice+1","hermit:Cheat","hermit:Combo","hermit:Spite+1","hermit:BlackWind+1","hermit:TakeAim","hermit:TakeAim+1"],"relics":["hermit:Momento","Bloody Idol","conspire:DeflatedDodgeball","Meat on the Bone","Juzu Bracelet","downfall:ExtraCursedBell","Pen Nib","conspire:Flyswatter","Incense Burner","energizedSpire:OgreHead","hermit:PetGhost","Matryoshka"],"acts_visited":["Exordium","TheCity"],"potions_floor_usage":[14,20,25,25,28,33],"damage_taken":[{"damage":1,"enemies":"Cultist","floor":1,"turns":4},{"damage":0,"enemies":"Small Slimes","floor":2,"turns":3},{"damage":30,"enemies":"Gremlin Nob","floor":6,"turns":4},{"damage":0,"enemies":"2 Louse","floor":14,"turns":2},{"damage":53,"enemies":"The Guardian","floor":16,"turns":14},{"damage":13,"enemies":"Spheric Guardian","floor":18,"turns":3},{"damage":1,"enemies":"Shell Parasite","floor":20,"turns":2},{"damage":14,"enemies":"Centurion and Healer","floor":22,"turns":6},{"damage":0,"enemies":"Snecko","floor":25,"turns":3},{"damage":10,"enemies":"Cultist and Chosen","floor":28,"turns":5},{"damage":0,"enemies":"3 Cultists","floor":29,"turns":3},{"damage":1,"enemies":"Centurion and Healer","floor":31,"turns":5},{"damage":88,"enemies":"Automaton","floor":33,"turns":6}],"seed_played":"1707164007403715485","potions_obtained":[{"floor":6,"key":"AttackPotion"},{"floor":16,"key":"hermit:Tonic"},{"floor":20,"key":"Swift Potion"},{"floor":22,"key":"Explosive Potion"},{"floor":25,"key":"SpeedPotion"},{"floor":28,"key":"Ancient Potion"}],"is_trial":false,"path_per_floor":["M","M","?","$","?","E","R","?","T","?","R","?","R","M","R","B",null,"M","$","M","?","M","R","$","M","T","?","M","M","$","M","R","B"],"character_chosen":"HERMIT","items_purchased":["hermit:PetGhost","hermit:Combo","hermit:TakeAim"],"campfire_rested":2,"item_purchase_floors":[19,24,30],"current_hp_per_floor":[74,74,74,74,59,29,51,44,44,49,73,73,73,73,73,32,80,67,67,66,66,52,52,52,52,52,52,52,62,62,71,71,0,0],"gold":73,"neow_bonus":"TRANSFORM_TWO_CARDS","is_daily":false,"chose_seed":false,"campfire_upgraded":4,"win_rate":0.0,"timestamp":1614311552,"path_taken":["M","?","?","$","?","E","R","?","T","?","R","?","R","M","R","BOSS","M","$","M","?","M","R","?","M","T","?","M","M","$","M","R","BOSS"],"items_purchased_type":["Relic","Card","Card"],"build_version":"2020-12-22","purchased_purges":2,"victory":false,"max_hp_per_floor":[75,75,75,75,75,75,75,75,75,80,80,80,80,80,80,80,80,80,80,80,80,80,80,80,80,80,80,80,80,80,80,80,80,80],"card_choices":[{"not_picked":["hermit:WideOpen","hermit:ItchyTrigger"],"picked":"hermit:TrackingShot","floor":1},{"not_picked":["hermit:Headshot","hermit:Misfire"],"picked":"hermit:NoHoldsBarred","floor":2},{"not_picked":["hermit:Malice","hermit:DeadMansHand"],"picked":"hermit:FinalCanter","floor":6},{"not_picked":["hermit:Headshot","hermit:Showdown"],"picked":"hermit:ShadowCloak","floor":14},{"not_picked":["hermit:RoundhouseKick","hermit:Gambit"],"picked":"hermit:FatalDesire","floor":16},{"not_picked":["hermit:Maintenance+1","hermit:Virtue"],"picked":"hermit:Malice","floor":18},{"not_picked":["hermit:Coalescence","hermit:Ricochet"],"picked":"hermit:Cheat","floor":20},{"not_picked":["hermit:Vantage","hermit:LoneWolf","hermit:Manifest+1"],"picked":"SKIP","floor":22},{"not_picked":["hermit:Snipe","hermit:Glare+1"],"picked":"hermit:Spite+1","floor":25},{"not_picked":["hermit:Roulette","hermit:Snipe","hermit:SprayPray"],"picked":"SKIP","floor":28},{"not_picked":["hermit:Maintenance","hermit:Midnight"],"picked":"hermit:BlackWind","floor":29},{"not_picked":["hermit:ItchyTrigger","hermit:Feint+1"],"picked":"hermit:TakeAim+1","floor":31}],"player_experience":183960,"relics_obtained":[{"floor":6,"key":"conspire:DeflatedDodgeball"},{"floor":9,"key":"Juzu Bracelet"},{"floor":10,"key":"Pen Nib"},{"floor":10,"key":"conspire:Flyswatter"},{"floor":10,"key":"Incense Burner"},{"floor":26,"key":"Matryoshka"}],"event_choices":[{"damage_healed":0,"gold_gain":0,"player_choice":"Take Wound","damage_taken":0,"relics_obtained":["Golden Idol"],"max_hp_gain":0,"max_hp_loss":0,"event_name":"Golden Idol","floor":3,"gold_loss":0,"cards_obtained":["Injury"]},{"damage_healed":0,"gold_gain":0,"player_choice":"Entered Light","damage_taken":15,"max_hp_gain":0,"max_hp_loss":0,"event_name":"Shining Light","floor":5,"gold_loss":0,"cards_upgraded":["hermit:Defend_Hermit","hermit:Covet"]},{"damage_healed":0,"gold_gain":0,"player_choice":"Success","damage_taken":7,"relics_obtained":["Meat on the Bone"],"max_hp_gain":0,"max_hp_loss":0,"event_name":"Scrap Ooze","floor":8,"gold_loss":0},{"damage_healed":0,"gold_gain":0,"player_choice":"Invest 4","damage_taken":0,"max_hp_gain":0,"max_hp_loss":0,"event_name":"conspire:Investor","floor":12,"gold_loss":0},{"damage_healed":0,"gold_gain":0,"player_choice":"Upgraded","damage_taken":0,"max_hp_gain":0,"max_hp_loss":0,"event_name":"Upgrade Shrine","floor":21,"gold_loss":0,"cards_upgraded":["hermit:FatalDesire"]},{"damage_healed":0,"gold_gain":0,"player_choice":"Gave Idol","damage_taken":0,"relics_obtained":["Bloody Idol"],"max_hp_gain":0,"max_hp_loss":0,"event_name":"Forgotten Altar","floor":27,"relics_lost":["Golden Idol"],"gold_loss":0}],"is_beta":false,"boss_relics":[{"not_picked":["Astrolabe","conspire:RoyalGoblet"],"picked":"energizedSpire:OgreHead"}],"items_purged_floors":[4,19],"is_endless":false,"potions_floor_spawned":[6,16,20,22,25,28],"killed_by":"Automaton","ascension_level":0}}