{"host":"8t5dkgm85abdp22d","time":1614307341,"event":{"mods":["100% Spire Juice","ATMod(阿瑾Mod)","Act Like it!","BaseMod","Colored Powertips","Conspire","Gensokyo","Hallownest","Library of Ruina","Library of Ruina Extra","Marisa（F雨　魔理沙）","Minty Spire (QoL Compilation)","MostiFishMod","Remilia（蕾米莉亚）","RumiaBox-露米娅的神秘盒子","StSLib","The Bug Knight","UnlockEverythingMod","Waifu the Spire","WarShipGirlsR/战舰少女R mod","Wide Potions","Yakumo Yukari mod"],"gold_per_floor":[213,213,263,263,263,263,263,296,350,365,365,389,10,40,40,166,166,296,296,316,316,316,336,360,360,396,415,442,473,266,290,304,342,342,342,361,361],"floor_reached":37,"language":"ZHS","playtime":362,"items_purged":[],"score":921,"play_id":"5d0986b3-29be-4183-9c95-db218d4e9e8a","local_time":"20210226104221","is_ascension_mode":true,"campfire_choices":[{"data":"DegradedPillar","floor":6,"key":"SMITH"},{"data":"DegradedPillar","floor":11,"key":"SMITH"},{"data":"DegradedShockwave","floor":15,"key":"SMITH"},{"floor":26,"key":"RECALL"}],"circlet_count":0,"master_deck":["DegradedFairy+1","DegradedFairy+1","DegradedChain+1","DegradedChain+1","DegradedLock+1","DegradedPillar+1","DegradedPillar+1","DegradedShockwave+1","ChargeUp"],"relics":["PageOfLibrarian","AT_ATBox","DaveBox","Golden Idol","ScarletDevilRocket","Membership Card","PreservedInsect","Odd Mushroom","SacredBark","Coffee Dripper","ShadowXiaoBlade","PageOfGreed","PageOfTheQueenOfHatred","PageOfTheKnightOfDespair","PageOfWayBackHome","Ying","PageOfWrath","PageOfNihil"],"acts_visited":["Exordium","TheCity","TheBeyond"],"potions_floor_usage":[19,22,36,36],"damage_taken":[{"damage":0,"enemies":"Small Slimes","floor":1,"turns":1},{"damage":0,"enemies":"2 Louse","floor":2,"turns":1},{"damage":0,"enemies":"3 Sentries","floor":8,"turns":3},{"damage":0,"enemies":"Cultist","floor":10,"turns":1},{"damage":0,"enemies":"Large Slime","floor":12,"turns":2},{"damage":2,"enemies":"The Mushroom Lair","floor":14,"turns":2},{"damage":0,"enemies":"Slime Boss","floor":16,"turns":2},{"damage":63,"enemies":"conspire:MysteriousRune","floor":19,"turns":11},{"damage":0,"enemies":"3 Darklings","floor":21,"turns":5},{"damage":40,"enemies":"3 Darklings","floor":22,"turns":15},{"damage":0,"enemies":"Orb Walker","floor":24,"turns":2},{"damage":0,"enemies":"Jaw Worm Horde","floor":25,"turns":1},{"damage":0,"enemies":"Reptomancer","floor":27,"turns":2},{"damage":0,"enemies":"3 Darklings","floor":28,"turns":1},{"damage":0,"enemies":"Giant Head","floor":30,"turns":3},{"damage":0,"enemies":"Maw","floor":32,"turns":4},{"damage":0,"enemies":"Sphere and 2 Shapes","floor":33,"turns":2},{"damage":0,"enemies":"Nemesis","floor":34,"turns":2},{"damage":69,"enemies":"conspire:OrnateMirror","floor":36,"turns":4},{"damage":0,"enemies":"conspire:OrnateMirror","floor":37,"turns":5},{"damage":0,"enemies":"conspire:OrnateMirror","floor":37,"turns":1}],"seed_played":"-6878500692490641526","potions_obtained":[{"floor":8,"key":"Ancient Potion"},{"floor":16,"key":"DuplicationPotion"},{"floor":24,"key":"ColorlessPotion"},{"floor":25,"key":"PowerPotion"},{"floor":28,"key":"FairyPotion"}],"is_trial":false,"path_per_floor":["M","M","?","?","?","R","?","E","T","M","R","M","$","?","R","B",null,"B",null,"M","?","?","M","M","R","E","M","T","E","$","M","M","E","R","B",null],"character_chosen":"Librarian","items_purchased":["ScarletDevilRocket","Membership Card","PreservedInsect","PageOfWayBackHome","Ying"],"campfire_rested":0,"item_purchase_floors":[13,13,13,31,31],"current_hp_per_floor":[60,60,60,60,60,60,38,38,38,38,38,38,38,36,36,36,90,27,90,90,90,90,90,90,90,90,90,90,90,90,90,90,90,90,24,29,29],"gold":361,"neow_bonus":"HUNDRED_GOLD","is_daily":false,"chose_seed":false,"campfire_upgraded":3,"win_rate":0.0,"timestamp":1614307341,"path_taken":["M","M","?","?","?","R","?","E","T","M","R","M","$","?","R","BOSS","BOSS","M","?","?","M","M","R","E","M","T","E","$","M","M","E","R","BOSS"],"items_purchased_type":["Relic","Relic","Relic","Relic","Relic"],"build_version":"2020-12-22","purchased_purges":0,"victory":false,"max_hp_per_floor":[90,90,90,90,90,90,90,90,90,90,90,90,90,90,90,90,90,90,90,90,90,90,90,90,90,90,90,90,90,90,90,90,90,90,90,90,90],"card_choices":[{"not_picked":["Leap_lor","DesperateStruggle","EnergyStrike","CoordinatedAssault"],"picked":"SKIP","floor":1},{"not_picked":["StructuralAnalysis","QuickAttack","HandleRequest","FrontalAssault"],"picked":"SKIP","floor":2},{"not_picked":["UndertakePrescript","Marionette","EndlessBattle","Rewind"],"picked":"SKIP","floor":8},{"not_picked":["PuppetBlockade","DesperateStruggle","StructuralAnalysis","ViolentFlame"],"picked":"SKIP","floor":10},{"not_picked":["DarkCloud","BoundaryOfDeath","CoordinatedAssault","Execute_lor"],"picked":"SKIP","floor":12},{"not_picked":["DarkCloud","BoundaryOfDeath","CoordinatedAssault","Execute_lor"],"picked":"SKIP","floor":12},{"not_picked":["PinpointShot+1","SnakesPrey+1","ViolentFlame+1","MultiHit"],"picked":"SKIP","floor":21},{"not_picked":["MultiBlock","RepressedFlesh","BiXi","SturdyDefense"],"picked":"SKIP","floor":24},{"not_picked":["StructuralAnalysis+1","EnergyCycle","GrazeTheGrass","CoordinatedAssault+1"],"picked":"SKIP","floor":25},{"not_picked":["Concentration+1","SturdyDefense","QuickAttack+1","BattleCommand+1"],"picked":"SKIP","floor":27},{"not_picked":["GrazeTheGrass+1","UnavoidableGaze","YoureAHindrance+1","Pound+1"],"picked":"SKIP","floor":28},{"not_picked":["Faith","Eject+1","UnforgettableMelody","FrontalAssault+1"],"picked":"SKIP","floor":30},{"not_picked":["Pound+1","PinpointShot+1","QuickAttack+1","ForTheFamily+1"],"picked":"SKIP","floor":32},{"not_picked":["Zzzzzap+1","DarkCloud+1","DimensionalRift+1","Eject+1"],"picked":"SKIP","floor":33},{"not_picked":["SpearedSweep+1","UnavoidableGaze","QuickAttack+1","CoordinatedAssault+1"],"picked":"SKIP","floor":34},{"not_picked":["SpearedSweep+1","UnavoidableGaze","QuickAttack+1","CoordinatedAssault+1"],"picked":"SKIP","floor":34},{"not_picked":["SpearedSweep+1","Parry2+1","Gamble+1","ChargeUp"],"picked":"SKIP","floor":37},{"not_picked":["SpearedSweep+1","Parry2+1","Gamble+1","ChargeUp"],"picked":"SKIP","floor":37},{"not_picked":["SpearedSweep+1","Parry2+1","Gamble+1"],"picked":"ChargeUp","floor":37}],"player_experience":136096,"relics_obtained":[{"floor":14,"key":"Odd Mushroom"},{"floor":27,"key":"PageOfGreed"},{"floor":29,"key":"PageOfTheQueenOfHatred"},{"floor":30,"key":"PageOfTheKnightOfDespair"},{"floor":34,"key":"PageOfWrath"},{"floor":37,"key":"PageOfNihil"}],"event_choices":[{"damage_healed":0,"gold_gain":50,"player_choice":"Gained Gold","damage_taken":0,"max_hp_gain":0,"max_hp_loss":0,"event_name":"Golden Wing","floor":3,"gold_loss":0},{"damage_healed":0,"gold_gain":0,"player_choice":"Ignored","damage_taken":0,"max_hp_gain":0,"max_hp_loss":0,"event_name":"Shining Light","floor":5,"gold_loss":0},{"damage_healed":0,"gold_gain":0,"player_choice":"Take Damage","damage_taken":22,"relics_obtained":["Golden Idol"],"max_hp_gain":0,"max_hp_loss":0,"event_name":"Golden Idol","floor":7,"gold_loss":0},{"damage_healed":0,"gold_gain":0,"player_choice":"Fought Mushrooms","damage_taken":0,"max_hp_gain":0,"max_hp_loss":0,"event_name":"Mushrooms","floor":14,"gold_loss":0},{"cards_removed":["DegradedFairy"],"damage_healed":0,"gold_gain":0,"player_choice":"Offered Basic","damage_taken":0,"max_hp_gain":0,"max_hp_loss":0,"event_name":"Bonfire Elementals","floor":23,"gold_loss":0}],"is_beta":false,"boss_relics":[{"not_picked":["Cursed Key","conspire:SlowCooker"],"picked":"SacredBark"},{"not_picked":["SlaversCollar","conspire:SpecialSausage"],"picked":"Coffee Dripper"}],"items_purged_floors":[],"is_endless":false,"potions_floor_spawned":[8,10,16,22,24,25,28,32],"killed_by":"conspire:OrnateMirror","ascension_level":3}}