{"host":"h2riq1vifvx9pvqe","time":1614373428,"event":{"mods":["Act Like it!","Bartender","BaseMod","Better Match","Bossed Relics","Chen","FTL Soundtrack","Friendly Minions","Gensokyo","Hallownest","HololiveMod","Hubris","Hyrulean Relics","Infinite Spire","KinomotoSakuraMod(????)","Koishi","Marisa????????","Minty Spire (QoL Compilation)","Nova Terra(??·??)","Prisma Mod","Quick Restart","Railgun Mod","Rare Cards Sparkle","Reimu??????","Relic Sorter","Reliquary","Remilia??????","Replay The Spire","Spikes Relics","StSLib","Synergy Search","The Administrix","The Animator","The Bug Knight","The Construct","The Disciple","The Saiyan","The Senshi","The Servant 0.9.4","TheHero","WarShipGirlsR/????R mod","Yuri Mod","Yuyuko"],"gold_per_floor":[113,113,113,128,144,171,171,200,223,223,235,265,49,64,64,161,161,161,161],"floor_reached":18,"language":"FRA","playtime":1393,"items_purged":[],"score":196,"play_id":"b43fa541-1029-4d45-98d1-327cf3a76ea9","local_time":"20210226220348","is_ascension_mode":true,"campfire_choices":[{"floor":7.0,"key":"REST"},{"floor":15.0,"key":"REST"}],"circlet_count":0,"master_deck":["TheRailgun:Strike","TheRailgun:Strike","TheRailgun:Strike","TheRailgun:Strike","TheRailgun:Defend","TheRailgun:Defend","TheRailgun:Defend","TheRailgun:Defend","TheRailgun:Discharge","TheRailgun:Static","TheRailgun:Zip","TheRailgun:Electrical_Storm+1","infinitespire:DeathsTouch","TheRailgun:Thunderjolt","TheRailgun:Circuitous","TheRailgun:Taser","TheRailgun:Lightning_Speed","TheRailgun:Negative_Field","TheRailgun:Railgun","TheRailgun:Biribiri","TheRailgun:Judgement_Officer"],"relics":["TheRailgun:CoinRelic","ReplayFunnel","Boot","hubris:OldNail","Regal Pillow","Odd Mushroom","reliquary:ThirdArm"],"acts_visited":["Exordium","TheCity"],"potions_floor_usage":[],"damage_taken":[{"damage":1.0,"enemies":"2 Louse","floor":1.0,"turns":3.0},{"damage":0.0,"enemies":"Jaw Worm","floor":4.0,"turns":2.0},{"damage":0.0,"enemies":"Small Slimes","floor":5.0,"turns":2.0},{"damage":26.0,"enemies":"Lagavulin","floor":6.0,"turns":4.0},{"damage":10.0,"enemies":"3 Sentries","floor":8.0,"turns":3.0},{"damage":0.0,"enemies":"Blue Slaver","floor":11.0,"turns":2.0},{"damage":18.0,"enemies":"The Mushroom Lair","floor":12.0,"turns":2.0},{"damage":3.0,"enemies":"3 Louse","floor":14.0,"turns":2.0},{"damage":18.0,"enemies":"Fading Forest","floor":16.0,"turns":11.0},{"damage":0,"enemies":"3 Byrds","floor":18,"turns":1}],"seed_played":"4275741564561115901","potions_obtained":[{"floor":4.0,"key":"Ancient Potion"},{"floor":5.0,"key":"Dexterity Potion"},{"floor":11.0,"key":"Energy Potion"},{"floor":12.0,"key":"ColorlessPotion"},{"floor":16.0,"key":"Venom Potion"}],"is_trial":false,"path_per_floor":["M","?","T","M","M","E","R","E","T","?","M","?","$","M","R","B",null,"M"],"character_chosen":"THE_DEFAULT","items_purchased":["TheRailgun:Railgun","TheRailgun:Biribiri"],"campfire_rested":2,"item_purchase_floors":[13,13],"current_hp_per_floor":[76,58,58,58,58,32,55,45,45,45,45,27,27,24,62,52,77,77,77],"gold":161,"neow_bonus":"TEN_PERCENT_HP_BONUS","is_daily":false,"chose_seed":false,"campfire_upgraded":0,"win_rate":0.0,"timestamp":1614373428,"path_taken":["M","?","?","?","M","E","R","E","T","?","M","?","$","M","R","BOSS","M"],"items_purchased_type":["Card","Card"],"build_version":"2020-12-22","purchased_purges":0,"victory":false,"max_hp_per_floor":[77,77,77,77,77,77,77,77,77,77,77,77,77,77,77,77,77,77,77],"card_choices":[{"not_picked":["TheRailgun:Hypercharge","TheRailgun:Static"],"picked":"TheRailgun:Electrical_Storm","floor":1.0},{"not_picked":["hubris:Rewind","infinitespire:SealOfDarkness+"],"picked":"infinitespire:DeathsTouch","floor":2.0},{"not_picked":["TheRailgun:Zap","TheRailgun:Charge"],"picked":"TheRailgun:Thunderjolt","floor":4.0},{"not_picked":["TheRailgun:Thunderjolt","TheRailgun:Charge","TheRailgun:Electrical_Storm"],"picked":"SKIP","floor":5.0},{"not_picked":["TheRailgun:Recharge","TheRailgun:Sister_Network"],"picked":"TheRailgun:Circuitous","floor":6.0},{"not_picked":["TheRailgun:Electrical_Storm","TheRailgun:Zip"],"picked":"TheRailgun:Taser","floor":8.0},{"not_picked":["TheRailgun:Scatter_Railgun","TheRailgun:Gekota_Phone"],"picked":"TheRailgun:Lightning_Speed","floor":11.0},{"not_picked":["TheRailgun:Iron_Dust_Vial","TheRailgun:Thundershock"],"picked":"TheRailgun:Negative_Field","floor":12.0},{"not_picked":["TheRailgun:Gekotamania","TheRailgun:Discharge","TheRailgun:Electrical_Storm"],"picked":"SKIP","floor":14.0},{"not_picked":["TheRailgun:Supercharge","TheRailgun:Circuitous"],"picked":"TheRailgun:Judgement_Officer","floor":16.0}],"player_experience":338690,"relics_obtained":[{"floor":3.0,"key":"ReplayFunnel"},{"floor":6.0,"key":"Boot"},{"floor":8.0,"key":"hubris:OldNail"},{"floor":9.0,"key":"Regal Pillow"},{"floor":12.0,"key":"Odd Mushroom"}],"event_choices":[{"damage_healed":0.0,"max_hp_gain":0.0,"max_hp_loss":0.0,"gold_gain":0.0,"event_name":"Mushrooms","player_choice":"Fought Mushrooms","floor":12.0,"gold_loss":0.0,"damage_taken":0.0}],"is_beta":false,"boss_relics":[{"not_picked":["Ectoplasm","Kintsugi"],"picked":"reliquary:ThirdArm"}],"items_purged_floors":[],"is_endless":false,"potions_floor_spawned":[4,5,11,12,16],"killed_by":"3 Byrds","ascension_level":3}}