{"host":"dyzdf8svqmiivg97","time":1614338167,"event":{"mods":["AchievementEnabler","BaseMod","Colored Map","DeckTracker","Minty Spire (QoL Compilation)","Quick Restart","Rare Cards Sparkle","SuperFastMode"],"gold_per_floor":[111,121,121,46,62,93,93,123,123,142,142,154,154,168,168,168,168],"floor_reached":16,"language":"KOR","playtime":293,"items_purged":["Strike_P"],"score":207,"play_id":"75f667b3-60a3-4f4c-9976-f14a0979451d","local_time":"20210226201607","is_ascension_mode":true,"campfire_choices":[{"data":"Eruption","floor":13,"key":"SMITH"},{"data":"Eruption","floor":15,"key":"SMITH"}],"circlet_count":0,"master_deck":["AscendersBane","Strike_P","Strike_P","Strike_P","Defend_P","Defend_P","Defend_P","Defend_P","Eruption+1","Vigilance","EmptyFist","Scrawl","Eruption+1","Ragnarok","MentalFortress","FollowUp","FearNoEvil"],"relics":["PureWater","NeowsBlessing","Thread and Needle","Odd Mushroom","The Courier"],"acts_visited":["Exordium"],"potions_floor_usage":[6,8,11,16],"damage_taken":[{"damage":0.0,"enemies":"Jaw Worm","floor":1.0,"turns":1.0},{"damage":0.0,"enemies":"Cultist","floor":2.0,"turns":1.0},{"damage":0,"enemies":"2 Louse","floor":5,"turns":1},{"damage":26,"enemies":"Gremlin Nob","floor":6,"turns":4},{"damage":9,"enemies":"The Mushroom Lair","floor":8,"turns":3},{"damage":9,"enemies":"Looter","floor":10,"turns":4},{"damage":0,"enemies":"Lagavulin","floor":11,"turns":2},{"damage":0,"enemies":"Large Slime","floor":12,"turns":4},{"damage":0,"enemies":"Blue Slaver","floor":14,"turns":2},{"damage":20,"enemies":"Hexaghost","floor":16,"turns":7}],"seed_played":"2548875561352708016","potions_obtained":[{"floor":1.0,"key":"Explosive Potion"},{"floor":5,"key":"StancePotion"},{"floor":6,"key":"SmokeBomb"},{"floor":12,"key":"LiquidBronze"}],"is_trial":false,"path_per_floor":["M","M","?","$","M","E","$","?","T","M","E","M","R","M","R","B"],"character_chosen":"WATCHER","items_purchased":[],"campfire_rested":0,"item_purchase_floors":[],"current_hp_per_floor":[61,61,61,61,61,35,35,26,26,17,17,17,17,17,17,0,0],"gold":168,"neow_bonus":"THREE_ENEMY_KILL","is_daily":false,"chose_seed":false,"campfire_upgraded":2,"win_rate":0.0,"timestamp":1614338167,"path_taken":["M","M","?","$","?","E","?","?","T","M","E","M","R","M","R","BOSS"],"items_purchased_type":[],"build_version":"2020-12-22","purchased_purges":1,"victory":false,"max_hp_per_floor":[68,68,68,68,68,68,68,68,68,68,68,68,68,68,68,68,68],"card_choices":[{"not_picked":["Meditate","Wireheading"],"picked":"EmptyFist","floor":1.0},{"not_picked":["Consecrate","Fasting2","CutThroughFate"],"picked":"SKIP","floor":2.0},{"not_picked":["FlyingSleeves","ForeignInfluence"],"picked":"Ragnarok","floor":5},{"not_picked":["ClearTheMind","WreathOfFlame"],"picked":"MentalFortress","floor":6},{"not_picked":["Wireheading","FlyingSleeves"],"picked":"FollowUp","floor":8},{"not_picked":["Crescendo","MentalFortress","SashWhip"],"picked":"SKIP","floor":10},{"not_picked":["EmptyBody","Wallop","BowlingBash"],"picked":"SKIP","floor":12},{"not_picked":["ClearTheMind","InnerPeace"],"picked":"FearNoEvil","floor":14}],"player_experience":615060,"relics_obtained":[{"floor":6,"key":"Thread and Needle"},{"floor":8,"key":"Odd Mushroom"},{"floor":9,"key":"The Courier"}],"event_choices":[{"damage_healed":0,"gold_gain":0,"player_choice":"2 cards matched","damage_taken":0,"max_hp_gain":0,"max_hp_loss":0,"event_name":"Match and Keep!","floor":3,"gold_loss":0,"cards_obtained":["Scrawl","Eruption"]},{"damage_healed":0,"gold_gain":0,"player_choice":"Fought Mushrooms","damage_taken":0,"max_hp_gain":0,"max_hp_loss":0,"event_name":"Mushrooms","floor":8,"gold_loss":0}],"is_beta":false,"boss_relics":[],"items_purged_floors":[4],"is_endless":false,"potions_floor_spawned":[1,5,6,12],"killed_by":"Hexaghost","ascension_level":17}}