{"host":"nihqlga4zpmrcpl9","time":1614309626,"event":{"mods":["BaseMod","LagranYue(拉格朗・月)","Marisa（F雨　魔理沙）","Minty Spire (QoL Compilation)","Replay The Spire","Shop Mod","StSLib","The Bug Knight","The Cursed","The Hierophant","The Servant 0.9.4"],"gold_per_floor":[119,135,150,163,177,203,203,203,203],"floor_reached":8,"language":"ZHS","playtime":422,"items_purged":[],"score":75,"play_id":"3a152d09-4207-4c27-9312-57b07b627a0e","local_time":"20210226112026","is_ascension_mode":true,"campfire_choices":[{"data":"ReplayTheSpireMod:Scrap Shanks","floor":7,"key":"SMITH"}],"circlet_count":0,"master_deck":["Strike_G","Strike_G","Strike_G","Strike_G","Strike_G","Defend_G","Defend_G","Defend_G","Defend_G","Defend_G","Survivor","Neutralize","Fluid Movement","Blade Dance","PiercingWail","Dodge and Roll","ReplayTheSpireMod:Scrap Shanks+1","PiercingWail"],"relics":["Ring of the Snake","LagranYue:RandomDrawCardRelic","Smiling Mask"],"acts_visited":["Exordium"],"potions_floor_usage":[6,6],"damage_taken":[{"damage":0,"enemies":"Cultist","floor":1,"turns":4},{"damage":1,"enemies":"2 Louse","floor":2,"turns":4},{"damage":2,"enemies":"Small Slimes","floor":3,"turns":5},{"damage":0,"enemies":"2 Fungi Beasts","floor":4,"turns":4},{"damage":0,"enemies":"Large Slime","floor":5,"turns":7},{"damage":57,"enemies":"Lagavulin","floor":6,"turns":11},{"damage":26,"enemies":"Gremlin Nob","floor":8,"turns":3}],"seed_played":"-6314915271291020351","potions_obtained":[{"floor":1,"key":"PowerPotion"},{"floor":3,"key":"Weak Potion"}],"is_trial":false,"path_per_floor":["M","M","M","M","M","E","R","E"],"character_chosen":"THE_SILENT","items_purchased":[],"campfire_rested":0,"item_purchase_floors":[],"current_hp_per_floor":[77,76,74,74,74,17,17,0,0],"gold":203,"neow_bonus":"TEN_PERCENT_HP_BONUS","is_daily":false,"chose_seed":false,"campfire_upgraded":1,"win_rate":0.0,"timestamp":1614309626,"path_taken":["M","M","?","M","M","E","R","E"],"items_purchased_type":[],"build_version":"2020-12-22","purchased_purges":0,"victory":false,"max_hp_per_floor":[77,77,77,77,77,77,77,77,77],"card_choices":[{"not_picked":["Endless Agony","PiercingWail"],"picked":"Fluid Movement","floor":1},{"not_picked":["Slice","Deflect"],"picked":"Blade Dance","floor":2},{"not_picked":["Dodge and Roll","Setup"],"picked":"PiercingWail","floor":3},{"not_picked":["Sneak Up","Hidden Blade"],"picked":"Dodge and Roll","floor":4},{"not_picked":["Die Die Die","Backflip"],"picked":"ReplayTheSpireMod:Scrap Shanks","floor":5},{"not_picked":["Sucker Punch","Reflex"],"picked":"PiercingWail","floor":6}],"player_experience":834505,"relics_obtained":[{"floor":6,"key":"Smiling Mask"}],"event_choices":[],"is_beta":false,"boss_relics":[],"items_purged_floors":[],"is_endless":false,"potions_floor_spawned":[1,3],"killed_by":"Gremlin Nob","ascension_level":5}}