{"host":"ggy1mjjy92c62u6a","time":1614323649,"event":{"mods":["10 clothes from DAL","ATMod(阿瑾Mod)","Act Like it!","BaseMod","Colored Powertips","GifTheSpireLib","Infinite Spire","Library of Ruina","Library of Ruina Extra","Lobotomy","LobotomyExtend","Marisa（F雨　魔理沙）","Minty Spire (QoL Compilation)","Quick Restart","Relic Filter Mod","Relic Stats","Reliquary","Remilia（蕾米莉亚）","Replay The Spire","RumiaBox-露米娅的神秘盒子","Shop Mod","Spicy Shops","StSLib","SuperFastMode","Youmu（魂魄妖梦）","[功能]功能增强和修复MOD","【功能Mod】混沌之环修复补丁","【遗物Mod】死灵法师NEW","【遗物卡牌】REMEMod"],"gold_per_floor":[116,116,129,404,420,420,420,420,470,486,486,251,251,326,326,429,429,440,107,127,127,127,146,165,165,165,175,175,189,216,283,283,412,412,454,564,148,148,148,205,248,185,260,313,313,393,393,449,449,474,474,549],"floor_reached":53,"language":"ZHS","playtime":1643,"items_purged":["Replay:Hysterical Blindness","Strike_RM","Defend_RM","Defend_RM","Regret","Defend_RM","Strike_RM"],"score":1479,"play_id":"6ab282f0-1411-49ca-bebb-e5d0fda709c8","local_time":"20210226151409","is_ascension_mode":true,"campfire_choices":[{"data":"AT_FamilyPortrait","floor":6.0,"key":"SMITH"},{"data":"AT_DarkMatter","floor":8.0,"key":"SMITH"},{"data":"RedMoon","floor":11.0,"key":"SMITH"},{"floor":15.0,"key":"REST"},{"data":"Enlightenment","floor":28.0,"key":"SMITH"},{"data":"NightLord","floor":32.0,"key":"SMITH"},{"data":"ReplayTheSpireMod:Haul","floor":47.0,"key":"SMITH"},{"data":"BatForm","floor":49.0,"key":"SMITH"}],"circlet_count":0,"master_deck":["Strike_RM+1","Defend_RM","RedMoon+1","ScarletShoot","AT_DarkMatter+1","AT_FamilyPortrait+1","ReincarnationDial","Ultimatum+1","MastersStateliness+1","MastersStateliness","NightLord+1","Enlightenment+1","ChainGang+1","Dramatic Entrance","MiserableFate+1","ChainGang+1","BatForm+1","ReplayTheSpireMod:Haul+1","NightLord","ScarletImprint+1"],"relics":["ScarletHat","REME_ComplimentaryCards","AT_ATBox","CogitoBucket","LetterFromLob","PageOfFairyFestival","ReplayTheSpireMod:CursedCoin","AT_ArcaneBoots","MerchantsRug","Bronze Scales","PageOfBlackSwan","reliquary:PartyBalloon","Divine Protection","APieceOfRedMist","APieceOfRedMist","MoreBug","AT_MibuBalloonWealth","Baka2","Busted Crown","AtMidnight","BargainBundle","Happy Flower","DALC_NINE","ReplayTheSpireMod:TigerMarble","StoneCalendar","Iron Hammer","PageOfBloodbath","AT_BladeRuinedKing"],"acts_visited":["Exordium","TheCity","TheBeyond"],"potions_floor_usage":[],"damage_taken":[{"damage":0.0,"enemies":"Small Slimes","floor":1.0,"turns":5.0},{"damage":6.0,"enemies":"2 Louse","floor":3.0,"turns":2.0},{"damage":20.0,"enemies":"Cultist","floor":5.0,"turns":6.0},{"damage":15.0,"enemies":"2 Fungi Beasts","floor":10.0,"turns":5.0},{"damage":54.0,"enemies":"Hexaghost","floor":16.0,"turns":10.0},{"damage":25.0,"enemies":"Spheric Guardian","floor":18.0,"turns":6.0},{"damage":1.0,"enemies":"3 Byrds","floor":20.0,"turns":1.0},{"damage":0.0,"enemies":"3 Cultists","floor":23.0,"turns":2.0},{"damage":0.0,"enemies":"Shelled Parasite and Fungi","floor":24.0,"turns":1.0},{"damage":0.0,"enemies":"Centurion and Healer","floor":27.0,"turns":1.0},{"damage":0.0,"enemies":"Snecko","floor":29.0,"turns":2.0},{"damage":17.0,"enemies":"REME_1_Revenger","floor":30.0,"turns":3.0},{"damage":0.0,"enemies":"Cultist and Chosen","floor":31.0,"turns":1.0},{"damage":0.0,"enemies":"Pondfish","floor":33.0,"turns":6.0},{"damage":0.0,"enemies":"Orb Walker","floor":35.0,"turns":2.0},{"damage":0.0,"enemies":"3 Darklings","floor":36.0,"turns":4.0},{"damage":15.0,"enemies":"Nightmare","floor":40.0,"turns":5.0},{"damage":0.0,"enemies":"Writhing Mass","floor":41.0,"turns":1.0},{"damage":0.0,"enemies":"Giant Head","floor":42.0,"turns":4.0},{"damage":1.0,"enemies":"R_Hoarder","floor":44.0,"turns":2.0},{"damage":0.0,"enemies":"Jaw Worm Horde","floor":46.0,"turns":1.0},{"damage":0.0,"enemies":"Giant Head","floor":48.0,"turns":1.0},{"damage":119.0,"enemies":"infinitespire:MassOfShapes","floor":50.0,"turns":7.0},{"damage":13.0,"enemies":"Malkuth","floor":52.0,"turns":3.0},{"damage":1.0,"enemies":"Yesod","floor":52.0,"turns":5.0}],"seed_played":"-6392770413453030399","potions_obtained":[{"floor":3.0,"key":"Strength Potion"},{"floor":5.0,"key":"SteroidPotion"},{"floor":20.0,"key":"Strength Potion"},{"floor":31.0,"key":"Fire Potion"}],"is_trial":false,"path_per_floor":["M","?","M","?","M","R","M","R","T","M","R","$","?","?","R","B",null,"M","$","M","?","AVR","M","M","?","T","M","R","M","E","M","R","B",null,"M","M","$","?","T","NM","M","E","T","E","AVR","M","R","E","R","B",null,null,null,null],"character_chosen":"REMILIA","items_purchased":["PageOfFairyFestival","ReplayTheSpireMod:CursedCoin","AT_SpeedBoots","MerchantsRug","reliquary:PartyBalloon","MastersStateliness","NightLord","Enlightenment","BargainBundle","Happy Flower"],"campfire_rested":1,"item_purchase_floors":[12,12,12,12,19,19,19,19,37,37],"current_hp_per_floor":[75,75,69,69,49,49,49,49,49,49,49,49,31,20,51,22,105,83,83,82,82,82,89,89,89,89,90,90,97,90,90,90,105,105,105,105,105,100,100,100,100,103,103,103,103,103,103,103,103,41,41,103],"gold":395,"neow_bonus":"","is_daily":false,"chose_seed":false,"campfire_upgraded":7,"win_rate":0.0,"timestamp":1614323649,"path_taken":["M","?","M","?","M","R","?","R","T","M","R","$","?","?","R","BOSS","M","$","M","?","AVR","M","M","?","T","M","R","?","E","M","R","BOSS","M","M","$","?","?","NM","M","E","T","E","AVR","M","R","E","R","BOSS"],"items_purchased_type":["Relic","Relic","Relic","Relic","Relic","Card","Card","Card","Relic","Relic"],"build_version":"2020-12-22","purchased_purges":7,"victory":true,"max_hp_per_floor":[75,75,105,105,105,105,105,105,105,105,105,105,105,105,105,105,105,105,105,105,105,105,105,105,105,105,105,105,105,105,105,105,105,105,105,105,105,100,100,100,100,103,103,103,103,103,103,103,103,103,103,103],"relic_stats":{"Busted Crown":54,"Happy Flower":[12],"counters":[30,97],"Bronze Scales":[228],"StoneCalendar":[0],"obtain_stats":[{"Divine Protection":22,"AT_ATBox":0,"reliquary:PartyBalloon":19,"AT_MibuBalloonWealth":30,"StoneCalendar":42,"AT_ArcaneBoots":33,"Whetstone":9,"ScarletHat":0,"CogitoBucket":0,"Baka2":31,"PageOfFairyFestival":12,"Iron Hammer":43,"MoreBug":26,"MerchantsRug":12,"BargainBundle":37,"Happy Flower":37,"ReplayTheSpireMod:CursedCoin":12,"PageOfBloodbath":44,"AT_BladeRuinedKing":48,"Baka":1,"AT_SpeedBoots":12,"APieceOfRedMist":22,"PageOfBlackSwan":17,"Busted Crown":34,"Bronze Scales":13,"AtMidnight":36,"LetterFromLob":1,"DALC_NINE":39,"ReplayTheSpireMod:TigerMarble":40,"REME_ComplimentaryCards":0},{"Divine Protection":8,"AT_ATBox":0,"reliquary:PartyBalloon":7,"AT_MibuBalloonWealth":14,"StoneCalendar":22,"AT_ArcaneBoots":16,"Whetstone":3,"ScarletHat":0,"CogitoBucket":0,"Baka2":15,"PageOfFairyFestival":4,"Iron Hammer":22,"MoreBug":10,"MerchantsRug":4,"BargainBundle":19,"Happy Flower":19,"ReplayTheSpireMod:CursedCoin":4,"PageOfBloodbath":23,"AT_BladeRuinedKing":25,"Baka":1,"AT_SpeedBoots":4,"APieceOfRedMist":8,"PageOfBlackSwan":5,"Busted Crown":16,"Bronze Scales":4,"AtMidnight":19,"LetterFromLob":1,"DALC_NINE":19,"ReplayTheSpireMod:TigerMarble":20,"REME_ComplimentaryCards":0},{"Divine Protection":36,"AT_ATBox":0,"reliquary:PartyBalloon":35,"AT_MibuBalloonWealth":46,"StoneCalendar":70,"AT_ArcaneBoots":50,"Whetstone":13,"ScarletHat":0,"CogitoBucket":0,"Baka2":47,"PageOfFairyFestival":18,"Iron Hammer":70,"MoreBug":39,"MerchantsRug":18,"BargainBundle":60,"Happy Flower":60,"ReplayTheSpireMod:CursedCoin":18,"PageOfBloodbath":72,"AT_BladeRuinedKing":74,"Baka":5,"AT_SpeedBoots":18,"APieceOfRedMist":36,"PageOfBlackSwan":28,"Busted Crown":53,"Bronze Scales":18,"AtMidnight":60,"LetterFromLob":5,"DALC_NINE":60,"ReplayTheSpireMod:TigerMarble":65,"REME_ComplimentaryCards":0}]},"card_choices":[{"not_picked":["BlasphemousPunishment","BombardNight","VampireClaw"],"picked":"SKIP","floor":1.0},{"not_picked":["BloodAndWine","RedMagic"],"picked":"ReincarnationDial","floor":3.0},{"not_picked":["Septette","DiffusionOfMisfortune"],"picked":"Ultimatum","floor":5.0},{"not_picked":["ScarletDevil","FavorOfDestiny","RedNightlessCastle"],"picked":"SKIP","floor":10.0},{"not_picked":["VampireKiss","DiffusionOfMisfortune+1"],"picked":"MastersStateliness+1","floor":18.0},{"not_picked":["BombardNight","UnderTheZenith"],"picked":"ChainGang+1","floor":20.0},{"not_picked":["RedRainbow","CharismaGuard","BombardNight"],"picked":"SKIP","floor":23.0},{"not_picked":["BloodAndWine","SuperhumanBloodyKnife+1","CharismaGuard+1"],"picked":"SKIP","floor":24.0},{"not_picked":["HeartBreak","BombardNight"],"picked":"MiserableFate+1","floor":27.0},{"not_picked":["VampireKiss","BombardNight+1","Stigmanizer"],"picked":"SKIP","floor":29.0},{"not_picked":["VampireSweep+1","StarOfDavid","ScarletCoffin"],"picked":"SKIP","floor":30.0},{"not_picked":["BloodyTrap","ScarletDevil"],"picked":"ChainGang+1","floor":31.0},{"not_picked":["BloodyCatastrophe","BloodyHallows"],"picked":"BatForm","floor":33.0},{"not_picked":["BlasphemousPunishment"],"picked":"SKIP","floor":35.0},{"not_picked":["MiserableFate"],"picked":"SKIP","floor":36.0},{"not_picked":["UnstableMagic"],"picked":"SKIP","floor":36.0},{"not_picked":["infinitespire:Menacing","ReplayTheSpireMod:??????????????????????"],"picked":"ReplayTheSpireMod:Haul","floor":40.0},{"not_picked":[],"picked":"NightLord","floor":40.0},{"not_picked":[],"picked":"ScarletImprint+1","floor":41.0},{"not_picked":["UnderTheZenith+1"],"picked":"SKIP","floor":42.0},{"not_picked":["BloodyTrap"],"picked":"SKIP","floor":44.0},{"not_picked":["UnderTheZenith"],"picked":"SKIP","floor":46.0},{"not_picked":["EndlessAdversity"],"picked":"SKIP","floor":48.0}],"player_experience":166988,"relics_obtained":[{"floor":1.0,"key":"Baka"},{"floor":1.0,"key":"LetterFromLob"},{"floor":9.0,"key":"Whetstone"},{"floor":23.0,"key":"APieceOfRedMist"},{"floor":26.0,"key":"MoreBug"},{"floor":30.0,"key":"AT_MibuBalloonWealth"},{"floor":31.0,"key":"Baka2"},{"floor":36.0,"key":"AtMidnight"},{"floor":39.0,"key":"DALC_NINE"},{"floor":40.0,"key":"ReplayTheSpireMod:TigerMarble"},{"floor":42.0,"key":"StoneCalendar"},{"floor":43.0,"key":"Iron Hammer"},{"floor":44.0,"key":"PageOfBloodbath"},{"floor":48.0,"key":"AT_BladeRuinedKing"}],"event_choices":[{"cards_removed":["Strike_RM"],"damage_healed":0.0,"max_hp_gain":0.0,"max_hp_loss":0.0,"gold_gain":0.0,"event_name":"Living Wall","player_choice":"Forget","floor":2.0,"gold_loss":0.0,"damage_taken":0.0},{"damage_healed":0.0,"max_hp_gain":0.0,"max_hp_loss":0.0,"gold_gain":275.0,"event_name":"Golden Shrine","player_choice":"Desecrate","floor":4.0,"gold_loss":0.0,"damage_taken":0.0,"cards_obtained":["Regret"]},{"damage_healed":0.0,"max_hp_gain":0.0,"max_hp_loss":0.0,"gold_gain":0.0,"event_name":"Scrap Ooze","player_choice":"Success","floor":13.0,"gold_loss":0.0,"damage_taken":18.0,"relics_obtained":["Bronze Scales"]},{"damage_healed":0.0,"max_hp_gain":0.0,"max_hp_loss":0.0,"gold_gain":75.0,"event_name":"World of Goop","player_choice":"Gather Gold","floor":14.0,"gold_loss":0.0,"damage_taken":11.0},{"damage_healed":0.0,"max_hp_gain":0.0,"max_hp_loss":0.0,"gold_gain":0.0,"event_name":"Match and Keep!","player_choice":"1 cards matched","floor":25.0,"gold_loss":0.0,"damage_taken":0.0,"cards_obtained":["Dramatic Entrance"]},{"damage_healed":0.0,"max_hp_gain":0.0,"max_hp_loss":5.0,"gold_gain":0.0,"event_name":"Winding Halls","player_choice":"Max HP","floor":38.0,"gold_loss":0.0,"damage_taken":0.0}],"is_beta":false,"boss_relics":[{"not_picked":["Painkiller Herb","Abe\u0027s Treasure"],"picked":"PageOfBlackSwan"},{"not_picked":["Replay:Wanted Poster","Velvet Choker"],"picked":"Busted Crown"}],"items_purged_floors":[12,12,19,22,37,37,45],"is_endless":false,"potions_floor_spawned":[3,5,20,24,27,30,31,35,36,40,42,46,46],"ascension_level":2}}