{"host":"s41rn2jhghpwfrvz","time":1614366996,"event":{"mods":["BaseMod","Minty Spire (QoL Compilation)","Quick Restart","Relic Stats","SuperFastMode"],"gold_per_floor":[114,39,39,50,65,65,93,108,108,136,149,177,102,436,436,513,513,528,547,547,472,482,512,512,541,541,571,205,233,248,259,259,336,336,349,58,58,71,71,99,99,128,140,152,192,204,116,144,144,144,144,144,144,31,75,75],"floor_reached":57,"language":"ENG","playtime":2277,"items_purged":["Anger","Conserve Battery","Inflame"],"score":3673,"play_id":"ca56ec2b-4caf-44d4-a696-63142f752664","local_time":"20210226211636","daily_mods":["SealedDeck","Diverse","Elite Swarm"],"is_ascension_mode":true,"campfire_choices":[{"data":"Prostrate","floor":6,"key":"SMITH"},{"data":"Acrobatics","floor":15,"key":"SMITH"},{"data":"Vault","floor":24,"key":"SMITH"},{"data":"Grand Finale","floor":32,"key":"SMITH"},{"floor":41,"key":"RECALL"},{"data":"Swivel","floor":44,"key":"SMITH"},{"data":"Collect","floor":46,"key":"SMITH"},{"data":"Establishment","floor":49,"key":"SMITH"}],"circlet_count":0,"master_deck":["AscendersBane","Collect+1","Prostrate+1","Acrobatics+1","Swivel+1","Vault+1","Grand Finale+1","Venomology+1","Recycle+1","Establishment+1","Seek+1","Malaise+1","Madness+1","Acrobatics+1","Venomology+1","Madness+1","Madness+1","Deep Breath+1","Vault+1","Venomology+1","Panacea+1","Malaise+1"],"relics":["Burning Blood","Regal Pillow","Potion Belt","Eternal Feather","Toxic Egg 2","Old Coin","Coffee Dripper","Molten Egg 2","Omamori","Anchor","Self Forming Clay","DollysMirror","Ancient Tea Set","Runic Pyramid","Medical Kit","PreservedInsect","MawBank","Bag of Preparation","CeramicFish","Kunai"],"acts_visited":["Exordium","TheCity","TheBeyond","TheEnding"],"potions_floor_usage":[14,16,19,22,23,23,27,29,30,31,33,33,33,33,35,35,38,38,38,38,38,38,40,40,40,42,42,45,45,48,48,48,48,50,50,50,50,51,51,51,51,51,51,51,51,55,55,56,56,56,56,56,56,56],"damage_taken":[{"damage":2,"enemies":"Cultist","floor":1,"turns":3},{"damage":0,"enemies":"2 Louse","floor":4,"turns":2},{"damage":2,"enemies":"Small Slimes","floor":5,"turns":3},{"damage":0,"enemies":"Lagavulin","floor":7,"turns":3},{"damage":24,"enemies":"Exordium Wildlife","floor":8,"turns":4},{"damage":19,"enemies":"3 Sentries","floor":10,"turns":7},{"damage":0,"enemies":"2 Fungi Beasts","floor":11,"turns":3},{"damage":0,"enemies":"Lagavulin","floor":12,"turns":5},{"damage":13,"enemies":"3 Sentries","floor":14,"turns":9},{"damage":7,"enemies":"Hexaghost","floor":16,"turns":5},{"damage":0,"enemies":"Spheric Guardian","floor":18,"turns":4},{"damage":3,"enemies":"3 Byrds","floor":19,"turns":5},{"damage":0,"enemies":"Cultist and Chosen","floor":22,"turns":3},{"damage":19,"enemies":"Slavers","floor":23,"turns":6},{"damage":10,"enemies":"Book of Stabbing","floor":25,"turns":5},{"damage":0,"enemies":"Gremlin Leader","floor":27,"turns":4},{"damage":0,"enemies":"Book of Stabbing","floor":29,"turns":3},{"damage":0,"enemies":"Shelled Parasite and Fungi","floor":30,"turns":2},{"damage":4,"enemies":"Centurion and Healer","floor":31,"turns":2},{"damage":0,"enemies":"Collector","floor":33,"turns":2},{"damage":0,"enemies":"3 Shapes","floor":35,"turns":2},{"damage":7,"enemies":"3 Darklings","floor":38,"turns":3},{"damage":0,"enemies":"Giant Head","floor":40,"turns":2},{"damage":0,"enemies":"Reptomancer","floor":42,"turns":3},{"damage":0,"enemies":"Giant Head","floor":45,"turns":3},{"damage":0,"enemies":"Nemesis","floor":48,"turns":2},{"damage":0,"enemies":"Donu and Deca","floor":50,"turns":1},{"damage":3,"enemies":"Awakened One","floor":51,"turns":3},{"damage":0,"enemies":"Shield and Spear","floor":55,"turns":2},{"damage":13,"enemies":"The Heart","floor":56,"turns":7}],"seed_played":"-8203127181373211524","potions_obtained":[{"floor":1,"key":"Ancient Potion"},{"floor":5,"key":"Energy Potion"},{"floor":11,"key":"Block Potion"},{"floor":16,"key":"GamblersBrew"},{"floor":25,"key":"SkillPotion"},{"floor":45,"key":"Block Potion"},{"floor":55,"key":"Dexterity Potion"}],"is_trial":true,"path_per_floor":["M","?","?","M","M","R","E","M","T","E","M","E","$","E","R","B",null,"M","M","?","?","M","E","R","E","T","E","$","E","M","M","R","B",null,"M","$","?","M","?","E","R","E","T","R","E","R","$","E","R","B","B",null,"R","$","E","B",null],"character_chosen":"IRONCLAD","items_purchased":["Madness+1","DollysMirror","Medical Kit","Panacea+1","Dexterity Potion","Block Potion"],"campfire_rested":0,"item_purchase_floors":[28,28,36,47,54,54],"current_hp_per_floor":[72,72,65,71,75,75,75,57,57,44,50,56,56,49,55,54,70,75,75,75,75,75,62,68,64,64,70,70,75,75,75,75,75,75,75,75,61,69,59,65,74,75,75,75,75,75,75,75,75,75,75,75,75,75,75,68],"gold":75,"neow_bonus":"","is_daily":false,"chose_seed":false,"campfire_upgraded":7,"win_rate":0.0,"timestamp":1614366996,"path_taken":["M","?","?","M","M","R","E","M","T","E","M","E","$","E","R","BOSS","M","M","?","?","M","E","R","E","T","E","$","E","M","M","R","BOSS","M","$","?","M","?","E","R","E","T","R","E","R","$","E","R","BOSS","BOSS","R","$","E","BOSS"],"items_purchased_type":["Card","Relic","Relic","Card","Potion","Potion"],"build_version":"2020-12-22","purchased_purges":3,"victory":true,"max_hp_per_floor":[75,75,75,75,75,75,75,75,75,75,75,75,75,75,75,75,75,75,75,75,75,75,75,75,75,75,75,75,75,75,75,75,75,75,75,75,75,75,75,75,75,75,75,75,75,75,75,75,75,75,75,75,75,75,75,75],"relic_stats":{"Regal Pillow":0,"counters":[30,108],"Self Forming Clay":[12],"CeramicFish":9,"Eternal Feather":21,"PreservedInsect":319,"Bag of Preparation":[10],"Kunai":[0],"Medical Kit":[3],"MawBank":60,"obtain_stats":[{"Potion Belt":9,"Regal Pillow":7,"Self Forming Clay":27,"CeramicFish":48,"Eternal Feather":10,"PreservedInsect":40,"Omamori":25,"Bag of Preparation":45,"Ancient Tea Set":29,"Medical Kit":36,"MawBank":42,"Burning Blood":0,"Old Coin":14,"Anchor":26,"DollysMirror":28,"Molten Egg 2":23,"Coffee Dripper":17,"Kunai":55,"Toxic Egg 2":12,"Runic Pyramid":34},{"Potion Belt":5,"Regal Pillow":4,"Self Forming Clay":16,"CeramicFish":26,"Eternal Feather":6,"PreservedInsect":23,"Omamori":15,"Bag of Preparation":25,"Ancient Tea Set":17,"Medical Kit":21,"MawBank":24,"Burning Blood":0,"Old Coin":9,"Anchor":15,"DollysMirror":16,"Molten Egg 2":14,"Coffee Dripper":10,"Kunai":29,"Toxic Egg 2":8,"Runic Pyramid":20},{"Potion Belt":15,"Regal Pillow":11,"Self Forming Clay":71,"CeramicFish":95,"Eternal Feather":22,"PreservedInsect":87,"Omamori":67,"Bag of Preparation":93,"Ancient Tea Set":74,"Medical Kit":82,"MawBank":90,"Burning Blood":0,"Old Coin":39,"Anchor":67,"DollysMirror":71,"Molten Egg 2":62,"Coffee Dripper":44,"Kunai":101,"Toxic Egg 2":30,"Runic Pyramid":80}],"Burning Blood":108},"card_choices":[{"not_picked":["Evaluate","Sword Boomerang","Barrage"],"picked":"SKIP","floor":1},{"not_picked":["Redo","Sucker Punch","Coolheaded"],"picked":"SKIP","floor":4},{"not_picked":["Armaments","Worship","Leg Sweep"],"picked":"SKIP","floor":5},{"not_picked":["Tools of the Trade","Machine Learning","Envenom"],"picked":"SKIP","floor":7},{"not_picked":["Wild Strike","Warcry"],"picked":"Swivel","floor":8},{"not_picked":["Blasphemy","Juggernaut"],"picked":"Vault","floor":10},{"not_picked":["Clash","Deadly Poison","EmptyBody"],"picked":"SKIP","floor":11},{"not_picked":["Reboot+1","Wish+1"],"picked":"Grand Finale","floor":12},{"not_picked":["Corruption","Malaise+1"],"picked":"Venomology+1","floor":14},{"not_picked":["Evaluate+1","Warcry+1"],"picked":"Recycle+1","floor":18},{"not_picked":["EmptyBody+1","Terror+1","Ghostly Armor+1"],"picked":"SKIP","floor":19},{"not_picked":["Wild Strike","CutThroughFate+1","Blizzard"],"picked":"SKIP","floor":22},{"not_picked":["Judgement+1","DeusExMachina+1"],"picked":"Seek+1","floor":23},{"not_picked":["Electrodynamics","SpiritShield+1"],"picked":"Malaise+1","floor":25},{"not_picked":["After Image","Alpha+1","Fiend Fire+1"],"picked":"SKIP","floor":27},{"not_picked":["Buffer","Amplify+1","Unload+1"],"picked":"SKIP","floor":29},{"not_picked":["Blur+1","SashWhip+1","Heel Hook+1"],"picked":"SKIP","floor":30},{"not_picked":["Adaptation","Cold Snap+1","Anger+1"],"picked":"SKIP","floor":31},{"not_picked":["DeusExMachina+1","Die Die Die+1"],"picked":"Venomology+1","floor":33},{"not_picked":["Prostrate+1","Twin Strike+1","Ball Lightning+1"],"picked":"SKIP","floor":35},{"not_picked":["Conserve Battery+1","EmptyMind+1","Iron Wave+1"],"picked":"SKIP","floor":38},{"not_picked":["Sadistic Nature","Enlightenment+1"],"picked":"Deep Breath+1","floor":39},{"not_picked":["Juggernaut","Grand Finale+1"],"picked":"Vault+1","floor":40},{"not_picked":["Reaper+1","DeusExMachina+1"],"picked":"Venomology+1","floor":42},{"not_picked":["Juggernaut","Establishment","Fiend Fire+1"],"picked":"SKIP","floor":45},{"not_picked":["Biased Cognition","Hyperbeam+1","DeusExMachina+1"],"picked":"SKIP","floor":48},{"not_picked":["Establishment","Biased Cognition"],"picked":"Malaise+1","floor":55}],"player_experience":2033792,"relics_obtained":[{"floor":7,"key":"Regal Pillow"},{"floor":9,"key":"Potion Belt"},{"floor":10,"key":"Eternal Feather"},{"floor":12,"key":"Toxic Egg 2"},{"floor":14,"key":"Old Coin"},{"floor":23,"key":"Molten Egg 2"},{"floor":25,"key":"Omamori"},{"floor":26,"key":"Anchor"},{"floor":27,"key":"Self Forming Clay"},{"floor":29,"key":"Ancient Tea Set"},{"floor":40,"key":"PreservedInsect"},{"floor":42,"key":"MawBank"},{"floor":45,"key":"Bag of Preparation"},{"floor":48,"key":"CeramicFish"},{"floor":55,"key":"Kunai"}],"event_choices":[{"cards_removed":["Concentrate"],"damage_healed":0,"gold_gain":0,"player_choice":"Card Removal","damage_taken":0,"max_hp_gain":0,"max_hp_loss":0,"event_name":"The Cleric","floor":2,"gold_loss":75},{"cards_removed":["Melter"],"damage_healed":0,"gold_gain":0,"player_choice":"Card Removal","damage_taken":7,"max_hp_gain":0,"max_hp_loss":0,"event_name":"Golden Wing","floor":3,"gold_loss":0},{"damage_healed":0,"gold_gain":0,"cards_transformed":["Gash","Eviscerate"],"player_choice":"Became Test Subject","damage_taken":0,"max_hp_gain":0,"max_hp_loss":0,"event_name":"Drug Dealer","floor":20,"gold_loss":0,"cards_obtained":["Perfected Strike","Establishment"]},{"cards_removed":["Perfected Strike"],"damage_healed":0,"gold_gain":0,"player_choice":"Gave Gold","damage_taken":0,"max_hp_gain":0,"max_hp_loss":0,"event_name":"Beggar","floor":21,"gold_loss":75},{"damage_healed":0,"gold_gain":0,"player_choice":"Embrace Madness","damage_taken":14,"max_hp_gain":0,"max_hp_loss":0,"event_name":"Winding Halls","floor":37,"gold_loss":0,"cards_obtained":["Madness","Madness"]},{"damage_healed":0,"gold_gain":0,"player_choice":"Memory 3","damage_taken":10,"max_hp_gain":0,"max_hp_loss":0,"event_name":"SensoryStone","floor":39,"gold_loss":0}],"is_beta":false,"boss_relics":[{"not_picked":["Fusion Hammer","Black Blood"],"picked":"Coffee Dripper"},{"not_picked":["Tiny House","Philosopher\u0027s Stone"],"picked":"Runic Pyramid"}],"items_purged_floors":[13,28,36],"is_endless":false,"potions_floor_spawned":[1,5,7,11,16,19,25,30,33,40,45,48,55],"ascension_level":20}}