{"host":"s41rn2jhghpwfrvz","time":1614354679,"event":{"mods":["BaseMod","Minty Spire (QoL Compilation)","Quick Restart","Relic Stats","SuperFastMode"],"gold_per_floor":[116,116,116,127,144,171,171,203,203,221,296,296,324,66,66,143,143,155,166,91,91,105,105,135,150,221,249,149,175,175,186,186,264,314,332,357,408,424,441,471,471,504,504,523,550,202,202,237,237,237,237,237,237,64,93,93],"floor_reached":57,"language":"ENG","playtime":2145,"items_purged":["Steam","Writhe","Gash"],"score":3742,"play_id":"ecd7f4a1-4ecb-4664-bf3b-6b8866433f5f","local_time":"20210226175119","daily_mods":["SealedDeck","Diverse","Elite Swarm"],"is_ascension_mode":true,"campfire_choices":[{"data":"Body Slam","floor":7.0,"key":"SMITH"},{"data":"Acrobatics","floor":12.0,"key":"SMITH"},{"data":"TalkToTheHand","floor":15.0,"key":"SMITH"},{"floor":23.0,"key":"RECALL"},{"data":"CutThroughFate","floor":32.0,"key":"SMITH"},{"data":"Scrawl","floor":41.0,"key":"SMITH"},{"data":"Scrawl","floor":49.0,"key":"SMITH"},{"data":"Feel No Pain","floor":53.0,"key":"SMITH"}],"circlet_count":0,"master_deck":["AscendersBane","CutThroughFate+1","Undo+1","Conserve Battery+1","Quick Slash","Self Repair+1","Acrobatics+1","Intimidate+1","Gash","Body Slam+1","TalkToTheHand+1","Berserk","Feel No Pain+1","Recycle+1","Exhume+1","Feel No Pain+1","Shrug It Off+1","Scrawl+1","Scrawl+1","After Image"],"relics":["Burning Blood","Gremlin Horn","Bag of Preparation","Happy Flower","Pear","ClockworkSouvenir","Runic Pyramid","Mummified Hand","Pocketwatch","Paper Frog","TungstenRod","White Beast Statue","Tiny House","Ginger","Gambling Chip","Turnip","Calipers","Bottled Flame","War Paint","Centennial Puzzle","Regal Pillow","Red Skull","OrangePellets","Du-Vu Doll"],"acts_visited":["Exordium","TheCity","TheBeyond","TheEnding"],"potions_floor_usage":[56,56],"damage_taken":[{"damage":0.0,"enemies":"2 Louse","floor":1.0,"turns":4.0},{"damage":0.0,"enemies":"Small Slimes","floor":4.0,"turns":4.0},{"damage":0.0,"enemies":"Jaw Worm","floor":5.0,"turns":3.0},{"damage":0.0,"enemies":"Lagavulin","floor":6.0,"turns":5.0},{"damage":0.0,"enemies":"3 Sentries","floor":8.0,"turns":6.0},{"damage":5.0,"enemies":"Exordium Wildlife","floor":10.0,"turns":3.0},{"damage":0.0,"enemies":"Gremlin Nob","floor":13.0,"turns":3.0},{"damage":0.0,"enemies":"The Guardian","floor":16.0,"turns":7.0},{"damage":0.0,"enemies":"2 Thieves","floor":18.0,"turns":3.0},{"damage":0.0,"enemies":"3 Byrds","floor":19.0,"turns":3.0},{"damage":0.0,"enemies":"Snake Plant","floor":22.0,"turns":3.0},{"damage":2.0,"enemies":"Slavers","floor":24.0,"turns":4.0},{"damage":7.0,"enemies":"Centurion and Healer","floor":25.0,"turns":3.0},{"damage":0.0,"enemies":"Book of Stabbing","floor":27.0,"turns":4.0},{"damage":23.0,"enemies":"Slavers","floor":29.0,"turns":4.0},{"damage":6.0,"enemies":"Shelled Parasite and Fungi","floor":31.0,"turns":3.0},{"damage":0.0,"enemies":"Champ","floor":33.0,"turns":5.0},{"damage":6.0,"enemies":"3 Shapes","floor":35.0,"turns":3.0},{"damage":0.0,"enemies":"Mind Bloom Boss Battle","floor":36.0,"turns":4.0},{"damage":3.0,"enemies":"2 Orb Walkers","floor":37.0,"turns":5.0},{"damage":0.0,"enemies":"Orb Walker","floor":38.0,"turns":4.0},{"damage":0.0,"enemies":"Spire Growth","floor":39.0,"turns":3.0},{"damage":14.0,"enemies":"Nemesis","floor":40.0,"turns":9.0},{"damage":0.0,"enemies":"Giant Head","floor":42.0,"turns":3.0},{"damage":0.0,"enemies":"3 Darklings","floor":44.0,"turns":2.0},{"damage":0.0,"enemies":"Reptomancer","floor":45.0,"turns":2.0},{"damage":0.0,"enemies":"Nemesis","floor":48.0,"turns":5.0},{"damage":0.0,"enemies":"Awakened One","floor":50.0,"turns":4.0},{"damage":0.0,"enemies":"Time Eater","floor":51.0,"turns":3.0},{"damage":2.0,"enemies":"Shield and Spear","floor":55.0,"turns":2.0},{"damage":0,"enemies":"The Heart","floor":56,"turns":6}],"seed_played":"8012642449427513232","potions_obtained":[{"floor":4.0,"key":"SkillPotion"},{"floor":8.0,"key":"Block Potion"},{"floor":16.0,"key":"BlessingOfTheForge"},{"floor":33.0,"key":"Fruit Juice"},{"floor":34.0,"key":"Strength Potion"},{"floor":36.0,"key":"Dexterity Potion"},{"floor":38.0,"key":"Dexterity Potion"}],"is_trial":true,"path_per_floor":["M","?","?","M","M","E","R","E","T","M","?","R","E","$","R","B",null,"M","M","$","?","M","R","E","M","T","E","$","E","?","M","R","B",null,"M","?","?","M","M","E","R","E","T","M","E","$","T","E","R","B","B",null,"R","$","E","B",null],"character_chosen":"IRONCLAD","items_purchased":["TalkToTheHand","ClockworkSouvenir","Centennial Puzzle","SpeedPotion","OrangePellets"],"campfire_rested":0,"item_purchase_floors":[14,14,46,46,54],"current_hp_per_floor":[75,70,47,60,73,75,75,75,75,75,64,64,80,80,80,85,85,85,85,85,85,85,85,85,85,85,85,85,75,75,82,82,90,95,95,95,95,95,95,95,95,95,95,95,95,95,95,95,95,95,95,95,95,95,95,95],"gold":93,"neow_bonus":"","is_daily":false,"chose_seed":false,"campfire_upgraded":7,"win_rate":0.0,"timestamp":1614354679,"path_taken":["M","?","?","M","M","E","R","E","T","M","?","R","E","$","R","BOSS","M","M","$","?","M","R","E","M","T","E","$","E","?","M","R","BOSS","M","?","?","M","M","E","R","E","T","M","E","$","?","E","R","BOSS","BOSS","R","$","E","BOSS"],"items_purchased_type":["Card","Relic","Relic","Potion","Relic"],"build_version":"2020-12-22","purchased_purges":3,"victory":true,"max_hp_per_floor":[75,75,75,75,75,75,75,75,75,75,75,75,85,85,85,85,85,85,85,85,85,85,85,85,85,85,85,85,85,85,85,85,90,95,95,95,95,95,95,95,95,95,95,95,95,95,95,95,95,95,95,95,95,95,95,95],"relic_stats":{"Regal Pillow":0,"Gremlin Horn":[26,26],"Happy Flower":[33],"counters":[31,122],"Bag of Preparation":[54],"Ginger":[4],"War Paint":["Undo","Shrug It Off"],"Burning Blood":76,"OrangePellets":[3],"Centennial Puzzle":[3],"Mummified Hand":[83],"Gambling Chip":[15],"Turnip":[3],"obtain_stats":[{"Regal Pillow":47,"Pear":13,"Tiny House":34,"Calipers":42,"Gremlin Horn":2,"Happy Flower":8,"Bag of Preparation":6,"Ginger":36,"War Paint":45,"Burning Blood":0,"White Beast Statue":29,"ClockworkSouvenir":14,"Du-Vu Doll":55,"OrangePellets":54,"Bottled Flame":43,"Centennial Puzzle":46,"Mummified Hand":21,"Gambling Chip":37,"Turnip":40,"TungstenRod":27,"Red Skull":48,"Runic Pyramid":17,"Pocketwatch":24,"Paper Frog":26},{"Regal Pillow":26,"Pear":7,"Tiny House":17,"Calipers":24,"Gremlin Horn":1,"Happy Flower":5,"Bag of Preparation":4,"Ginger":19,"War Paint":26,"Burning Blood":0,"White Beast Statue":15,"ClockworkSouvenir":7,"Du-Vu Doll":30,"OrangePellets":29,"Bottled Flame":24,"Centennial Puzzle":26,"Mummified Hand":10,"Gambling Chip":20,"Turnip":23,"TungstenRod":14,"Red Skull":27,"Runic Pyramid":8,"Pocketwatch":12,"Paper Frog":13},{"Regal Pillow":102,"Pear":28,"Tiny House":67,"Calipers":98,"Gremlin Horn":4,"Happy Flower":22,"Bag of Preparation":16,"Ginger":74,"War Paint":102,"Burning Blood":0,"White Beast Statue":59,"ClockworkSouvenir":28,"Du-Vu Doll":116,"OrangePellets":114,"Bottled Flame":98,"Centennial Puzzle":102,"Mummified Hand":41,"Gambling Chip":79,"Turnip":95,"TungstenRod":55,"Red Skull":107,"Runic Pyramid":35,"Pocketwatch":48,"Paper Frog":51}],"TungstenRod":11,"Pocketwatch":[4]},"card_choices":[{"not_picked":["JustLucky","Steam","Deadly Poison"],"picked":"SKIP","floor":1.0},{"not_picked":["Headbutt","Warcry","Dagger Spray"],"picked":"SKIP","floor":4.0},{"not_picked":["EmptyBody","Turbo"],"picked":"Body Slam","floor":5.0},{"not_picked":["Reaper","Amplify","Corpse Explosion"],"picked":"SKIP","floor":6.0},{"not_picked":["Die Die Die","Electrodynamics","Grand Finale"],"picked":"SKIP","floor":8.0},{"not_picked":["MentalFortress","Bouncing Flask","Catalyst"],"picked":"SKIP","floor":10.0},{"not_picked":["Fiend Fire","Berserk","All For One"],"picked":"SKIP","floor":13.0},{"not_picked":["Storm of Steel","Malaise"],"picked":"Berserk","floor":16.0},{"not_picked":["LikeWater","Meditate","WheelKick"],"picked":"SKIP","floor":18.0},{"not_picked":["Bouncing Flask+1","Gash","SandsOfTime"],"picked":"SKIP","floor":19.0},{"not_picked":["ForeignInfluence","EmptyBody"],"picked":"Feel No Pain+1","floor":22.0},{"not_picked":["Berserk","DeusExMachina","Malaise"],"picked":"SKIP","floor":24.0},{"not_picked":["Conserve Battery","Chaos"],"picked":"Recycle+1","floor":25.0},{"not_picked":["Tools of the Trade","Storm of Steel","ConjureBlade"],"picked":"SKIP","floor":27.0},{"not_picked":["Demon Form","Wish"],"picked":"Exhume","floor":29.0},{"not_picked":["Backstab","Coolheaded","Bane"],"picked":"SKIP","floor":31.0},{"not_picked":["BowlingBash","MentalFortress"],"picked":"Feel No Pain","floor":35.0},{"not_picked":["EmptyBody","Prostrate+1"],"picked":"Shrug It Off","floor":38.0},{"not_picked":["Combust","Protect","Fusion+1"],"picked":"SKIP","floor":39.0},{"not_picked":["Limit Break","Buffer"],"picked":"Scrawl","floor":40.0},{"not_picked":["Storm of Steel","Phantasmal Killer","Amplify"],"picked":"SKIP","floor":42.0},{"not_picked":["Storm of Steel","Phantasmal Killer","Amplify"],"picked":"SKIP","floor":42.0},{"not_picked":["Quick Slash+1","Hologram","Recycle+1"],"picked":"SKIP","floor":44.0},{"not_picked":["Omniscience","Corruption","DeusExMachina"],"picked":"SKIP","floor":45.0},{"not_picked":["Berserk","Seek"],"picked":"Scrawl","floor":48.0},{"not_picked":["Corruption","Offering"],"picked":"After Image","floor":55.0}],"player_experience":2031647,"relics_obtained":[{"floor":6.0,"key":"Bag of Preparation"},{"floor":8.0,"key":"Happy Flower"},{"floor":13.0,"key":"Pear"},{"floor":24.0,"key":"Pocketwatch"},{"floor":26.0,"key":"Paper Frog"},{"floor":27.0,"key":"TungstenRod"},{"floor":29.0,"key":"White Beast Statue"},{"floor":36.0,"key":"Ginger"},{"floor":37.0,"key":"Gambling Chip"},{"floor":40.0,"key":"Turnip"},{"floor":42.0,"key":"Calipers"},{"floor":43.0,"key":"Bottled Flame"},{"floor":45.0,"key":"War Paint"},{"floor":47.0,"key":"Regal Pillow"},{"floor":48.0,"key":"Red Skull"},{"floor":55.0,"key":"Du-Vu Doll"}],"event_choices":[{"damage_healed":0.0,"max_hp_gain":0.0,"max_hp_loss":0.0,"gold_gain":0.0,"event_name":"Scrap Ooze","player_choice":"Success","floor":2.0,"gold_loss":0.0,"damage_taken":5.0,"relics_obtained":["Gremlin Horn"]},{"damage_healed":0.0,"max_hp_gain":0.0,"max_hp_loss":0.0,"gold_gain":0.0,"event_name":"Shining Light","player_choice":"Entered Light","floor":3.0,"gold_loss":0.0,"damage_taken":23.0,"cards_upgraded":["Conserve Battery","Intimidate"]},{"damage_healed":0.0,"max_hp_gain":0.0,"max_hp_loss":0.0,"gold_gain":75.0,"event_name":"World of Goop","player_choice":"Gather Gold","floor":11.0,"gold_loss":0.0,"damage_taken":11.0},{"damage_healed":0.0,"max_hp_gain":0.0,"max_hp_loss":0.0,"gold_gain":0.0,"event_name":"The Mausoleum","player_choice":"Opened","floor":21.0,"gold_loss":0.0,"damage_taken":0.0,"relics_obtained":["Mummified Hand"],"cards_obtained":["Writhe"]},{"damage_healed":0.0,"max_hp_gain":0.0,"max_hp_loss":0.0,"gold_gain":0.0,"event_name":"Upgrade Shrine","player_choice":"Upgraded","floor":30.0,"gold_loss":0.0,"damage_taken":0.0,"cards_upgraded":["Exhume"]},{"damage_healed":0.0,"max_hp_gain":0.0,"max_hp_loss":0.0,"gold_gain":0.0,"event_name":"MindBloom","player_choice":"Fight","floor":36.0,"gold_loss":0.0,"damage_taken":0.0},{"damage_healed":0.0,"max_hp_gain":0.0,"max_hp_loss":0.0,"gold_gain":0.0,"event_name":"Mysterious Sphere","player_choice":"Fight","floor":37.0,"gold_loss":0.0,"damage_taken":0.0}],"is_beta":false,"boss_relics":[{"not_picked":["SlaversCollar","Runic Cube"],"picked":"Runic Pyramid"},{"not_picked":["Mark of Pain","Black Blood"],"picked":"Tiny House"}],"items_purged_floors":[20,28,46],"is_endless":false,"potions_floor_spawned":[4,8,16,22,24,27,31,33,35,36,37,38,39,40,42,44,45,48,55],"ascension_level":20}}