{"host":"h3yie3u3olngyjol","time":1614318339,"event":{"mods":["BaseMod","Colored Powertips","Downfall","Highlight Path","Infinite Spire","Lobotomy","LobotomyExtend","Marked Mod","Minty Spire (QoL Compilation)","Prisma Mod","Replay The Spire","RumiaBox-露米娅的神秘盒子","Shop Mod","StSLib","The Hierophant","The Runesmith"],"gold_per_floor":[109,109,34,47,47,47,47,47,47,47,12,12,26,42,42,147,197,207,207,197,197,211,211,211],"floor_reached":23,"language":"ZHS","playtime":3998,"items_purged":["Defend_G"],"score":285,"play_id":"33234d09-8e5b-4062-8204-531ca4eb7eae","local_time":"20210226134539","is_ascension_mode":true,"campfire_choices":[{"data":"Dagger Spray","floor":6.0,"key":"SMITH"},{"data":"Neutralize","floor":8.0,"key":"SMITH"},{"data":"Survivor","floor":10.0,"key":"SMITH"},{"data":"Strike_G","floor":15.0,"key":"SMITH"}],"circlet_count":0,"master_deck":["Strike_G","Strike_G","Strike_G","Strike_G+1","Strike_G","Defend_G","Defend_G","Defend_G","Defend_G","Survivor+1","Neutralize+1","Dagger Spray+1","downfall:Haunted","Replay:Bag of Tricks+1","Deadly Poison","Prepared+1","Backstab"],"relics":["Ring of the Snake","LetterFromLob","Runesmith:AutoHammer","Darkstone Periapt","Tiny House"],"acts_visited":["Exordium","TheCity"],"potions_floor_usage":[22,22,22],"damage_taken":[{"damage":1.0,"enemies":"Jaw Worm","floor":1.0,"turns":5.0},{"damage":0.0,"enemies":"Cultist","floor":4.0,"turns":4.0},{"damage":2.0,"enemies":"Small Slimes","floor":13.0,"turns":3.0},{"damage":8.0,"enemies":"3 Louse","floor":14.0,"turns":2.0},{"damage":27.0,"enemies":"Slime Boss","floor":16.0,"turns":12.0},{"damage":10.0,"enemies":"3 Byrds","floor":18.0,"turns":4.0},{"damage":22.0,"enemies":"2 Thieves","floor":20.0,"turns":4.0},{"damage":19,"enemies":"Centurion and Healer","floor":22,"turns":5},{"damage":29,"enemies":"Slavers","floor":23,"turns":2}],"seed_played":"2772756454082273545","potions_obtained":[{"floor":1.0,"key":"Languid Potion"},{"floor":2.0,"key":"AttackPotion"},{"floor":2.0,"key":"Flashbang"},{"floor":2.0,"key":"DuplicationPotion"},{"floor":13.0,"key":"CunningPotion"},{"floor":17.0,"key":"LifebloodPotion"},{"floor":20.0,"key":"Strength Potion"},{"floor":22,"key":"Fruit Juice"}],"is_trial":false,"path_per_floor":["M","?","$","M","$","R","$","R","T","R","?","?","M","M","R","B",null,"M","?","M","?","M","E"],"character_chosen":"THE_SILENT","items_purchased":[],"campfire_rested":0,"item_purchase_floors":[],"current_hp_per_floor":[69,69,69,69,69,69,69,69,69,69,77,89,87,79,79,52,85,75,75,53,53,39,10,10],"gold":211,"neow_bonus":"TEN_PERCENT_HP_BONUS","is_daily":false,"chose_seed":false,"campfire_upgraded":4,"win_rate":0.0,"timestamp":1614318339,"path_taken":["M","?","?","?","$","R","$","R","T","R","?","?","M","M","R","BOSS","M","?","M","?","M","E"],"items_purchased_type":[],"build_version":"2020-12-22","purchased_purges":1,"victory":false,"max_hp_per_floor":[77,77,77,77,77,77,77,77,77,77,77,89,89,89,89,89,94,94,94,94,94,99,99,99],"card_choices":[{"not_picked":["Blade Dance","Expertise"],"picked":"Dagger Spray","floor":1.0},{"not_picked":["Distraction","Tactician","Dagger Throw"],"picked":"SKIP","floor":4.0},{"not_picked":["Dagger Spray","Underhanded Strike","Hidden Blade"],"picked":"SKIP","floor":13.0},{"not_picked":["Sucker Punch","Tactician","Quick Slash"],"picked":"SKIP","floor":14.0},{"not_picked":["Corpse Explosion","Doppelganger"],"picked":"Replay:Bag of Tricks","floor":16.0},{"not_picked":["Backflip","Finisher"],"picked":"Deadly Poison","floor":17.0},{"not_picked":["Predator","Choke"],"picked":"Prepared+1","floor":18.0},{"not_picked":["PiercingWail+1","Dodge and Roll+1","Dagger Throw"],"picked":"SKIP","floor":20.0},{"not_picked":["Sucker Punch","Underhanded Strike"],"picked":"Backstab","floor":22}],"player_experience":474842,"relics_obtained":[{"floor":1.0,"key":"LetterFromLob"},{"floor":9.0,"key":"Runesmith:AutoHammer"}],"event_choices":[{"damage_healed":0.0,"max_hp_gain":0.0,"max_hp_loss":0.0,"gold_gain":0.0,"event_name":"Lab","player_choice":"Got Potions","floor":2.0,"gold_loss":0.0,"damage_taken":0.0},{"damage_healed":19.0,"max_hp_gain":0.0,"max_hp_loss":0.0,"gold_gain":0.0,"event_name":"The Cleric","player_choice":"Healed","floor":11.0,"gold_loss":35.0,"damage_taken":0.0},{"damage_healed":0.0,"max_hp_gain":0.0,"max_hp_loss":0.0,"gold_gain":0.0,"event_name":"Ghosts","player_choice":"Ignored","floor":19.0,"gold_loss":0.0,"damage_taken":0.0},{"cards_removed":["downfall:Haunted"],"damage_healed":0.0,"max_hp_gain":0.0,"max_hp_loss":0.0,"gold_gain":0.0,"event_name":"Back to Basics","player_choice":"Elegance","floor":21.0,"gold_loss":0.0,"damage_taken":0.0}],"is_beta":false,"boss_relics":[{"not_picked":["Fusion Hammer","Velvet Choker"],"picked":"Tiny House"}],"items_purged_floors":[3],"is_endless":false,"potions_floor_spawned":[1,13,20,22],"killed_by":"Slavers","ascension_level":9}}