{"host":"1ie89x0glpq08u84","time":1614371850,"event":{"mods":["AchievementEnabler","BaseMod","Highlight Path","Minty Spire (QoL Compilation)","StSLib","Unceasing Turn Reminder"],"gold_per_floor":[119,135,151,162,177,211,211,227,227,253,99,49,83,158,158,263,263,277,302,312,330,348,348,375,9,78,78,105,205,205,219,219,320,320,335,352,312,329,339,370,390,390,414,414,440,456,55,66,66,66,66,66,3,30,30,30],"floor_reached":55,"language":"ENG","playtime":2250,"items_purged":["Strike_B","Strike_B","Defend_B"],"score":878,"play_id":"ae313825-0d97-4c95-bfa5-079d440b318f","local_time":"20210226153730","is_ascension_mode":true,"campfire_choices":[{"data":"Doom and Gloom","floor":7,"key":"SMITH"},{"floor":15,"key":"REST"},{"data":"Buffer","floor":23,"key":"SMITH"},{"data":"White Noise","floor":27,"key":"SMITH"},{"data":"Capacitor","floor":32,"key":"SMITH"},{"floor":42,"key":"RECALL"},{"data":"Chaos","floor":44,"key":"SMITH"},{"data":"Capacitor","floor":49,"key":"SMITH"},{"data":"Storm","floor":52,"key":"SMITH"}],"circlet_count":0,"master_deck":["Defend_B","Zap","Dualcast","CurseOfTheBell","Doom and Gloom+1","Go for the Eyes","Capacitor+1","Gash","Cold Snap","Ball Lightning+1","Gash","Auto Shields","Loop+1","Ball Lightning","Buffer+1","Conserve Battery+1","Coolheaded+1","Self Repair","Barrage+1","White Noise+1","Coolheaded+1","Storm+1","Chaos+1","Chill","Lockon","Glacier+1","Rainbow+1","Seek+1","Self Repair+1","Cold Snap","Capacitor+1","Lockon","Beam Cell"],"relics":["Calling Bell","Omamori","Mercury Hourglass","Mango","Sundial","Letter Opener","Toy Ornithopter","Thread and Needle","Busted Crown","Red Mask","Matryoshka","Membership Card","Ornamental Fan","HornCleat","Pear","Turnip","Cables","Astrolabe","Bag of Marbles","Shuriken","Juzu Bracelet","Eternal Feather","White Beast Statue","Sling","Gremlin Horn"],"acts_visited":["Exordium","TheCity","TheBeyond","TheEnding"],"potions_floor_usage":[16,18,19,21,22,22,29,35,38,55,55,55],"damage_taken":[{"damage":1.0,"enemies":"Cultist","floor":1.0,"turns":4.0},{"damage":0.0,"enemies":"Small Slimes","floor":2.0,"turns":2.0},{"damage":0.0,"enemies":"2 Louse","floor":3.0,"turns":1.0},{"damage":1,"enemies":"Large Slime","floor":4,"turns":5},{"damage":0,"enemies":"Lots of Slimes","floor":5,"turns":1},{"damage":19,"enemies":"Gremlin Nob","floor":6,"turns":5},{"damage":0,"enemies":"2 Fungi Beasts","floor":8,"turns":2},{"damage":27,"enemies":"Lagavulin","floor":10,"turns":5},{"damage":13,"enemies":"3 Sentries","floor":13,"turns":4},{"damage":31,"enemies":"Hexaghost","floor":16,"turns":8},{"damage":1,"enemies":"Spheric Guardian","floor":18,"turns":3},{"damage":9,"enemies":"Masked Bandits","floor":19,"turns":3},{"damage":0,"enemies":"Shell Parasite","floor":20,"turns":6},{"damage":0,"enemies":"Snecko","floor":21,"turns":7},{"damage":9,"enemies":"Snake Plant","floor":22,"turns":5},{"damage":36,"enemies":"Gremlin Leader","floor":24,"turns":8},{"damage":21,"enemies":"Book of Stabbing","floor":28,"turns":6},{"damage":2,"enemies":"Colosseum Slavers","floor":29,"turns":4},{"damage":0,"enemies":"Colosseum Nobs","floor":29,"turns":5},{"damage":0,"enemies":"Centurion and Healer","floor":31,"turns":5},{"damage":14,"enemies":"Collector","floor":33,"turns":9},{"damage":0,"enemies":"3 Shapes","floor":35,"turns":3},{"damage":14,"enemies":"3 Darklings","floor":36,"turns":6},{"damage":0,"enemies":"Transient","floor":38,"turns":5},{"damage":0,"enemies":"Jaw Worm Horde","floor":39,"turns":5},{"damage":28,"enemies":"Giant Head","floor":40,"turns":10},{"damage":0,"enemies":"Writhing Mass","floor":41,"turns":6},{"damage":23,"enemies":"Reptomancer","floor":45,"turns":7},{"damage":0,"enemies":"Maw","floor":46,"turns":6},{"damage":2,"enemies":"4 Shapes","floor":48,"turns":4},{"damage":73,"enemies":"Time Eater","floor":50,"turns":11},{"damage":34,"enemies":"Shield and Spear","floor":54,"turns":6},{"damage":94,"enemies":"The Heart","floor":55,"turns":8}],"seed_played":"640465223904883031","potions_obtained":[{"floor":1.0,"key":"Explosive Potion"},{"floor":2.0,"key":"Explosive Potion"},{"floor":8,"key":"Strength Potion"},{"floor":13,"key":"Energy Potion"},{"floor":16,"key":"AttackPotion"},{"floor":20,"key":"SkillPotion"},{"floor":21,"key":"ColorlessPotion"},{"floor":24,"key":"LiquidBronze"},{"floor":31,"key":"SpeedPotion"},{"floor":35,"key":"PowerPotion"},{"floor":38,"key":"LiquidMemories"},{"floor":39,"key":"Explosive Potion"},{"floor":45,"key":"Strength Potion"},{"floor":46,"key":"DuplicationPotion"}],"is_trial":false,"path_per_floor":["M","M","M","M","M","E","R","M","T","E","$","?","E","?","R","B",null,"M","?","M","M","M","R","E","$","T","R","E","?","?","M","R","B",null,"M","M","?","M","M","E","M","R","T","R","E","M","$","M","R","B",null,"R","$","E","B"],"character_chosen":"DEFECT","items_purchased":["Loop","Membership Card","Storm","Chaos","Chill","Lockon","FocusPotion","Capacitor","Eternal Feather","White Beast Statue","Lockon","Sling"],"campfire_rested":1,"item_purchase_floors":[11,25,25,25,25,25,25,47,47,47,47,47],"current_hp_per_floor":[88,88,88,87,87,68,68,68,68,41,41,41,28,17,43,17,89,88,84,84,89,87,87,58,58,58,58,54,64,58,72,72,65,99,99,92,92,99,99,88,99,99,99,99,99,99,99,99,99,43,99,99,99,75,0,0],"gold":30,"neow_bonus":"BOSS_RELIC","is_daily":false,"chose_seed":false,"campfire_upgraded":7,"win_rate":0.0,"timestamp":1614371850,"path_taken":["M","M","M","M","M","E","R","M","T","E","?","?","E","?","R","BOSS","M","?","M","M","M","R","E","$","T","R","E","?","?","?","R","BOSS","M","M","?","M","?","E","M","R","T","R","E","M","$","M","R","BOSS","R","$","E","BOSS"],"items_purchased_type":["Card","Relic","Card","Card","Card","Card","Potion","Card","Relic","Relic","Card","Relic"],"build_version":"2020-12-22","purchased_purges":3,"victory":false,"max_hp_per_floor":[89,89,89,89,89,89,89,89,89,89,89,89,89,89,89,89,89,89,89,89,89,89,89,89,89,89,89,99,99,99,99,99,99,99,99,99,99,99,99,99,99,99,99,99,99,99,99,99,99,99,99,99,99,99,99,99],"card_choices":[{"not_picked":["Cold Snap","Compile Driver"],"picked":"Doom and Gloom","floor":1.0},{"not_picked":["Stack","Fusion"],"picked":"Go for the Eyes","floor":2.0},{"not_picked":["Force Field","Reinforced Body"],"picked":"Capacitor","floor":3.0},{"not_picked":["Hyperbeam","Rebound"],"picked":"Gash","floor":4},{"not_picked":["Undo","Redo"],"picked":"Cold Snap","floor":5},{"not_picked":["Buffer","Tempest"],"picked":"Ball Lightning","floor":6},{"not_picked":["Stack","Go for the Eyes"],"picked":"Gash","floor":8},{"not_picked":["Leap","Go for the Eyes"],"picked":"Auto Shields","floor":10},{"not_picked":["Thunder Strike","Hello World"],"picked":"Ball Lightning","floor":13},{"not_picked":["Thunder Strike","Multi-Cast"],"picked":"Buffer","floor":16},{"not_picked":[],"picked":"Conserve Battery+1","floor":18},{"not_picked":[],"picked":"Coolheaded+1","floor":19},{"not_picked":[],"picked":"Self Repair","floor":20},{"not_picked":[],"picked":"Barrage+1","floor":21},{"not_picked":[],"picked":"White Noise","floor":22},{"not_picked":[],"picked":"Coolheaded+1","floor":24},{"not_picked":["Machine Learning"],"picked":"SKIP","floor":28},{"not_picked":["Sweeping Beam"],"picked":"SKIP","floor":31},{"not_picked":["Sweeping Beam+1"],"picked":"SKIP","floor":35},{"not_picked":[],"picked":"Self Repair+1","floor":36},{"not_picked":[],"picked":"Cold Snap","floor":38},{"not_picked":["Rebound"],"picked":"SKIP","floor":39},{"not_picked":["Skim"],"picked":"SKIP","floor":40},{"not_picked":["Rebound+1"],"picked":"SKIP","floor":41},{"not_picked":["Force Field"],"picked":"SKIP","floor":45},{"not_picked":["Scrape"],"picked":"SKIP","floor":46},{"not_picked":[],"picked":"Beam Cell","floor":48},{"not_picked":["Rebound+1"],"picked":"SKIP","floor":54}],"player_experience":446563,"relics_obtained":[{"floor":0.0,"key":"Omamori"},{"floor":0.0,"key":"Mercury Hourglass"},{"floor":0.0,"key":"Mango"},{"floor":6,"key":"Sundial"},{"floor":9,"key":"Letter Opener"},{"floor":10,"key":"Toy Ornithopter"},{"floor":13,"key":"Thread and Needle"},{"floor":19,"key":"Red Mask"},{"floor":24,"key":"Matryoshka"},{"floor":26,"key":"Ornamental Fan"},{"floor":26,"key":"HornCleat"},{"floor":28,"key":"Pear"},{"floor":29,"key":"Turnip"},{"floor":29,"key":"Cables"},{"floor":40,"key":"Bag of Marbles"},{"floor":43,"key":"Shuriken"},{"floor":45,"key":"Juzu Bracelet"},{"floor":54,"key":"Gremlin Horn"}],"event_choices":[{"cards_removed":["Strike_B"],"damage_healed":0,"gold_gain":0,"player_choice":"Card Removal","damage_taken":0,"max_hp_gain":0,"max_hp_loss":0,"event_name":"The Cleric","floor":12,"gold_loss":50},{"damage_healed":0,"gold_gain":75,"player_choice":"Gather Gold","damage_taken":11,"max_hp_gain":0,"max_hp_loss":0,"event_name":"World of Goop","floor":14,"gold_loss":0},{"damage_healed":0,"gold_gain":0,"player_choice":"Fought Bandits","damage_taken":0,"max_hp_gain":0,"max_hp_loss":0,"event_name":"Masked Bandits","floor":19,"gold_loss":0},{"damage_healed":0,"gold_gain":0,"player_choice":"Fight","damage_taken":0,"max_hp_gain":0,"max_hp_loss":0,"event_name":"Colosseum","floor":29,"gold_loss":0},{"damage_healed":0,"gold_gain":0,"player_choice":"Fought Nobs","damage_taken":0,"max_hp_gain":0,"max_hp_loss":0,"event_name":"Colosseum","floor":29,"gold_loss":0},{"damage_healed":0,"gold_gain":0,"player_choice":"","damage_taken":6,"max_hp_gain":0,"max_hp_loss":0,"event_name":"Knowing Skull","floor":30,"potions_obtained":[],"gold_loss":0,"cards_obtained":[]},{"damage_healed":0,"gold_gain":0,"player_choice":"Upgraded Two","damage_taken":0,"max_hp_gain":0,"max_hp_loss":0,"event_name":"Designer","floor":37,"gold_loss":40,"cards_upgraded":["Ball Lightning","Loop"]}],"is_beta":false,"boss_relics":[{"not_picked":["Snecko Eye","Ectoplasm"],"picked":"Busted Crown"},{"not_picked":["Nuclear Battery","Tiny House"],"picked":"Astrolabe"}],"items_purged_floors":[11,25,53],"is_endless":false,"potions_floor_spawned":[1,2,8,13,16,20,21,24,31,35,38,39,45,46,48,54],"killed_by":"The Heart","ascension_level":1}}