{"host":"BK","time":1614378529,"event":{"mods":["BaseMod","Highlight Path","Minty Spire (QoL Compilation)","StSLib"],"gold_per_floor":[112,112,112,122,133,133,158,176,202,228,228,247,247,247,247,324,324,336,336,261,275,275,275,300,49,49,65,76,76,26,41,41,41,41],"floor_reached":33,"language":"ENG","playtime":1615,"items_purged":["Strike_R"],"score":575,"play_id":"c3eaa742-8f8d-4318-9e68-23e85f58af4b","local_time":"20210226152849","is_ascension_mode":true,"campfire_choices":[{"data":"Uppercut","floor":6.0,"key":"SMITH"},{"data":"Berserk","floor":13.0,"key":"SMITH"},{"floor":15.0,"key":"REST"},{"floor":23.0,"key":"REST"},{"floor":29,"key":"REST"},{"floor":32,"key":"REST"}],"circlet_count":0,"master_deck":["AscendersBane","Defend_R","Defend_R","Defend_R","Defend_R","Bash","Thunderclap+1","Uppercut+1","Metallicize","Anger","Berserk+1","Feed","Shrug It Off","Bite","Bite","Bite","Bite","Bite","Immolate","Master of Strategy","Metallicize","Shockwave+1"],"relics":["Burning Blood","Lizard Tail","Bag of Marbles","Akabeko","Blood Vial","Runic Dome","Meat on the Bone"],"acts_visited":["Exordium","TheCity"],"potions_floor_usage":[28,33],"damage_taken":[{"damage":2.0,"enemies":"2 Louse","floor":1.0,"turns":3.0},{"damage":9.0,"enemies":"Jaw Worm","floor":4.0,"turns":3.0},{"damage":4.0,"enemies":"Cultist","floor":5.0,"turns":3.0},{"damage":55.0,"enemies":"3 Sentries","floor":7.0,"turns":9.0},{"damage":10.0,"enemies":"3 Louse","floor":8.0,"turns":4.0},{"damage":6.0,"enemies":"Gremlin Nob","floor":10.0,"turns":3.0},{"damage":3.0,"enemies":"2 Fungi Beasts","floor":12.0,"turns":3.0},{"damage":31.0,"enemies":"The Guardian","floor":16.0,"turns":14.0},{"damage":30.0,"enemies":"2 Thieves","floor":18.0,"turns":3.0},{"damage":29.0,"enemies":"3 Byrds","floor":21.0,"turns":6.0},{"damage":39.0,"enemies":"Slavers","floor":24.0,"turns":5.0},{"damage":24.0,"enemies":"Snake Plant","floor":27.0,"turns":4.0},{"damage":33,"enemies":"Cultist and Chosen","floor":28,"turns":6},{"damage":30,"enemies":"Shelled Parasite and Fungi","floor":31,"turns":5},{"damage":86,"enemies":"Automaton","floor":33,"turns":6}],"seed_played":"-4702525951917935888","potions_obtained":[{"floor":1.0,"key":"AttackPotion"},{"floor":4.0,"key":"Dexterity Potion"},{"floor":10.0,"key":"SteroidPotion"},{"floor":27.0,"key":"Dexterity Potion"},{"floor":31,"key":"DuplicationPotion"}],"is_trial":false,"path_per_floor":["M","?","?","M","M","R","E","M","T","E","?","M","R","?","R","B",null,"M","?","$","M","?","R","E","$","T","M","M","R","?","M","R","B"],"character_chosen":"IRONCLAD","items_purchased":["Master of Strategy","Metallicize"],"campfire_rested":4,"item_purchase_floors":[25,25],"current_hp_per_floor":[54,47,47,44,46,46,43,39,39,39,39,44,44,26,48,25,63,44,44,44,26,26,42,27,27,27,31,28,44,44,37,54,0,0],"gold":41,"neow_bonus":"ONE_RARE_RELIC","is_daily":false,"chose_seed":false,"campfire_upgraded":2,"win_rate":0.0,"timestamp":1614378529,"path_taken":["M","?","?","M","?","R","E","M","T","E","?","M","R","?","R","BOSS","M","?","$","?","?","R","E","$","T","M","M","R","?","M","R","BOSS"],"items_purchased_type":["Card","Card"],"build_version":"2020-12-18","purchased_purges":1,"victory":false,"max_hp_per_floor":[75,75,75,75,75,75,75,75,75,75,75,75,75,75,75,75,75,78,78,78,81,56,56,56,56,56,56,56,56,56,59,59,59,59],"card_choices":[{"not_picked":["Evolve","Clash"],"picked":"Thunderclap","floor":1.0},{"not_picked":["Flex","Anger"],"picked":"Uppercut","floor":4.0},{"not_picked":["Warcry","Searing Blow","Seeing Red"],"picked":"SKIP","floor":5.0},{"not_picked":["Twin Strike","Evolve"],"picked":"Metallicize","floor":7.0},{"not_picked":["Reckless Charge","Twin Strike"],"picked":"Anger","floor":8.0},{"not_picked":["Clash","Headbutt"],"picked":"Berserk","floor":10.0},{"not_picked":["Flex","Havoc","Sword Boomerang"],"picked":"SKIP","floor":12.0},{"not_picked":["Fiend Fire","Barricade"],"picked":"Feed","floor":16.0},{"not_picked":["Body Slam","Carnage","Uppercut"],"picked":"SKIP","floor":18.0},{"not_picked":["Armaments","Pommel Strike"],"picked":"Shrug It Off","floor":21.0},{"not_picked":["Clothesline+1","Warcry"],"picked":"Immolate","floor":24.0},{"not_picked":["Evolve","Feel No Pain","Seeing Red"],"picked":"SKIP","floor":27.0},{"not_picked":["Wild Strike+1","Bloodletting","Twin Strike+1"],"picked":"SKIP","floor":28},{"not_picked":["Havoc","Sentinel"],"picked":"Shockwave+1","floor":31}],"player_experience":2624839,"relics_obtained":[{"floor":7.0,"key":"Bag of Marbles"},{"floor":9.0,"key":"Akabeko"},{"floor":10.0,"key":"Blood Vial"},{"floor":24.0,"key":"Meat on the Bone"}],"event_choices":[{"cards_removed":["Strike_R"],"damage_healed":0.0,"max_hp_gain":0.0,"max_hp_loss":0.0,"gold_gain":0.0,"event_name":"Golden Wing","player_choice":"Card Removal","floor":2.0,"gold_loss":0.0,"damage_taken":7.0},{"damage_healed":0.0,"max_hp_gain":0.0,"max_hp_loss":0.0,"gold_gain":0.0,"event_name":"Living Wall","player_choice":"Grow","floor":3.0,"gold_loss":0.0,"damage_taken":0.0,"cards_upgraded":["Thunderclap"]},{"damage_healed":0.0,"max_hp_gain":0.0,"max_hp_loss":0.0,"gold_gain":0.0,"event_name":"Liars Game","player_choice":"Ignored","floor":11.0,"gold_loss":0.0,"damage_taken":0.0},{"damage_healed":0.0,"max_hp_gain":0.0,"max_hp_loss":0.0,"gold_gain":0.0,"event_name":"Scrap Ooze","player_choice":"Fled","floor":14.0,"gold_loss":0.0,"damage_taken":18.0},{"cards_removed":["Strike_R"],"damage_healed":0.0,"max_hp_gain":0.0,"max_hp_loss":0.0,"gold_gain":0.0,"event_name":"Wheel of Change","player_choice":"Card Removal","floor":19.0,"gold_loss":0.0,"damage_taken":0.0},{"damage_healed":0.0,"max_hp_gain":0.0,"max_hp_loss":25.0,"gold_gain":0.0,"event_name":"Vampires","player_choice":"Became a vampire","floor":22.0,"gold_loss":0.0,"damage_taken":0.0,"cards_obtained":["Bite","Bite","Bite","Bite","Bite"]},{"damage_healed":0,"gold_gain":0,"player_choice":"Bet on Murderer","damage_taken":0,"max_hp_gain":0,"max_hp_loss":0,"event_name":"The Joust","floor":30,"gold_loss":50}],"is_beta":true,"boss_relics":[{"not_picked":["Coffee Dripper","Mark of Pain"],"picked":"Runic Dome"}],"items_purged_floors":[20],"is_endless":false,"potions_floor_spawned":[1,4,10,16,18,27,31],"killed_by":"Automaton","ascension_level":20}}