{"host":"0hb9w7uizu7y13wj","time":1614374177,"event":{"mods":["Act Like it!","Aspiration","BaseMod","BetterRewards","Colored Map","Conspire","Downfall","Energized Spire","FTL Soundtrack","Friendly Minions","Halation","Hubris","Infinite Spire","Minty Spire (QoL Compilation)","Quick Restart","Replay The Spire","StSLib","Synergy Search","The Hierophant","The Jungle","The Poker Player","Trackpad","everything is the same but u backflip on backflip"],"gold_per_floor":[111,111,111,111,22,22,53,111,191,220,220,233,247,74,74,151,151,161,161,161,190,190,207,239,239,239,264,264,279,279,305,305,403,403,445,469,513,557,611,611,679,737,737,797,880,953,953,953,953,953,953,953,953,1253,1367,1367],"floor_reached":57,"language":"ENG","playtime":1781,"items_purged":["Defend_R"],"score":2487,"play_id":"df6bbd8c-63ea-4336-aaaf-63411da2da41","local_time":"20210226211617","is_ascension_mode":true,"campfire_choices":[{"data":"Bash","floor":6.0,"key":"SMITH"},{"data":"hubris:StunningStrike","floor":11.0,"key":"SMITH"},{"data":"Replay:Sssssssssshield","floor":15.0,"key":"SMITH"},{"data":"Pommel Strike","floor":25,"key":"SMITH"},{"data":"Sword Boomerang","floor":30,"key":"SMITH"},{"floor":32,"key":"REST"},{"data":"infinitespire:Punishment","floor":40,"key":"SMITH"},{"floor":49,"key":"RECALL"},{"data":"Heavy Blade","floor":53,"key":"SMITH"}],"circlet_count":0,"master_deck":["AscendersBane","Strike_R+1","Strike_R+1","Strike_R+1","Strike_R+1","Strike_R+1","Defend_R","Defend_R","Defend_R","Bash+1","Pommel Strike+1","Flash of Steel","hubris:StunningStrike+1","hubris:ReadiedAction","Metallicize","Reaper","Cleave","Clash","infinitespire:Gouge+1","infinitespire:Punishment+1","Sword Boomerang+1","conspire:HitWhereItHurts+1","Iron Wave","Twin Strike","Iron Wave","Clothesline","Heavy Blade+1","Replay:Undeath\u0027s Touch+1","ReplayTheSpireMod:LeadingStrike","Twin Strike+1"],"relics":["Burning Blood","NeowsBlessing","hubris:Towel","Omamori","Iron Hammer","Ornamental Fan","MealTicket","hubris:Backtick","trackpad:BerserkersDraught","Red Mask","Calipers","ReplayTheSpireMod:Spearhead","infinitespire:BottledMercury","halation:LostSnail","ReplayTheSpireMod:Lightbulb","infinitespire:EvilPickle","Snecko Eye","Whetstone","Vajra","aspiration:StickyExplosives_weak","halation:EternalFortune","hubris:NiceRug","hubris:PeanutButter","Replay:Bottled Eggs","hubris:HerbalPaste","aspiration:HatOfInfinitePower"],"acts_visited":["Exordium","TheCity","TheBeyond","TheEnding"],"potions_floor_usage":[],"damage_taken":[{"damage":0.0,"enemies":"2 Louse","floor":1.0,"turns":1.0},{"damage":0.0,"enemies":"Gremlin Nob","floor":7.0,"turns":1.0},{"damage":0.0,"enemies":"Lagavulin Event","floor":8.0,"turns":1.0},{"damage":21.0,"enemies":"3 Sentries","floor":10.0,"turns":10.0},{"damage":0.0,"enemies":"Small Slimes","floor":12.0,"turns":3.0},{"damage":0.0,"enemies":"Cultist","floor":13.0,"turns":2.0},{"damage":50.0,"enemies":"Fading Forest","floor":16.0,"turns":13.0},{"damage":57,"enemies":"Shell Parasite","floor":18,"turns":7},{"damage":0,"enemies":"Masked Bandits","floor":21,"turns":2},{"damage":0,"enemies":"conspire:FuzzyDice","floor":23,"turns":2},{"damage":34,"enemies":"Book of Stabbing","floor":24,"turns":3},{"damage":11,"enemies":"Slavers","floor":27,"turns":2},{"damage":0,"enemies":"Snake Plant","floor":29,"turns":1},{"damage":24,"enemies":"Pondfish","floor":33,"turns":3},{"damage":0,"enemies":"3 Darklings","floor":35,"turns":1},{"damage":0,"enemies":"3 Shapes","floor":37,"turns":1},{"damage":0,"enemies":"3 Darklings","floor":38,"turns":1},{"damage":0,"enemies":"Maw","floor":39,"turns":2},{"damage":0,"enemies":"Giant Head","floor":41,"turns":2},{"damage":7,"enemies":"Sphere and 2 Shapes","floor":42,"turns":1},{"damage":0,"enemies":"Transient","floor":44,"turns":3},{"damage":0,"enemies":"Nemesis","floor":45,"turns":1},{"damage":0,"enemies":"Spire Growth","floor":46,"turns":1},{"damage":13,"enemies":"Donu and Deca","floor":50,"turns":2},{"damage":25,"enemies":"Replay:Hell Engine","floor":51,"turns":2},{"damage":0,"enemies":"hubris:Merchant","floor":54,"turns":2},{"damage":0,"enemies":"Shield and Spear","floor":55,"turns":1},{"damage":18,"enemies":"The Heart","floor":56,"turns":5}],"seed_played":"2504099880749959018","potions_obtained":[{"floor":7.0,"key":"Languid Potion"},{"floor":8.0,"key":"Doom Potion"},{"floor":12.0,"key":"Block Potion"},{"floor":23,"key":"Elixir"},{"floor":24,"key":"PowerPotion"}],"is_trial":false,"path_per_floor":["M","?","?","?","$","R","E","?","T","E","R","M","M","$","R","B",null,"M","?","?","?","?","M","E","R","T","E","AVR","M","R","T","R","B",null,"M","T","M","M","M","R","E","M","T","M","E","M","?","$","R","B","B",null,"R","$","E","B",null],"character_chosen":"IRONCLAD","items_purchased":["Flash of Steel","Metallicize","Replay:Sssssssssshield"],"campfire_rested":1,"item_purchase_floors":[5,14,14],"current_hp_per_floor":[74,74,74,74,74,74,75,75,75,60,60,66,72,75,75,37,66,21,21,21,27,27,33,37,37,37,32,32,38,38,38,60,75,75,75,75,75,75,75,75,75,74,74,75,75,75,78,78,78,78,59,73,73,78,78,68],"gold":1367,"neow_bonus":"THREE_ENEMY_KILL","is_daily":false,"chose_seed":false,"campfire_upgraded":7,"win_rate":0.0,"timestamp":1614374177,"path_taken":["M","?","?","?","$","R","E","?","T","E","R","M","M","$","R","BOSS","M","?","?","?","?","M","E","R","T","E","AVR","M","R","?","R","BOSS","M","?","M","M","M","R","E","M","T","M","E","M","?","$","R","BOSS","BOSS","R","$","E","BOSS"],"items_purchased_type":["Card","Card","Card"],"build_version":"2020-12-22","purchased_purges":1,"victory":true,"max_hp_per_floor":[75,75,75,75,75,75,75,75,75,75,75,75,75,75,75,75,75,75,75,75,75,75,75,75,75,75,75,75,75,75,75,75,75,75,75,75,75,75,75,75,75,75,75,75,75,75,78,78,78,78,78,78,78,78,78,78],"card_choices":[{"not_picked":["Clash","Thunderclap"],"picked":"Pommel Strike","floor":1.0},{"not_picked":["Anger","Clash","Rage"],"picked":"SKIP","floor":7.0},{"not_picked":["Anger","True Grit"],"picked":"hubris:StunningStrike","floor":8.0},{"not_picked":["Infernal Blade","Armaments","Twin Strike"],"picked":"SKIP","floor":10.0},{"not_picked":["Run Through","Dark Embrace","ReplayReversal"],"picked":"SKIP","floor":12.0},{"not_picked":["Headbutt","Defy Death"],"picked":"hubris:ReadiedAction","floor":13.0},{"not_picked":["Impervious","Demonic Infusion"],"picked":"Reaper","floor":16.0},{"not_picked":["True Grit","Hemokinesis","ReplayTheSpireMod:Strike From Hell"],"picked":"SKIP","floor":18},{"not_picked":["Armaments","Carnage+1"],"picked":"Cleave","floor":21},{"not_picked":["hubris:ReadiedAction","Double Tap"],"picked":"Clash","floor":23},{"not_picked":["Iron Wave","Cleave","Replay:Undeath\u0027s Touch"],"picked":"SKIP","floor":24},{"not_picked":["hubris:ReadiedAction+1","Limit Break","Body Slam"],"picked":"SKIP","floor":27},{"not_picked":["Rupture","conspire:ExplosiveBarrier"],"picked":"Sword Boomerang","floor":29},{"not_picked":["Eclipse","Limit Break"],"picked":"conspire:HitWhereItHurts","floor":33},{"not_picked":["Body Slam+1","Warcry"],"picked":"Iron Wave","floor":35},{"not_picked":["Cleave","Armaments+1","Brutality"],"picked":"SKIP","floor":37},{"not_picked":["Battle Trance","Clothesline"],"picked":"Twin Strike","floor":38},{"not_picked":["ReplayTheSpireMod:Strike From Hell","Body Slam+1"],"picked":"Iron Wave","floor":39},{"not_picked":["Armaments","Second Wind"],"picked":"Clothesline","floor":41},{"not_picked":["Rupture","Dual Wield"],"picked":"Heavy Blade","floor":42},{"not_picked":["Dark Embrace+1","Thunderclap+1","ReplayReversal"],"picked":"SKIP","floor":44},{"not_picked":["Warcry","Fire Breathing"],"picked":"Replay:Undeath\u0027s Touch+1","floor":45},{"not_picked":["Ghostly Armor","Warcry"],"picked":"ReplayTheSpireMod:LeadingStrike","floor":46},{"not_picked":["Headbutt"],"picked":"SKIP","floor":54},{"not_picked":["Cleave"],"picked":"SKIP","floor":54},{"not_picked":["Infernal Blade+1"],"picked":"SKIP","floor":54},{"not_picked":["Sentinel"],"picked":"SKIP","floor":54},{"not_picked":["Feel No Pain"],"picked":"SKIP","floor":54},{"not_picked":["Bandage Up"],"picked":"SKIP","floor":54},{"not_picked":["ReplayTheSpireMod:Necrogeddon"],"picked":"SKIP","floor":54},{"not_picked":["Iron Wave","Shrug It Off"],"picked":"Twin Strike+1","floor":55}],"player_experience":999468,"relics_obtained":[{"floor":7.0,"key":"Omamori"},{"floor":8.0,"key":"Iron Hammer"},{"floor":9.0,"key":"Ornamental Fan"},{"floor":10.0,"key":"MealTicket"},{"floor":21,"key":"Red Mask"},{"floor":24,"key":"Calipers"},{"floor":26,"key":"ReplayTheSpireMod:Spearhead"},{"floor":27,"key":"infinitespire:BottledMercury"},{"floor":31,"key":"ReplayTheSpireMod:Lightbulb"},{"floor":36,"key":"Whetstone"},{"floor":41,"key":"Vajra"},{"floor":45,"key":"aspiration:StickyExplosives_weak"},{"floor":54,"key":"hubris:PeanutButter"},{"floor":54,"key":"Replay:Bottled Eggs"},{"floor":54,"key":"hubris:HerbalPaste"},{"floor":55,"key":"aspiration:HatOfInfinitePower"}],"event_choices":[{"damage_healed":0.0,"max_hp_gain":0.0,"max_hp_loss":0.0,"gold_gain":0.0,"event_name":"conspire:LoneGhost","player_choice":"Disagree","floor":3.0,"gold_loss":0.0,"damage_taken":0.0},{"damage_healed":0.0,"max_hp_gain":0.0,"max_hp_loss":0.0,"gold_gain":30.0,"event_name":"Dead Adventurer","player_choice":"Searched \u00272\u0027 times","floor":8.0,"gold_loss":0.0,"damage_taken":0.0},{"cards_removed":["Replay:Sssssssssshield"],"damage_healed":0,"gold_gain":0,"player_choice":"Elegance","damage_taken":0,"max_hp_gain":0,"max_hp_loss":0,"event_name":"Back to Basics","floor":19,"gold_loss":0},{"damage_healed":0,"gold_gain":0,"player_choice":"Fought Bandits","damage_taken":0,"max_hp_gain":0,"max_hp_loss":0,"event_name":"Masked Bandits","floor":21,"gold_loss":0},{"damage_healed":0,"gold_gain":0,"player_choice":"Smashed Altar","damage_taken":0,"max_hp_gain":0,"max_hp_loss":0,"event_name":"Forgotten Altar","floor":22,"gold_loss":0,"cards_obtained":["Decay"]}],"is_beta":false,"boss_relics":[{"not_picked":["conspire:SeveredTorchhead","energizedSpire:StickyHand"],"picked":"hubris:Backtick"},{"not_picked":["Mark of Pain","energizedSpire:DeadBattery"],"picked":"Snecko Eye"}],"items_purged_floors":[28],"is_endless":false,"potions_floor_spawned":[7,8,12,23,24,29,39,41,42,44,55],"ascension_level":20}}