{"host":"b9sas8jv6tsy9swm","time":1614345639,"event":{"mods":["AchievementEnabler","BaseMod","Minty Spire (QoL Compilation)","Permanent Neow","Quick Restart","StSLib"],"gold_per_floor":[117,117,117,132,147,147,174,184,184,202,202,202,202,219,219,318,318,336,336,96,108,120,153,153,36,59,79,89,107,138,149,149,249,249,259,259,259],"floor_reached":36,"language":"ZHS","playtime":1510,"items_purged":["Strike_B","Strike_B"],"score":595,"play_id":"a43e0a96-bec9-42d0-ab23-2c43b5d778e1","local_time":"20210226212039","is_ascension_mode":true,"campfire_choices":[{"data":"Zap","floor":6.0,"key":"SMITH"},{"data":"Defragment","floor":13.0,"key":"SMITH"},{"floor":15.0,"key":"REST"},{"floor":24.0,"key":"REST"},{"data":"Recycle","floor":32.0,"key":"SMITH"}],"circlet_count":0,"master_deck":["Zap+1","Dualcast","Streamline","Ball Lightning+1","Cold Snap+1","Conserve Battery","Hologram","Defragment+1","Buffer","Reboot","CurseOfTheBell","Self Repair","Loop","Coolheaded","Recycle+1","Capacitor","Cold Snap+1","Consume+1","Stack","Electrodynamics","Glacier","Heatsinks","Echo Form","Meteor Strike+1"],"relics":["Runic Pyramid","Molten Egg 2","Letter Opener","Strawberry","CaptainsWheel","Calling Bell","Oddly Smooth Stone","The Courier","Shovel","CultistMask","OrangePellets","Calipers","Happy Flower","WingedGreaves","Pandora\u0027s Box"],"acts_visited":["Exordium","TheCity","TheBeyond"],"potions_floor_usage":[],"damage_taken":[{"damage":6.0,"enemies":"2 Louse","floor":1.0,"turns":3.0},{"damage":3.0,"enemies":"Jaw Worm","floor":4.0,"turns":4.0},{"damage":1.0,"enemies":"Cultist","floor":5.0,"turns":3.0},{"damage":6.0,"enemies":"Gremlin Nob","floor":7.0,"turns":3.0},{"damage":8.0,"enemies":"Lots of Slimes","floor":8.0,"turns":3.0},{"damage":4.0,"enemies":"Red Slaver","floor":10.0,"turns":4.0},{"damage":6.0,"enemies":"Blue Slaver","floor":14.0,"turns":3.0},{"damage":0.0,"enemies":"Slime Boss","floor":16.0,"turns":6.0},{"damage":27.0,"enemies":"2 Thieves","floor":18.0,"turns":4.0},{"damage":0.0,"enemies":"Chosen","floor":21.0,"turns":5.0},{"damage":20.0,"enemies":"Snake Plant","floor":22.0,"turns":5.0},{"damage":38.0,"enemies":"Gremlin Leader","floor":23.0,"turns":8.0},{"damage":5.0,"enemies":"Centurion and Healer","floor":27.0,"turns":7.0},{"damage":10.0,"enemies":"Chosen and Byrds","floor":28.0,"turns":6.0},{"damage":10.0,"enemies":"Cultist and Chosen","floor":29.0,"turns":6.0},{"damage":12.0,"enemies":"Book of Stabbing","floor":30.0,"turns":8.0},{"damage":0.0,"enemies":"Snecko","floor":31.0,"turns":5.0},{"damage":3.0,"enemies":"Automaton","floor":33.0,"turns":9.0},{"damage":24,"enemies":"3 Shapes","floor":35,"turns":4},{"damage":74,"enemies":"2 Orb Walkers","floor":36,"turns":5}],"seed_played":"-1565427274223287209","potions_obtained":[{"floor":1.0,"key":"SteroidPotion"},{"floor":8.0,"key":"Regen Potion"},{"floor":10.0,"key":"AttackPotion"},{"floor":18.0,"key":"SpeedPotion"},{"floor":22.0,"key":"SmokeBomb"},{"floor":28.0,"key":"FearPotion"},{"floor":29.0,"key":"FocusPotion"},{"floor":31.0,"key":"AttackPotion"}],"is_trial":false,"path_per_floor":["M","?","T","M","M","R","E","M","T","M","?","?","R","M","R","B",null,"M","?","$","M","M","E","R","$","T","M","M","M","E","M","R","B",null,"M","?"],"character_chosen":"DEFECT","items_purchased":["Self Repair","OrangePellets","Coolheaded"],"campfire_rested":2,"item_purchase_floors":[20,20,25],"current_hp_per_floor":[62,37,37,34,33,33,34,26,26,34,34,27,27,21,45,45,73,46,46,46,53,40,9,33,33,33,35,32,29,24,31,31,35,70,53,0,0],"gold":259,"neow_bonus":"BOSS_RELIC","is_daily":false,"chose_seed":false,"campfire_upgraded":3,"win_rate":0.0,"timestamp":1614345639,"path_taken":["M","?","?","M","M","R","E","M","T","?","?","?","R","M","R","BOSS","M","?","$","M","?","E","R","?","T","?","M","M","E","M","R","BOSS","M","?"],"items_purchased_type":["Card","Relic","Card"],"build_version":"2020-12-22","purchased_purges":2,"victory":false,"max_hp_per_floor":[75,75,75,75,75,75,82,82,82,82,82,82,82,82,82,82,82,82,82,82,82,82,82,82,82,82,82,82,82,82,82,82,82,82,82,82,82],"card_choices":[{"not_picked":["Static Discharge","Hologram"],"picked":"Streamline","floor":1.0},{"not_picked":["Loop","Chaos"],"picked":"Ball Lightning+1","floor":4.0},{"not_picked":["Undo","Storm"],"picked":"Cold Snap+1","floor":5.0},{"not_picked":["Beam Cell+1","Melter+1"],"picked":"Conserve Battery","floor":7.0},{"not_picked":["Genetic Algorithm","Conserve Battery"],"picked":"Hologram","floor":8.0},{"not_picked":["Fusion","Turbo"],"picked":"Defragment","floor":10.0},{"not_picked":["Go for the Eyes+1","Hologram","Gash+1"],"picked":"SKIP","floor":14.0},{"not_picked":["All For One+1","Thunder Strike+1"],"picked":"Reboot","floor":16.0},{"not_picked":["Sweeping Beam+1","Streamline+1","Redo+1"],"picked":"SKIP","floor":18.0},{"not_picked":["Rebound+1","Leap","Loop"],"picked":"SKIP","floor":21.0},{"not_picked":["Thunder Strike+1","Steam+1","Blizzard+1"],"picked":"SKIP","floor":22.0},{"not_picked":["Redo","Sweeping Beam+1"],"picked":"Loop","floor":23.0},{"not_picked":["Steam+1","Ball Lightning+1"],"picked":"Recycle","floor":27.0},{"not_picked":["Sunder+1","Sweeping Beam+1"],"picked":"Capacitor","floor":28.0},{"not_picked":["Hologram","Aggregate"],"picked":"Cold Snap+1","floor":29.0},{"not_picked":["Barrage+1","Go for the Eyes+1"],"picked":"Consume+1","floor":30.0},{"not_picked":["Tempest","Capacitor+1"],"picked":"Stack","floor":31.0},{"not_picked":["Thunder Strike+1","Machine Learning"],"picked":"Electrodynamics","floor":33.0},{"not_picked":["Rebound+1","Gash+1","Redo"],"picked":"SKIP","floor":35}],"player_experience":406920,"relics_obtained":[{"floor":3.0,"key":"Letter Opener"},{"floor":7.0,"key":"Strawberry"},{"floor":9.0,"key":"CaptainsWheel"},{"floor":17.0,"key":"Oddly Smooth Stone"},{"floor":17.0,"key":"The Courier"},{"floor":17.0,"key":"Shovel"},{"floor":23.0,"key":"Calipers"},{"floor":26.0,"key":"Happy Flower"},{"floor":30.0,"key":"WingedGreaves"}],"event_choices":[{"damage_healed":0.0,"max_hp_gain":0.0,"max_hp_loss":0.0,"gold_gain":0.0,"event_name":"Scrap Ooze","player_choice":"Success","floor":2.0,"gold_loss":0.0,"damage_taken":25.0,"relics_obtained":["Molten Egg 2"]},{"damage_healed":0.0,"max_hp_gain":0.0,"max_hp_loss":0.0,"gold_gain":0.0,"cards_transformed":["Strike_B"],"event_name":"Living Wall","player_choice":"Change","floor":11.0,"gold_loss":0.0,"damage_taken":0.0,"cards_obtained":["Buffer"]},{"cards_removed":["Strike_B"],"damage_healed":0.0,"max_hp_gain":0.0,"max_hp_loss":0.0,"gold_gain":0.0,"event_name":"Golden Wing","player_choice":"Card Removal","floor":12.0,"gold_loss":0.0,"damage_taken":7.0},{"damage_healed":0.0,"max_hp_gain":0.0,"max_hp_loss":0.0,"gold_gain":0.0,"event_name":"FaceTrader","player_choice":"Trade","floor":19.0,"gold_loss":0.0,"damage_taken":0.0,"relics_obtained":["CultistMask"]},{"damage_healed":0,"gold_gain":0,"player_choice":"Fight","damage_taken":0,"max_hp_gain":0,"max_hp_loss":0,"event_name":"Mysterious Sphere","floor":36,"gold_loss":0}],"is_beta":false,"boss_relics":[{"not_picked":["Cursed Key","Sozu"],"picked":"Calling Bell"},{"not_picked":["Fusion Hammer","Nuclear Battery"],"picked":"Pandora\u0027s Box"}],"items_purged_floors":[20,25],"is_endless":false,"potions_floor_spawned":[1,8,10,18,22,28,29,31],"killed_by":"2 Orb Walkers","ascension_level":6}}