{"host":"yzy3lyltrgq1sam1","time":1614327471,"event":{"mods":["Act Like it!","BaseMod","CapriCore","Downfall","Gensokyo","Koishi","Marisa£®ÏF”Í°°ƒß¿Ì…≥£©","Minty Spire (QoL Compilation)","Quick Restart","Reimu£®≤©¿ˆ¡È√Œ£©","Reliquary","Remilia£®¿Ÿ√◊¿Ú—«£©","StSLib","The Administrix","The Alterego","The Gatherer","WarShipGirlsR/’ΩΩ¢…Ÿ≈ÆR mod","Youmu£®ªÍ∆«—˝√Œ£©","°æ“≈ŒÔø®≈∆°øREMEMod"],"gold_per_floor":[113,132,132,142,152,184,197,228,252,299,332,344,344,123,123,240,240,255,255,72,85,85,111,138,138,138,138,138,150,195,207,207,309,309,328,175,222,241,61,113,113,129,129,129,162,174,197,237,249,261],"floor_reached":51,"language":"ZHS","playtime":3358,"items_purged":["rmod:strick"],"score":1142,"play_id":"12a0c41a-6dcc-4bb4-a80c-b54544e374b3","local_time":"20210226161751","is_ascension_mode":true,"campfire_choices":[{"data":"rmod:basicallowance","floor":13.0,"key":"SMITH"},{"data":"rmod:diaomin","floor":15.0,"key":"SMITH"},{"data":"rmod:u235","floor":25.0,"key":"SMITH"},{"data":"rmod:goodsister","floor":32.0,"key":"SMITH"},{"data":"rmod:secretscript","floor":41.0,"key":"SMITH"},{"data":"Magnetism","floor":44.0,"key":"SMITH"},{"data":"rmod:expeditionaryescort","floor":46,"key":"SMITH"},{"floor":49,"key":"REST"}],"circlet_count":0,"master_deck":["rmod:strick+1","rmod:strick","rmod:strick","rmod:defend","rmod:defend","rmod:defend","rmod:defend","rmod:basicallowance+1","rmod:maingunfire","rmod:supportaircraftcarrier","rmod:diaomin+1","rmod:firesupport","rmod:salvage+1","rmod:fletcherpendant","rmod:fletcherpendant","FavorOfDestiny","rmod:aviationdawn","rmod:fletcher","rmod:fletcherpendant+1","rmod:u235+1","CurseOfTheBell","rmod:fletcherpendant+1","rmod:maintain","rmod:firesupport","rmod:luckystar+1","rmod:fletcher+1","rmod:goodsister+1","rmod:salvage+1","rmod:u235","rmod:fletcherpendant+1","rmod:secretscript+1","rmod:fletcherpendant+1","rmod:supportaircraftcarrier+1","rmod:fletcherpendant+1","rmod:fuelsupply","Magnetism+1","rmod:fletcher","rmod:fletcherpendant+1","rmod:expeditionaryescort+1","rmod:fletcherpendant+1","rmod:advancebysurprise","rmod:fletcher+1"],"relics":["rmod:firstchargereward","REME_ComplimentaryCards","CaptainsWheel","Blue Candle","Whetstone","reliquary:OuijaBoard","Ancient Tea Set","RuthlessExorcism:ReiMu","Juzu Bracelet","Calling Bell","Happy Flower","Mummified Hand","Gambling Chip","WarpedTongs","Sling","Oddly Smooth Stone","Red Mask","Gremlin Horn","reliquary:PrincelyHelmet","MealTicket","Runic Dome","Toolbox","Calipers","reliquary:Sideboard","CrazyTorch:ReiMu","MawBank","Ornamental Fan"],"acts_visited":["Exordium","TheCity","TheBeyond"],"potions_floor_usage":[45,50,50,50],"damage_taken":[{"damage":4.0,"enemies":"Jaw Worm","floor":1.0,"turns":3.0},{"damage":0.0,"enemies":"Small Slimes","floor":2.0,"turns":3.0},{"damage":0.0,"enemies":"Cultist","floor":4.0,"turns":4.0},{"damage":3.0,"enemies":"Looter","floor":5.0,"turns":3.0},{"damage":11.0,"enemies":"3 Sentries","floor":6.0,"turns":7.0},{"damage":0.0,"enemies":"Blue Slaver","floor":7.0,"turns":3.0},{"damage":0.0,"enemies":"Lagavulin","floor":8.0,"turns":6.0},{"damage":12.0,"enemies":"Gremlin Nob","floor":10.0,"turns":3.0},{"damage":3.0,"enemies":"Exordium Thugs","floor":11.0,"turns":4.0},{"damage":1.0,"enemies":"Red Slaver","floor":12.0,"turns":2.0},{"damage":0.0,"enemies":"Slime Boss","floor":16.0,"turns":8.0},{"damage":6.0,"enemies":"Spheric Guardian","floor":18.0,"turns":4.0},{"damage":0.0,"enemies":"Chosen","floor":21.0,"turns":2.0},{"damage":19.0,"enemies":"Book of Stabbing","floor":23.0,"turns":4.0},{"damage":2.0,"enemies":"Masked Bandits","floor":24.0,"turns":4.0},{"damage":15.0,"enemies":"Shelled Parasite and Fungi","floor":29.0,"turns":4.0},{"damage":10.0,"enemies":"Gremlin Leader","floor":30.0,"turns":4.0},{"damage":0.0,"enemies":"Snecko","floor":31.0,"turns":3.0},{"damage":22.0,"enemies":"Champ","floor":33.0,"turns":10.0},{"damage":4.0,"enemies":"3 Shapes","floor":35.0,"turns":3.0},{"damage":11.0,"enemies":"2 Orb Walkers","floor":37.0,"turns":3.0},{"damage":7.0,"enemies":"Orb Walker","floor":38.0,"turns":2.0},{"damage":11.0,"enemies":"Giant Head","floor":40.0,"turns":7.0},{"damage":0.0,"enemies":"Writhing Mass","floor":42.0,"turns":2.0},{"damage":0,"enemies":"Reptomancer","floor":45,"turns":1},{"damage":4,"enemies":"Jaw Worm Horde","floor":47,"turns":1},{"damage":0,"enemies":"Nemesis","floor":48,"turns":1},{"damage":11,"enemies":"Awakened One","floor":50,"turns":7}],"seed_played":"7527040045890231965","potions_obtained":[{"floor":5.0,"key":"Fruit Juice"},{"floor":6.0,"key":"Explosive Potion"},{"floor":8.0,"key":"SteroidPotion"},{"floor":12.0,"key":"Strength Potion"},{"floor":12.0,"key":"PowerPotion"},{"floor":16.0,"key":"Block Potion"},{"floor":29.0,"key":"PowerPotion"},{"floor":33.0,"key":"champ:CounterPotion"},{"floor":35.0,"key":"LiquidMemories"},{"floor":37.0,"key":"FearPotion"},{"floor":48,"key":"AttackPotion"}],"is_trial":false,"path_per_floor":["M","M","?","M","M","E","M","E","T","E","M","M","R","$","R","B",null,"M","?","$","M","?","E","?","R","T","?","?","M","E","M","R","B",null,"M","$","?","M","$","E","R","M","T","R","E","R","M","E","R","B",null],"character_chosen":"PRAEFECT","items_purchased":["Juzu Bracelet","rmod:maintain","Sling","Toolbox","Magnetism"],"campfire_rested":1,"item_purchase_floors":[14,20,20,36,39],"current_hp_per_floor":[50,50,45,45,47,36,36,36,36,24,21,20,20,20,20,20,80,74,74,74,74,74,55,53,53,53,53,53,38,28,28,28,6,80,76,80,69,62,77,66,66,66,66,66,66,66,62,62,80,69],"gold":273,"neow_bonus":"ONE_RARE_RELIC","is_daily":false,"chose_seed":false,"campfire_upgraded":7,"win_rate":0.0,"timestamp":1614327471,"path_taken":["M","M","?","M","M","E","M","E","T","E","M","M","R","$","R","BOSS","M","?","$","M","?","E","?","R","T","?","?","M","E","M","R","BOSS","M","$","?","M","$","E","R","M","T","R","E","R","M","E","R","BOSS"],"items_purchased_type":["Relic","Card","Relic","Relic","Card"],"build_version":"2020-12-22","purchased_purges":1,"victory":true,"max_hp_per_floor":[75,75,75,75,80,80,80,80,80,80,80,80,80,80,80,80,80,80,80,80,80,80,80,80,80,80,80,80,80,80,80,80,80,80,80,80,80,80,80,80,80,80,80,80,80,80,80,80,80,80],"card_choices":[{"not_picked":["rmod:sl","rmod:gendarmerie"],"picked":"rmod:supportaircraftcarrier","floor":1.0},{"not_picked":["rmod:intelligenceanalysis","rmod:chargemoney"],"picked":"rmod:diaomin","floor":2.0},{"not_picked":["rmod:spoils","rmod:launchingtorpedo"],"picked":"rmod:firesupport","floor":4.0},{"not_picked":["rmod:guardianhero","rmod:luckystar","rmod:combined"],"picked":"SKIP","floor":5.0},{"not_picked":["rmod:guardianhero","rmod:mineteam"],"picked":"rmod:salvage","floor":6.0},{"not_picked":["rmod:supportescort","rmod:steelsupply","rmod:spoils"],"picked":"SKIP","floor":7.0},{"not_picked":["rmod:luckystar","rmod:spoils","rmod:highspeedmaneuver"],"picked":"SKIP","floor":8.0},{"not_picked":["rmod:slowdown","rmod:ammunitionsupply"],"picked":"rmod:aviationdawn","floor":10.0},{"not_picked":["rmod:mineteam","rmod:ammunitionsupply"],"picked":"rmod:intelligenceanalysis","floor":11.0},{"not_picked":["rmod:ring","rmod:bulid","rmod:luckystar"],"picked":"SKIP","floor":12.0},{"not_picked":["rmod:auspiciousomen","rmod:expeditionaryescort"],"picked":"rmod:u235","floor":16.0},{"not_picked":["rmod:luckystar","rmod:supportescort","rmod:unsinkable"],"picked":"SKIP","floor":18.0},{"not_picked":["rmod:tearstotiara","rmod:fletcherpendant"],"picked":"rmod:firesupport","floor":21.0},{"not_picked":["rmod:fletcherpendant","rmod:aluminumsupply"],"picked":"rmod:luckystar+1","floor":23.0},{"not_picked":["rmod:smokecover","rmod:expedition"],"picked":"rmod:goodsister","floor":29.0},{"not_picked":["rmod:fuelsupply","rmod:aviationdawn"],"picked":"rmod:salvage+1","floor":30.0},{"not_picked":["rmod:fletcherpendant","rmod:tearstotiara"],"picked":"rmod:u235","floor":31.0},{"not_picked":["rmod:saltedfish","rmod:supriseattacks"],"picked":"rmod:secretscript","floor":33.0},{"not_picked":["rmod:aggressivemary+1","rmod:slowdown","rmod:supportescort"],"picked":"SKIP","floor":35.0},{"not_picked":["rmod:intelligenceanalysis","rmod:steelsupply"],"picked":"rmod:supportaircraftcarrier+1","floor":37.0},{"not_picked":["rmod:capitalist+1","rmod:advancebysurprise+1"],"picked":"rmod:fuelsupply","floor":38.0},{"not_picked":["rmod:fuelsupply","rmod:slowdown"],"picked":"rmod:expeditionaryescort","floor":40.0},{"not_picked":["rmod:luckystar","rmod:supportescort"],"picked":"rmod:advancebysurprise","floor":42.0},{"not_picked":["rmod:heivgo+1","rmod:ridicule"],"picked":"rmod:fletcherpendant+1","floor":45},{"not_picked":["rmod:steelsupply","rmod:aluminumsupply"],"picked":"rmod:fletcherpendant","floor":47},{"not_picked":["rmod:salvage","rmod:aggressivemary+1"],"picked":"rmod:fuelsupply","floor":48}],"player_experience":937265,"relics_obtained":[{"floor":6.0,"key":"Whetstone"},{"floor":8.0,"key":"reliquary:OuijaBoard"},{"floor":9.0,"key":"Ancient Tea Set"},{"floor":10.0,"key":"RuthlessExorcism:ReiMu"},{"floor":17.0,"key":"Happy Flower"},{"floor":17.0,"key":"Mummified Hand"},{"floor":17.0,"key":"Gambling Chip"},{"floor":23.0,"key":"Oddly Smooth Stone"},{"floor":24.0,"key":"Red Mask"},{"floor":26.0,"key":"Gremlin Horn"},{"floor":30.0,"key":"MealTicket"},{"floor":37.0,"key":"Calipers"},{"floor":40.0,"key":"reliquary:Sideboard"},{"floor":43.0,"key":"CrazyTorch:ReiMu"},{"floor":45,"key":"MawBank"},{"floor":48,"key":"Ornamental Fan"}],"event_choices":[{"damage_healed":0.0,"max_hp_gain":0.0,"max_hp_loss":0.0,"gold_gain":0.0,"event_name":"Accursed Blacksmith","player_choice":"Rummage","floor":19.0,"gold_loss":0.0,"damage_taken":0.0,"relics_obtained":["WarpedTongs"],"cards_obtained":["Pain"]},{"damage_healed":0.0,"max_hp_gain":0.0,"max_hp_loss":0.0,"gold_gain":0.0,"event_name":"Ghosts","player_choice":"Ignored","floor":22.0,"gold_loss":0.0,"damage_taken":0.0},{"damage_healed":0.0,"max_hp_gain":0.0,"max_hp_loss":0.0,"gold_gain":0.0,"event_name":"Masked Bandits","player_choice":"Fought Bandits","floor":24.0,"gold_loss":0.0,"damage_taken":0.0},{"cards_removed":["Pain"],"damage_healed":0.0,"max_hp_gain":0.0,"max_hp_loss":0.0,"gold_gain":0.0,"event_name":"Fountain of Cleansing","player_choice":"Removed Curses","floor":27.0,"gold_loss":0.0,"damage_taken":0.0},{"cards_removed":["rmod:intelligenceanalysis"],"damage_healed":0.0,"max_hp_gain":0.0,"max_hp_loss":0.0,"gold_gain":0.0,"event_name":"WeMeetAgain","player_choice":"Gave Card","floor":28.0,"gold_loss":0.0,"damage_taken":0.0,"relics_obtained":["reliquary:PrincelyHelmet"]},{"damage_healed":0.0,"max_hp_gain":0.0,"max_hp_loss":0.0,"gold_gain":0.0,"event_name":"Mysterious Sphere","player_choice":"Fight","floor":37.0,"gold_loss":0.0,"damage_taken":0.0}],"is_beta":false,"boss_relics":[{"not_picked":["reliquary:KinkedSpring","Velvet Choker"],"picked":"Calling Bell"},{"not_picked":["reliquary:RedPaperclip","reliquary:RedCape"],"picked":"Runic Dome"}],"items_purged_floors":[14],"is_endless":false,"potions_floor_spawned":[5,6,8,12,16,23,24,29,30,33,35,40,48],"ascension_level":1}}