{"host":"qwyulmb1tab18dot","time":1614372141,"event":{"mods":["BaseMod","Colored Map","Highlight Path","Minty Spire (QoL Compilation)","StSLib"],"gold_per_floor":[112,287,287,212,228,253,253,105,156,183,208,221,246,246,246,342,342,352,364,364,279,204,204,79,97,97,97,172,204,219,219,219,323,323,338,358,358,373,391,391,62,62,62,62,93,103,103,120,120,120],"floor_reached":51,"language":"ENG","playtime":3467,"items_purged":["Strike_R","Defend_R","Defend_R"],"score":761,"play_id":"679ee4ef-3c5a-41f3-b5ee-e4c1d0cdb86a","local_time":"20210226144221","is_ascension_mode":false,"campfire_choices":[{"data":"Shrug It Off","floor":7,"key":"SMITH"},{"floor":15,"key":"REST"},{"data":"Strike_R","floor":23,"key":"PURGE"},{"data":"Armaments","floor":27,"key":"SMITH"},{"data":"Strike_R","floor":32,"key":"PURGE"},{"data":"Pommel Strike","floor":40,"key":"SMITH"},{"data":"Spot Weakness","floor":42,"key":"SMITH"},{"data":"Writhe","floor":44,"key":"PURGE"},{"data":"True Grit","floor":47,"key":"SMITH"},{"data":"Bash","floor":49,"key":"SMITH"}],"circlet_count":0,"master_deck":["Bash+1","Swift Strike","Shrug It Off+1","Disarm","Seeing Red","Armaments+1","Pommel Strike+1","Disarm","Feed","CurseOfTheBell","Battle Trance","Disarm","RitualDagger","Spot Weakness+1","Disarm","Impervious","Dropkick+1","Pommel Strike+1","Spot Weakness+1","Shockwave+1","Swift Strike","True Grit+1"],"relics":["Burning Blood","Torii","Lantern","Potion Belt","Bag of Marbles","Happy Flower","Calling Bell","Ancient Tea Set","Letter Opener","Gambling Chip","Peace Pipe","White Beast Statue","Bottled Flame","Cursed Key","Shuriken","InkBottle","Mercury Hourglass"],"acts_visited":["Exordium","TheCity","TheBeyond"],"potions_floor_usage":[19,29,33,50,50,50,50,50,50,50,50,50],"damage_taken":[{"damage":0,"enemies":"Small Slimes","floor":1,"turns":3},{"damage":2,"enemies":"2 Louse","floor":5,"turns":3},{"damage":53,"enemies":"3 Sentries","floor":6,"turns":12},{"damage":7,"enemies":"Lagavulin","floor":11,"turns":6},{"damage":0,"enemies":"Cultist","floor":12,"turns":3},{"damage":19,"enemies":"Gremlin Nob","floor":13,"turns":4},{"damage":11,"enemies":"The Guardian","floor":16,"turns":11},{"damage":21,"enemies":"Shell Parasite","floor":18,"turns":10},{"damage":0,"enemies":"2 Thieves","floor":19,"turns":4},{"damage":9,"enemies":"Centurion and Healer","floor":25,"turns":7},{"damage":1,"enemies":"Gremlin Leader","floor":29,"turns":8},{"damage":2,"enemies":"Snake Plant","floor":30,"turns":6},{"damage":33,"enemies":"Automaton","floor":33,"turns":12},{"damage":0,"enemies":"3 Shapes","floor":35,"turns":3},{"damage":8,"enemies":"Orb Walker","floor":36,"turns":4},{"damage":16,"enemies":"3 Darklings","floor":38,"turns":6},{"damage":13,"enemies":"Jaw Worm Horde","floor":39,"turns":5},{"damage":1,"enemies":"Giant Head","floor":45,"turns":5},{"damage":7,"enemies":"Maw","floor":46,"turns":5},{"damage":0,"enemies":"4 Shapes","floor":48,"turns":3},{"damage":15,"enemies":"Time Eater","floor":50,"turns":4}],"seed_played":"-4882396739869509198","potions_obtained":[{"floor":1,"key":"FearPotion"},{"floor":12,"key":"Energy Potion"},{"floor":16,"key":"ColorlessPotion"},{"floor":18,"key":"SpeedPotion"},{"floor":29,"key":"SpeedPotion"},{"floor":30,"key":"LiquidMemories"},{"floor":33,"key":"DuplicationPotion"},{"floor":35,"key":"Weak Potion"},{"floor":36,"key":"PowerPotion"},{"floor":38,"key":"EntropicBrew"},{"floor":39,"key":"CultistPotion"}],"is_trial":false,"path_per_floor":["M","?","?","$","M","E","R","$","T","T","E","M","E","?","R","B",null,"M","M","?","?","?","R","$","M","T","R","?","E","M","?","R","B",null,"M","M","?","M","M","R","$","R","T","R","E","M","R","M","R","B",null],"character_chosen":"IRONCLAD","items_purchased":["Armaments","Shuriken","Swift Strike"],"campfire_rested":1,"item_purchase_floors":[8,41,41],"current_hp_per_floor":[80,80,80,80,80,33,33,33,33,33,32,38,25,18,42,37,80,69,78,72,72,72,72,72,72,72,72,63,68,76,76,76,53,98,101,99,99,93,89,89,89,89,89,89,97,96,96,105,105,96],"gold":120,"neow_bonus":"RANDOM_COLORLESS","is_daily":false,"chose_seed":false,"campfire_upgraded":6,"win_rate":0.0,"timestamp":1614372141,"path_taken":["M","?","?","$","?","E","R","?","T","?","E","M","E","?","R","BOSS","M","M","?","?","?","R","$","M","T","R","?","E","?","?","R","BOSS","M","M","?","M","M","R","$","R","T","R","E","M","R","?","R","BOSS"],"items_purchased_type":["Card","Relic","Card"],"build_version":"2020-12-22","purchased_purges":3,"victory":true,"max_hp_per_floor":[80,80,80,80,80,80,80,80,80,80,80,80,80,80,80,80,80,84,87,87,87,87,87,87,90,90,90,90,90,94,94,94,98,98,101,101,101,105,108,108,108,108,108,108,111,111,111,114,114,114],"card_choices":[{"not_picked":["Deep Breath","Impatience"],"picked":"Swift Strike","floor":0},{"not_picked":["True Grit","Battle Trance"],"picked":"Shrug It Off","floor":1},{"not_picked":["Heavy Blade","Power Through"],"picked":"Disarm","floor":5},{"not_picked":["Battle Trance","Infernal Blade"],"picked":"Seeing Red","floor":6},{"not_picked":["Metallicize","Perfected Strike"],"picked":"Pommel Strike","floor":11},{"not_picked":["Perfected Strike","Feel No Pain","Body Slam"],"picked":"SKIP","floor":12},{"not_picked":["Twin Strike","Rampage"],"picked":"Disarm","floor":13},{"not_picked":["Juggernaut","Impervious"],"picked":"Feed","floor":16},{"not_picked":["Dropkick","Clothesline"],"picked":"Battle Trance","floor":18},{"not_picked":["Warcry","Clash"],"picked":"Disarm","floor":19},{"not_picked":["Combust","Thunderclap+1"],"picked":"Spot Weakness","floor":25},{"not_picked":["Dropkick","Combust","Burning Pact"],"picked":"SKIP","floor":29},{"not_picked":["Sword Boomerang","Dropkick"],"picked":"Disarm","floor":30},{"not_picked":["Juggernaut","Corruption"],"picked":"Impervious","floor":33},{"not_picked":["Blood for Blood","Warcry"],"picked":"Dropkick+1","floor":35},{"not_picked":["Wild Strike+1","Flex"],"picked":"Pommel Strike+1","floor":36},{"not_picked":["Sever Soul","Infernal Blade"],"picked":"Spot Weakness+1","floor":38},{"not_picked":["Feel No Pain","Combust"],"picked":"Shockwave+1","floor":39},{"not_picked":["Armaments","Wild Strike","Battle Trance"],"picked":"SKIP","floor":45},{"not_picked":["Blood for Blood","Iron Wave+1"],"picked":"True Grit","floor":46},{"not_picked":["Wild Strike+1","Sword Boomerang","Pommel Strike+1"],"picked":"SKIP","floor":48}],"player_experience":16590,"relics_obtained":[{"floor":6,"key":"Torii"},{"floor":9,"key":"Lantern"},{"floor":10,"key":"Potion Belt"},{"floor":11,"key":"Bag of Marbles"},{"floor":13,"key":"Happy Flower"},{"floor":17,"key":"Ancient Tea Set"},{"floor":17,"key":"Letter Opener"},{"floor":17,"key":"Gambling Chip"},{"floor":26,"key":"White Beast Statue"},{"floor":29,"key":"Bottled Flame"},{"floor":43,"key":"InkBottle"},{"floor":45,"key":"Mercury Hourglass"}],"event_choices":[{"damage_healed":0,"gold_gain":175,"player_choice":"AGREE","damage_taken":0,"max_hp_gain":0,"max_hp_loss":0,"event_name":"Liars Game","floor":2,"gold_loss":0,"cards_obtained":["Doubt"]},{"cards_removed":["Doubt"],"damage_healed":0,"gold_gain":0,"player_choice":"Removed Curses","damage_taken":0,"max_hp_gain":0,"max_hp_loss":0,"event_name":"Fountain of Cleansing","floor":3,"gold_loss":0},{"cards_removed":["Strike_R"],"damage_healed":0,"gold_gain":0,"player_choice":"Card Removal","damage_taken":7,"max_hp_gain":0,"max_hp_loss":0,"event_name":"Golden Wing","floor":14,"gold_loss":0},{"damage_healed":0,"gold_gain":0,"player_choice":"Joined the Cult","damage_taken":6,"max_hp_gain":0,"max_hp_loss":0,"event_name":"Nest","floor":20,"gold_loss":0,"cards_obtained":["RitualDagger"]},{"damage_healed":0,"gold_gain":0,"player_choice":"Obtained Relic","damage_taken":0,"relics_obtained":["Peace Pipe"],"max_hp_gain":0,"max_hp_loss":0,"event_name":"Addict","floor":21,"gold_loss":85},{"cards_removed":["Strike_R"],"damage_healed":0,"gold_gain":0,"player_choice":"Gave Gold","damage_taken":0,"max_hp_gain":0,"max_hp_loss":0,"event_name":"Beggar","floor":22,"gold_loss":75},{"damage_healed":0,"gold_gain":75,"player_choice":"Touch","damage_taken":9,"max_hp_gain":0,"max_hp_loss":0,"event_name":"FaceTrader","floor":28,"gold_loss":0},{"cards_removed":["Defend_R"],"damage_healed":0,"gold_gain":0,"player_choice":"Elegance","damage_taken":0,"max_hp_gain":0,"max_hp_loss":0,"event_name":"Back to Basics","floor":31,"gold_loss":0},{"cards_removed":["Defend_R"],"damage_healed":0,"gold_gain":0,"player_choice":"Purged","damage_taken":0,"max_hp_gain":0,"max_hp_loss":0,"event_name":"Purifier","floor":37,"gold_loss":0}],"is_beta":false,"boss_relics":[{"not_picked":["Runic Dome","Philosopher\u0027s Stone"],"picked":"Calling Bell"},{"not_picked":["Busted Crown","Mark of Pain"],"picked":"Cursed Key"}],"items_purged_floors":[4,8,24],"is_endless":false,"potions_floor_spawned":[1,12,16,18,29,30,33,35,36,38,39,45,46,48],"ascension_level":0}}