{"host":"tv94t6gxbgkn39zb","time":1614358200,"event":{"mods":["BaseMod","CCEM2","Dio Mod","Downfall","Gremlin Mod","HololiveMod","Minty Spire (QoL Compilation)","Rare Cards Sparkle","Reimu??????","Replay The Spire","SIMod","Shade Mod","Shapeshifter Mod","StSLib","The Cursed","The Forsaken","The Hierophant","The Necromancer","The Witch","TheVelvet","Treasure Hunter","Waifu the Spire"],"gold_per_floor":[99,114,126,197,38,38,338,338,352,365,5,180,180,72,90,195,195,195,195],"floor_reached":17,"language":"FRA","playtime":2172,"items_purged":["bronze:FunctionCard","bronze:Strike"],"score":145,"play_id":"3a07477d-6742-4f8b-85bc-c83ebae4052d","local_time":"20210226175000","is_ascension_mode":false,"campfire_choices":[{"floor":6,"key":"REST"},{"floor":8,"key":"REST"},{"floor":13,"key":"REST"}],"circlet_count":0,"master_deck":["bronze:Strike","bronze:Strike","bronze:Strike","bronze:Defend","bronze:Defend+1","bronze:Defend","bronze:Defend+1","bronze:Replicate+1","bronze:Goto","bronze:Turbo","bronze:WhirlingStrike","bronze:BitShift","bronze:Fortify","bronze:DelayedGuard","TH:DeckOfManyThings","bronze:Repair","bronze:Repair","bronze:ClassDefault","expansioncontent:StudyTheSpire","Discovery","Doubt","bronze:ItsAFeature","Decay","bronze:DelayedGuard","TH:DeckOfManyThings","bronze:RecursiveStrike"],"relics":["bronze:BronzeCore","PreservedInsect","Gremlin Food","Old Coin","ReplayTheSpireMod:CursedCoin","Eternal Feather","RedLine:ReiMu"],"acts_visited":["Exordium","TheCity"],"potions_floor_usage":[10],"damage_taken":[{"damage":4,"enemies":"Jaw Worm","floor":2,"turns":5},{"damage":0,"enemies":"Small Slimes","floor":3,"turns":4},{"damage":0,"enemies":"downfall:FleeingMerchant","floor":5,"turns":4},{"damage":0,"enemies":"Cultist","floor":9,"turns":4},{"damage":20,"enemies":"Large Slime","floor":10,"turns":11},{"damage":0,"enemies":"downfall:FleeingMerchant","floor":11,"turns":4},{"damage":8,"enemies":"downfall:FleeingMerchant","floor":14,"turns":4},{"damage":0,"enemies":"Exordium Wildlife","floor":15,"turns":2},{"damage":52,"enemies":"SI_SHIV_ARCHETYPE","floor":16,"turns":20}],"seed_played":"-4322374529612831663","potions_obtained":[{"floor":3,"key":"Cursed Concoction"},{"floor":4,"key":"Strength Potion"},{"floor":4,"key":"Energy Potion"},{"floor":9,"key":"Explosive Potion"},{"floor":15,"key":"Weak Potion"},{"floor":16,"key":"bronze:FreeFunctionsPotion"}],"is_trial":false,"path_per_floor":["R","M","M","?","$","R","T","R","M","M","$","?","R","$","M","B",null],"character_chosen":"THE_AUTOMATON","items_purchased":["Gremlin Food","expansioncontent:StudyTheSpire","Discovery","ReplayTheSpireMod:CursedCoin","Eternal Feather"],"campfire_rested":3,"item_purchase_floors":[5,11,11,14,14],"current_hp_per_floor":[77,73,73,43,43,66,66,77,77,57,71,71,77,76,76,46,77,77,77],"gold":195,"neow_bonus":"TEN_PERCENT_HP_BONUS","is_daily":false,"chose_seed":false,"campfire_upgraded":0,"win_rate":0.0,"timestamp":1614358200,"path_taken":["R","M","M","?","$","R","T","R","M","?","$","?","R","$","M","BOSS"],"items_purchased_type":["Relic","Card","Card","Relic","Relic"],"build_version":"2020-12-22","purchased_purges":2,"victory":false,"max_hp_per_floor":[77,77,77,77,77,77,77,77,77,77,77,77,77,77,77,77,77,77,77],"card_choices":[{"not_picked":["bronze:BugBarrage","bronze:NullPointer"],"picked":"bronze:WhirlingStrike","floor":2},{"not_picked":["bronze:OilSpill","bronze:Invalidate"],"picked":"bronze:BitShift","floor":3},{"not_picked":["bronze:BuggyMess","bronze:BurnOut"],"picked":"bronze:Fortify","floor":4},{"not_picked":["bronze:Return","bronze:BuggyMess"],"picked":"bronze:DelayedGuard","floor":5},{"not_picked":["TH:ElvenBoots"],"picked":"TH:DeckOfManyThings","floor":7},{"not_picked":["bronze:Turbo","bronze:Iterate"],"picked":"bronze:Repair","floor":9},{"not_picked":["bronze:Invalidate","bronze:BugBarrage"],"picked":"bronze:Repair","floor":10},{"not_picked":["bronze:ItsAFeature","bronze:NullPointer"],"picked":"bronze:ClassDefault","floor":11},{"not_picked":["bronze:DigitalCarnage","bronze:Deprecate"],"picked":"bronze:ItsAFeature","floor":14},{"not_picked":["bronze:Turbo","bronze:Fortify"],"picked":"bronze:DelayedGuard","floor":15},{"not_picked":["TH:TreasureMap"],"picked":"TH:DeckOfManyThings","floor":16},{"not_picked":["bronze:Break","bronze:FindAndReplace"],"picked":"bronze:RecursiveStrike","floor":16}],"player_experience":328422,"relics_obtained":[{"floor":4,"key":"PreservedInsect"},{"floor":7,"key":"Old Coin"}],"event_choices":[],"is_beta":false,"boss_relics":[{"not_picked":["ReplayTheSpireMod:DimensionalGlitch","Honey Jar"],"picked":"RedLine:ReiMu"}],"items_purged_floors":[11,11],"is_endless":false,"potions_floor_spawned":[3,9,15,16],"ascension_level":0}}