{"host":"90jl2h70xtuoeg0i","time":1614349704,"event":{"mods":["AchievementEnabler","BaseMod","Colored Map","Colored Powertips","Minty Spire (QoL Compilation)","Relic Stats","ojb\u0027s Info Mod"],"gold_per_floor":[118,43,43,43,43,43,53,88,138,167,177,211,222,222,222,301,301,314,314,136,156,31,61,61,88,112,132,182,198,231,244,244,321,321,340,107,120,120,144,173,173,205,205,215,235,247,72,106,106,106,106,106,106,52,77,77],"floor_reached":57,"language":"ENG","playtime":12972,"items_purged":["Defend_G","Strike_G","Defend_G","Defend_G","Strike_G"],"score":3136,"play_id":"313e7a91-3839-40f8-8059-4e9d0f9c6b26","local_time":"20210226092824","is_ascension_mode":true,"campfire_choices":[{"data":"Prepared","floor":6.0,"key":"SMITH"},{"floor":15.0,"key":"REST"},{"data":"Grand Finale","floor":24.0,"key":"SMITH"},{"floor":32.0,"key":"REST"},{"floor":41.0,"key":"REST"},{"floor":49.0,"key":"RECALL"},{"data":"Backflip","floor":53.0,"key":"SMITH"}],"circlet_count":0,"master_deck":["AscendersBane","Defend_G","Defend_G","Survivor","Neutralize","Prepared+1","Grand Finale+1","Backflip+1","After Image+1","Tools of the Trade+1","Adrenaline","Footwork+1","After Image+1","Acrobatics+1","Well Laid Plans+1","Madness+1","Madness+1","Outmaneuver+1","Footwork+1"],"relics":["Ring of the Serpent","NeowsBlessing","Frozen Egg 2","Sundial","Snake Skull","Dream Catcher","Gambling Chip","Tiny Chest","StoneCalendar","Akabeko","Toxic Egg 2","Empty Cage","Oddly Smooth Stone","Omamori","Orichalcum","Bottled Lightning","Letter Opener"],"acts_visited":["Exordium","TheCity","TheBeyond","TheEnding"],"potions_floor_usage":[56],"damage_taken":[{"damage":0.0,"enemies":"Cultist","floor":1.0,"turns":1.0},{"damage":0.0,"enemies":"Small Slimes","floor":7.0,"turns":1.0},{"damage":0.0,"enemies":"Gremlin Nob","floor":8.0,"turns":1.0},{"damage":33.0,"enemies":"Lagavulin","floor":10.0,"turns":10.0},{"damage":0.0,"enemies":"Jaw Worm","floor":11.0,"turns":3.0},{"damage":0.0,"enemies":"Gremlin Nob","floor":12.0,"turns":2.0},{"damage":0.0,"enemies":"2 Fungi Beasts","floor":13.0,"turns":1.0},{"damage":11.0,"enemies":"Slime Boss","floor":16.0,"turns":5.0},{"damage":6.0,"enemies":"Chosen","floor":18.0,"turns":7.0},{"damage":1.0,"enemies":"3 Byrds","floor":21.0,"turns":4.0},{"damage":0.0,"enemies":"Slavers","floor":23.0,"turns":1.0},{"damage":13.0,"enemies":"Book of Stabbing","floor":25.0,"turns":6.0},{"damage":0.0,"enemies":"Snake Plant","floor":27.0,"turns":2.0},{"damage":0.0,"enemies":"Centurion and Healer","floor":29.0,"turns":1.0},{"damage":9.0,"enemies":"Gremlin Leader","floor":30.0,"turns":3.0},{"damage":0.0,"enemies":"Cultist and Chosen","floor":31.0,"turns":4.0},{"damage":10.0,"enemies":"Automaton","floor":33.0,"turns":7.0},{"damage":0.0,"enemies":"Orb Walker","floor":35.0,"turns":6.0},{"damage":0.0,"enemies":"3 Shapes","floor":37.0,"turns":2.0},{"damage":13.0,"enemies":"Reptomancer","floor":40.0,"turns":4.0},{"damage":0.0,"enemies":"Giant Head","floor":42.0,"turns":4.0},{"damage":0.0,"enemies":"Sphere and 2 Shapes","floor":44.0,"turns":3.0},{"damage":0.0,"enemies":"Jaw Worm Horde","floor":45.0,"turns":3.0},{"damage":0.0,"enemies":"3 Darklings","floor":46.0,"turns":2.0},{"damage":1.0,"enemies":"Nemesis","floor":48.0,"turns":7.0},{"damage":0.0,"enemies":"Donu and Deca","floor":50.0,"turns":4.0},{"damage":12.0,"enemies":"Awakened One","floor":51.0,"turns":4.0},{"damage":1.0,"enemies":"Shield and Spear","floor":55.0,"turns":2.0},{"damage":47,"enemies":"The Heart","floor":56,"turns":7}],"seed_played":"-6099205303605105638","potions_obtained":[{"floor":10.0,"key":"SteroidPotion"},{"floor":11.0,"key":"FearPotion"},{"floor":23.0,"key":"SpeedPotion"},{"floor":27.0,"key":"Ancient Potion"},{"floor":31.0,"key":"CunningPotion"},{"floor":33.0,"key":"Poison Potion"},{"floor":35.0,"key":"FearPotion"},{"floor":45.0,"key":"BlessingOfTheForge"},{"floor":46.0,"key":"Fruit Juice"},{"floor":48.0,"key":"EssenceOfSteel"}],"is_trial":false,"path_per_floor":["M","$","?","?","T","R","M","E","T","E","M","E","M","?","R","B",null,"M","?","$","M","$","E","R","E","T","M","?","M","E","M","R","B",null,"M","$","M","?","T","E","R","E","T","M","M","M","$","E","R","B","B",null,"R","$","E","B",null],"character_chosen":"THE_SILENT","items_purchased":["Adrenaline","Well Laid Plans+1","Energy Potion"],"campfire_rested":3,"item_purchase_floors":[20,36,54],"current_hp_per_floor":[59,59,59,52,52,52,52,52,52,19,19,19,19,19,38,27,56,50,50,50,49,49,49,49,36,36,36,36,36,27,27,46,36,59,59,59,59,47,47,34,53,53,53,53,53,53,58,57,57,57,45,65,65,65,64,17],"gold":77,"neow_bonus":"THREE_ENEMY_KILL","is_daily":false,"chose_seed":false,"campfire_upgraded":3,"win_rate":0.0,"timestamp":1614349704,"path_taken":["M","$","?","?","?","R","M","E","T","E","M","E","M","?","R","BOSS","BOSS","M","?","$","M","$","E","R","E","T","M","?","?","E","M","R","BOSS","BOSS","M","$","M","?","?","E","R","E","T","M","M","?","$","E","R","BOSS","BOSS","R","$","E","BOSS"],"items_purchased_type":["Card","Card","Potion"],"build_version":"2020-12-22","purchased_purges":5,"victory":true,"max_hp_per_floor":[66,66,66,66,66,66,66,66,66,66,66,66,66,66,66,66,66,66,66,66,66,66,66,66,66,66,66,66,66,66,66,66,66,66,66,66,66,66,66,66,66,66,66,66,66,66,71,71,71,71,71,71,71,71,71,71],"relic_stats":{"Dream Catcher":3,"counters":[29,107],"Sundial":[150],"Gambling Chip":[56],"Tiny Chest":1,"StoneCalendar":[39],"Snake Skull":[0],"Letter Opener":[53],"Orichalcum":[6],"obtain_stats":[{"NeowsBlessing":0,"Oddly Smooth Stone":39,"StoneCalendar":25,"Snake Skull":9,"Omamori":40,"Letter Opener":55,"Frozen Egg 2":5,"Orichalcum":42,"Empty Cage":34,"Akabeko":26,"Dream Catcher":10,"Sundial":8,"Gambling Chip":12,"Tiny Chest":23,"Bottled Lightning":48,"Toxic Egg 2":30,"Ring of the Serpent":17,"Ring of the Snake":0},{"NeowsBlessing":0,"Oddly Smooth Stone":19,"StoneCalendar":12,"Snake Skull":3,"Omamori":20,"Letter Opener":28,"Frozen Egg 2":1,"Orichalcum":21,"Empty Cage":17,"Akabeko":12,"Dream Catcher":4,"Sundial":3,"Gambling Chip":6,"Tiny Chest":11,"Bottled Lightning":25,"Toxic Egg 2":15,"Ring of the Serpent":8,"Ring of the Snake":0},{"NeowsBlessing":0,"Oddly Smooth Stone":67,"StoneCalendar":42,"Snake Skull":3,"Omamori":71,"Letter Opener":100,"Frozen Egg 2":1,"Orichalcum":75,"Empty Cage":59,"Akabeko":42,"Dream Catcher":13,"Sundial":3,"Gambling Chip":18,"Tiny Chest":36,"Bottled Lightning":90,"Toxic Egg 2":48,"Ring of the Serpent":24,"Ring of the Snake":0}]},"card_choices":[{"not_picked":["Dagger Spray","Skewer"],"picked":"Prepared","floor":1.0},{"not_picked":["Prepared","Outmaneuver"],"picked":"Grand Finale","floor":7.0},{"not_picked":["A Thousand Cuts+1","Deadly Poison","Underhanded Strike"],"picked":"SKIP","floor":8.0},{"not_picked":["Quick Slash","Deflect"],"picked":"Backflip","floor":10.0},{"not_picked":["Dagger Throw","Heel Hook","Dagger Spray"],"picked":"SKIP","floor":11.0},{"not_picked":["Terror","Skewer"],"picked":"After Image+1","floor":12.0},{"not_picked":["Dagger Spray","Concentrate","Predator"],"picked":"SKIP","floor":13.0},{"not_picked":["Die Die Die","Corpse Explosion"],"picked":"Tools of the Trade+1","floor":16.0},{"not_picked":["Distraction+1","Blade Dance","Deflect+1"],"picked":"SKIP","floor":18.0},{"not_picked":["Catalyst","Sucker Punch","Quick Slash"],"picked":"SKIP","floor":21.0},{"not_picked":["Heel Hook","Catalyst","Endless Agony"],"picked":"SKIP","floor":23.0},{"not_picked":["Dagger Throw","Choke","Bullet Time"],"picked":"SKIP","floor":25.0},{"not_picked":["Dagger Throw","Prepared"],"picked":"Footwork+1","floor":27.0},{"not_picked":["Bouncing Flask","All Out Attack","Blade Dance"],"picked":"SKIP","floor":29.0},{"not_picked":["Catalyst+1","Tactician+1","Dagger Throw"],"picked":"SKIP","floor":30.0},{"not_picked":["Setup+1","Sucker Punch","Leg Sweep+1"],"picked":"SKIP","floor":31.0},{"not_picked":["Unload","Adrenaline+1"],"picked":"After Image+1","floor":33.0},{"not_picked":["Dagger Throw","Crippling Poison+1"],"picked":"Acrobatics+1","floor":35.0},{"not_picked":["Outmaneuver+1","Poisoned Stab","Cloak And Dagger+1"],"picked":"SKIP","floor":37.0},{"not_picked":["Outmaneuver+1","Poisoned Stab","Cloak And Dagger+1"],"picked":"SKIP","floor":37.0},{"not_picked":["Acrobatics+1","Slice","Catalyst+1"],"picked":"SKIP","floor":40.0},{"not_picked":["Predator","PiercingWail+1"],"picked":"Outmaneuver+1","floor":41.0},{"not_picked":["Slice+1","Quick Slash+1","Envenom+1"],"picked":"SKIP","floor":42.0},{"not_picked":["Deflect+1","Acrobatics+1","Deadly Poison+1"],"picked":"SKIP","floor":44.0},{"not_picked":["Quick Slash","Blade Dance+1","Cloak And Dagger+1"],"picked":"SKIP","floor":45.0},{"not_picked":["Glass Knife","Cloak And Dagger+1","Bane"],"picked":"SKIP","floor":46.0},{"not_picked":["Glass Knife","Cloak And Dagger+1","Bane"],"picked":"SKIP","floor":46.0},{"not_picked":["Dodge and Roll+1","Infinite Blades+1"],"picked":"Footwork+1","floor":48.0},{"not_picked":["PiercingWail+1","Masterful Stab","Deadly Poison+1"],"picked":"SKIP","floor":55.0}],"player_experience":1514344,"relics_obtained":[{"floor":5.0,"key":"Frozen Egg 2"},{"floor":8.0,"key":"Sundial"},{"floor":9.0,"key":"Snake Skull"},{"floor":10.0,"key":"Dream Catcher"},{"floor":12.0,"key":"Gambling Chip"},{"floor":23.0,"key":"Tiny Chest"},{"floor":25.0,"key":"StoneCalendar"},{"floor":26.0,"key":"Akabeko"},{"floor":30.0,"key":"Toxic Egg 2"},{"floor":39.0,"key":"Oddly Smooth Stone"},{"floor":40.0,"key":"Omamori"},{"floor":42.0,"key":"Orichalcum"},{"floor":48.0,"key":"Bottled Lightning"},{"floor":55.0,"key":"Letter Opener"}],"event_choices":[{"damage_healed":0.0,"max_hp_gain":0.0,"max_hp_loss":0.0,"gold_gain":0.0,"event_name":"Liars Game","player_choice":"Ignored","floor":3.0,"gold_loss":0.0,"damage_taken":0.0},{"cards_removed":["Strike_G"],"damage_healed":0.0,"max_hp_gain":0.0,"max_hp_loss":0.0,"gold_gain":0.0,"event_name":"Golden Wing","player_choice":"Card Removal","floor":4.0,"gold_loss":0.0,"damage_taken":7.0},{"damage_healed":0.0,"max_hp_gain":0.0,"max_hp_loss":0.0,"gold_gain":0.0,"event_name":"Shining Light","player_choice":"Ignored","floor":14.0,"gold_loss":0.0,"damage_taken":0.0},{"damage_healed":0.0,"max_hp_gain":0.0,"max_hp_loss":0.0,"gold_gain":0.0,"event_name":"Cursed Tome","player_choice":"Ignored","floor":19.0,"gold_loss":0.0,"damage_taken":0.0},{"damage_healed":0.0,"max_hp_gain":0.0,"max_hp_loss":0.0,"gold_gain":50.0,"event_name":"Golden Shrine","player_choice":"Pray","floor":28.0,"gold_loss":0.0,"damage_taken":0.0},{"damage_healed":0.0,"max_hp_gain":0.0,"max_hp_loss":0.0,"gold_gain":0.0,"event_name":"Winding Halls","player_choice":"Embrace Madness","floor":38.0,"gold_loss":0.0,"damage_taken":12.0,"cards_obtained":["Madness","Madness"]}],"is_beta":false,"boss_relics":[{"not_picked":["Fusion Hammer","SacredBark"],"picked":"Ring of the Serpent"},{"not_picked":["Snecko Eye","Philosopher\u0027s Stone"],"picked":"Empty Cage"}],"items_purged_floors":[2,20,22,36,47],"is_endless":false,"potions_floor_spawned":[10,11,23,27,31,33,35,45,46,48],"ascension_level":20}}