{"host":"0s686iw3hprdrk8c","time":1614364312,"event":{"mods":["AchievementEnabler","BaseMod","Bestiary","Downfall","Hermit","Hubris","Marisa????????","Minty Spire (QoL Compilation)","Replay The Spire","StSLib","The Cursed","The Hierophant","The Saiyan","The Servant 0.9.4"],"gold_per_floor":[119,119,130,130,130,130,145,145,172,203,55,55,20,34,34,136,136,155,175,274,274,274,302,302,302,302,302,302,321,332,3,3,103,103,116,127,127,127,127,127,52,52,52,67,67,79,79,90,90,90,90],"floor_reached":50,"language":"ENG","playtime":4244,"items_purged":["Regret","downfall:Bewildered"],"score":631,"play_id":"9bbb895f-fe47-4afa-b8fd-6d6003436eb9","local_time":"20210226133152","is_ascension_mode":false,"campfire_choices":[{"floor":6.0,"key":"RECALL"},{"data":"PathToVictory","floor":8.0,"key":"SMITH"},{"data":"Meditate","floor":12.0,"key":"SMITH"},{"data":"Eruption","floor":24.0,"key":"SMITH"},{"floor":27.0,"key":"REST"},{"data":"Collect","floor":40,"key":"SMITH"},{"data":"FlurryOfBlows","floor":42,"key":"SMITH"},{"data":"BattleHymn","floor":45,"key":"SMITH"}],"circlet_count":0,"master_deck":["Defend_P+1","Defend_P+1","Defend_P+1","Defend_P+1","Eruption+1","Vigilance+1","FlurryOfBlows+1","Meditate+1","PathToVictory+1","Evaluate","EmptyBody","Judgement","Doppelganger+1","Replay:Hum","Replay:Hum","BattleHymn+1","Halt+1","DeusExMachina","CarveReality+1","Conclude+1","Indignation+1","PathToVictory+1","Collect+1","Madness","Madness","JustLucky+1","Flying Knee+1","FlurryOfBlows+1"],"relics":["NeowsBlessing","Replay:M_StaffOfTheSnake","hubris:Reverence","ReplayTheSpireMod:TigerMarble","hubris:SphereOfDissonance","Pet Ghost","VioletLotus","hubris:PeanutButter","Anchor","Sundial","sneckomod:BabySnecko","Astrolabe","hubris:Towel","Ring of Hypnosis","Kunai"],"acts_visited":["Exordium","TheCity","TheBeyond"],"potions_floor_usage":[50],"damage_taken":[{"damage":0.0,"enemies":"Small Slimes","floor":1.0,"turns":1.0},{"damage":0.0,"enemies":"Jaw Worm","floor":3.0,"turns":1.0},{"damage":0.0,"enemies":"2 Louse","floor":7.0,"turns":1.0},{"damage":20.0,"enemies":"3 Sentries","floor":10.0,"turns":8.0},{"damage":0.0,"enemies":"Large Slime","floor":14.0,"turns":2.0},{"damage":25.0,"enemies":"Fading Forest","floor":16.0,"turns":11.0},{"damage":0.0,"enemies":"3 Byrds","floor":18.0,"turns":4.0},{"damage":0.0,"enemies":"Spheric Guardian","floor":19.0,"turns":2.0},{"damage":31.0,"enemies":"Replay:Snechameleon","floor":23.0,"turns":8.0},{"damage":18.0,"enemies":"3 Cultists","floor":29.0,"turns":6.0},{"damage":0.0,"enemies":"Sentry and Sphere","floor":30.0,"turns":3.0},{"damage":37.0,"enemies":"Pondfish","floor":33.0,"turns":13.0},{"damage":0,"enemies":"3 Shapes","floor":35,"turns":3},{"damage":2,"enemies":"3 Darklings","floor":36,"turns":3},{"damage":1,"enemies":"Writhing Mass","floor":44,"turns":4},{"damage":0,"enemies":"Transient","floor":46,"turns":5},{"damage":0,"enemies":"Jaw Worm Horde","floor":48,"turns":3},{"damage":51,"enemies":"Replay:Hell Engine","floor":50,"turns":6}],"seed_played":"2576267901780826820","potions_obtained":[{"floor":7.0,"key":"SteroidPotion"},{"floor":10.0,"key":"Fire Potion"},{"floor":16.0,"key":"Milkshake"},{"floor":18.0,"key":"Elixir"},{"floor":29.0,"key":"Fire Potion"},{"floor":33.0,"key":"LiquidMemories"},{"floor":36,"key":"Adrenaline Potion"},{"floor":48,"key":"Flashbang"},{"floor":49,"key":"CultistPotion"}],"is_trial":false,"path_per_floor":["M","?","M","?","?","R","M","R","T","E","$","R","?","M","R","B",null,"M","M","?","?","T","E","R","$","T","R","?","M","M","$","R","B",null,"M","M","?","?","?","R","$","R","T","M","R","M","?","M","R","B"],"character_chosen":"WATCHER","items_purchased":["Pet Ghost","Sundial","SignatureMove"],"campfire_rested":1,"item_purchase_floors":[11,31,31],"current_hp_per_floor":[72,72,72,72,58,58,58,58,58,38,38,38,56,56,56,35,72,72,72,72,72,72,41,41,36,36,57,57,39,39,39,39,2,72,72,70,70,70,61,61,61,61,61,60,60,60,60,60,60,9,9],"gold":90,"neow_bonus":"THREE_ENEMY_KILL","is_daily":false,"chose_seed":false,"campfire_upgraded":6,"win_rate":0.0,"timestamp":1614364312,"path_taken":["M","?","M","?","?","R","M","R","T","E","$","R","?","M","R","BOSS","M","M","?","?","?","E","R","?","T","R","?","M","M","$","R","BOSS","M","M","?","?","?","R","$","R","T","M","R","M","?","?","R","BOSS"],"items_purchased_type":["Relic","Relic","Card"],"build_version":"2020-12-22","purchased_purges":2,"victory":false,"max_hp_per_floor":[72,72,72,72,72,72,72,72,72,72,72,72,72,72,72,72,72,72,72,72,72,72,72,72,72,72,72,72,72,72,72,72,72,72,72,72,72,72,72,72,72,72,72,72,72,72,72,72,72,72,72],"card_choices":[{"not_picked":["WindmillStrike","Perseverance"],"picked":"FlurryOfBlows","floor":1.0},{"not_picked":["Crescendo","Replay:BluntJabs"],"picked":"Meditate","floor":3.0},{"not_picked":["Halt","Replay:AtTheReady"],"picked":"PathToVictory","floor":7.0},{"not_picked":["Conclude","BowlingBash"],"picked":"Evaluate","floor":10.0},{"not_picked":["Replay:BluntJabs","BowlingBash"],"picked":"EmptyBody","floor":14.0},{"not_picked":["Vault","Night Terror"],"picked":"Doppelganger","floor":16.0},{"not_picked":["FollowUp","Swivel"],"picked":"Replay:Hum","floor":18.0},{"not_picked":["Replay:BluntJabs","ThirdEye"],"picked":"Replay:Hum","floor":19.0},{"not_picked":["Evaluate","Pray"],"picked":"BattleHymn","floor":23.0},{"not_picked":["ReachHeaven","Dagger Throw"],"picked":"Halt+1","floor":29.0},{"not_picked":["ClearTheMind","Replay:Anticipation","Replay:AtTheReady"],"picked":"SKIP","floor":30.0},{"not_picked":["LessonLearned","Replay:AllIn"],"picked":"DeusExMachina","floor":33.0},{"not_picked":["SandsOfTime+1","Outmaneuver+1"],"picked":"PathToVictory+1","floor":35},{"not_picked":["Indignation+1","Pray"],"picked":"Collect","floor":36},{"not_picked":["Prostrate+1","ThirdEye"],"picked":"JustLucky+1","floor":44},{"not_picked":["Replay:ManipulateFuture","BowlingBash+1"],"picked":"Flying Knee+1","floor":46},{"not_picked":["Flying Knee","WheelKick"],"picked":"FlurryOfBlows+1","floor":48}],"player_experience":278815,"relics_obtained":[{"floor":9.0,"key":"ReplayTheSpireMod:TigerMarble"},{"floor":10.0,"key":"hubris:SphereOfDissonance"},{"floor":22.0,"key":"hubris:PeanutButter"},{"floor":23.0,"key":"Anchor"},{"floor":38,"key":"Ring of Hypnosis"},{"floor":43,"key":"Kunai"}],"event_choices":[{"damage_healed":0.0,"max_hp_gain":0.0,"max_hp_loss":0.0,"gold_gain":0.0,"event_name":"Big Fish","player_choice":"Box","floor":4.0,"gold_loss":0.0,"damage_taken":0.0,"relics_obtained":["hubris:Reverence"],"cards_obtained":["Regret"]},{"damage_healed":0.0,"max_hp_gain":0.0,"max_hp_loss":0.0,"gold_gain":0.0,"event_name":"Shining Light","player_choice":"Entered Light","floor":5.0,"gold_loss":0.0,"damage_taken":14.0,"cards_upgraded":["Strike_P","Vigilance"]},{"damage_healed":18.0,"max_hp_gain":0.0,"max_hp_loss":0.0,"gold_gain":0.0,"event_name":"The Cleric","player_choice":"Healed","floor":13.0,"gold_loss":35.0,"damage_taken":0.0},{"damage_healed":0.0,"max_hp_gain":0.0,"max_hp_loss":0.0,"gold_gain":99.0,"event_name":"Nest","player_choice":"Stole From Cult","floor":20.0,"gold_loss":0.0,"damage_taken":0.0},{"damage_healed":0.0,"max_hp_gain":0.0,"max_hp_loss":0.0,"gold_gain":0.0,"event_name":"Back to Basics","player_choice":"Simplicity","floor":28.0,"gold_loss":0.0,"damage_taken":0.0,"cards_upgraded":["Strike_P","Strike_P","Strike_P","Defend_P","Defend_P","Defend_P","Defend_P"]},{"damage_healed":0,"gold_gain":0,"player_choice":"Embrace Madness","damage_taken":9,"max_hp_gain":0,"max_hp_loss":0,"event_name":"Winding Halls","floor":39,"gold_loss":0,"cards_obtained":["Madness","Madness"]},{"cards_removed":["SignatureMove"],"damage_healed":0,"gold_gain":0,"player_choice":"Purged","damage_taken":0,"max_hp_gain":0,"max_hp_loss":0,"event_name":"Purifier","floor":47,"gold_loss":0}],"is_beta":false,"boss_relics":[{"not_picked":["Sozu","hubris:BlackHole"],"picked":"VioletLotus"},{"not_picked":["hubris:Stopwatch","Abe\u0027s Treasure"],"picked":"Astrolabe"}],"items_purged_floors":[25,41],"is_endless":false,"potions_floor_spawned":[7,10,16,18,29,33,36,48],"killed_by":"Replay:Hell Engine","ascension_level":0}}