{"host":"l3xrug4zqg5ym5g5","time":1614309864,"event":{"mods":["AchievementEnabler","BaseMod","Colored Map","Highlight Path","Minty Spire (QoL Compilation)","Quick Restart","Rare Cards Sparkle","Relic Sorter","Relic Stats","StSLib","SuperFastMode"],"gold_per_floor":[109,120,120,120,49,76,76,95,146,172,184,211,77,77,77,178,178,195,110,120,3,3,3,16,16,39,56,56,56],"floor_reached":28,"language":"ENG","playtime":718,"items_purged":[],"score":216,"play_id":"b0a5ab65-e493-4266-9176-c2e7b8877df4","local_time":"20210225222424","is_ascension_mode":false,"campfire_choices":[{"data":"Accuracy","floor":7,"key":"SMITH"},{"floor":11,"key":"REST"},{"floor":15,"key":"REST"},{"floor":23,"key":"REST"},{"data":"Noxious Fumes","floor":25,"key":"SMITH"}],"circlet_count":0,"master_deck":["Strike_G","Strike_G","Strike_G","Strike_G+1","Strike_G","Defend_G","Defend_G","Defend_G","Defend_G","Defend_G+1","Survivor","Neutralize","Dodge and Roll","Cloak And Dagger+1","Accuracy+1","Quick Slash","Riddle With Holes","Poisoned Stab","Well Laid Plans","Poisoned Stab","Sucker Punch","Dodge and Roll","Unload","Riddle With Holes+1","Crippling Poison","Footwork","Noxious Fumes+1","Quick Slash+1"],"relics":["Ring of the Snake","Vajra","Boot","MawBank","Orrery","Busted Crown","Centennial Puzzle","Smiling Mask"],"acts_visited":["Exordium","TheCity"],"potions_floor_usage":[18,24],"damage_taken":[{"damage":0,"enemies":"Small Slimes","floor":1,"turns":3},{"damage":1,"enemies":"2 Louse","floor":2,"turns":4},{"damage":29,"enemies":"3 Sentries","floor":6,"turns":10},{"damage":5,"enemies":"Jaw Worm","floor":8,"turns":2},{"damage":2,"enemies":"Blue Slaver","floor":12,"turns":2},{"damage":35,"enemies":"Slime Boss","floor":16,"turns":11},{"damage":18,"enemies":"3 Byrds","floor":18,"turns":4},{"damage":30,"enemies":"2 Thieves","floor":20,"turns":3},{"damage":7,"enemies":"Chosen and Byrds","floor":24,"turns":6},{"damage":21,"enemies":"Snecko","floor":27,"turns":5},{"damage":18,"enemies":"Gremlin Leader","floor":28,"turns":1}],"seed_played":"6252570184049630726","potions_obtained":[{"floor":6,"key":"Energy Potion"},{"floor":16,"key":"Explosive Potion"},{"floor":18,"key":"Ancient Potion"},{"floor":27,"key":"LiquidBronze"}],"is_trial":false,"path_per_floor":["M","M","?","?","$","E","R","M","T","T","R","M","$","?","R","B",null,"M","?","M","$","?","R","M","R","T","M","E"],"character_chosen":"THE_SILENT","items_purchased":["Accuracy","Orrery","Crippling Poison","Footwork"],"campfire_rested":3,"item_purchase_floors":[5,13,21,21],"current_hp_per_floor":[77,76,61,61,61,32,32,27,27,27,50,48,48,41,64,29,77,59,59,29,29,20,43,36,36,36,15,0,0],"gold":56,"neow_bonus":"TEN_PERCENT_HP_BONUS","is_daily":false,"chose_seed":false,"campfire_upgraded":2,"win_rate":0.0,"timestamp":1614309864,"path_taken":["M","M","?","?","?","E","R","M","T","?","R","?","?","?","R","BOSS","M","?","M","$","?","R","M","R","T","M","E"],"items_purchased_type":["Card","Relic","Card","Card"],"build_version":"2020-12-22","purchased_purges":0,"victory":false,"max_hp_per_floor":[77,77,77,77,77,77,77,77,77,77,77,77,77,77,77,77,77,77,77,77,77,77,77,77,77,77,77,77,77],"relic_stats":{"Centennial Puzzle":[12],"Busted Crown":8,"counters":[11,51],"Boot":[74],"MawBank":36,"Smiling Mask":0,"obtain_stats":[{"Centennial Puzzle":19,"Busted Crown":17,"Vajra":6,"Orrery":13,"Boot":9,"MawBank":10,"Smiling Mask":26,"Ring of the Snake":0},{"Centennial Puzzle":7,"Busted Crown":6,"Vajra":3,"Orrery":5,"Boot":4,"MawBank":4,"Smiling Mask":9,"Ring of the Snake":0},{"Centennial Puzzle":36,"Busted Crown":32,"Vajra":17,"Orrery":21,"Boot":19,"MawBank":19,"Smiling Mask":45,"Ring of the Snake":0}],"Ring of the Snake":[22]},"card_choices":[{"not_picked":["Acrobatics","Backflip"],"picked":"Dodge and Roll","floor":1},{"not_picked":["Bane","Dash"],"picked":"Cloak And Dagger","floor":2},{"not_picked":["Eviscerate","Wraith Form v2"],"picked":"Quick Slash","floor":6},{"not_picked":["Flechettes","Poisoned Stab"],"picked":"Riddle With Holes","floor":8},{"not_picked":["Eviscerate","Dagger Spray"],"picked":"Prepared","floor":12},{"not_picked":["Masterful Stab","Bane"],"picked":"Poisoned Stab","floor":13},{"not_picked":["Doppelganger","Deflect"],"picked":"Well Laid Plans","floor":13},{"not_picked":["Catalyst","Backflip"],"picked":"Poisoned Stab","floor":13},{"not_picked":["Expertise","Wraith Form v2"],"picked":"Sucker Punch","floor":13},{"not_picked":["Choke","Malaise"],"picked":"Dodge and Roll","floor":13},{"not_picked":["Bullet Time","Doppelganger"],"picked":"Unload","floor":16},{"not_picked":[],"picked":"Riddle With Holes+1","floor":18},{"not_picked":["Choke"],"picked":"SKIP","floor":20},{"not_picked":[],"picked":"Noxious Fumes","floor":24},{"not_picked":[],"picked":"Quick Slash+1","floor":27}],"player_experience":106300,"relics_obtained":[{"floor":6,"key":"Vajra"},{"floor":9,"key":"Boot"},{"floor":10,"key":"MawBank"},{"floor":26,"key":"Smiling Mask"}],"event_choices":[{"damage_healed":0,"gold_gain":0,"player_choice":"Entered Light","damage_taken":15,"max_hp_gain":0,"max_hp_loss":0,"event_name":"Shining Light","floor":3,"gold_loss":0,"cards_upgraded":["Defend_G","Strike_G"]},{"damage_healed":0,"gold_gain":0,"player_choice":"Grow","damage_taken":0,"max_hp_gain":0,"max_hp_loss":0,"event_name":"Living Wall","floor":4,"gold_loss":0,"cards_upgraded":["Cloak And Dagger"]},{"cards_removed":["Prepared"],"damage_healed":0,"gold_gain":0,"player_choice":"Card Removal","damage_taken":7,"max_hp_gain":0,"max_hp_loss":0,"event_name":"Golden Wing","floor":14,"gold_loss":0},{"damage_healed":0,"gold_gain":0,"player_choice":"Obtained Relic","damage_taken":0,"relics_obtained":["Centennial Puzzle"],"max_hp_gain":0,"max_hp_loss":0,"event_name":"Addict","floor":19,"gold_loss":85},{"damage_healed":0,"gold_gain":0,"player_choice":"Stopped","damage_taken":9,"max_hp_gain":0,"max_hp_loss":0,"event_name":"Cursed Tome","floor":22,"gold_loss":0}],"is_beta":false,"boss_relics":[{"not_picked":["Empty Cage","Philosopher\u0027s Stone"],"picked":"Busted Crown"}],"items_purged_floors":[],"is_endless":false,"potions_floor_spawned":[6,16,18,27],"killed_by":"Gremlin Leader","ascension_level":0}}