{"host":"dhv3u8yhd2rnugsp","time":1614319339,"event":{"mods":["BaseMod","Block Reminder","Colored Map","Googly Eyes","Highlight Path","Minty Spire (QoL Compilation)","Permanent Neow","Quick Restart","Random Character Button","StSLib"],"gold_per_floor":[112,112,112,124,7,7,37,57,109,109,156,166,197,212,212,290,290,309,325,325,325,325],"floor_reached":21,"language":"ENG","playtime":1132,"items_purged":["Pain"],"score":378,"play_id":"7c8f536e-fe73-48ee-b651-bdb4d115c395","local_time":"20210226000219","is_ascension_mode":true,"campfire_choices":[{"data":"Secret Weapon","floor":6,"key":"SMITH"},{"data":"Footwork","floor":10,"key":"SMITH"},{"data":"Deadly Poison","floor":15,"key":"SMITH"}],"circlet_count":0,"master_deck":["AscendersBane","Strike_G","Strike_G","Strike_G","Strike_G","Strike_G","Defend_G","Defend_G","Defend_G","Defend_G","Defend_G","Survivor","Neutralize","Secret Weapon+1","Dagger Spray","Footwork+1","All Out Attack","Blade Dance","Sucker Punch","Deadly Poison+1","Dagger Throw+1","After Image","Accuracy","Blade Dance"],"relics":["Ring of the Snake","Pen Nib","WarpedTongs","Blood Vial","Dream Catcher","Regal Pillow","Molten Egg 2","Cursed Key"],"acts_visited":["Exordium","TheCity"],"potions_floor_usage":[7,14],"damage_taken":[{"damage":0,"enemies":"2 Louse","floor":1,"turns":4},{"damage":11,"enemies":"Cultist","floor":4,"turns":5},{"damage":3,"enemies":"3 Sentries","floor":7,"turns":5},{"damage":2,"enemies":"Jaw Worm","floor":8,"turns":5},{"damage":2,"enemies":"3 Louse","floor":12,"turns":3},{"damage":4,"enemies":"Lagavulin","floor":13,"turns":7},{"damage":3,"enemies":"Exordium Thugs","floor":14,"turns":3},{"damage":40,"enemies":"Slime Boss","floor":16,"turns":10},{"damage":14,"enemies":"2 Thieves","floor":18,"turns":4},{"damage":29,"enemies":"Chosen","floor":19,"turns":6},{"damage":9,"enemies":"3 Cultists","floor":21,"turns":2}],"seed_played":"761436310220396417","potions_obtained":[{"floor":4,"key":"SkillPotion"},{"floor":7,"key":"Energy Potion"},{"floor":12,"key":"Block Potion"},{"floor":13,"key":"FairyPotion"},{"floor":19,"key":"GamblersBrew"}],"is_trial":false,"path_per_floor":["M","?","?","M","$","R","E","M","T","R","T","M","E","M","R","B",null,"M","M","?","M"],"character_chosen":"THE_SILENT","items_purchased":["All Out Attack"],"campfire_rested":0,"item_purchase_floors":[5],"current_hp_per_floor":[59,48,48,37,37,37,34,34,34,34,34,34,32,31,31,18,50,38,11,6,0,0],"gold":325,"neow_bonus":"RANDOM_COLORLESS_2","is_daily":false,"chose_seed":false,"campfire_upgraded":3,"win_rate":0.0,"timestamp":1614319339,"path_taken":["M","?","?","?","$","R","E","M","T","R","?","M","E","M","R","BOSS","M","M","?","M"],"items_purchased_type":["Card"],"build_version":"2020-12-22","purchased_purges":1,"victory":false,"max_hp_per_floor":[60,60,60,60,60,60,60,60,60,60,60,60,60,60,60,60,60,60,60,60,60,60],"card_choices":[{"not_picked":["Panache","Chrysalis"],"picked":"Secret Weapon","floor":0},{"not_picked":["Poisoned Stab","Terror"],"picked":"Dagger Spray","floor":1},{"not_picked":["Quick Slash","Acrobatics"],"picked":"Footwork","floor":4},{"not_picked":["Underhanded Strike","Well Laid Plans"],"picked":"Blade Dance","floor":7},{"not_picked":["Dodge and Roll","Concentrate"],"picked":"Sucker Punch","floor":8},{"not_picked":["Quick Slash","Underhanded Strike"],"picked":"Deadly Poison","floor":12},{"not_picked":["Underhanded Strike+1","Cloak And Dagger"],"picked":"Dagger Throw+1","floor":13},{"not_picked":["Expertise","Grand Finale+1","Deflect"],"picked":"SKIP","floor":14},{"not_picked":["Envenom","Phantasmal Killer"],"picked":"After Image","floor":16},{"not_picked":["Predator+1","Noxious Fumes"],"picked":"Accuracy","floor":18},{"not_picked":["Underhanded Strike+1","Quick Slash+1"],"picked":"Blade Dance","floor":19}],"player_experience":1712841,"relics_obtained":[{"floor":7,"key":"Blood Vial"},{"floor":9,"key":"Dream Catcher"},{"floor":11,"key":"Regal Pillow"},{"floor":13,"key":"Molten Egg 2"}],"event_choices":[{"damage_healed":0,"gold_gain":0,"player_choice":"Success","damage_taken":11,"relics_obtained":["Pen Nib"],"max_hp_gain":0,"max_hp_loss":0,"event_name":"Scrap Ooze","floor":2,"gold_loss":0},{"damage_healed":0,"gold_gain":0,"player_choice":"Rummage","damage_taken":0,"relics_obtained":["WarpedTongs"],"max_hp_gain":0,"max_hp_loss":0,"event_name":"Accursed Blacksmith","floor":3,"gold_loss":0,"cards_obtained":["Pain"]},{"damage_healed":0,"gold_gain":0,"player_choice":"Punched","damage_taken":5,"max_hp_gain":0,"max_hp_loss":0,"event_name":"Designer","floor":20,"gold_loss":0}],"is_beta":false,"boss_relics":[{"not_picked":["SlaversCollar","Tiny House"],"picked":"Cursed Key"}],"items_purged_floors":[5],"is_endless":false,"potions_floor_spawned":[4,7,12,13,19],"killed_by":"3 Cultists","ascension_level":20}}