{"host":"n9djqtt305zq066c","time":1614350899,"event":{"mods":["Act Like it!","BaseMod","Colored Map","Library of Ruina","Library of Ruina Extra","Minty Spire (QoL Compilation)","Rare Cards Sparkle","StSLib"],"gold_per_floor":[118,136,154,154,9,41,41,69,119,119,132,132,132,148,148,245,245,255,269,282,301,312,344,344,356,356,388,407,422,454,468,468,572,572,582,582,593,606,621,646,646,664,664,698,708,733,744,770,770,770,770,770,770,516,543,543],"floor_reached":57,"language":"ZHS","playtime":1787,"items_purged":["Dodge","LightAttack"],"score":2175,"play_id":"53202758-07ed-45b7-9bed-b56724a7c813","local_time":"20210226224819","is_ascension_mode":true,"campfire_choices":[{"data":"LeRegole","floor":7.0,"key":"SMITH"},{"data":"UpstandingSlash","floor":10.0,"key":"SMITH"},{"data":"UnforgettableMelody","floor":15.0,"key":"SMITH"},{"data":"BoundaryOfDeath","floor":24.0,"key":"SMITH"},{"floor":32.0,"key":"RECALL"},{"data":"DistortedBlade","floor":49.0,"key":"SMITH"},{"data":"RhinoRam","floor":53,"key":"SMITH"}],"circlet_count":0,"master_deck":["LightDefense","UpstandingSlash+1","Spear_LOR","LevelSlash","LightDefense","LightDefense","FocusSpirit+1","Charge","Outburst","LeRegole+1","Outburst","Multislash","UnforgettableMelody+1","RagingStormLove","BoundaryOfDeath+1","RhinoRam+1","DistortedBlade+1","Duel_lor","Observe"],"relics":["PageOfLibrarian","HornCleat","PageOfSnowWhitesApple","Happy Flower","PageOfNothingThere","Snecko Eye","Bronze Scales","PageOfWizard","Art of War","Bag of Marbles","PageOfBlackSwan","Thread and Needle","Toy Ornithopter","Lantern","Regal Pillow","Centennial Puzzle"],"acts_visited":["Exordium","TheCity","TheBeyond","TheEnding"],"potions_floor_usage":[51],"damage_taken":[{"damage":0.0,"enemies":"Cultist","floor":1.0,"turns":2.0},{"damage":0.0,"enemies":"Jaw Worm","floor":2.0,"turns":2.0},{"damage":0.0,"enemies":"Small Slimes","floor":3.0,"turns":2.0},{"damage":0.0,"enemies":"Lagavulin","floor":6.0,"turns":3.0},{"damage":0.0,"enemies":"3 Sentries","floor":8.0,"turns":4.0},{"damage":0.0,"enemies":"Red Slaver","floor":11.0,"turns":2.0},{"damage":0.0,"enemies":"Blue Slaver","floor":14.0,"turns":1.0},{"damage":11.0,"enemies":"The Guardian","floor":16.0,"turns":6.0},{"damage":0.0,"enemies":"Spheric Guardian","floor":18.0,"turns":1.0},{"damage":0.0,"enemies":"Chosen","floor":19.0,"turns":1.0},{"damage":0.0,"enemies":"Snecko","floor":20.0,"turns":2.0},{"damage":0.0,"enemies":"Snake Plant","floor":21.0,"turns":1.0},{"damage":0.0,"enemies":"Cultist and Chosen","floor":22.0,"turns":2.0},{"damage":0.0,"enemies":"Book of Stabbing","floor":23.0,"turns":1.0},{"damage":0.0,"enemies":"Sentry and Sphere","floor":25.0,"turns":1.0},{"damage":0.0,"enemies":"Gremlin Leader","floor":27.0,"turns":1.0},{"damage":0.0,"enemies":"Snecko","floor":28.0,"turns":1.0},{"damage":0.0,"enemies":"Centurion and Healer","floor":29.0,"turns":1.0},{"damage":0.0,"enemies":"Slavers","floor":30.0,"turns":2.0},{"damage":0.0,"enemies":"Snake Plant","floor":31.0,"turns":1.0},{"damage":0.0,"enemies":"RedHoodMercenary","floor":33.0,"turns":3.0},{"damage":0.0,"enemies":"Orb Walker","floor":35.0,"turns":1.0},{"damage":0.0,"enemies":"3 Shapes","floor":36.0,"turns":1.0},{"damage":0.0,"enemies":"Spire Growth","floor":37.0,"turns":1.0},{"damage":0.0,"enemies":"Transient","floor":38.0,"turns":5.0},{"damage":0.0,"enemies":"Maw","floor":39.0,"turns":3.0},{"damage":0.0,"enemies":"Giant Head","floor":40.0,"turns":3.0},{"damage":0.0,"enemies":"Jaw Worm Horde","floor":42.0,"turns":1.0},{"damage":0.0,"enemies":"Reptomancer","floor":44.0,"turns":2.0},{"damage":0.0,"enemies":"3 Darklings","floor":45.0,"turns":1.0},{"damage":0.0,"enemies":"Nemesis","floor":46.0,"turns":1.0},{"damage":4.0,"enemies":"4 Shapes","floor":47.0,"turns":1.0},{"damage":0.0,"enemies":"Giant Head","floor":48.0,"turns":1.0},{"damage":0,"enemies":"Donu and Deca","floor":50,"turns":3},{"damage":10,"enemies":"Donu and Deca","floor":51,"turns":4},{"damage":1,"enemies":"Shield and Spear","floor":55,"turns":2},{"damage":40,"enemies":"The Heart","floor":56,"turns":9}],"seed_played":"-3413814380362195546","potions_obtained":[{"floor":11.0,"key":"Weak Potion"},{"floor":14.0,"key":"SmokeBomb"},{"floor":20.0,"key":"Explosive Potion"}],"is_trial":false,"path_per_floor":["M","M","M","?","$","E","R","E","T","R","M","$","T","M","R","B",null,"M","M","M","M","M","E","R","M","T","E","M","M","E","M","R","B",null,"M","M","M","M","M","E","?","M","T","E","M","E","M","E","R","B",null,null,"R","$","E","B",null],"character_chosen":"Librarian","items_purchased":["LeRegole","Observe"],"campfire_rested":0,"item_purchase_floors":[5,54],"current_hp_per_floor":[54,54,54,54,54,54,54,54,54,54,54,54,54,54,54,43,80,80,80,80,80,80,80,80,80,80,80,80,80,80,80,80,80,89,89,89,89,89,89,89,89,89,89,89,89,89,85,85,85,85,80,89,89,89,88,48],"gold":543,"neow_bonus":"","is_daily":false,"chose_seed":false,"campfire_upgraded":6,"win_rate":0.0,"timestamp":1614350899,"path_taken":["M","?","M","?","?","E","R","E","T","R","?","$","?","M","R","BOSS","M","M","M","M","M","E","R","M","T","E","M","M","E","M","R","BOSS","M","M","M","M","M","E","?","M","T","E","M","E","M","E","R","BOSS","R","$","E","BOSS"],"items_purchased_type":["Card","Card"],"build_version":"2020-12-22","purchased_purges":2,"victory":true,"max_hp_per_floor":[92,92,92,92,92,92,92,92,92,92,92,92,92,92,92,92,92,92,92,92,92,92,92,92,92,92,92,92,92,92,92,92,92,92,92,92,92,92,92,92,92,92,92,92,92,92,92,92,92,92,92,92,92,92,92,92],"card_choices":[{"not_picked":["Endure","FleetFootsteps","SkyClearingCut","ViolentFlame","ClassAndRespect","Eliminate","ScatteringSlash","KeepItFresh","MindWhip"],"picked":"SKIP","floor":1.0},{"not_picked":["MultiBlock","SnakesPrey","EnergyConversion","TheWillOfTheCity","BladeWhirl","LossOfSenses","QuickSuppression","SpearedSweep"],"picked":"Outburst","floor":2.0},{"not_picked":["GuardingStance","DarkCloud","Standoff","PreparedMind","Leap_lor","Thrust","FieryWaltz","BiAn","MindCrush"],"picked":"SKIP","floor":3.0},{"not_picked":["FeelinGood","CoordinatedAssault","DirtyBlow","SomberProcuration","SnakesPrey","Pound","SparkingSpear","Wallop_lor"],"picked":"Outburst","floor":6.0},{"not_picked":["WillProduceFineSilk","ScratchThat","SilentMist","FervidEmotions","Rewind","GrazeTheGrass","BlindFaith","DarkCloud","StructuralAnalysis"],"picked":"SKIP","floor":8.0},{"not_picked":["QuickAttack","DesperateStruggle","SuppressingShot","EndlessBattle","VioletBlade","StrongStrike","ChargeUp","Faith"],"picked":"Multislash","floor":11.0},{"not_picked":["QuickSuppression","Thrust","Rewind","OminousPower","Zzzzzap","EnergyStrike","GreatSerpentsImpact","FieryDragonSlash"],"picked":"UnforgettableMelody","floor":14.0},{"not_picked":["Tttonst","SilentNight"],"picked":"RagingStormLove","floor":16.0},{"not_picked":["SerpentSwordTechnique+1","InhaleSmoke","SuppressingShot","HandleRequest","EnergyShield+1","ToWhereThePrescriptPoints","WillBeTasty","CookingPrep","Duel_lor+1"],"picked":"SKIP","floor":18.0},{"not_picked":["StrikeDown","Unlock1+1","Faith+1","Standoff+1","Rampage_lor","PreemptiveStrike","HighSpeedStabbing","OpportunitySpotted+1","SinglePointStab"],"picked":"SKIP","floor":19.0},{"not_picked":["MultiBlock","SinglePointStab+1","StrongStrike","Pound","SunsetBlade+1","Multislash+1","SkitterAway","Leap_lor"],"picked":"BoundaryOfDeath","floor":20.0},{"not_picked":["EnergyShield","MultiBlock+1","Execute_lor+1","LawAndOrder","FrontalAssault","TheWillOfTheCity","SuppressingShot","HighKick","Eliminate"],"picked":"SKIP","floor":21.0},{"not_picked":["FlashOfSunup","TrashDisposal","HighKick+1","Outburst","Parry","FleetFootsteps+1","Pound","Endure","GuardingStance"],"picked":"SKIP","floor":22.0},{"not_picked":["MultiBlock","Faith","SharpSwipe","Rewind","QuickAttack","DesperateStruggle","Overpower","ShockRound","Wallop_lor"],"picked":"SKIP","floor":23.0},{"not_picked":["MultiBlock","Faith","SummaryJudgment+1","TasteMyFlamingBat","BladeWhirl","FleshFillet","NightInTheBackstreets","HandleRequest+1","FierceCharge"],"picked":"SKIP","floor":25.0},{"not_picked":["TendonChords","UnavoidableGaze","BackAttack","StayCalm","SenseQuarry","Faith","Pound","Brawl","EnergyShield"],"picked":"SKIP","floor":27.0},{"not_picked":["OpportunitySpotted+1","Faith","SteelKnuckles+1","BackAttack","MirageStorm","EndlessBattle","HiddenBlade","GuidanceOfTheGears","Parry"],"picked":"SKIP","floor":28.0},{"not_picked":["DarkCloud","ExtractFuel","RushDown","Parry2+1","QuickSuppression","ToWhereThePrescriptPoints+1","FlashOfSunup","GroundSmash"],"picked":"RhinoRam","floor":29.0},{"not_picked":["DesperateStruggle","BiAn","GreatSerpentsImpact","QuickAttack","FrontalAssault","DarkCloud","MultiHit","DefenseOrder+1","UpbeatPerformance"],"picked":"SKIP","floor":30.0},{"not_picked":["FleetEdge+1","HandleRequest","ButterflySlash","NightInTheBackstreets","ToOvercomeCrisis","EndlessBattle","AssaultOrder","SunsetBlade","SuanNi"],"picked":"SKIP","floor":31.0},{"not_picked":["FormingStorm","Observe"],"picked":"DistortedBlade","floor":33.0},{"not_picked":["SharpSwipe+1","BackAttack+1","Rewind","HighKick+1","RipSpace","Retaliate","GrazeTheGrass","ClassAndRespect"],"picked":"Duel_lor","floor":35.0},{"not_picked":["Multislash","FierceCharge","BurningFlash","HighKick","Pound+1","EnergyCycle+1","BackstreetsDash","ForTheFamily+1","TendonChords+1"],"picked":"SKIP","floor":36.0},{"not_picked":["SuppressingShot+1","EnergyShield","GaleKick+1","YourShield+1","Pound+1","DestructiveImpact+1","BulkyImpact","ViolentFlame","DefenseOrder+1"],"picked":"SKIP","floor":37.0},{"not_picked":["OminousPower+1","StrikeDown","DesperateStruggle+1","GrazeTheGrass+1","Riposte","FrontalAssault+1","GutHarvesting","QuickSuppression+1","EnergyShield+1"],"picked":"SKIP","floor":38.0},{"not_picked":["SuanNi","Outburst+1","Standoff","GuidanceOfTheGears","GreatSerpentsImpact+1","ViolentFlame","SharpSwipe+1","Leap_lor+1","SerpentSwordTechnique"],"picked":"SKIP","floor":39.0},{"not_picked":["AsThePrescriptOrders+1","FleetEdge","KeepItFresh","DirtyBlow","NightInTheBackstreets+1","UpbeatPerformance+1","Suppress","BayonetCombat","BlindFaith+1"],"picked":"SKIP","floor":40.0},{"not_picked":["Wallop_lor+1","HiddenBlade","NightInTheBackstreets+1","Tttonst","Slice_lor","MindWhip","Thirst","Thrust","SerpentSwordTechnique+1"],"picked":"SKIP","floor":42.0},{"not_picked":["StrikeDown+1","WrathOfTorment","BackAttack","SmokingPipe","ForcefulGesture+1","SunsetBlade","InkOver","Brawl+1","PuppetBlockade"],"picked":"SKIP","floor":44.0},{"not_picked":["Leap_lor","MindWhip","TheWillOfTheCity","Clone","EnergyShield","SmokingPipe","PreemptiveStrike+1","CombatPreparation","Unlock1+1"],"picked":"SKIP","floor":45.0},{"not_picked":["Punishment","UncannyStrike+1","AutomatedMovement+1","GuardingStance","Commandeering","FlyingSword","SnakesPrey","SkyClearingCut+1","Leap_lor"],"picked":"SKIP","floor":46.0},{"not_picked":["Clone","PreemptiveStrike+1","Thrust+1","Eliminate","BiAn+1","LoosenUp+1","SharpSwipe","Parry","BlindFaith"],"picked":"SKIP","floor":47.0},{"not_picked":["DesperateStruggle","ReadyUp+1","MindCrush","FierceOnslaught+1","FrontalAssault+1","SkyClearingCut","Laceration","Transpierce","Concentration+1"],"picked":"SKIP","floor":48.0},{"not_picked":["SharpenedBlade+1","ChiWen+1","IdentifyWeakpoint+1","BlowItUp","BizarreAttack+1","Transpierce","WaitUp","RatsGuideToSurvival","TheRedNotes+1"],"picked":"SKIP","floor":55}],"player_experience":240464,"relics_obtained":[{"floor":6.0,"key":"HornCleat"},{"floor":8.0,"key":"PageOfSnowWhitesApple"},{"floor":9.0,"key":"Happy Flower"},{"floor":13.0,"key":"PageOfNothingThere"},{"floor":23.0,"key":"Bronze Scales"},{"floor":26.0,"key":"PageOfWizard"},{"floor":27.0,"key":"Art of War"},{"floor":30.0,"key":"Bag of Marbles"},{"floor":40.0,"key":"Thread and Needle"},{"floor":44.0,"key":"Toy Ornithopter"},{"floor":46.0,"key":"Lantern"},{"floor":48.0,"key":"Regal Pillow"},{"floor":55,"key":"Centennial Puzzle"}],"event_choices":[{"damage_healed":0.0,"max_hp_gain":0.0,"max_hp_loss":0.0,"gold_gain":0.0,"event_name":"Accursed Blacksmith","player_choice":"Forge","floor":4.0,"gold_loss":0.0,"damage_taken":0.0,"cards_upgraded":["FocusSpirit"]},{"damage_healed":0.0,"max_hp_gain":0.0,"max_hp_loss":0.0,"gold_gain":0.0,"event_name":"Match and Keep!","player_choice":"0 cards matched","floor":41.0,"gold_loss":0.0,"damage_taken":0.0,"cards_obtained":[]}],"is_beta":false,"boss_relics":[{"not_picked":["Calling Bell","Philosopher\u0027s Stone"],"picked":"Snecko Eye"},{"not_picked":["Runic Pyramid","Runic Dome"],"picked":"PageOfBlackSwan"}],"items_purged_floors":[5,54],"is_endless":false,"potions_floor_spawned":[2,3,11,14,20,25,27,28,30,35,37,39,42,48],"ascension_level":6}}