{"host":"i0m6ffz3lpe3z1ky","time":1614336962,"event":{"mods":["Aspiration","BaseMod","Bestiary","BetterRewards","Colored Map","Conspire","Energized Spire","Highlight Path","Hubris","Ironclad Rager","Minty Spire (QoL Compilation)","Quick Restart","Reliquary","Shop Mod","Spicy Shops","StSLib","Thieving Mod"],"gold_per_floor":[109,109,120,135,135,135,168,168,168,168,168,186,219,246,258,270,270],"floor_reached":16,"language":"KOR","playtime":2495,"items_purged":[],"score":435,"play_id":"46aafe63-9cd9-4cff-9d0d-e6bbdb71ab12","local_time":"20210226195602","is_ascension_mode":true,"campfire_choices":[{"data":"conspire:Banana","floor":6,"key":"SMITH"},{"data":"Entrench","floor":15,"key":"SMITH"}],"circlet_count":0,"master_deck":["AscendersBane","Strike_R","Strike_R","Strike_R","Strike_R","Strike_R","Defend_R+1","Defend_R+1","Defend_R","Defend_R","Bash","conspire:Banana+1","Body Slam+1","Ghostly Armor","Injury","Entrench+1","Body Slam"],"relics":["Burning Blood","conspire:DeflatedDodgeball","Sling","Lee\u0027s Waffle","Bag of Preparation","OrangePellets","Ice Cream","reliquary:FingerTrap","PreservedInsect","Tiny Chest","Juzu Bracelet","Champion Belt","Frozen Egg 2","War Paint","Ancient Tea Set","Gremlin Horn","Bronze Scales","MawBank"],"acts_visited":["Exordium"],"potions_floor_usage":[13],"damage_taken":[{"damage":12,"enemies":"Jaw Worm","floor":1,"turns":3},{"damage":0,"enemies":"2 Louse","floor":3,"turns":4},{"damage":2,"enemies":"Cultist","floor":4,"turns":5},{"damage":0,"enemies":"Gremlin Nob","floor":7,"turns":3},{"damage":2,"enemies":"Exordium Thugs","floor":12,"turns":4},{"damage":0,"enemies":"3 Sentries","floor":13,"turns":4},{"damage":8,"enemies":"Blue Slaver","floor":14,"turns":3},{"damage":71,"enemies":"Hexaghost","floor":16,"turns":14}],"seed_played":"-516920597796345385","potions_obtained":[{"floor":7,"key":"Strength Potion"},{"floor":12,"key":"SkillPotion"},{"floor":13,"key":"LiquidMemories"}],"is_trial":false,"path_per_floor":["M","?","M","M","?","R","E","?","T","T","?","M","E","M","R","B"],"character_chosen":"IRONCLAD","items_purchased":["conspire:DeflatedDodgeball","Sling","conspire:Banana","Lee\u0027s Waffle","Bag of Preparation","OrangePellets","Ice Cream","reliquary:FingerTrap","PreservedInsect","Tiny Chest","Juzu Bracelet","Champion Belt","Body Slam"],"campfire_rested":0,"item_purchase_floors":[0,0,0,0,0,0,0,0,0,0,0,0,0],"current_hp_per_floor":[77,77,84,85,85,85,87,87,87,87,52,58,66,66,66,0,0],"gold":270,"neow_bonus":"","is_daily":false,"chose_seed":false,"campfire_upgraded":2,"win_rate":0.0,"timestamp":1614336962,"path_taken":["M","?","M","M","?","R","E","?","T","?","?","M","E","M","R","BOSS"],"items_purchased_type":["Relic","Relic","Card","Relic","Relic","Relic","Relic","Relic","Relic","Relic","Relic","Relic","Card"],"build_version":"2020-12-22","purchased_purges":0,"victory":false,"max_hp_per_floor":[83,83,84,85,85,85,87,87,87,87,87,89,91,93,93,95,95],"card_choices":[{"not_picked":["Bloodletting","Pommel Strike"],"picked":"Ghostly Armor","floor":1},{"not_picked":["Blood for Blood","Carnage","Dual Wield"],"picked":"SKIP","floor":3},{"not_picked":["Flex","Armaments","Whirlwind"],"picked":"SKIP","floor":4},{"not_picked":["Metallicize+1","Perfected Strike"],"picked":"Entrench","floor":7},{"not_picked":["Iron Wave","Hemokinesis","Clothesline"],"picked":"SKIP","floor":12},{"not_picked":["Pommel Strike","Burning Pact","Warcry"],"picked":"SKIP","floor":13},{"not_picked":["Rupture+1","Dropkick"],"picked":"Body Slam","floor":14}],"player_experience":451253,"relics_obtained":[{"floor":7,"key":"War Paint"},{"floor":9,"key":"Gremlin Horn"},{"floor":13,"key":"MawBank"}],"event_choices":[{"damage_healed":0,"gold_gain":0,"player_choice":"Gave Potion","damage_taken":0,"relics_obtained":["Ancient Tea Set"],"max_hp_gain":0,"max_hp_loss":0,"event_name":"WeMeetAgain","floor":8,"gold_loss":0},{"damage_healed":0,"gold_gain":0,"player_choice":"Success","damage_taken":35,"relics_obtained":["Bronze Scales"],"max_hp_gain":0,"max_hp_loss":0,"event_name":"Scrap Ooze","floor":11,"gold_loss":0}],"is_beta":false,"boss_relics":[],"items_purged_floors":[],"is_endless":false,"potions_floor_spawned":[7,12,13],"killed_by":"Hexaghost","ascension_level":19}}