{"host":"u7lm8z2rvb4dg2oo","time":1614310403,"event":{"mods":["AchievementEnabler","BaseMod","Bestiary","Block Reminder","Colored Map","Colored Powertips","Curses Come First","DeckTracker","Googly Eyes","Highlight Path","Minty Spire (QoL Compilation)","Quick Restart","StSLib"],"gold_per_floor":[117,135,145,155,172,172,183,196,196,196,196,20,38,38,38,117,117,129,129,100,111,126,126,47,47,70,14,14,47,47,66,66,143,143,160,175,175,187,187,214,232,275,284,284,284],"floor_reached":44,"language":"ENG","playtime":18297,"items_purged":[],"score":1018,"play_id":"90937fe9-5da1-4d77-98ef-e52e6467d960","local_time":"20210225223323","is_ascension_mode":true,"campfire_choices":[{"data":"Bouncing Flask","floor":6.0,"key":"SMITH"},{"data":"Noxious Fumes","floor":11.0,"key":"SMITH"},{"data":"Bane","floor":15.0,"key":"SMITH"},{"floor":23.0,"key":"REST"},{"data":"Catalyst","floor":25.0,"key":"SMITH"},{"data":"Malaise","floor":28.0,"key":"SMITH"},{"floor":32.0,"key":"REST"}],"circlet_count":0,"master_deck":["AscendersBane","Strike_G","Strike_G","Strike_G","Strike_G","Strike_G","Defend_G","Defend_G","Defend_G","Defend_G","Survivor","Neutralize","Poisoned Stab","Bane+1","Bouncing Flask+1","Bane","Noxious Fumes+1","Wraith Form v2+1","Blur","Choke","Malaise+1","Catalyst+1","Skewer+1","Catalyst+1","Regret","Bane","Footwork","Night Terror","Noxious Fumes+1","Catalyst+1","Decay"],"relics":["Ring of the Snake","StrikeDummy","Cursed Key","Omamori","Happy Flower","Black Star","MealTicket","Pocketwatch","Blue Candle","CeramicFish","Prayer Wheel"],"acts_visited":["Exordium","TheCity","TheBeyond"],"potions_floor_usage":[],"damage_taken":[{"damage":1.0,"enemies":"Jaw Worm","floor":1.0,"turns":4.0},{"damage":0.0,"enemies":"Small Slimes","floor":2.0,"turns":4.0},{"damage":0.0,"enemies":"Cultist","floor":3.0,"turns":2.0},{"damage":1.0,"enemies":"2 Fungi Beasts","floor":4.0,"turns":4.0},{"damage":3.0,"enemies":"Blue Slaver","floor":5.0,"turns":3.0},{"damage":2.0,"enemies":"Looter","floor":7.0,"turns":4.0},{"damage":10.0,"enemies":"Gremlin Gang","floor":8.0,"turns":4.0},{"damage":16.0,"enemies":"Large Slime","floor":13.0,"turns":5.0},{"damage":43.0,"enemies":"The Guardian","floor":16.0,"turns":9.0},{"damage":1.0,"enemies":"Chosen","floor":18.0,"turns":5.0},{"damage":0.0,"enemies":"2 Thieves","floor":20.0,"turns":4.0},{"damage":28.0,"enemies":"Shelled Parasite and Fungi","floor":21.0,"turns":6.0},{"damage":0.0,"enemies":"Snecko","floor":22.0,"turns":3.0},{"damage":28.0,"enemies":"Slavers","floor":29.0,"turns":6.0},{"damage":0.0,"enemies":"Snake Plant","floor":31.0,"turns":2.0},{"damage":39.0,"enemies":"Collector","floor":33.0,"turns":7.0},{"damage":10.0,"enemies":"3 Shapes","floor":35.0,"turns":8.0},{"damage":4.0,"enemies":"3 Darklings","floor":36.0,"turns":4.0},{"damage":17.0,"enemies":"4 Shapes","floor":38.0,"turns":7.0},{"damage":2.0,"enemies":"Giant Head","floor":40.0,"turns":7.0},{"damage":4.0,"enemies":"Jaw Worm Horde","floor":41.0,"turns":5.0},{"damage":27.0,"enemies":"Nemesis","floor":42.0,"turns":3.0},{"damage":7,"enemies":"Giant Head","floor":44,"turns":4}],"seed_played":"-1195306517440277870","potions_obtained":[{"floor":1.0,"key":"Poison Potion"},{"floor":2.0,"key":"AttackPotion"},{"floor":3.0,"key":"EssenceOfSteel"},{"floor":7.0,"key":"Fire Potion"},{"floor":16.0,"key":"Dexterity Potion"},{"floor":21.0,"key":"Poison Potion"},{"floor":22.0,"key":"FearPotion"},{"floor":31.0,"key":"SpeedPotion"},{"floor":35.0,"key":"Explosive Potion"},{"floor":36.0,"key":"ColorlessPotion"},{"floor":41.0,"key":"SneckoOil"}],"is_trial":false,"path_per_floor":["M","M","M","M","M","R","M","M","T","?","R","$","M","?","R","B",null,"M","?","M","M","M","R","$","R","T","$","R","E","?","M","R","B",null,"M","M","?","M","?","E","M","E","T","E"],"character_chosen":"THE_SILENT","items_purchased":["Wraith Form v2","Blur","Catalyst","Bane"],"campfire_rested":2,"item_purchase_floors":[12,12,24,27],"current_hp_per_floor":[64,64,64,63,60,60,58,48,48,72,72,72,56,56,56,13,57,56,56,56,28,28,49,49,49,49,49,49,21,21,21,42,3,55,45,41,55,38,38,36,32,5,5,0,0],"gold":284,"neow_bonus":"TEN_PERCENT_HP_BONUS","is_daily":false,"chose_seed":false,"campfire_upgraded":5,"win_rate":0.0,"timestamp":1614310403,"path_taken":["M","M","M","M","M","R","M","M","T","?","R","$","M","?","R","BOSS","M","?","M","M","M","R","$","R","T","?","R","E","?","M","R","BOSS","M","M","?","M","?","E","M","E","T","E"],"items_purchased_type":["Card","Card","Card","Card"],"build_version":"2020-12-22","purchased_purges":0,"victory":false,"max_hp_per_floor":[72,72,72,72,72,72,72,72,72,72,72,72,72,72,72,72,72,72,72,72,72,72,72,72,72,72,72,72,72,72,72,72,72,72,72,72,72,72,72,72,72,72,72,72,72],"card_choices":[{"not_picked":["Setup","Calculated Gamble"],"picked":"Poisoned Stab","floor":1.0},{"not_picked":["Escape Plan","Acrobatics"],"picked":"Bane","floor":2.0},{"not_picked":["Deadly Poison","Setup"],"picked":"Bouncing Flask","floor":3.0},{"not_picked":["Masterful Stab","Dodge and Roll"],"picked":"Bane","floor":4.0},{"not_picked":["Dagger Throw","Distraction","Underhanded Strike"],"picked":"SKIP","floor":5.0},{"not_picked":["Dagger Throw","Distraction","Underhanded Strike"],"picked":"SKIP","floor":5.0},{"not_picked":["Underhanded Strike","Masterful Stab","Quick Slash"],"picked":"SKIP","floor":7.0},{"not_picked":["Flying Knee","Sucker Punch"],"picked":"Noxious Fumes","floor":8.0},{"not_picked":["Well Laid Plans","All Out Attack"],"picked":"Choke","floor":13.0},{"not_picked":["Tools of the Trade","A Thousand Cuts"],"picked":"Malaise","floor":16.0},{"not_picked":["Dodge and Roll","Choke","Acrobatics+1"],"picked":"SKIP","floor":18.0},{"not_picked":["Choke","Acrobatics","Backflip"],"picked":"SKIP","floor":20.0},{"not_picked":["Riddle With Holes","Backflip"],"picked":"Catalyst+1","floor":21.0},{"not_picked":["Slice","Dagger Throw"],"picked":"Skewer+1","floor":22.0},{"not_picked":["PiercingWail","Blade Dance","Dagger Spray"],"picked":"SKIP","floor":29.0},{"not_picked":["Prepared","Riddle With Holes+1"],"picked":"Footwork","floor":31.0},{"not_picked":["Burst","Storm of Steel"],"picked":"Night Terror","floor":33.0},{"not_picked":["Poisoned Stab","Blur"],"picked":"Noxious Fumes+1","floor":35.0},{"not_picked":["Dagger Spray","Dodge and Roll+1","Finisher+1"],"picked":"SKIP","floor":36.0},{"not_picked":["Deflect+1","Distraction","Underhanded Strike"],"picked":"SKIP","floor":38.0},{"not_picked":["Expertise","Underhanded Strike","Dodge and Roll"],"picked":"SKIP","floor":40.0},{"not_picked":["Dagger Throw+1","Accuracy","Tactician"],"picked":"SKIP","floor":41.0},{"not_picked":["Blur","Flechettes"],"picked":"Catalyst+1","floor":42.0}],"player_experience":2065392,"relics_obtained":[{"floor":9.0,"key":"StrikeDummy"},{"floor":26.0,"key":"Omamori"},{"floor":29.0,"key":"Happy Flower"},{"floor":40.0,"key":"MealTicket"},{"floor":40.0,"key":"Pocketwatch"},{"floor":42.0,"key":"Blue Candle"},{"floor":42.0,"key":"CeramicFish"},{"floor":43.0,"key":"Prayer Wheel"}],"event_choices":[{"damage_healed":24.0,"max_hp_gain":0.0,"max_hp_loss":0.0,"gold_gain":0.0,"event_name":"Big Fish","player_choice":"Banana","floor":10.0,"gold_loss":0.0,"damage_taken":0.0},{"damage_healed":0.0,"max_hp_gain":0.0,"max_hp_loss":0.0,"gold_gain":0.0,"event_name":"Living Wall","player_choice":"Grow","floor":14.0,"gold_loss":0.0,"damage_taken":0.0,"cards_upgraded":["Wraith Form v2"]},{"damage_healed":0.0,"max_hp_gain":0.0,"max_hp_loss":0.0,"gold_gain":0.0,"event_name":"N\u0027loth","player_choice":"Ignored","floor":19.0,"gold_loss":0.0,"damage_taken":0.0},{"damage_healed":0.0,"max_hp_gain":0.0,"max_hp_loss":0.0,"gold_gain":0.0,"event_name":"Forgotten Altar","player_choice":"Smashed Altar","floor":30.0,"gold_loss":0.0,"damage_taken":0.0,"cards_obtained":["Decay"]},{"damage_healed":14.0,"max_hp_gain":0.0,"max_hp_loss":0.0,"gold_gain":0.0,"event_name":"Winding Halls","player_choice":"Writhe","floor":37.0,"gold_loss":0.0,"damage_taken":0.0,"cards_obtained":["Writhe"]},{"cards_removed":["Defend_G"],"damage_healed":0.0,"max_hp_gain":0.0,"max_hp_loss":0.0,"gold_gain":0.0,"event_name":"Falling","player_choice":"Removed Skill","floor":39.0,"gold_loss":0.0,"damage_taken":0.0}],"is_beta":false,"boss_relics":[{"not_picked":["WristBlade","Sozu"],"picked":"Cursed Key"},{"not_picked":["Empty Cage","Busted Crown"],"picked":"Black Star"}],"items_purged_floors":[],"is_endless":false,"potions_floor_spawned":[1,2,3,7,16,21,22,31,35,36,41],"killed_by":"Giant Head","ascension_level":20}}