{"host":"0ma1l65sntb3rtgl","time":1614368444,"event":{"mods":["AchievementEnabler","BaseMod","Better Note","Better Third Choice","Colored Map","Colored Powertips","Curses Come First","Downfall","Highlight Path","Minty Spire (QoL Compilation)","Rare Cards Sparkle","Relic Stats","Reliquary","StSLib"],"gold_per_floor":[118,193,213,225,236,270,21,21,45,45,45,61,76,1,1,105,105,120,138,158,158,158,189,189,207,207,207,221,235,235,255,255,356,356,368,368,384,384,132,132,132,232,313,330,330,330],"floor_reached":45,"language":"ENG","playtime":1749,"items_purged":["Strike_B","Strike_B"],"score":437,"play_id":"3c9e8d0d-1cb1-4762-8453-5782c08a62d0","local_time":"20210226134044","is_ascension_mode":false,"campfire_choices":[{"floor":8,"key":"REST"},{"data":"Darkness","floor":10,"key":"SMITH"},{"floor":15,"key":"REST"},{"data":"Defragment","floor":24,"key":"SMITH"},{"floor":27,"key":"REST"},{"floor":30,"key":"REST"},{"floor":32,"key":"REST"},{"data":"Fission","floor":40,"key":"SMITH"}],"circlet_count":0,"master_deck":["Strike_B","Strike_B","Defend_B","Defend_B","Defend_B","Zap","Dualcast","Cold Snap","Go for the Eyes","Darkness+1","Storm","Lockon","Defragment+1","Mayhem","Force Field","White Noise","Creative AI","Loop","White Noise","Glacier","Barrage","Capacitor","Double Energy+1","Coolheaded+1","Fission+1","Glacier","Madness","Madness","Clumsy","Buffer","downfall:Icky","downfall:Icky","Ball Lightning+1"],"relics":["Cracked Core","Torii","Vajra","reliquary:ExpiredCoupon","Bronze Scales","SlaversCollar","Omamori","StrikeDummy","reliquary:ThirdArm","ClockworkSouvenir","downfall:ExtraCursedBell","reliquary:Spinner","Du-Vu Doll","Toxic Egg 2"],"acts_visited":["Exordium","TheCity","TheBeyond"],"potions_floor_usage":[12,31,37],"damage_taken":[{"damage":0,"enemies":"Small Slimes","floor":1,"turns":3},{"damage":1,"enemies":"Cultist","floor":3,"turns":4},{"damage":9,"enemies":"Jaw Worm","floor":4,"turns":3},{"damage":11,"enemies":"Blue Slaver","floor":5,"turns":3},{"damage":18,"enemies":"Lagavulin","floor":6,"turns":8},{"damage":1,"enemies":"2 Fungi Beasts","floor":12,"turns":3},{"damage":0,"enemies":"Exordium Thugs","floor":13,"turns":4},{"damage":7,"enemies":"The Guardian","floor":16,"turns":8},{"damage":2,"enemies":"Chosen","floor":18,"turns":3},{"damage":18,"enemies":"Spheric Guardian","floor":19,"turns":5},{"damage":3,"enemies":"Snake Plant","floor":20,"turns":4},{"damage":21,"enemies":"Slavers","floor":23,"turns":3},{"damage":12,"enemies":"Snecko","floor":25,"turns":5},{"damage":18,"enemies":"Centurion and Healer","floor":28,"turns":6},{"damage":1,"enemies":"Chosen and Byrds","floor":29,"turns":5},{"damage":7,"enemies":"Snake Plant","floor":31,"turns":4},{"damage":15,"enemies":"Automaton","floor":33,"turns":7},{"damage":44,"enemies":"3 Darklings","floor":35,"turns":7},{"damage":21,"enemies":"3 Shapes","floor":37,"turns":5},{"damage":9,"enemies":"Sphere and 2 Shapes","floor":44,"turns":5},{"damage":44,"enemies":"4 Shapes","floor":45,"turns":3}],"seed_played":"-4161403599696343321","potions_obtained":[{"floor":1,"key":"Swift Potion"},{"floor":4,"key":"BlessingOfTheForge"},{"floor":5,"key":"Fire Potion"},{"floor":12,"key":"LiquidMemories"},{"floor":19,"key":"Fire Potion"},{"floor":33,"key":"Energy Potion"},{"floor":44,"key":"Swift Potion"}],"is_trial":false,"path_per_floor":["M","?","M","M","M","E","$","R","T","R","?","M","M","$","R","B",null,"M","M","M","?","?","E","R","M","T","R","M","M","R","M","R","B",null,"M","?","M","?","$","R","?","?","T","M","M"],"character_chosen":"DEFECT","items_purchased":["Defragment","Mayhem","ClockworkSouvenir"],"campfire_rested":5,"item_purchase_floors":[7,7,39],"current_hp_per_floor":[54,47,46,37,26,8,8,30,30,30,12,11,11,11,33,26,75,73,55,52,46,46,25,25,13,13,35,17,16,38,31,53,38,75,31,66,45,45,45,45,37,42,42,33,0,0],"gold":330,"neow_bonus":"ONE_RARE_RELIC","is_daily":false,"chose_seed":false,"campfire_upgraded":3,"win_rate":0.0,"timestamp":1614368444,"path_taken":["M","?","?","M","M","E","$","R","T","R","?","M","M","?","R","BOSS","M","M","M","?","?","E","R","M","T","R","?","M","R","M","R","BOSS","M","?","M","?","$","R","?","?","T","?","M"],"items_purchased_type":["Card","Card","Relic"],"build_version":"2020-12-22","purchased_purges":2,"victory":false,"max_hp_per_floor":[75,75,75,75,75,75,75,75,75,75,75,75,75,75,75,75,75,75,75,75,75,75,75,75,75,75,75,75,75,75,75,75,75,75,75,66,66,66,66,66,66,71,71,71,71,71],"relic_stats":{"Torii":58,"counters":[21,98],"Bronze Scales":[209],"obtain_stats":[{"Torii":0,"Vajra":6,"Omamori":23,"reliquary:Spinner":42,"reliquary:ThirdArm":34,"ClockworkSouvenir":39,"Du-Vu Doll":42,"reliquary:ExpiredCoupon":9,"SlaversCollar":17,"Bronze Scales":11,"downfall:ExtraCursedBell":42,"Toxic Egg 2":43,"Cracked Core":0,"StrikeDummy":26},{"Torii":0,"Vajra":5,"Omamori":12,"reliquary:Spinner":19,"reliquary:ThirdArm":17,"ClockworkSouvenir":19,"Du-Vu Doll":19,"reliquary:ExpiredCoupon":5,"SlaversCollar":8,"Bronze Scales":5,"downfall:ExtraCursedBell":19,"Toxic Egg 2":19,"Cracked Core":0,"StrikeDummy":13},{"Torii":0,"Vajra":21,"Omamori":51,"reliquary:Spinner":90,"reliquary:ThirdArm":78,"ClockworkSouvenir":90,"Du-Vu Doll":90,"reliquary:ExpiredCoupon":21,"SlaversCollar":36,"Bronze Scales":21,"downfall:ExtraCursedBell":90,"Toxic Egg 2":90,"Cracked Core":0,"StrikeDummy":56}]},"card_choices":[{"not_picked":["Reprogram","Streamline"],"picked":"Cold Snap","floor":1},{"not_picked":["Turbo","Recycle"],"picked":"Go for the Eyes","floor":3},{"not_picked":["Rip and Tear","Cold Snap"],"picked":"Darkness","floor":4},{"not_picked":["Blizzard","Cold Snap"],"picked":"Storm","floor":5},{"not_picked":["Tempest","Leap"],"picked":"Lockon","floor":6},{"not_picked":["Beam Cell","Redo"],"picked":"Force Field","floor":12},{"not_picked":["Skim","Lockon"],"picked":"White Noise","floor":13},{"not_picked":["Buffer","All For One"],"picked":"Creative AI","floor":16},{"not_picked":["Stack","Force Field"],"picked":"Loop","floor":18},{"not_picked":["Cold Snap+1","FTL"],"picked":"White Noise","floor":19},{"not_picked":["Beam Cell","Melter"],"picked":"Glacier","floor":20},{"not_picked":["Sunder+1","Streamline"],"picked":"Barrage","floor":23},{"not_picked":["Go for the Eyes","Leap+1"],"picked":"Capacitor","floor":25},{"not_picked":["Beam Cell","Redo","Reinforced Body"],"picked":"SKIP","floor":28},{"not_picked":["Turbo","Steam"],"picked":"Double Energy+1","floor":29},{"not_picked":["Tempest","Steam"],"picked":"Coolheaded+1","floor":31},{"not_picked":["Machine Learning","Buffer"],"picked":"Fission","floor":33},{"not_picked":["Gash","Genetic Algorithm"],"picked":"Glacier","floor":35},{"not_picked":["Tempest+1","Lockon","Sunder+1"],"picked":"SKIP","floor":37},{"not_picked":["Rebound","Stack+1"],"picked":"Ball Lightning+1","floor":44}],"player_experience":447041,"relics_obtained":[{"floor":6,"key":"Vajra"},{"floor":9,"key":"reliquary:ExpiredCoupon"},{"floor":23,"key":"Omamori"},{"floor":26,"key":"StrikeDummy"},{"floor":42,"key":"reliquary:Spinner"},{"floor":42,"key":"Du-Vu Doll"},{"floor":43,"key":"Toxic Egg 2"}],"event_choices":[{"damage_healed":0,"gold_gain":75,"player_choice":"Touch","damage_taken":7,"max_hp_gain":0,"max_hp_loss":0,"event_name":"FaceTrader","floor":2,"gold_loss":0},{"damage_healed":0,"gold_gain":0,"player_choice":"Relic ","damage_taken":18,"max_hp_gain":0,"max_hp_loss":0,"event_name":"betterThird:BetterScrap","floor":11,"gold_loss":0,"cards_obtained":["Juggernaut"]},{"damage_healed":0,"gold_gain":0,"player_choice":"","damage_taken":6,"max_hp_gain":0,"max_hp_loss":0,"event_name":"Knowing Skull","floor":21,"potions_obtained":[],"gold_loss":0,"cards_obtained":[]},{"cards_removed":["Mayhem"],"damage_healed":0,"gold_gain":0,"player_choice":"Give","damage_taken":0,"max_hp_gain":0,"max_hp_loss":0,"event_name":"betterNote:BetterNote","floor":22,"gold_loss":0,"cards_obtained":["None"]},{"damage_healed":66,"gold_gain":0,"player_choice":"Heal","damage_taken":0,"max_hp_gain":0,"max_hp_loss":9,"event_name":"The Moai Head","floor":36,"gold_loss":0},{"cards_removed":["Defend_B"],"damage_healed":0,"gold_gain":0,"player_choice":"Removed Skill","damage_taken":0,"max_hp_gain":0,"max_hp_loss":0,"event_name":"Falling","floor":38,"gold_loss":0},{"damage_healed":0,"gold_gain":0,"player_choice":"Embrace Madness","damage_taken":8,"max_hp_gain":0,"max_hp_loss":0,"event_name":"Winding Halls","floor":41,"gold_loss":0,"cards_obtained":["Madness","Madness"]}],"is_beta":false,"boss_relics":[{"not_picked":["Fusion Hammer","Astrolabe"],"picked":"SlaversCollar"},{"not_picked":["Black Star","bronze:MakeshiftBattery"],"picked":"reliquary:ThirdArm"}],"items_purged_floors":[14,39],"is_endless":false,"potions_floor_spawned":[1,4,5,12,13,18,19,25,29,33,44],"killed_by":"4 Shapes","ascension_level":0}}