{"host":"b9id4afcchnn1rfb","time":1614302774,"event":{"mods":["Act Like it!","BaseMod","Better Note","Colored Map","Colored Powertips","Hallownest","Hermit","Infinite Spire","Minty Spire (QoL Compilation)","StSLib","SuperFastMode","The Death Knight","The Necromancer"],"gold_per_floor":[109,125,125,138,159,159,193,193,193,207,225,250,281,281,281,404,467,467,435,456,456,456],"floor_reached":21,"language":"ENG","playtime":577,"items_purged":[],"score":263,"play_id":"1f60f8fa-46b5-41c0-8d21-28bc1ee39069","local_time":"20210226022614","is_ascension_mode":true,"campfire_choices":[{"data":"Summon_Undead_Army","floor":6,"key":"SMITH"},{"data":"Stop_Heart","floor":8,"key":"SMITH"},{"floor":15,"key":"REST"}],"circlet_count":0,"master_deck":["Strike_W","Strike_W","Strike_W","Strike_W","Defend_W","Defend_W","Defend_W","Defend_W+1","Negative_Energy_Arrows","Bone_Wall","Stop_Heart+1","Summon_Undead_Army+1","Bone_Prison","Bone_Armor","Spectral_Armor","Summon_Death_Knight","Summon_Undead_Army+1"],"relics":["Vampire_Amulet","Golden Idol","Nunchaku","MealTicket","Gremlin Horn","Frozen Egg 2","Tiny House"],"acts_visited":["Exordium","TheCity"],"potions_floor_usage":[5,5,7,18,21],"damage_taken":[{"damage":0,"enemies":"2 Louse","floor":1,"turns":4},{"damage":1,"enemies":"Small Slimes","floor":2,"turns":5},{"damage":6,"enemies":"infinitespire:Voidling","floor":4,"turns":5},{"damage":5,"enemies":"Gremlin Gang","floor":5,"turns":4},{"damage":8,"enemies":"Gremlin Nob","floor":7,"turns":4},{"damage":19,"enemies":"Exordium Wildlife","floor":10,"turns":5},{"damage":9,"enemies":"Large Slime","floor":11,"turns":6},{"damage":8,"enemies":"Looter","floor":12,"turns":3},{"damage":10,"enemies":"Lagavulin","floor":13,"turns":7},{"damage":6,"enemies":"The Guardian","floor":16,"turns":9},{"damage":0,"enemies":"3 Byrds","floor":18,"turns":2},{"damage":26,"enemies":"2 Thieves","floor":19,"turns":5},{"damage":27,"enemies":"Cultist and Chosen","floor":20,"turns":6},{"damage":26,"enemies":"Sentry and Sphere","floor":21,"turns":4}],"seed_played":"-531031155079210957","potions_obtained":[{"floor":0,"key":"DistilledChaos"},{"floor":0,"key":"Swift Potion"},{"floor":0,"key":"PowerPotion"},{"floor":1,"key":"Explosive Potion"},{"floor":12,"key":"Weak Potion"},{"floor":13,"key":"EssenceOfSteel"},{"floor":17,"key":"SmokeBomb"}],"is_trial":false,"path_per_floor":["M","M","?","M","M","R","E","R","T","M","M","M","E","?","R","B",null,"M","M","M","M"],"character_chosen":"NECROMANCER","items_purchased":[],"campfire_rested":1,"item_purchase_floors":[],"current_hp_per_floor":[72,75,57,53,56,56,50,50,50,35,30,24,16,16,38,34,70,70,46,23,0,0],"gold":456,"neow_bonus":"THREE_SMALL_POTIONS","is_daily":false,"chose_seed":false,"campfire_upgraded":2,"win_rate":0.0,"timestamp":1614302774,"path_taken":["M","M","?","M","M","R","E","R","T","M","M","M","E","?","R","BOSS","M","?","?","M"],"items_purchased_type":[],"build_version":"2020-12-22","purchased_purges":0,"victory":false,"max_hp_per_floor":[75,75,75,75,75,75,75,75,75,75,75,75,75,75,75,75,80,80,80,80,80,80],"card_choices":[{"not_picked":["Plague_Bolt","Consume_Illness","Scare"],"picked":"SKIP","floor":1},{"not_picked":["Vampiric_Strike","Plague_Bolt"],"picked":"Stop_Heart","floor":2},{"not_picked":["Consume_Illness","Death_March_Dance"],"picked":"Summon_Undead_Army","floor":4},{"not_picked":["Shackles_Of_Pain","Life_Drain"],"picked":"Bone_Prison","floor":5},{"not_picked":["Scare","Death_Knell"],"picked":"Bone_Armor","floor":7},{"not_picked":["Violent_Necrosis","Scare","Bone_Bullets"],"picked":"SKIP","floor":10},{"not_picked":["Whirlwind_of_Bones","Finger_Of_Death"],"picked":"Spectral_Armor","floor":11},{"not_picked":["Death_Coil","Plague_Bolt","Acid_Javelin"],"picked":"SKIP","floor":12},{"not_picked":["Death_Knell","Negative_Energy_Javelin"],"picked":"Summon_Death_Knight","floor":13},{"not_picked":["Blood_Whip","Death_Knell"],"picked":"Summon_Undead_Army+1","floor":19},{"not_picked":["Violent_Necrosis+1","Detonate_Bones","Death_Coil+1"],"picked":"SKIP","floor":20}],"player_experience":504723,"relics_obtained":[{"floor":7,"key":"Nunchaku"},{"floor":9,"key":"MealTicket"},{"floor":13,"key":"Gremlin Horn"}],"event_choices":[{"damage_healed":0,"gold_gain":0,"player_choice":"Take Damage","damage_taken":18,"relics_obtained":["Golden Idol"],"max_hp_gain":0,"max_hp_loss":0,"event_name":"Golden Idol","floor":3,"gold_loss":0},{"damage_healed":0,"gold_gain":0,"player_choice":"Gave Potion","damage_taken":0,"relics_obtained":["Frozen Egg 2"],"max_hp_gain":0,"max_hp_loss":0,"event_name":"WeMeetAgain","floor":14,"gold_loss":0}],"is_beta":false,"boss_relics":[{"not_picked":["Coffee Dripper","Astrolabe"],"picked":"Tiny House"}],"items_purged_floors":[],"is_endless":false,"potions_floor_spawned":[1,12,13,18],"killed_by":"Sentry and Sphere","ascension_level":7}}