{"host":"fooy2gnzsnh4qz9y","time":1614363927,"event":{"mods":["2.2 Compatiblity","AchievementEnabler","BaseMod","Colored Map","Colored Powertips","DeckTracker","Highlight Path","Keyboard Shortcuts","Minty Spire (QoL Compilation)","Permanent Neow","Quick Restart","Random Character Button","StSLib","SuperFastMode","everything is the same but u backflip on backflip"],"gold_per_floor":[217,55,65,77,90,90,90,105,105,180,180,195,195,214,214,313,313,328,378,392,406,8,8,19,19,19],"floor_reached":25,"language":"KOR","playtime":2313,"items_purged":["Strike_G","Strike_G"],"score":207,"play_id":"ece438ac-0f05-407e-9168-197f84fbf4df","local_time":"20210227032527","is_ascension_mode":true,"campfire_choices":[{"data":"Cloak And Dagger","floor":6,"key":"SMITH"},{"data":"Adrenaline","floor":13,"key":"SMITH"},{"floor":15,"key":"REST"},{"floor":23,"key":"REST"}],"circlet_count":0,"master_deck":["Strike_G","Strike_G","Strike_G","Defend_G+1","Defend_G","Defend_G+1","Defend_G","Defend_G","Survivor","Neutralize","Acrobatics","Noxious Fumes","Dagger Throw","Deflect","Underhanded Strike","Cloak And Dagger+1","Adrenaline+1","Prepared","Night Terror","Crippling Poison","Outmaneuver+1","Tactician","PiercingWail","Accuracy+1","Envenom","Leg Sweep","Terror","Eviscerate+1"],"relics":["Ring of the Snake","Boot","War Paint","Philosopher\u0027s Stone","Orrery"],"acts_visited":["Exordium","TheCity"],"potions_floor_usage":[16,24],"damage_taken":[{"damage":5.0,"enemies":"Jaw Worm","floor":1.0,"turns":4.0},{"damage":2.0,"enemies":"Small Slimes","floor":3.0,"turns":4.0},{"damage":0.0,"enemies":"2 Louse","floor":4.0,"turns":3.0},{"damage":13,"enemies":"Gremlin Gang","floor":5,"turns":6},{"damage":4,"enemies":"Large Slime","floor":8,"turns":7},{"damage":3,"enemies":"Lots of Slimes","floor":12,"turns":4},{"damage":0,"enemies":"Red Slaver","floor":14,"turns":2},{"damage":2,"enemies":"The Guardian","floor":16,"turns":14},{"damage":32,"enemies":"3 Byrds","floor":18,"turns":6},{"damage":4,"enemies":"Shell Parasite","floor":20,"turns":5},{"damage":26,"enemies":"Snecko","floor":21,"turns":7},{"damage":5,"enemies":"Snake Plant","floor":24,"turns":3},{"damage":25,"enemies":"Gremlin Leader","floor":25,"turns":6}],"seed_played":"-6849663041303869749","potions_obtained":[{"floor":3.0,"key":"EssenceOfSteel"},{"floor":8,"key":"AttackPotion"},{"floor":12,"key":"Block Potion"},{"floor":20,"key":"LiquidBronze"}],"is_trial":false,"path_per_floor":["M","$","M","M","M","R","?","M","T","?","?","M","R","M","R","B",null,"M","?","M","M","$","R","M","E"],"character_chosen":"THE_SILENT","items_purchased":["Noxious Fumes","Dagger Throw","Tactician","Orrery","Terror"],"campfire_rested":2,"item_purchase_floors":[2,2,22,22,22],"current_hp_per_floor":[65,65,63,63,50,50,50,46,46,35,35,32,32,32,53,51,70,38,38,34,8,8,29,24,0,0],"gold":19,"neow_bonus":"HUNDRED_GOLD","is_daily":false,"chose_seed":false,"campfire_upgraded":2,"win_rate":0.0,"timestamp":1614363927,"path_taken":["M","$","M","M","M","R","?","M","T","?","?","?","R","M","R","BOSS","M","?","?","M","?","R","M","E"],"items_purchased_type":["Card","Card","Card","Relic","Card"],"build_version":"2020-12-22","purchased_purges":2,"victory":false,"max_hp_per_floor":[70,70,70,70,70,70,70,70,70,70,70,70,70,70,70,70,70,70,70,70,70,70,70,70,70,70],"card_choices":[{"not_picked":["Flying Knee","Prepared"],"picked":"Acrobatics","floor":1.0},{"not_picked":["Quick Slash","Endless Agony"],"picked":"Deflect","floor":3.0},{"not_picked":["Flying Knee","Deflect"],"picked":"Underhanded Strike","floor":4.0},{"not_picked":["Dagger Spray","Dagger Throw"],"picked":"Cloak And Dagger","floor":5},{"not_picked":["Quick Slash","Underhanded Strike","Slice"],"picked":"SKIP","floor":8},{"not_picked":["Flechettes","Acrobatics"],"picked":"Adrenaline","floor":12},{"not_picked":["Expertise","Backflip"],"picked":"Prepared","floor":14},{"not_picked":["Unload","Storm of Steel"],"picked":"Night Terror","floor":16},{"not_picked":["All Out Attack","Deflect"],"picked":"Crippling Poison","floor":18},{"not_picked":["Sucker Punch","Poisoned Stab"],"picked":"Outmaneuver+1","floor":20},{"not_picked":["Deflect","Outmaneuver","Flying Knee"],"picked":"SKIP","floor":21},{"not_picked":["Outmaneuver","Underhanded Strike+1"],"picked":"PiercingWail","floor":22},{"not_picked":["Envenom","Night Terror"],"picked":"Accuracy+1","floor":22},{"not_picked":["PiercingWail","Dagger Spray+1"],"picked":"Envenom","floor":22},{"not_picked":["Dodge and Roll","Crippling Poison"],"picked":"Leg Sweep","floor":22},{"not_picked":["Escape Plan","Poisoned Stab"],"picked":"Eviscerate+1","floor":24}],"player_experience":257793,"relics_obtained":[{"floor":9,"key":"Boot"}],"event_choices":[{"damage_healed":0,"gold_gain":0,"player_choice":"Searched \u00271\u0027 times","damage_taken":0,"max_hp_gain":0,"max_hp_loss":0,"event_name":"Dead Adventurer","floor":7,"gold_loss":0},{"damage_healed":0,"gold_gain":75,"player_choice":"Gather Gold","damage_taken":11,"max_hp_gain":0,"max_hp_loss":0,"event_name":"World of Goop","floor":10,"gold_loss":0},{"damage_healed":0,"gold_gain":0,"player_choice":"Gave Potion","damage_taken":0,"relics_obtained":["War Paint"],"max_hp_gain":0,"max_hp_loss":0,"event_name":"WeMeetAgain","floor":11,"gold_loss":0},{"damage_healed":0,"gold_gain":100,"player_choice":"Bet on Murderer","damage_taken":0,"max_hp_gain":0,"max_hp_loss":0,"event_name":"The Joust","floor":19,"gold_loss":50}],"is_beta":false,"boss_relics":[{"not_picked":["Velvet Choker","Busted Crown"],"picked":"Philosopher\u0027s Stone"}],"items_purged_floors":[2,22],"is_endless":false,"potions_floor_spawned":[3,8,12,20],"killed_by":"Gremlin Leader","ascension_level":1}}