{"host":"75labscqqrd170u0","time":1614310104,"event":{"mods":["BaseMod","Minty Spire (QoL Compilation)","Replay The Spire","StSLib"],"gold_per_floor":[109,284,302,322,322,322,335,365,365],"floor_reached":8,"language":"ENG","playtime":366,"items_purged":[],"score":58,"play_id":"09fb8df1-ac9c-404c-81f8-1851feec025f","local_time":"20210225222824","is_ascension_mode":false,"campfire_choices":[{"data":"ReplayTheSpireMod:Calculation Training","floor":6,"key":"SMITH"}],"circlet_count":0,"master_deck":["Strike_B","Strike_B","Strike_B","Strike_B","Defend_B","Defend_B","Defend_B","Defend_B","Zap","Dualcast","CurseOfTheBell","ReplayTheSpireMod:Calculation Training+1","Doubt","Hologram","All For One","Hologram"],"relics":["Calling Bell","Bag of Marbles","Shuriken","Thread and Needle","Vajra","Replay:Bottled Flurry"],"acts_visited":["Exordium"],"potions_floor_usage":[],"damage_taken":[{"damage":1,"enemies":"Small Slimes","floor":1,"turns":4},{"damage":2,"enemies":"Jaw Worm","floor":3,"turns":5},{"damage":7,"enemies":"2 Louse","floor":4,"turns":3},{"damage":1,"enemies":"Looter","floor":7,"turns":4},{"damage":36,"enemies":"Lagavulin","floor":8,"turns":7}],"seed_played":"-1443702443080320159","potions_obtained":[{"floor":3,"key":"Swift Potion"},{"floor":7,"key":"Reflective Coating"}],"is_trial":false,"path_per_floor":["M","?","M","M","?","R","M","E"],"character_chosen":"DEFECT","items_purchased":[],"campfire_rested":0,"item_purchase_floors":[],"current_hp_per_floor":[74,74,72,65,53,53,52,16,16],"gold":365,"neow_bonus":"BOSS_RELIC","is_daily":false,"chose_seed":false,"campfire_upgraded":1,"win_rate":0.0,"timestamp":1614310104,"path_taken":["M","?","M","M","?","R","M","E"],"items_purchased_type":[],"build_version":"2020-12-13","purchased_purges":0,"victory":false,"max_hp_per_floor":[75,75,75,75,75,75,75,75,75],"card_choices":[{"not_picked":["Leap","ReplayTheSpireMod:Reroute Power"],"picked":"ReplayTheSpireMod:Calculation Training","floor":1},{"not_picked":["Reinforced Body","Leap","Conserve Battery"],"picked":"SKIP","floor":3},{"not_picked":["Conserve Battery","Streamline"],"picked":"Hologram","floor":4},{"not_picked":["Ball Lightning","ReplaySort"],"picked":"All For One","floor":7},{"not_picked":["Loop","Beam Cell"],"picked":"Hologram","floor":8}],"player_experience":109259,"relics_obtained":[{"floor":0,"key":"Bag of Marbles"},{"floor":0,"key":"Shuriken"},{"floor":0,"key":"Thread and Needle"},{"floor":8,"key":"Replay:Bottled Flurry"}],"event_choices":[{"damage_healed":0,"gold_gain":175,"player_choice":"AGREE","damage_taken":0,"max_hp_gain":0,"max_hp_loss":0,"event_name":"Liars Game","floor":2,"gold_loss":0,"cards_obtained":["Doubt"]},{"damage_healed":0,"gold_gain":0,"player_choice":"Success","damage_taken":12,"relics_obtained":["Vajra"],"max_hp_gain":0,"max_hp_loss":0,"event_name":"Scrap Ooze","floor":5,"gold_loss":0}],"is_beta":false,"boss_relics":[],"items_purged_floors":[],"is_endless":false,"potions_floor_spawned":[3,7],"killed_by":"Lagavulin","ascension_level":0}}