{"host":"nihqlga4zpmrcpl9","time":1614343960,"event":{"mods":["BaseMod","LagranYue(拉格朗・月)","Marisa（F雨　魔理沙）","Minty Spire (QoL Compilation)","Replay The Spire","Shop Mod","StSLib","The Bug Knight","The Cursed","The Hierophant","The Servant 0.9.4"],"gold_per_floor":[112,132,132,147,164,164,179,179,179],"floor_reached":8,"language":"ZHS","playtime":303,"items_purged":[],"score":63,"play_id":"64dab9e2-8de5-4229-8113-1c06d8816ef9","local_time":"20210226205240","is_ascension_mode":true,"campfire_choices":[{"data":"Noxious Fumes","floor":6,"key":"SMITH"}],"circlet_count":0,"master_deck":["Strike_G","Strike_G","Strike_G","Strike_G","Strike_G","Defend_G","Defend_G","Defend_G","Defend_G","Defend_G","Survivor","Neutralize","Deadly Poison","Noxious Fumes+1","Replay:Poison Smokescreen","Bane","Dash"],"relics":["Ring of the Snake","LagranYue:RandomDrawCardRelic","LagranYue:GuidanceLightRelic"],"acts_visited":["Exordium"],"potions_floor_usage":[],"damage_taken":[{"damage":0,"enemies":"2 Louse","floor":1,"turns":3},{"damage":1,"enemies":"Cultist","floor":2,"turns":4},{"damage":2,"enemies":"Small Slimes","floor":4,"turns":5},{"damage":17,"enemies":"3 Louse","floor":5,"turns":4},{"damage":35,"enemies":"Gremlin Gang","floor":7,"turns":4},{"damage":22,"enemies":"3 Sentries","floor":8,"turns":3}],"seed_played":"-3530167604491528107","potions_obtained":[{"floor":1,"key":"Strength Potion"},{"floor":7,"key":"Block Potion"}],"is_trial":false,"path_per_floor":["M","M","?","M","M","R","M","E"],"character_chosen":"THE_SILENT","items_purchased":[],"campfire_rested":0,"item_purchase_floors":[],"current_hp_per_floor":[70,69,69,67,50,50,15,0,0],"gold":179,"neow_bonus":"THREE_CARDS","is_daily":false,"chose_seed":false,"campfire_upgraded":1,"win_rate":0.0,"timestamp":1614343960,"path_taken":["M","M","?","M","M","R","M","E"],"items_purchased_type":[],"build_version":"2020-12-22","purchased_purges":0,"victory":false,"max_hp_per_floor":[70,70,70,70,70,70,70,70,70],"card_choices":[{"not_picked":["Infinite Blades","Quick Slash"],"picked":"Deadly Poison","floor":0},{"not_picked":["ReplayTheSpireMod:Tripwire","Bane"],"picked":"Noxious Fumes","floor":1},{"not_picked":["Quick Slash","Flying Knee"],"picked":"Replay:Poison Smokescreen","floor":2},{"not_picked":["Expertise","Slice"],"picked":"Bane","floor":4},{"not_picked":["Infinite Blades","Choke","Cloak And Dagger"],"picked":"SKIP","floor":5},{"not_picked":["Outmaneuver","Deadly Poison"],"picked":"Dash","floor":7}],"player_experience":845772,"relics_obtained":[],"event_choices":[{"damage_healed":0,"gold_gain":0,"player_choice":"Gave Potion","damage_taken":0,"relics_obtained":["LagranYue:GuidanceLightRelic"],"max_hp_gain":0,"max_hp_loss":0,"event_name":"WeMeetAgain","floor":3,"gold_loss":0}],"is_beta":false,"boss_relics":[],"items_purged_floors":[],"is_endless":false,"potions_floor_spawned":[1,7],"killed_by":"3 Sentries","ascension_level":5}}