{"host":"5vxoi0a3x57fg5l4","time":1614334941,"event":{"mods":["Act Like it!","BaseMod","Better Third Choice","Colored Map","GifTheSpireLib","Hallownest","Highlight Path","Minty Spire (QoL Compilation)","Permanent Neow","Quick Restart","Relic Sorter","Relic Stats","StSLib","The Bug Knight","UnlockEverythingMod"],"gold_per_floor":[361,243,243,263,35,64,64,75,98,28,38,38,54,54,54,54,54],"floor_reached":16,"language":"ENG","playtime":1891,"items_purged":[],"score":100,"play_id":"ce476c42-4024-4d42-aa29-301d34f1b24b","local_time":"20210226072221","is_ascension_mode":false,"campfire_choices":[{"data":"HollowMod:MonarchWings","floor":7.0,"key":"SMITH"},{"floor":12.0,"key":"REST"},{"data":"HollowMod:MawleksShell","floor":15.0,"key":"SMITH"}],"circlet_count":0,"master_deck":["HollowMod:NailStrikeStart","HollowMod:NailStrikeStart","HollowMod:NailStrikeStart","HollowMod:QuickDashStart","HollowMod:QuickDashStart","HollowMod:QuickDashStart","HollowMod:QuickDashStart","HollowMod:FocusHealStart","HollowMod:PogoStrike","HollowMod:MonarchWings+1","HollowMod:HornetsHelp","HollowMod:CloakDash","HollowMod:InfectedAttack","HollowMod:NewInfectedGuardian","HollowMod:DoubleDash","HollowMod:MawleksShell+1","HollowMod:SoulSplash","HollowMod:MonarchWings","HollowMod:MidwifesHunger"],"relics":["HollowMod:VesselMask","Hallownest:StagBellRelic1","Hallownest:DreamNailRelic","Strange Spoon","Bag of Preparation","HollowMod:KingsBrand"],"acts_visited":["Hallownest:Greenpath"],"potions_floor_usage":[],"damage_taken":[{"damage":9.0,"enemies":"Hallownest:2_Tiktiks_and_1_Crawlid","floor":1.0,"turns":3.0},{"damage":2.0,"enemies":"Hallownest:2_Baldur","floor":4.0,"turns":4.0},{"damage":24.0,"enemies":"Hallownest:eliteVengeflyKing","floor":6.0,"turns":6.0},{"damage":0.0,"enemies":"Hallownest:2_MossCreeps","floor":8.0,"turns":5.0},{"damage":29.0,"enemies":"Hallownest:MossCreep_and_Mosskin","floor":11.0,"turns":7.0},{"damage":0.0,"enemies":"Hallownest:Guard_and_Warrior","floor":13.0,"turns":9.0},{"damage":67,"enemies":"Hallownest:BossHornet","floor":16,"turns":11}],"seed_played":"3352296259188946416","potions_obtained":[{"floor":1.0,"key":"Fire Potion"}],"is_trial":false,"path_per_floor":["M","$","?","M","$","E","R","M","T","?","M","R","M","?","R","B"],"character_chosen":"THE_BUGKNIGHT","items_purchased":["HollowMod:HornetsHelp","HollowMod:CloakDash","Strange Spoon","HollowMod:NewInfectedGuardian"],"campfire_rested":1,"item_purchase_floors":[2,2,5,5],"current_hp_per_floor":[51,51,51,49,49,25,25,31,31,31,2,24,30,30,30,0,0],"gold":54,"neow_bonus":"TWO_FIFTY_GOLD","is_daily":false,"chose_seed":false,"campfire_upgraded":2,"win_rate":0.0,"timestamp":1614334941,"path_taken":["M","$","?","M","$","E","R","M","T","?","M","R","?","?","R","BOSS"],"items_purchased_type":["Card","Card","Relic","Card"],"build_version":"2020-12-22","purchased_purges":0,"victory":false,"max_hp_per_floor":[75,75,75,75,75,75,75,75,75,75,75,75,75,75,75,75,75],"relic_stats":{"Strange Spoon":[13],"counters":[7,45],"Bag of Preparation":[8],"obtain_stats":[{"Strange Spoon":5,"Hallownest:StagBellRelic1":10,"HollowMod:VesselMask":0,"Hallownest:DreamNailRelic":3,"Bag of Preparation":6,"HollowMod:KingsBrand":9},{"Strange Spoon":2,"Hallownest:StagBellRelic1":4,"HollowMod:VesselMask":0,"Hallownest:DreamNailRelic":1,"Bag of Preparation":3,"HollowMod:KingsBrand":4},{"Strange Spoon":7,"Hallownest:StagBellRelic1":18,"HollowMod:VesselMask":0,"Hallownest:DreamNailRelic":3,"Bag of Preparation":13,"HollowMod:KingsBrand":18}]},"card_choices":[{"not_picked":["HollowMod:VengefulSpirit","HollowMod:CloakDash"],"picked":"HollowMod:MonarchWings","floor":1.0},{"not_picked":["HollowMod:ShapeofUnn","HollowMod:CornifersMapStart"],"picked":"HollowMod:InfectedAttack","floor":4.0},{"not_picked":["HollowMod:SoulVessel","HollowMod:SiblingsShadow"],"picked":"HollowMod:DoubleDash","floor":6.0},{"not_picked":["HollowMod:CornifersMapStart","HollowMod:DescendingDark"],"picked":"HollowMod:MawleksShell","floor":8.0},{"not_picked":["HollowMod:SharpenedNail","HollowMod:WraithStrike"],"picked":"HollowMod:SoulSplash","floor":11.0},{"not_picked":["HollowMod:SoulStrike","HollowMod:DreamGate"],"picked":"HollowMod:MonarchWings","floor":13.0}],"player_experience":27808,"relics_obtained":[{"floor":6.0,"key":"Bag of Preparation"},{"floor":9.0,"key":"HollowMod:KingsBrand"}],"event_choices":[],"is_beta":false,"boss_relics":[],"items_purged_floors":[],"is_endless":false,"potions_floor_spawned":[1],"killed_by":"Hallownest:BossHornet","ascension_level":0}}