{"host":"Garrett","time":1614301646,"event":{"mods":["AchievementEnabler","BaseMod","Hubris","Minty Spire (QoL Compilation)","Permanent Neow","Replay The Spire","StSLib","The Disciple","The Mystic"],"gold_per_floor":[116,133,133,153,72,172,191,266,293,312,330,330,330,349,349,451,451,468,468,523,541,395,395,412,412,412],"floor_reached":25,"language":"ENG","playtime":1207,"items_purged":["Strike_R"],"score":195,"play_id":"f8ba90e8-7798-4887-9480-277b9e7f016b","local_time":"20210225190726","is_ascension_mode":false,"campfire_choices":[{"data":"Armaments","floor":12,"key":"SMITH"},{"data":"ReplayTheSpireMod:Limb From Limb","floor":23,"key":"SMITH"}],"circlet_count":0,"master_deck":["Strike_R","Strike_R","Strike_R","Strike_R","Defend_R","Defend_R","Defend_R","Defend_R","Bash","Reckless Charge","Armaments+1","Evolve","Metallicize","Wild Strike","Wild Strike+1","Second Wind","ReplayTheSpireMod:Limb From Limb+1","Thunderclap"],"relics":["ChewingGum"],"acts_visited":["Exordium","TheCity"],"potions_floor_usage":[16,16,21,24],"damage_taken":[{"damage":2,"enemies":"2 Louse","floor":1,"turns":3},{"damage":2,"enemies":"Jaw Worm","floor":2,"turns":3},{"damage":0,"enemies":"Cultist","floor":4,"turns":3},{"damage":7,"enemies":"Large Slime","floor":7,"turns":7},{"damage":12,"enemies":"2 Fungi Beasts","floor":10,"turns":4},{"damage":2,"enemies":"Looter","floor":11,"turns":3},{"damage":3,"enemies":"Exordium Wildlife","floor":14,"turns":4},{"damage":36,"enemies":"Hexaghost","floor":16,"turns":8},{"damage":15,"enemies":"3 Byrds","floor":18,"turns":6},{"damage":24,"enemies":"Shell Parasite","floor":21,"turns":6},{"damage":12,"enemies":"Snake Plant","floor":24,"turns":2},{"damage":29,"enemies":"Gremlin Leader","floor":25,"turns":6}],"seed_played":"-2336968635207195832","potions_obtained":[{"floor":2,"key":"Doom Potion"},{"floor":7,"key":"Strength Potion"},{"floor":14,"key":"Elixir"},{"floor":18,"key":"DuplicationPotion"},{"floor":20,"key":"FearPotion"},{"floor":21,"key":"Fire Potion"}],"is_trial":false,"path_per_floor":["M","M","?","M","$","?","M","?","T","M","M","R","?","M","R","B",null,"M","?","?","M","$","R","M","E"],"character_chosen":"IRONCLAD","items_purchased":["Evolve","ReplayTheSpireMod:Limb From Limb"],"campfire_rested":0,"item_purchase_floors":[5,22],"current_hp_per_floor":[78,76,76,76,76,76,69,58,58,46,44,44,44,41,65,29,80,65,65,65,41,41,41,29,0,0],"gold":412,"neow_bonus":"BOSS_RELIC","is_daily":false,"chose_seed":false,"campfire_upgraded":2,"win_rate":0.0,"timestamp":1614301646,"path_taken":["M","M","?","M","$","?","?","?","T","M","M","R","?","M","R","BOSS","M","?","?","M","$","R","M","E"],"items_purchased_type":["Card","Card"],"build_version":"2020-12-18","purchased_purges":1,"victory":false,"max_hp_per_floor":[80,80,80,80,80,80,80,80,80,80,80,80,80,80,80,80,80,80,80,80,80,80,80,80,80,80],"card_choices":[{"not_picked":["Wild Strike","Shrug It Off"],"picked":"Reckless Charge","floor":1},{"not_picked":["Sentinel","Clothesline","Pummel"],"picked":"SKIP","floor":2},{"not_picked":["Anger","Heavy Blade"],"picked":"Armaments","floor":4},{"not_picked":["Flex","Run Through","Clothesline"],"picked":"SKIP","floor":7},{"not_picked":["Heavy Blade","ReplayReversal"],"picked":"Metallicize","floor":10},{"not_picked":["Clothesline","Corruption"],"picked":"Wild Strike","floor":11},{"not_picked":["Anger","Iron Wave"],"picked":"Second Wind","floor":14},{"not_picked":["Warcry+1","Body Slam","Havoc"],"picked":"SKIP","floor":18},{"not_picked":["Perfected Strike","Clash","Armaments+1"],"picked":"SKIP","floor":21},{"not_picked":["Ghostly Armor","Clash"],"picked":"Thunderclap","floor":24}],"player_experience":817884,"relics_obtained":[],"event_choices":[{"damage_healed":0,"gold_gain":0,"player_choice":"Ignored","damage_taken":0,"max_hp_gain":0,"max_hp_loss":0,"event_name":"Golden Idol","floor":3,"gold_loss":0},{"damage_healed":0,"gold_gain":100,"player_choice":"Pray","damage_taken":0,"max_hp_gain":0,"max_hp_loss":0,"event_name":"Golden Shrine","floor":6,"gold_loss":0},{"damage_healed":0,"gold_gain":75,"player_choice":"Gather Gold","damage_taken":11,"max_hp_gain":0,"max_hp_loss":0,"event_name":"World of Goop","floor":8,"gold_loss":0},{"damage_healed":0,"gold_gain":0,"player_choice":"Ignored","damage_taken":0,"max_hp_gain":0,"max_hp_loss":0,"event_name":"Cursed Tome","floor":19,"gold_loss":0}],"is_beta":true,"boss_relics":[{"not_picked":["hubris:ScarierMask","Velvet Choker","Sozu"]}],"items_purged_floors":[22],"is_endless":false,"potions_floor_spawned":[2,7,14,18,21],"killed_by":"Gremlin Leader","ascension_level":0}}