{"host":"61y0z9o9vf3ujftj","time":1614321164,"event":{"mods":["BaseMod","Colored Map","Colored Powertips","GifTheSpireLib","HexUI Lib","Highlight Path","Minty Spire (QoL Compilation)","Permanent Neow","Relic Stats","StSLib","ojb\u0027s Info Mod"],"gold_per_floor":[116,61,74,85,98,123,123,135,135,166,166,196,196,196,196,196,196],"floor_reached":16,"language":"ENG","playtime":859,"items_purged":[],"score":234,"play_id":"9ebc26dd-9e51-43e0-8806-fc57e5ee3de8","local_time":"20210226003244","is_ascension_mode":true,"campfire_choices":[{"data":"Bash","floor":7.0,"key":"SMITH"},{"data":"Reaper","floor":11.0,"key":"SMITH"},{"floor":13.0,"key":"REST"},{"data":"Pommel Strike","floor":15.0,"key":"SMITH"}],"circlet_count":0,"master_deck":["AscendersBane","Strike_R","Strike_R","Strike_R","Strike_R","Strike_R","Defend_R","Defend_R","Defend_R","Defend_R","Bash+1","Cleave","Shrug It Off","Headbutt","Shrug It Off","Shrug It Off","Sword Boomerang","Pommel Strike+1","Reaper+1","Seeing Red"],"relics":["Burning Blood","Bronze Scales","Omamori","Gremlin Horn","Kunai","White Beast Statue","Golden Idol"],"acts_visited":["Exordium"],"potions_floor_usage":[16],"damage_taken":[{"damage":1.0,"enemies":"Cultist","floor":1.0,"turns":3.0},{"damage":6.0,"enemies":"Jaw Worm","floor":3.0,"turns":4.0},{"damage":8.0,"enemies":"2 Louse","floor":4.0,"turns":2.0},{"damage":6.0,"enemies":"Large Slime","floor":5.0,"turns":5.0},{"damage":3.0,"enemies":"Gremlin Nob","floor":6.0,"turns":3.0},{"damage":7.0,"enemies":"Lots of Slimes","floor":8.0,"turns":2.0},{"damage":30.0,"enemies":"3 Sentries","floor":10.0,"turns":9.0},{"damage":51.0,"enemies":"Gremlin Nob","floor":12.0,"turns":5.0},{"damage":42,"enemies":"Slime Boss","floor":16,"turns":7}],"seed_played":"5149824420243180755","potions_obtained":[{"floor":1.0,"key":"AttackPotion"},{"floor":4.0,"key":"LiquidMemories"},{"floor":5.0,"key":"SkillPotion"},{"floor":6.0,"key":"DistilledChaos"},{"floor":12.0,"key":"Strength Potion"}],"is_trial":false,"path_per_floor":["M","$","M","M","M","E","R","M","T","E","R","E","R","?","R","B"],"character_chosen":"IRONCLAD","items_purchased":["Shrug It Off"],"campfire_rested":1,"item_purchase_floors":[2],"current_hp_per_floor":[73,73,73,71,71,74,74,73,73,49,49,9,31,31,31,0,0],"gold":196,"neow_bonus":"RANDOM_COMMON_RELIC","is_daily":false,"chose_seed":false,"campfire_upgraded":3,"win_rate":0.0,"timestamp":1614321164,"path_taken":["M","?","M","M","M","E","R","M","T","E","R","E","R","?","R","BOSS"],"items_purchased_type":["Card"],"build_version":"2020-12-22","purchased_purges":0,"victory":false,"max_hp_per_floor":[75,75,75,75,75,75,75,75,75,75,75,75,75,68,68,68,68],"relic_stats":{"Gremlin Horn":[2,2],"counters":[9,40],"Golden Idol":0,"Bronze Scales":[76],"Kunai":[2],"obtain_stats":[{"Gremlin Horn":9,"Golden Idol":14,"Bronze Scales":0,"Omamori":6,"Kunai":10,"Burning Blood":0,"White Beast Statue":12},{"Gremlin Horn":6,"Golden Idol":8,"Bronze Scales":0,"Omamori":5,"Kunai":7,"Burning Blood":0,"White Beast Statue":8},{"Gremlin Horn":19,"Golden Idol":33,"Bronze Scales":0,"Omamori":17,"Kunai":28,"Burning Blood":0,"White Beast Statue":33}],"Burning Blood":48},"card_choices":[{"not_picked":["Rampage","Power Through"],"picked":"Cleave","floor":1.0},{"not_picked":["Havoc","True Grit"],"picked":"Headbutt","floor":3.0},{"not_picked":["Twin Strike","Fire Breathing"],"picked":"Shrug It Off","floor":4.0},{"not_picked":["Intimidate","Heavy Blade"],"picked":"Shrug It Off","floor":5.0},{"not_picked":["Sentinel","Evolve"],"picked":"Sword Boomerang","floor":6.0},{"not_picked":["Body Slam","Dark Embrace"],"picked":"Pommel Strike","floor":8.0},{"not_picked":["Wild Strike","Dark Embrace"],"picked":"Reaper","floor":10.0},{"not_picked":["True Grit","Headbutt"],"picked":"Seeing Red","floor":12.0}],"player_experience":571991,"relics_obtained":[{"floor":6.0,"key":"Omamori"},{"floor":9.0,"key":"Gremlin Horn"},{"floor":10.0,"key":"Kunai"},{"floor":12.0,"key":"White Beast Statue"}],"event_choices":[{"damage_healed":0.0,"max_hp_gain":0.0,"max_hp_loss":7.0,"gold_gain":0.0,"event_name":"Golden Idol","player_choice":"Lose Max HP","floor":14.0,"gold_loss":0.0,"damage_taken":0.0,"relics_obtained":["Golden Idol"]}],"is_beta":false,"boss_relics":[],"items_purged_floors":[],"is_endless":false,"potions_floor_spawned":[1,4,5,6,12],"killed_by":"Slime Boss","ascension_level":19}}