{"host":"m1hrbr0uwda4cktq","time":1614301875,"event":{"mods":["AchievementEnabler","BaseMod","Better Match","BetterRewards","Colored Map","Highlight Path","Minty Spire (QoL Compilation)","Quick Restart","Relic Stats","Shop Mod","StSLib","SuperFastMode","The Bug Knight"],"gold_per_floor":[118,133,151,162,178,210,227,227,227],"floor_reached":8,"language":"ENG","playtime":691,"items_purged":[],"score":81,"play_id":"5c3b701e-595b-4af9-b2f4-8a001fb9a5ab","local_time":"20210225221115","is_ascension_mode":true,"campfire_choices":[],"circlet_count":0,"master_deck":["Strike_B","Strike_B","Strike_B","Strike_B","Defend_B","Defend_B","Defend_B","Defend_B","Zap","Dualcast","Defragment","Doom and Gloom","Conserve Battery","Barrage","Cold Snap","Defragment","Cold Snap","Ball Lightning","Compile Driver"],"relics":["Cracked Core","Boot","Matryoshka","Lantern"],"acts_visited":["Exordium"],"potions_floor_usage":[6,6,8],"damage_taken":[{"damage":1,"enemies":"Cultist","floor":1,"turns":3},{"damage":3,"enemies":"Small Slimes","floor":2,"turns":2},{"damage":12,"enemies":"Jaw Worm","floor":3,"turns":3},{"damage":13,"enemies":"3 Louse","floor":4,"turns":3},{"damage":11,"enemies":"Exordium Wildlife","floor":5,"turns":3},{"damage":25,"enemies":"3 Sentries","floor":6,"turns":5},{"damage":1,"enemies":"Looter","floor":7,"turns":2},{"damage":21,"enemies":"Lagavulin","floor":8,"turns":4}],"seed_played":"-4589001514933380982","potions_obtained":[{"floor":1,"key":"LiquidBronze"},{"floor":2,"key":"Regen Potion"},{"floor":4,"key":"SmokeBomb"},{"floor":7,"key":"Fire Potion"}],"is_trial":false,"path_per_floor":["M","M","M","M","M","E","M","E"],"character_chosen":"DEFECT","items_purchased":["Boot","Matryoshka","Defragment","Doom and Gloom"],"campfire_rested":0,"item_purchase_floors":[0,0,0,0],"current_hp_per_floor":[67,64,52,39,28,17,16,0,0],"gold":227,"neow_bonus":"","is_daily":false,"chose_seed":false,"campfire_upgraded":0,"win_rate":0.0,"timestamp":1614301875,"path_taken":["M","M","?","M","M","E","M","E"],"items_purchased_type":["Relic","Relic","Card","Card"],"build_version":"2020-12-22","purchased_purges":0,"victory":false,"max_hp_per_floor":[75,75,75,75,75,75,75,75,75],"relic_stats":{"counters":[125,608],"Boot":[16],"obtain_stats":[{"Gremlin Horn":27,"Vajra":24,"Runic Capacitor":0,"Ginger":0,"HollowMod:StagPassRelic":7,"Boot":43,"Sling":0,"Blood Vial":0,"HornCleat":24,"Strawberry":43,"Philosopher\u0027s Stone":17,"HandDrill":0,"Kunai":11,"HollowMod:PaleOreRelic":0,"Pear":47,"Happy Flower":0,"Astrolabe":34,"Oddly Smooth Stone":28,"Letter Opener":27,"OrangePellets":0,"Bottled Flame":27,"Shuriken":41,"Bronze Scales":28,"Molten Egg 2":12,"Pandora\u0027s Box":17,"Black Star":34,"Symbiotic Virus":48,"Unceasing Top":25,"Meat on the Bone":6,"Pocketwatch":24,"Darkstone Periapt":9,"Lantern":0,"Regal Pillow":26,"Singing Bowl":26,"Torii":0,"Mango":46,"Bag of Preparation":10,"Juzu Bracelet":0,"Incense Burner":0,"Smiling Mask":40,"Nunchaku":29,"Matryoshka":0,"Mummified Hand":14,"WingedGreaves":0,"Red Mask":39,"Cracked Core":0,"InkBottle":8,"Runic Pyramid":17,"Thread and Needle":45,"The Courier":44,"PreservedInsect":0,"Omamori":48,"Frozen Egg 2":22,"Orichalcum":6,"White Beast Statue":10,"Nuclear Battery":17,"Peace Pipe":6,"DataDisk":14,"CaptainsWheel":0,"Ornamental Fan":0,"Bag of Marbles":11,"TungstenRod":0,"Toy Ornithopter":26},{"Gremlin Horn":52,"Vajra":93,"Runic Capacitor":80,"Ginger":6,"HollowMod:StagPassRelic":12,"Boot":28,"Sling":66,"Blood Vial":0,"HornCleat":50,"Strawberry":62,"Philosopher\u0027s Stone":90,"HandDrill":66,"Kunai":41,"HollowMod:PaleOreRelic":66,"Pear":30,"Happy Flower":6,"Astrolabe":24,"Oddly Smooth Stone":95,"Letter Opener":20,"OrangePellets":32,"Bottled Flame":95,"Shuriken":28,"Bronze Scales":52,"Molten Egg 2":14,"Pandora\u0027s Box":45,"Black Star":97,"Symbiotic Virus":31,"Unceasing Top":51,"Meat on the Bone":5,"Pocketwatch":19,"Darkstone Periapt":13,"Lantern":6,"Regal Pillow":51,"Singing Bowl":19,"Torii":66,"Mango":30,"Bag of Preparation":40,"Juzu Bracelet":66,"Incense Burner":66,"Smiling Mask":60,"Nunchaku":95,"Matryoshka":117,"Mummified Hand":44,"WingedGreaves":66,"Red Mask":27,"Cracked Core":0,"InkBottle":71,"Runic Pyramid":76,"Thread and Needle":64,"The Courier":29,"PreservedInsect":80,"Omamori":65,"Frozen Egg 2":18,"Orichalcum":70,"White Beast Statue":72,"Nuclear Battery":16,"Peace Pipe":38,"DataDisk":15,"CaptainsWheel":66,"Ornamental Fan":66,"Bag of Marbles":13,"TungstenRod":0,"Toy Ornithopter":94},{"Gremlin Horn":262,"Vajra":463,"Runic Capacitor":408,"Ginger":25,"HollowMod:StagPassRelic":49,"Boot":155,"Sling":334,"Blood Vial":0,"HornCleat":253,"Strawberry":310,"Philosopher\u0027s Stone":451,"HandDrill":334,"Kunai":217,"HollowMod:PaleOreRelic":334,"Pear":171,"Happy Flower":25,"Astrolabe":131,"Oddly Smooth Stone":473,"Letter Opener":101,"OrangePellets":184,"Bottled Flame":473,"Shuriken":155,"Bronze Scales":262,"Molten Egg 2":59,"Pandora\u0027s Box":232,"Black Star":488,"Symbiotic Virus":176,"Unceasing Top":256,"Meat on the Bone":20,"Pocketwatch":92,"Darkstone Periapt":53,"Lantern":25,"Regal Pillow":256,"Singing Bowl":92,"Torii":334,"Mango":171,"Bag of Preparation":213,"Juzu Bracelet":334,"Incense Burner":334,"Smiling Mask":302,"Nunchaku":473,"Matryoshka":583,"Mummified Hand":227,"WingedGreaves":334,"Red Mask":147,"Cracked Core":0,"InkBottle":358,"Runic Pyramid":388,"Thread and Needle":322,"The Courier":166,"PreservedInsect":408,"Omamori":325,"Frozen Egg 2":84,"Orichalcum":350,"White Beast Statue":366,"Nuclear Battery":75,"Peace Pipe":205,"DataDisk":65,"CaptainsWheel":334,"Ornamental Fan":334,"Bag of Marbles":53,"TungstenRod":0,"Toy Ornithopter":470}]},"card_choices":[{"not_picked":["Reprogram","Barrage"],"picked":"Conserve Battery","floor":1},{"not_picked":["Sunder","Heatsinks"],"picked":"Barrage","floor":2},{"not_picked":["Redo","Aggregate"],"picked":"Cold Snap","floor":3},{"not_picked":["Stack","Beam Cell"],"picked":"Defragment","floor":4},{"not_picked":["Redo","Rebound"],"picked":"Cold Snap","floor":5},{"not_picked":["Blizzard","Gash"],"picked":"Ball Lightning","floor":6},{"not_picked":["Thunder Strike","Aggregate"],"picked":"Compile Driver","floor":7}],"player_experience":218124,"relics_obtained":[{"floor":6,"key":"Lantern"}],"event_choices":[],"is_beta":false,"boss_relics":[],"items_purged_floors":[],"is_endless":false,"potions_floor_spawned":[1,2,4,7],"killed_by":"Lagavulin","ascension_level":6}}