{"host":"kjehzzhcyp0nyrrl","time":1614336678,"event":{"mods":["100% Spire Juice","AchievementEnabler","BaseMod","Hermit","Keyboard Shortcuts","Koishi","Minty Spire (QoL Compilation)","StSLib","SuperFastMode","The Dragon Tamer","everything is the same but u backflip on backflip"],"gold_per_floor":[111,111,125,136,61,88,108,108,154,154,20,37,37,37,37],"floor_reached":14,"language":"KOR","playtime":331,"items_purged":["Koishi:BasicStrike","Koishi:BasicStrike"],"score":117,"play_id":"cef71c40-a4da-4db4-998e-67ea31c17f8a","local_time":"20210226195118","is_ascension_mode":true,"campfire_choices":[{"data":"Koishi:BramblyRoseGarden","floor":10,"key":"SMITH"}],"circlet_count":0,"master_deck":["Koishi:BasicStrike","Koishi:BasicStrike","Koishi:BasicDefend","Koishi:BasicDefend","Koishi:BasicDefend","Koishi:BasicDefend","Koishi:Provoke","Koishi:HauntingSlash","Koishi:MindStellarRelief","Koishi:BramblyRoseGarden","Koishi:DreadfulBlow","Koishi:BramblyRoseGarden+1","Koishi:YoukaiPolygraph","Koishi:StingingMind","Koishi:SpiritedAway","Koishi:TremblingHands"],"relics":["Koishi:ImaginaryFriend","CultistMask","Prayer Wheel","StoneCalendar"],"acts_visited":["Exordium"],"potions_floor_usage":[],"damage_taken":[{"damage":0.0,"enemies":"2 Louse","floor":1.0,"turns":2.0},{"damage":0.0,"enemies":"Cultist","floor":3.0,"turns":4.0},{"damage":0.0,"enemies":"Small Slimes","floor":4.0,"turns":4.0},{"damage":31.0,"enemies":"Gremlin Nob","floor":6.0,"turns":7.0},{"damage":10.0,"enemies":"Exordium Thugs","floor":7.0,"turns":4.0},{"damage":18,"enemies":"Lots of Slimes","floor":12,"turns":2},{"damage":12,"enemies":"3 Sentries","floor":14,"turns":2}],"seed_played":"8043886160660699234","potions_obtained":[{"floor":1.0,"key":"FearPotion"},{"floor":4.0,"key":"CultistPotion"}],"is_trial":false,"path_per_floor":["M","?","M","M","$","E","M","T","T","R","$","M","?","E"],"character_chosen":"KOISHI","items_purchased":["Koishi:TremblingHands"],"campfire_rested":0,"item_purchase_floors":[11],"current_hp_per_floor":[55,55,56,58,58,31,23,23,23,23,23,6,6,0,0],"gold":37,"neow_bonus":"ONE_RANDOM_RARE_CARD","is_daily":false,"chose_seed":false,"campfire_upgraded":1,"win_rate":0.0,"timestamp":1614336678,"path_taken":["M","?","M","M","$","E","M","?","T","R","$","M","?","E"],"items_purchased_type":["Card"],"build_version":"2020-12-22","purchased_purges":2,"victory":false,"max_hp_per_floor":[60,60,60,60,60,60,60,60,60,60,60,60,60,60,60],"card_choices":[{"not_picked":["Koishi:TraumaticStroke","Koishi:GhostParty"],"picked":"Koishi:BramblyRoseGarden","floor":1.0},{"not_picked":["Koishi:FreudianInstinct","Koishi:ReflexRadar"],"picked":"Koishi:DreadfulBlow","floor":3.0},{"not_picked":["Koishi:ReflexRadar","Koishi:HeartfeltFancy"],"picked":"Koishi:BramblyRoseGarden","floor":4.0},{"not_picked":["Koishi:DreadfulBlow","Koishi:SuperEgo"],"picked":"Koishi:YoukaiPolygraph","floor":6.0},{"not_picked":["Koishi:EmbryosDream","Koishi:UnconsciousUrges"],"picked":"Koishi:StingingMind","floor":7},{"not_picked":["Koishi:SprinkleStarAndHeart","Koishi:FidgetySnatcher"],"picked":"Koishi:SpiritedAway","floor":7},{"not_picked":["Koishi:UnconsciousUprising","Koishi:MindNumbingTerror","Koishi:ApparitionsStalkTheNight"],"picked":"SKIP","floor":12},{"not_picked":["Koishi:HeartAttack","Koishi:SpiritedAway","Koishi:CatchAndRose"],"picked":"SKIP","floor":12},{"not_picked":["Koishi:UnconsciousUprising","Koishi:MindNumbingTerror","Koishi:ApparitionsStalkTheNight"],"picked":"SKIP","floor":12},{"not_picked":["Koishi:HeartAttack","Koishi:SpiritedAway","Koishi:CatchAndRose"],"picked":"SKIP","floor":12}],"player_experience":398532,"relics_obtained":[{"floor":6.0,"key":"Prayer Wheel"},{"floor":8,"key":"StoneCalendar"}],"event_choices":[{"damage_healed":0.0,"max_hp_gain":0.0,"max_hp_loss":0.0,"gold_gain":0.0,"event_name":"FaceTrader","player_choice":"Trade","floor":2.0,"gold_loss":0.0,"damage_taken":0.0,"relics_obtained":["CultistMask"]},{"damage_healed":0,"gold_gain":0,"player_choice":"Ignored","damage_taken":0,"max_hp_gain":0,"max_hp_loss":0,"event_name":"Shining Light","floor":13,"gold_loss":0}],"is_beta":false,"boss_relics":[],"items_purged_floors":[5,11],"is_endless":false,"potions_floor_spawned":[1,4],"killed_by":"3 Sentries","ascension_level":6}}