{"host":"or8fr2mp0k3eluj8","time":1614341046,"event":{"mods":["AchievementEnabler","BaseMod","Colored Map","DeckTracker","Keyboard Shortcuts","Minty Spire (QoL Compilation)","StSLib","SuperFastMode","everything is the same but u backflip on backflip"],"gold_per_floor":[111,111,36,51,74,74,94,113,113,13,23,23,43,75,75,75,75],"floor_reached":16,"language":"KOR","playtime":358,"items_purged":["Strike_P","Defend_P"],"score":131,"play_id":"aef79b41-a63f-477a-87a8-2ace98a34bd2","local_time":"20210226210406","is_ascension_mode":true,"campfire_choices":[{"data":"Vigilance","floor":6,"key":"SMITH"},{"floor":15,"key":"REST"}],"circlet_count":0,"master_deck":["Strike_P","Strike_P","Strike_P","Defend_P","Defend_P","Eruption+1","Vigilance+1","Adaptation","CrushJoints"],"relics":["PureWater","Omamori","Odd Mushroom","Tiny Chest","Ginger"],"acts_visited":["Exordium"],"potions_floor_usage":[7,14,16,16],"damage_taken":[{"damage":0,"enemies":"2 Louse","floor":1,"turns":2},{"damage":1,"enemies":"Jaw Worm","floor":4,"turns":3},{"damage":8,"enemies":"The Mushroom Lair","floor":7,"turns":4},{"damage":2,"enemies":"Cultist","floor":8,"turns":4},{"damage":20,"enemies":"Exordium Wildlife","floor":11,"turns":3},{"damage":4,"enemies":"Red Slaver","floor":13,"turns":3},{"damage":0,"enemies":"Gremlin Nob","floor":14,"turns":2},{"damage":54,"enemies":"Slime Boss","floor":16,"turns":7}],"seed_played":"5220192336287091567","potions_obtained":[{"floor":4,"key":"StancePotion"},{"floor":11,"key":"Dexterity Potion"},{"floor":12,"key":"Block Potion"},{"floor":12,"key":"StancePotion"},{"floor":12,"key":"ColorlessPotion"},{"floor":13,"key":"Fire Potion"},{"floor":14,"key":"Dexterity Potion"}],"is_trial":false,"path_per_floor":["M","?","$","M","T","R","?","M","T","$","M","?","M","E","R","B"],"character_chosen":"WATCHER","items_purchased":[],"campfire_rested":1,"item_purchase_floors":[],"current_hp_per_floor":[72,65,65,64,64,64,56,54,54,54,34,34,30,30,51,0,0],"gold":75,"neow_bonus":"UPGRADE_CARD","is_daily":false,"chose_seed":false,"campfire_upgraded":1,"win_rate":0.0,"timestamp":1614341046,"path_taken":["M","?","$","M","?","R","?","M","T","$","M","?","M","E","R","BOSS"],"items_purchased_type":[],"build_version":"2020-12-22","purchased_purges":2,"victory":false,"max_hp_per_floor":[72,72,72,72,72,72,72,72,72,72,72,72,72,72,72,72,72],"card_choices":[{"not_picked":["Consecrate","Vengeance","ClearTheMind"],"picked":"SKIP","floor":1},{"not_picked":["EmptyFist","Protect","FollowUp"],"picked":"SKIP","floor":4},{"not_picked":["EmptyBody","Crescendo","WreathOfFlame"],"picked":"SKIP","floor":8},{"not_picked":["CrushJoints","SpiritShield"],"picked":"Adaptation","floor":11},{"not_picked":["ForeignInfluence","ClearTheMind"],"picked":"CrushJoints","floor":13},{"not_picked":["Swivel","FlyingSleeves","ForeignInfluence"],"picked":"SKIP","floor":14}],"player_experience":470206,"relics_obtained":[{"floor":5,"key":"Omamori"},{"floor":7,"key":"Odd Mushroom"},{"floor":9,"key":"Tiny Chest"},{"floor":14,"key":"Ginger"}],"event_choices":[{"cards_removed":["Defend_P"],"damage_healed":0,"gold_gain":0,"player_choice":"Card Removal","damage_taken":7,"max_hp_gain":0,"max_hp_loss":0,"event_name":"Golden Wing","floor":2,"gold_loss":0},{"damage_healed":0,"gold_gain":0,"player_choice":"Fought Mushrooms","damage_taken":0,"max_hp_gain":0,"max_hp_loss":0,"event_name":"Mushrooms","floor":7,"gold_loss":0},{"damage_healed":0,"gold_gain":0,"player_choice":"Got Potions","damage_taken":0,"max_hp_gain":0,"max_hp_loss":0,"event_name":"Lab","floor":12,"gold_loss":0}],"is_beta":false,"boss_relics":[],"items_purged_floors":[3,10],"is_endless":false,"potions_floor_spawned":[4,11,13,14],"killed_by":"Slime Boss","ascension_level":1}}