{"host":"zksvs3x2ysy9npnz","time":1614383041,"event":{"mods":["Aspiration","BaseMod","Beaked The Cultist","BetterRewards","Clockwork Mod","Colored Map","Conspire","Downfall","Halation","Highlight Path","Hubris","Infinite Spire","Jedi Mod","Magitek Elite","Minty Spire (QoL Compilation)","Permanent Neow","Quick Restart","Relic Stats","Shop Mod","StSLib","The Runesmith","The Witch"],"gold_per_floor":[116,116,116,136,211,240,240,251,319,319,344,344,377,394,394,477,477,501,515,567,592,633,668,668,705,705,705,718,718,734,757,757,853,853,871,871,3,21,21,21,21,41,95,95,115,146,421,448,448,456],"floor_reached":51,"language":"FRA","playtime":3338,"items_purged":["Strike_L","Strike_L"],"score":1318,"play_id":"ce624691-94ad-4cba-81a9-0d2f6efb614d","local_time":"20210227004401","is_ascension_mode":true,"campfire_choices":[{"floor":7,"key":"REST"},{"floor":12,"key":"REST"},{"floor":15,"key":"REST"},{"data":"Blood_Hilt","floor":24,"key":"SMITH"},{"data":"Minerva_Bustier","floor":27,"key":"SMITH"},{"data":"Fire2","floor":32,"key":"SMITH"},{"data":"infinitespire:SevenWalls","floor":40,"key":"SMITH"},{"data":"Fire2","floor":44,"key":"SMITH"},{"data":"Blizzard_P","floor":49,"key":"SMITH"}],"circlet_count":0,"master_deck":["AscendersBane","Strike_L","Strike_L","Defend_L","Defend_L","Defend_L","Defend_L","Defend_L","Fire2+2","Cure","Good Instincts","Falchion","Minerva_Bustier+1","Transfusion","Focus+1","Blood_Hilt+1","Circlet+1","Blood_Hilt+1","Magnus_Hat+1","Gaia_Gear+1","Float2_Spell","Force_Armor+1","Magus_Robe+1","Osmosis+1","Dispel+1","Blizzard_P","Thinking Ahead+1","infinitespire:Collect+1","infinitespire:SevenWalls+1","Vault+1","Regret"],"relics":["Pendant","halation:EternalFortune","Strawberry","Toxic Egg 2","Blue Candle","infinitespire:Midas Blood","Happy Flower","hubris:ScarierMask","Red Mask","jedi:matchstick","aspiration:TomeofQuesting","Darkstone Periapt","Runic Pyramid","aspiration:FetidBarrel","Du-Vu Doll","Tiny Chest","aspiration:WatcherSkillbook","PreservedInsect","hexamod:Sixitude"],"acts_visited":["Exordium","TheCity","TheBeyond"],"potions_floor_usage":[11,13,16,16,22,23,25,33],"damage_taken":[{"damage":12,"enemies":"Small Slimes","floor":1,"turns":7},{"damage":9,"enemies":"2 Louse","floor":4,"turns":5},{"damage":31,"enemies":"Gremlin Nob","floor":6,"turns":5},{"damage":6,"enemies":"Jaw Worm","floor":8,"turns":4},{"damage":14,"enemies":"Lagavulin","floor":11,"turns":7},{"damage":11,"enemies":"Gremlin Nob","floor":13,"turns":4},{"damage":3,"enemies":"Blue Slaver","floor":14,"turns":4},{"damage":31,"enemies":"The Guardian","floor":16,"turns":11},{"damage":6,"enemies":"Chosen","floor":18,"turns":6},{"damage":0,"enemies":"3 Byrds","floor":19,"turns":7},{"damage":21,"enemies":"Centurion and Healer","floor":21,"turns":5},{"damage":33,"enemies":"Masked Bandits","floor":22,"turns":7},{"damage":11,"enemies":"Slavers","floor":23,"turns":7},{"damage":7,"enemies":"Gremlin Leader","floor":25,"turns":8},{"damage":0,"enemies":"Sentry and Sphere","floor":28,"turns":4},{"damage":1,"enemies":"Snake Plant","floor":30,"turns":5},{"damage":3,"enemies":"Centurion and Healer","floor":31,"turns":7},{"damage":36,"enemies":"hubris:MusketHawk","floor":33,"turns":10},{"damage":5,"enemies":"3 Darklings","floor":35,"turns":7},{"damage":1,"enemies":"3 Shapes","floor":38,"turns":3},{"damage":0,"enemies":"Maw","floor":42,"turns":11},{"damage":0,"enemies":"Sphere and 2 Shapes","floor":45,"turns":5},{"damage":5,"enemies":"Giant Head","floor":46,"turns":10},{"damage":23,"enemies":"Writhing Mass","floor":48,"turns":4},{"damage":13,"enemies":"Time Eater","floor":50,"turns":14}],"seed_played":"-53871520601613946","potions_obtained":[{"floor":6,"key":"Block Potion"},{"floor":8,"key":"SteroidPotion"},{"floor":13,"key":"hexamod:SoulburnPotion"},{"floor":14,"key":"Swift Potion"},{"floor":16,"key":"SkillPotion"},{"floor":19,"key":"PowerPotion"},{"floor":22,"key":"CultistPotion"},{"floor":23,"key":"Ancient Potion"},{"floor":28,"key":"jedi:tentaclejuice"},{"floor":33,"key":"Explosive Potion"},{"floor":42,"key":"DuplicationPotion"}],"is_trial":false,"path_per_floor":["M","?","?","M","?","E","R","M","T","?","E","R","E","M","R","B",null,"M","M","?","M","?","E","R","E","T","R","M","?","M","M","R","B",null,"M","?","$","M","AVR","R","$","M","T","R","M","E","?","M","R","B",null],"character_chosen":"MAGITEKELITE","items_purchased":["aspiration:FetidBarrel","Blizzard_P","Thinking Ahead+1","Du-Vu Doll"],"campfire_rested":3,"item_purchase_floors":[37,37,37,37],"current_hp_per_floor":[47,47,50,47,36,12,32,32,32,27,22,43,38,35,56,35,63,64,67,60,59,39,40,40,54,54,54,60,76,80,81,81,69,78,81,81,81,81,81,81,81,81,81,81,81,84,90,79,79,81],"gold":456,"neow_bonus":"RANDOM_COLORLESS","is_daily":false,"chose_seed":false,"campfire_upgraded":6,"win_rate":0.0,"timestamp":1614383041,"path_taken":["M","?","?","M","?","E","R","?","T","?","E","R","E","M","R","BOSS","M","M","?","?","?","E","R","E","T","R","M","?","M","?","R","BOSS","M","?","$","M","AVR","R","?","M","T","R","M","E","?","M","R","BOSS"],"items_purchased_type":["Relic","Card","Card","Relic"],"build_version":"2020-12-22","purchased_purges":2,"victory":true,"max_hp_per_floor":[59,59,62,62,62,69,69,69,69,69,72,72,72,72,72,72,72,72,75,75,78,78,78,78,81,81,81,81,81,81,81,81,81,81,81,81,81,81,81,81,81,81,81,81,81,84,90,90,90,90],"relic_stats":{"Darkstone Periapt":6,"Happy Flower":[45],"counters":[25,167],"Blue Candle":[24],"Tiny Chest":0,"PreservedInsect":130,"obtain_stats":[{"Darkstone Periapt":26,"Happy Flower":13,"aspiration:FetidBarrel":37,"Blue Candle":10,"hexamod:Sixitude":46,"aspiration:TomeofQuesting":25,"PreservedInsect":43,"Du-Vu Doll":37,"Pendant":0,"Strawberry":6,"halation:EternalFortune":3,"hubris:ScarierMask":17,"aspiration:WatcherSkillbook":39,"jedi:matchstick":23,"Tiny Chest":39,"Red Mask":22,"Toxic Egg 2":9,"infinitespire:Midas Blood":11,"Runic Pyramid":34},{"Darkstone Periapt":14,"Happy Flower":6,"aspiration:FetidBarrel":19,"Blue Candle":4,"hexamod:Sixitude":23,"aspiration:TomeofQuesting":14,"PreservedInsect":21,"Du-Vu Doll":19,"Pendant":0,"Strawberry":3,"halation:EternalFortune":1,"hubris:ScarierMask":8,"aspiration:WatcherSkillbook":20,"jedi:matchstick":13,"Tiny Chest":20,"Red Mask":12,"Toxic Egg 2":4,"infinitespire:Midas Blood":5,"Runic Pyramid":18},{"Darkstone Periapt":87,"Happy Flower":32,"aspiration:FetidBarrel":120,"Blue Candle":21,"hexamod:Sixitude":149,"aspiration:TomeofQuesting":87,"PreservedInsect":134,"Du-Vu Doll":120,"Pendant":0,"Strawberry":17,"halation:EternalFortune":7,"hubris:ScarierMask":47,"aspiration:WatcherSkillbook":123,"jedi:matchstick":79,"Tiny Chest":123,"Red Mask":72,"Toxic Egg 2":21,"infinitespire:Midas Blood":28,"Runic Pyramid":113}]},"card_choices":[{"not_picked":["PanicButton","Jack Of All Trades"],"picked":"Good Instincts","floor":0},{"not_picked":["Thunder_P","Water"],"picked":"Falchion","floor":1},{"not_picked":["Haste","Blizzard_P"],"picked":"Minerva_Bustier","floor":4},{"not_picked":["Thunder_Blade","Break","Poisona"],"picked":"SKIP","floor":6},{"not_picked":["Throw","Slow"],"picked":"Transfusion","floor":8},{"not_picked":["Thunder_Blade","Falchion"],"picked":"Focus+1","floor":11},{"not_picked":["Meteor","Transpose2+1","Gladius"],"picked":"SKIP","floor":13},{"not_picked":["Force_Armor+1","Might"],"picked":"Blood_Hilt","floor":14},{"not_picked":["Lightbringer","Remember"],"picked":"Mystery_Veil+1","floor":16},{"not_picked":["Tornado+1","Mythril_Knife"],"picked":"Circlet+1","floor":18},{"not_picked":["Barrier+1","Crystal_Sword"],"picked":"Blood_Hilt+1","floor":19},{"not_picked":["Bravery","Transpose_P"],"picked":"Magnus_Hat+1","floor":21},{"not_picked":["Barrier+1","Heavy_Shield+1"],"picked":"Gaia_Gear+1","floor":22},{"not_picked":["Focus+1","Flare","Poisona+1"],"picked":"SKIP","floor":23},{"not_picked":["Magnus_Hat+1","Falchion"],"picked":"Float2_Spell","floor":25},{"not_picked":["Flametongue","Vox+1"],"picked":"Force_Armor+1","floor":28},{"not_picked":["Poisona+1","Float2_Spell","Cursed_Shield+1"],"picked":"SKIP","floor":30},{"not_picked":["Balance","Throw"],"picked":"Magus_Robe+1","floor":31},{"not_picked":["Fake_Moustache","Mystery_Veil+1"],"picked":"Osmosis+1","floor":33},{"not_picked":["Minerva_Bustier+1","Gladius"],"picked":"Dispel+1","floor":35},{"not_picked":["Barrier+1","Water","Thunder_Blade"],"picked":"SKIP","floor":38},{"not_picked":["Float2_Spell","ThirdEye+1","Crescendo+1","Thornlet+1"],"picked":"SKIP","floor":42},{"not_picked":["EmptyBody+1","Prostrate+1","Vox+1","FlurryOfBlows"],"picked":"SKIP","floor":45},{"not_picked":["Flametongue+1","Thousand_Needles","Gladius"],"picked":"Vault+1","floor":46},{"not_picked":["Flare","SashWhip+1","Gladius","Protect_M"],"picked":"SKIP","floor":48}],"player_experience":1970717,"relics_obtained":[{"floor":6,"key":"Strawberry"},{"floor":9,"key":"Toxic Egg 2"},{"floor":11,"key":"halation:EternalFortune"},{"floor":11,"key":"infinitespire:Midas Blood"},{"floor":13,"key":"Happy Flower"},{"floor":19,"key":"halation:EternalFortune"},{"floor":21,"key":"halation:EternalFortune"},{"floor":22,"key":"Red Mask"},{"floor":23,"key":"jedi:matchstick"},{"floor":25,"key":"halation:EternalFortune"},{"floor":25,"key":"aspiration:TomeofQuesting"},{"floor":26,"key":"Darkstone Periapt"},{"floor":43,"key":"PreservedInsect"},{"floor":46,"key":"halation:EternalFortune"},{"floor":46,"key":"hexamod:Sixitude"}],"event_choices":[{"damage_healed":0,"gold_gain":75,"player_choice":"Gather Gold","damage_taken":11,"max_hp_gain":0,"max_hp_loss":0,"event_name":"World of Goop","floor":5,"gold_loss":0},{"damage_healed":0,"gold_gain":50,"player_choice":"Touch","damage_taken":7,"max_hp_gain":0,"max_hp_loss":0,"event_name":"FaceTrader","floor":20,"gold_loss":0},{"damage_healed":0,"gold_gain":0,"player_choice":"Fought Bandits","damage_taken":0,"max_hp_gain":0,"max_hp_loss":0,"event_name":"Masked Bandits","floor":22,"gold_loss":0},{"damage_healed":16,"gold_gain":0,"player_choice":"Heal","damage_taken":0,"max_hp_gain":0,"max_hp_loss":0,"event_name":"The Library","floor":29,"gold_loss":0},{"cards_removed":["Mystery_Veil"],"damage_healed":0,"gold_gain":0,"player_choice":"Removed Skill","damage_taken":0,"max_hp_gain":0,"max_hp_loss":0,"event_name":"Falling","floor":36,"gold_loss":0},{"damage_healed":0,"gold_gain":275,"player_choice":"Desecrate","damage_taken":0,"max_hp_gain":0,"max_hp_loss":0,"event_name":"Golden Shrine","floor":47,"gold_loss":0,"cards_obtained":["Regret"]}],"is_beta":false,"boss_relics":[{"not_picked":["halation:Prosthetics","halation:PinkAlligatorPlush"],"picked":"hubris:ScarierMask"},{"not_picked":["halation:Yufonium","hubris:RunicObelisk"],"picked":"Runic Pyramid"}],"items_purged_floors":[37,39],"is_endless":false,"potions_floor_spawned":[6,8,13,14,16,19,22,23,28,33,42,46],"ascension_level":15}}