{"host":"ar85q1708ucjvf51","time":1614358890,"event":{"mods":["BaseMod","Minty Spire (QoL Compilation)"],"gold_per_floor":[117,117,117,130,149,176,189,189,260,260,276,276,295,326,326,428,428,444,462,482,7,7,7,7,97,97,114,133,133,0,20,20,20,20],"floor_reached":33,"language":"ENG","playtime":8367,"items_purged":["Strike_G"],"score":274,"play_id":"9ce21011-3e05-4065-8d25-a68ca6ac2373","local_time":"20210226120130","is_ascension_mode":true,"campfire_choices":[{"floor":8.0,"key":"REST"},{"floor":10.0,"key":"REST"},{"data":"Malaise","floor":12.0,"key":"SMITH"},{"floor":15.0,"key":"REST"},{"floor":23,"key":"REST"},{"floor":29,"key":"REST"},{"floor":32,"key":"REST"}],"circlet_count":0,"master_deck":["Strike_G","Strike_G","Strike_G","Strike_G","Defend_G","Defend_G","Defend_G","Defend_G","Defend_G","Survivor","Neutralize","Riddle With Holes","Malaise+1","All Out Attack","PiercingWail","Dodge and Roll","Predator+1","Skewer+1","Deflect","Night Terror","Endless Agony+1","Outmaneuver","Dash+1","PanicButton","Burst","Flying Knee+1","Adrenaline"],"relics":["Ring of the Snake","Omamori","Potion Belt","Ginger","Molten Egg 2","Nunchaku","Calling Bell","Toy Ornithopter","Question Card","Unceasing Top","Paper Crane","Ancient Tea Set","Kunai","MutagenicStrength"],"acts_visited":["Exordium","TheCity"],"potions_floor_usage":[20,28,33],"damage_taken":[{"damage":5.0,"enemies":"2 Louse","floor":1.0,"turns":3.0},{"damage":0.0,"enemies":"Jaw Worm","floor":3.0,"turns":3.0},{"damage":2.0,"enemies":"Small Slimes","floor":4.0,"turns":4.0},{"damage":9.0,"enemies":"3 Louse","floor":5.0,"turns":5.0},{"damage":31.0,"enemies":"3 Sentries","floor":6.0,"turns":7.0},{"damage":0.0,"enemies":"2 Fungi Beasts","floor":7.0,"turns":3.0},{"damage":3.0,"enemies":"Blue Slaver","floor":11.0,"turns":4.0},{"damage":13.0,"enemies":"Exordium Thugs","floor":13.0,"turns":5.0},{"damage":9.0,"enemies":"Lagavulin","floor":14.0,"turns":6.0},{"damage":26.0,"enemies":"The Guardian","floor":16.0,"turns":13.0},{"damage":22.0,"enemies":"Shell Parasite","floor":18.0,"turns":7.0},{"damage":22.0,"enemies":"Chosen","floor":19.0,"turns":6.0},{"damage":7,"enemies":"Snake Plant","floor":20,"turns":3},{"damage":0,"enemies":"Cultist and Chosen","floor":27,"turns":8},{"damage":22,"enemies":"Snecko","floor":28,"turns":6},{"damage":21,"enemies":"Shelled Parasite and Fungi","floor":31,"turns":9},{"damage":40,"enemies":"Collector","floor":33,"turns":6}],"seed_played":"1912544380445914892","potions_obtained":[{"floor":1.0,"key":"SkillPotion"},{"floor":4.0,"key":"BlessingOfTheForge"},{"floor":13.0,"key":"ColorlessPotion"},{"floor":19,"key":"AttackPotion"},{"floor":20,"key":"SkillPotion"},{"floor":31,"key":"SkillPotion"}],"is_trial":false,"path_per_floor":["M","?","M","M","M","E","M","R","T","R","M","R","M","E","R","B",null,"M","M","M","$","?","R","?","?","T","M","M","R","?","M","R","B"],"character_chosen":"THE_SILENT","items_purchased":["Paper Crane","Ancient Tea Set"],"campfire_rested":6,"item_purchase_floors":[21,21],"current_hp_per_floor":[65,53,53,51,42,11,11,32,32,53,50,50,37,28,49,23,70,48,26,24,24,24,45,45,27,27,27,10,31,31,10,31,0,0],"gold":20,"neow_bonus":"RANDOM_COMMON_RELIC","is_daily":false,"chose_seed":false,"campfire_upgraded":1,"win_rate":0.0,"timestamp":1614358890,"path_taken":["M","?","M","M","M","E","M","R","T","R","M","R","M","E","R","BOSS","M","M","M","$","?","R","?","?","T","?","M","R","?","M","R","BOSS"],"items_purchased_type":["Relic","Relic"],"build_version":"2020-12-22","purchased_purges":1,"victory":false,"max_hp_per_floor":[70,70,70,70,70,70,70,70,70,70,70,70,70,70,70,70,70,70,70,70,70,70,70,70,70,70,70,70,70,70,70,70,70,70],"card_choices":[{"not_picked":["Concentrate","Acrobatics"],"picked":"Riddle With Holes","floor":1.0},{"not_picked":["Poisoned Stab","Outmaneuver","All Out Attack"],"picked":"SKIP","floor":3.0},{"not_picked":["Heel Hook","Cloak And Dagger"],"picked":"Malaise","floor":4.0},{"not_picked":["Dagger Spray","Underhanded Strike"],"picked":"All Out Attack","floor":5.0},{"not_picked":["Blade Dance","Crippling Poison"],"picked":"PiercingWail","floor":6.0},{"not_picked":["Backflip","Cloak And Dagger"],"picked":"Dodge and Roll","floor":7.0},{"not_picked":["Flechettes+1","Concentrate"],"picked":"Predator+1","floor":11.0},{"not_picked":["Deadly Poison","A Thousand Cuts"],"picked":"Skewer+1","floor":13.0},{"not_picked":["Quick Slash+1","All Out Attack+1"],"picked":"Deflect","floor":14.0},{"not_picked":["Adrenaline","Wraith Form v2"],"picked":"Night Terror","floor":16.0},{"not_picked":["Leg Sweep","Expertise","All Out Attack+1"],"picked":"Endless Agony+1","floor":18.0},{"not_picked":["Heel Hook+1","Flying Knee+1","Cloak And Dagger+1"],"picked":"Outmaneuver","floor":19},{"not_picked":["Heel Hook+1","Expertise","Caltrops"],"picked":"Dash+1","floor":20},{"not_picked":["PiercingWail","Dodge and Roll","Acrobatics"],"picked":"Burst","floor":27},{"not_picked":["Dagger Spray+1","Well Laid Plans","Backflip"],"picked":"Flying Knee+1","floor":28},{"not_picked":["Dagger Throw+1","Dodge and Roll","Deadly Poison"],"picked":"Adrenaline","floor":31}],"player_experience":806039,"relics_obtained":[{"floor":6.0,"key":"Ginger"},{"floor":9.0,"key":"Molten Egg 2"},{"floor":14.0,"key":"Nunchaku"},{"floor":17.0,"key":"Toy Ornithopter"},{"floor":17.0,"key":"Question Card"},{"floor":17.0,"key":"Unceasing Top"}],"event_choices":[{"damage_healed":0.0,"max_hp_gain":0.0,"max_hp_loss":0.0,"gold_gain":0.0,"event_name":"Scrap Ooze","player_choice":"Success","floor":2.0,"gold_loss":0.0,"damage_taken":12.0,"relics_obtained":["Potion Belt"]},{"damage_healed":0,"gold_gain":0,"player_choice":"Opened","damage_taken":0,"relics_obtained":["Kunai"],"max_hp_gain":0,"max_hp_loss":0,"event_name":"The Mausoleum","floor":22,"gold_loss":0},{"damage_healed":0,"gold_gain":0,"player_choice":"Inject Mutagens","damage_taken":0,"relics_obtained":["MutagenicStrength"],"max_hp_gain":0,"max_hp_loss":0,"event_name":"Drug Dealer","floor":24,"gold_loss":0},{"damage_healed":0,"gold_gain":90,"player_choice":"CARD GOLD ","damage_taken":18,"max_hp_gain":0,"max_hp_loss":0,"event_name":"Knowing Skull","floor":25,"potions_obtained":[],"gold_loss":0,"cards_obtained":["PanicButton"]},{"damage_healed":0,"gold_gain":0,"player_choice":"Paid Fearfully","damage_taken":0,"max_hp_gain":0,"max_hp_loss":0,"event_name":"Masked Bandits","floor":30,"gold_loss":133}],"is_beta":false,"boss_relics":[{"not_picked":["Ectoplasm","Fusion Hammer"],"picked":"Calling Bell"}],"items_purged_floors":[21],"is_endless":false,"potions_floor_spawned":[1,3,4,13,19,20,31],"killed_by":"Collector","ascension_level":1}}