{"host":"lxu17chzujqn8whl","time":1614357982,"event":{"mods":["BaseMod","Minty Spire (QoL Compilation)","Relic Stats","StSLib"],"gold_per_floor":[367,367,442,442,442,442,470,470,470,486,498,513,528,567,567,680,680,702,702,727,749,34,34,63,63,63],"floor_reached":25,"language":"ENG","playtime":681,"items_purged":[],"score":231,"play_id":"fec72933-f0fb-4477-a181-9166596ae148","local_time":"20210226084622","is_ascension_mode":false,"campfire_choices":[{"floor":6.0,"key":"REST"},{"floor":8.0,"key":"REST"},{"data":"Defragment","floor":15.0,"key":"SMITH"},{"floor":23.0,"key":"REST"}],"circlet_count":0,"master_deck":["Strike_B","Strike_B","Strike_B","Strike_B","Defend_B","Defend_B","Defend_B+1","Defend_B+1","Zap+1","Dualcast","Melter","Defragment+1","Coolheaded","Turbo","White Noise","Core Surge","Aggregate","Auto Shields+1","Sunder","Apotheosis"],"relics":["Cracked Core","InkBottle","Shuriken","StrikeDummy","CeramicFish","Philosopher\u0027s Stone","Enchiridion","Prayer Wheel","Darkstone Periapt","Cables"],"acts_visited":["Exordium","TheCity"],"potions_floor_usage":[24,24],"damage_taken":[{"damage":10.0,"enemies":"Jaw Worm","floor":1.0,"turns":4.0},{"damage":10.0,"enemies":"Lagavulin","floor":7.0,"turns":7.0},{"damage":0.0,"enemies":"Small Slimes","floor":10.0,"turns":2.0},{"damage":0.0,"enemies":"2 Louse","floor":11.0,"turns":2.0},{"damage":0.0,"enemies":"Large Slime","floor":12.0,"turns":3.0},{"damage":0.0,"enemies":"3 Louse","floor":13.0,"turns":3.0},{"damage":10.0,"enemies":"Gremlin Nob","floor":14.0,"turns":3.0},{"damage":33.0,"enemies":"Hexaghost","floor":16.0,"turns":10.0},{"damage":11.0,"enemies":"3 Byrds","floor":18.0,"turns":2.0},{"damage":22.0,"enemies":"2 Thieves","floor":20.0,"turns":3.0},{"damage":0.0,"enemies":"3 Cultists","floor":21.0,"turns":3.0},{"damage":22,"enemies":"Slavers","floor":24,"turns":4},{"damage":12,"enemies":"Cultist and Chosen","floor":25,"turns":2}],"seed_played":"-5709540650279277827","potions_obtained":[{"floor":11.0,"key":"BlessingOfTheForge"},{"floor":12.0,"key":"DuplicationPotion"},{"floor":14.0,"key":"LiquidMemories"},{"floor":18.0,"key":"SmokeBomb"},{"floor":20.0,"key":"AttackPotion"},{"floor":21.0,"key":"LiquidBronze"}],"is_trial":false,"path_per_floor":["M","?","?","T","?","R","E","R","T","M","M","M","M","E","R","B",null,"M","?","M","M","$","R","E","M"],"character_chosen":"DEFECT","items_purchased":["Prayer Wheel","Apotheosis","Darkstone Periapt"],"campfire_rested":3,"item_purchase_floors":[22,22,22],"current_hp_per_floor":[44,29,18,18,18,40,30,52,52,52,52,52,52,42,42,9,75,64,48,26,26,26,48,26,14,14],"gold":63,"neow_bonus":"TWO_FIFTY_GOLD","is_daily":false,"chose_seed":false,"campfire_upgraded":1,"win_rate":0.0,"timestamp":1614357982,"path_taken":["M","?","?","?","?","R","E","R","T","M","M","M","M","E","R","BOSS","M","?","M","M","$","R","E","M"],"items_purchased_type":["Relic","Card","Relic"],"build_version":"2020-12-22","purchased_purges":0,"victory":false,"max_hp_per_floor":[75,75,75,75,75,75,75,75,75,75,75,75,75,75,75,75,75,75,75,75,75,75,75,75,75,75],"relic_stats":{"Darkstone Periapt":0,"counters":[13,47],"Shuriken":[7],"CeramicFish":54,"Prayer Wheel":0,"obtain_stats":[{"Darkstone Periapt":22,"Shuriken":7,"CeramicFish":14,"Enchiridion":19,"Philosopher\u0027s Stone":17,"Prayer Wheel":22,"Cracked Core":0,"StrikeDummy":9,"InkBottle":4,"Cables":24},{"Darkstone Periapt":11,"Shuriken":2,"CeramicFish":7,"Enchiridion":9,"Philosopher\u0027s Stone":8,"Prayer Wheel":11,"Cracked Core":0,"StrikeDummy":2,"InkBottle":1,"Cables":12},{"Darkstone Periapt":42,"Shuriken":11,"CeramicFish":24,"Enchiridion":36,"Philosopher\u0027s Stone":34,"Prayer Wheel":42,"Cracked Core":0,"StrikeDummy":11,"InkBottle":4,"Cables":46}],"InkBottle":[16],"Cables":[1,1,0,0,0]},"card_choices":[{"not_picked":["Steam","Gash","Stack"],"picked":"SKIP","floor":1.0},{"not_picked":["Skim","Leap"],"picked":"Melter","floor":7.0},{"not_picked":["Gash","Steam Power"],"picked":"Defragment","floor":10.0},{"not_picked":["Stack","Multi-Cast"],"picked":"Coolheaded","floor":11.0},{"not_picked":["Compile Driver","Rebound","Reprogram"],"picked":"SKIP","floor":12.0},{"not_picked":["Tempest","Blizzard"],"picked":"Turbo","floor":13.0},{"not_picked":["Thunder Strike","Gash"],"picked":"White Noise","floor":14.0},{"not_picked":["Reboot","Multi-Cast"],"picked":"Core Surge","floor":16.0},{"not_picked":["Recycle","Loop"],"picked":"Aggregate","floor":18.0},{"not_picked":["Stack","Gash"],"picked":"Auto Shields+1","floor":20.0},{"not_picked":["Compile Driver","Scrape"],"picked":"Sunder","floor":21.0},{"not_picked":["BootSequence+1","Multi-Cast","Blizzard"],"picked":"SKIP","floor":24}],"player_experience":740582,"relics_obtained":[{"floor":4.0,"key":"InkBottle"},{"floor":7.0,"key":"Shuriken"},{"floor":9.0,"key":"StrikeDummy"},{"floor":14.0,"key":"CeramicFish"},{"floor":19.0,"key":"Enchiridion"},{"floor":24,"key":"Cables"}],"event_choices":[{"damage_healed":0.0,"max_hp_gain":0.0,"max_hp_loss":0.0,"gold_gain":0.0,"event_name":"Shining Light","player_choice":"Entered Light","floor":2.0,"gold_loss":0.0,"damage_taken":15.0,"cards_upgraded":["Defend_B","Defend_B"]},{"damage_healed":0.0,"max_hp_gain":0.0,"max_hp_loss":0.0,"gold_gain":75.0,"event_name":"World of Goop","player_choice":"Gather Gold","floor":3.0,"gold_loss":0.0,"damage_taken":11.0},{"damage_healed":0.0,"max_hp_gain":0.0,"max_hp_loss":0.0,"gold_gain":0.0,"event_name":"Living Wall","player_choice":"Grow","floor":5.0,"gold_loss":0.0,"damage_taken":0.0,"cards_upgraded":["Zap"]},{"damage_healed":0.0,"max_hp_gain":0.0,"max_hp_loss":0.0,"gold_gain":0.0,"event_name":"Cursed Tome","player_choice":"Obtained Book","floor":19.0,"gold_loss":0.0,"damage_taken":16.0}],"is_beta":false,"boss_relics":[{"not_picked":["Velvet Choker","Cursed Key"],"picked":"Philosopher\u0027s Stone"}],"items_purged_floors":[],"is_endless":false,"potions_floor_spawned":[11,12,14,18,20,21],"killed_by":"Cultist and Chosen","ascension_level":0}}