{"host":"0y1696yaafq19vki","time":1614345355,"event":{"mods":["BaseMod","Colored Map","Conspire","Minty Spire (QoL Compilation)","Replay The Spire","StSLib"],"gold_per_floor":[12,29,44,78,78,109,109,109,134,146,183,195,171,201,213,329,341,367,379,379],"floor_reached":19,"language":"ENG","playtime":1705,"items_purged":[],"score":175,"play_id":"cce45bb8-3bc4-49ac-ae70-4bd3568948b5","local_time":"20210226131555","is_ascension_mode":false,"campfire_choices":[{"floor":8,"key":"REST"},{"data":"conspire:PoisonWeapons","floor":10,"key":"SMITH"},{"floor":15,"key":"REST"}],"circlet_count":0,"master_deck":["Strike_G","Strike_G","Strike_G","Strike_G","Strike_G","Defend_G","Defend_G","Defend_G","Defend_G","Defend_G","Survivor","Neutralize","ReplayTheSpireMod:Necrogeddon+1","conspire:PoisonWeapons+1","Cloak And Dagger","Finisher","Cloak And Dagger","ReplayTheSpireMod:The Works","Blade Dance","Bane","Night Terror","Parasite","Doubt","Parasite","Deflect"],"relics":["Ring of the Snake","Bird Faced Urn","MealTicket","MawBank","Replay:Rubber Ducky","InkBottle","Replay:Ancient Bell","Regal Pillow","ReplayTheSpireMod:Shallot","Tough Bandages"],"acts_visited":["Exordium","TheCity"],"potions_floor_usage":[],"damage_taken":[{"damage":0,"enemies":"2 Louse","floor":1,"turns":2},{"damage":0,"enemies":"Small Slimes","floor":2,"turns":5},{"damage":0,"enemies":"conspire:RoseBush","floor":3,"turns":3},{"damage":8,"enemies":"Replay:BlueRogue","floor":6,"turns":5},{"damage":29,"enemies":"3 Sentries","floor":11,"turns":9},{"damage":1,"enemies":"Looter","floor":14,"turns":3},{"damage":29,"enemies":"The Guardian","floor":16,"turns":9},{"damage":29,"enemies":"conspire:FuzzyDice","floor":18,"turns":7},{"damage":37,"enemies":"3 Byrds","floor":19,"turns":7}],"seed_played":"705557978574267759","potions_obtained":[{"floor":2,"key":"SkillPotion"},{"floor":3,"key":"SteroidPotion"},{"floor":16,"key":"Block Potion"}],"is_trial":false,"path_per_floor":["M","M","M","?","?","E","?","R","T","R","E","T","?","M","R","B",null,"M","M"],"character_chosen":"THE_SILENT","items_purchased":[],"campfire_rested":2,"item_purchase_floors":[],"current_hp_per_floor":[70,70,70,42,42,34,34,55,55,55,26,26,26,25,46,17,70,41,4,4],"gold":379,"neow_bonus":"RANDOM_COLORLESS_2","is_daily":false,"chose_seed":false,"campfire_upgraded":1,"win_rate":0.0,"timestamp":1614345355,"path_taken":["M","M","M","?","?","E","?","R","T","R","E","?","?","M","R","BOSS","M","M"],"items_purchased_type":[],"build_version":"2020-12-22","purchased_purges":0,"victory":false,"max_hp_per_floor":[70,70,70,70,70,70,70,70,70,70,70,70,70,70,70,70,70,70,70,70],"card_choices":[{"not_picked":["Chrysalis","Magnetism"],"picked":"ReplayTheSpireMod:Necrogeddon","floor":0},{"not_picked":["Hidden Blade","Dagger Spray"],"picked":"conspire:PoisonWeapons","floor":1},{"not_picked":["Deadly Poison","Dagger Throw"],"picked":"Cloak And Dagger","floor":2},{"not_picked":["Dodge and Roll","Sneak Up"],"picked":"Finisher","floor":3},{"not_picked":["Riddle With Holes","Acrobatics"],"picked":"Cloak And Dagger","floor":4},{"not_picked":["Night Terror","Flying Knee"],"picked":"ReplayTheSpireMod:The Works","floor":6},{"not_picked":["Cloak And Dagger","Skewer"],"picked":"Blade Dance","floor":11},{"not_picked":["Cloak And Dagger","Expertise"],"picked":"Bane","floor":14},{"not_picked":["Phantasmal Killer","Die Die Die"],"picked":"Night Terror","floor":16},{"not_picked":["Voices","Shame"],"picked":"Parasite","floor":17},{"not_picked":["AbeCurse","Replay:Hysterical Blindness"],"picked":"Doubt","floor":17},{"not_picked":["ReplayTheSpireMod:Faulty Equipment","Looming Evil"],"picked":"Parasite","floor":17},{"not_picked":["Venomology","PiercingWail+1"],"picked":"Deflect","floor":18}],"player_experience":72480,"relics_obtained":[{"floor":4,"key":"Bird Faced Urn"},{"floor":6,"key":"MealTicket"},{"floor":9,"key":"MawBank"},{"floor":11,"key":"Replay:Rubber Ducky"},{"floor":12,"key":"InkBottle"}],"event_choices":[{"damage_healed":0,"gold_gain":0,"player_choice":"Grow","damage_taken":0,"max_hp_gain":0,"max_hp_loss":0,"event_name":"Living Wall","floor":5,"gold_loss":0,"cards_upgraded":["ReplayTheSpireMod:Necrogeddon"]},{"damage_healed":0,"gold_gain":0,"player_choice":"Ignored","damage_taken":0,"max_hp_gain":0,"max_hp_loss":0,"event_name":"Liars Game","floor":7,"gold_loss":0},{"damage_healed":0,"gold_gain":0,"player_choice":"Left Gold","damage_taken":0,"max_hp_gain":0,"max_hp_loss":0,"event_name":"World of Goop","floor":13,"gold_loss":36}],"is_beta":false,"boss_relics":[{"not_picked":["conspire:SeveredTorchhead","Tiny House"],"picked":"Replay:Ancient Bell"},{"not_picked":["Replay:Mystery Machine","Centennial Puzzle"],"picked":"Regal Pillow"},{"not_picked":["Gremlin Horn","Garlic"],"picked":"ReplayTheSpireMod:Shallot"},{"not_picked":["Tingsha","conspire:GiftBox"],"picked":"Tough Bandages"}],"items_purged_floors":[],"is_endless":false,"potions_floor_spawned":[2,3,16,18],"killed_by":"3 Byrds","ascension_level":0}}