{"host":"hv0j318t350gu4p2","time":1614320890,"event":{"mods":["AchievementEnabler","BaseMod","BetterRewards","Card Forge","Clawfect","Colored Map","Colored Powertips","Colorless Booster Pack","Custom Start","Downfall","Friendly Minions","Googly Eyes","Highlight Path","Hubris","Infinite Spire","Marisa????????","Minty Spire (QoL Compilation)","Quick Restart","Replay The Spire","Shop Mod","StSLib","SuperFastMode","Td1madao Mod","The Jungle","The Necromancer","The Servant 0.9.4","Transform Curses","everything is the same but u backflip on backflip"],"gold_per_floor":[110,159,179,195,210,210,210,244,244,276,296,296,325,325,325,426,426,443,443,460,460,474,508,508,533,557,307,307,307,323,355,355,454,454,465,480,494,494,494],"floor_reached":38,"language":"ENG","playtime":1673,"items_purged":[],"score":854,"play_id":"d9739dd0-4b3c-4278-858a-b5b8c604dca9","local_time":"20210226012810","is_ascension_mode":false,"campfire_choices":[{"data":"Summon_Death_Knight","floor":6.0,"key":"SMITH"},{"floor":12.0,"key":"REST"},{"floor":15.0,"key":"RECALL"},{"data":"infinitespire:Menacing","floor":24.0,"key":"SMITH"},{"data":"GremboGang","floor":32.0,"key":"SMITH"}],"circlet_count":0,"master_deck":["Negative_Energy_Arrows+1","Bone_Wall+1","Summon_Lich+1","Finger_Of_Death+1","Bone_Spikes+1","Finger_Of_Death+1","Summon_Death_Knight+1","Violent_Necrosis+1","Necrotic_Claws+1","Cloudkill+1","Summon_Undead+1","Negative_Energy_Shield+1","Summon_Vampire_Lady","Negative_Energy_Javelin+1","Plague_Bolt","infinitespire:Menacing+1","hubris:Rewind","Negative_Energy_Sphere","Thousand_Bone_Knives+1","Strike_from_Beyond+1","GremboGang+1","Slimebound:Repurpose","Negative_Energy_Shield","Negative_Energy_Burst","Necrotic_Claws+1","Skeleton_Dragon","Negative_Energy_Javelin","Strike_from_Beyond","Death_March_Dance","Slay_Living","Bones_to_Steel","Consume_Illness","Bone_Armor+1","Summon_Lich+1","Negative_Energy_Mist"],"relics":["Vampire_Amulet","Hammer of Thor","Seething Fire","Anvil of the Gods","hubris:ToyBattleship","Ring of Hypnosis","infinitespire:Joker Card","Potion Belt","hubris:Icosahedron","Replay:Wax Seal","infinitespire:Satchel","Oddly Smooth Stone","Omamori","infinitespire:PuzzleCube","hubris:BlackHole","WarpedTongs","Nunchaku","Quantum Egg","Whetstone","Chameleon Ring","Pandora\u0027s Box"],"acts_visited":["TheCity","TheBeyond"],"potions_floor_usage":[],"damage_taken":[{"damage":0.0,"enemies":"Cultist","floor":1.0,"turns":3.0},{"damage":8.0,"enemies":"Small Slimes","floor":3.0,"turns":2.0},{"damage":0.0,"enemies":"2 Louse","floor":4.0,"turns":2.0},{"damage":7.0,"enemies":"Blue Slaver","floor":5.0,"turns":3.0},{"damage":0.0,"enemies":"Gremlin Nob","floor":8.0,"turns":3.0},{"damage":13.0,"enemies":"Nightmare","floor":10.0,"turns":8.0},{"damage":10.0,"enemies":"Lots of Slimes","floor":11.0,"turns":2.0},{"damage":8.0,"enemies":"Replay:BlueRogue","floor":13.0,"turns":3.0},{"damage":0.0,"enemies":"Slime Boss","floor":16.0,"turns":4.0},{"damage":20.0,"enemies":"3 Byrds","floor":18.0,"turns":3.0},{"damage":0.0,"enemies":"Spheric Guardian","floor":20.0,"turns":2.0},{"damage":0.0,"enemies":"Centurion and Healer","floor":22.0,"turns":2.0},{"damage":0.0,"enemies":"Gremlin Leader","floor":23.0,"turns":2.0},{"damage":0.0,"enemies":"Book of Stabbing","floor":25.0,"turns":3.0},{"damage":0.0,"enemies":"Snecko","floor":30.0,"turns":3.0},{"damage":11.0,"enemies":"Gremlin Leader","floor":31.0,"turns":4.0},{"damage":3.0,"enemies":"hubris:MusketHawk","floor":33.0,"turns":5.0},{"damage":18.0,"enemies":"3 Darklings","floor":35.0,"turns":2.0},{"damage":14.0,"enemies":"Orb Walker","floor":36.0,"turns":2.0},{"damage":28.0,"enemies":"3 Darklings","floor":37.0,"turns":3.0},{"damage":25,"enemies":"Jaw Worm Horde","floor":38,"turns":1}],"seed_played":"-8410569840740240238","potions_obtained":[{"floor":1.0,"key":"Weak Potion"},{"floor":4.0,"key":"SkillPotion"},{"floor":5.0,"key":"sneckomod:MuddlingPotion"},{"floor":16.0,"key":"PowerPotion"},{"floor":18.0,"key":"Languid Potion"},{"floor":23.0,"key":"ColorlessPotion"},{"floor":30.0,"key":"Milkshake"},{"floor":31.0,"key":"champ:CounterPotion"}],"is_trial":false,"path_per_floor":["M","T","M","M","M","R","?","E","T","NM","M","R","E","?","R","B",null,"M","?","M","AVR","M","E","R","E","T","?","?","?","M","E","R","B",null,"M","M","M","M"],"character_chosen":"NECROMANCER","items_purchased":["Summon_Lich","hubris:ToyBattleship","Finger_Of_Death","Bone_Spikes"],"campfire_rested":1,"item_purchase_floors":[0,0,0,0],"current_hp_per_floor":[61,61,57,61,56,56,56,58,58,47,47,69,63,63,63,67,75,64,64,72,72,75,75,75,75,75,75,75,75,75,75,75,75,75,59,47,24,0,0],"gold":494,"neow_bonus":"","is_daily":false,"chose_seed":false,"campfire_upgraded":3,"win_rate":0.0,"timestamp":1614320890,"path_taken":["M","?","M","M","M","R","?","E","T","NM","M","R","E","?","R","BOSS","M","?","?","AVR","M","E","R","E","T","?","?","?","M","E","R","BOSS","M","M","M","M"],"items_purchased_type":["Card","Relic","Card","Card"],"build_version":"2020-12-22","purchased_purges":0,"victory":false,"max_hp_per_floor":[75,75,75,75,75,75,75,75,75,75,75,75,75,75,75,75,75,75,75,75,75,75,75,75,75,75,75,75,75,75,75,75,75,75,75,75,75,75,75],"card_choices":[{"not_picked":["Epidemic","Spectral_Walk"],"picked":"Finger_Of_Death","floor":1.0},{"not_picked":["Negative_Energy_Javelin","Bone_Spikes"],"picked":"Summon_Death_Knight","floor":3.0},{"not_picked":["Blood_Whip","Negative_Energy_Javelin"],"picked":"Violent_Necrosis","floor":4.0},{"not_picked":["Blood_Curse","Death_March_Dance"],"picked":"Necrotic_Claws","floor":5.0},{"not_picked":["Bone_Bullets","Uncharnel"],"picked":"Cloudkill","floor":8.0},{"not_picked":["Shade_Step","Negative_Energy_Mist"],"picked":"Summon_Undead","floor":10.0},{"not_picked":["Whirlwind_of_Bones","Siphon_Strength"],"picked":"Negative_Energy_Shield","floor":11.0},{"not_picked":["Requiem","Blood_Curse","Chill_Blood"],"picked":"SKIP","floor":13.0},{"not_picked":["Grasp_Heart","Negative_Energy_Bomb"],"picked":"Summon_Vampire_Lady","floor":16.0},{"not_picked":["Deaths_Shadow+1","Bone_Shift+1"],"picked":"Negative_Energy_Javelin+1","floor":18.0},{"not_picked":["Bone_Spikes","Finger_Of_Death"],"picked":"Plague_Bolt","floor":20.0},{"not_picked":["Bone_Shift","Chill_Blood"],"picked":"Negative_Energy_Sphere","floor":22.0},{"not_picked":["Blood_Magic","Exploit+1"],"picked":"Thousand_Bone_Knives+1","floor":23.0},{"not_picked":["Bone_Armory","Shackles_Of_Pain+1"],"picked":"Strike_from_Beyond+1","floor":25.0},{"not_picked":["Blood_Whip","Bone_Prison+1"],"picked":"Negative_Energy_Burst","floor":30.0},{"not_picked":["Negative_Energy_Burst","Negative_Energy_Shield"],"picked":"Necrotic_Claws+1","floor":31.0},{"not_picked":["Requiem","Detonate_Bones"],"picked":"Skeleton_Dragon","floor":33.0},{"not_picked":["Vampiric_Strike+1","Consume_Illness+1"],"picked":"Bone_Armor+1","floor":35.0},{"not_picked":["Blood_Curse+1","Requiem"],"picked":"Summon_Lich+1","floor":36.0},{"not_picked":["Bones_to_Steel","Corrupt"],"picked":"Negative_Energy_Mist","floor":37.0}],"player_experience":74196,"relics_obtained":[{"floor":2.0,"key":"Potion Belt"},{"floor":8.0,"key":"Replay:Wax Seal"},{"floor":9.0,"key":"infinitespire:Satchel"},{"floor":10.0,"key":"Oddly Smooth Stone"},{"floor":13.0,"key":"Omamori"},{"floor":14.0,"key":"infinitespire:PuzzleCube"},{"floor":23.0,"key":"Nunchaku"},{"floor":25.0,"key":"Quantum Egg"},{"floor":26.0,"key":"Whetstone"},{"floor":31.0,"key":"Chameleon Ring"}],"event_choices":[{"damage_healed":0.0,"max_hp_gain":0.0,"max_hp_loss":0.0,"gold_gain":0.0,"event_name":"Accursed Blacksmith","player_choice":"Rummage","floor":19.0,"gold_loss":0.0,"damage_taken":0.0,"relics_obtained":["WarpedTongs"],"cards_obtained":["Pain"]},{"damage_healed":0.0,"max_hp_gain":0.0,"max_hp_loss":0.0,"gold_gain":0.0,"event_name":"The Library","player_choice":"Read","floor":28.0,"gold_loss":0.0,"damage_taken":0.0,"cards_obtained":["Slimebound:Repurpose"]},{"damage_healed":0.0,"max_hp_gain":0.0,"max_hp_loss":0.0,"gold_gain":0.0,"cards_transformed":["Strike_W"],"event_name":"Transmorgrifier","player_choice":"Transformed","floor":29.0,"gold_loss":0.0,"damage_taken":0.0,"cards_obtained":["Negative_Energy_Shield"]}],"is_beta":false,"boss_relics":[{"not_picked":["Replay:Wanted Poster","bronze:MakeshiftBattery"],"picked":"hubris:BlackHole"},{"not_picked":["hubris:CrackedHourglass","Coffee Dripper"],"picked":"Pandora\u0027s Box"}],"items_purged_floors":[],"is_endless":true,"potions_floor_spawned":[1,4,5,16,18,23,30,31],"killed_by":"Jaw Worm Horde","ascension_level":0}}