{"host":"0ntunplbxyg40l63","time":1614341637,"event":{"mods":["BaseMod","Colored Map","Colored Powertips","Downfall","Highlight Path","Minty Spire (QoL Compilation)","Relic Stats","StSLib"],"gold_per_floor":[110,126,103,123,140,140,168,186,186,186,200,200,227,227,227,332,332,350,28,41,41,51,78,78,78],"floor_reached":24,"language":"ENG","playtime":501,"items_purged":[],"score":303,"play_id":"bf53a4ce-667b-4a2d-b357-169e762eccc9","local_time":"20210226121357","daily_mods":["SealedDeck","Green Cards","Lethality"],"is_ascension_mode":false,"campfire_choices":[{"data":"Blade Dance","floor":6,"key":"SMITH"},{"data":"Backstab","floor":10,"key":"SMITH"},{"data":"Guardian:VentSteam","floor":15,"key":"SMITH"}],"circlet_count":0,"master_deck":["Blade Dance+1","Anger","Sword Boomerang","Sword Boomerang+1","Finisher","Wild Strike","Backstab+1","Finisher+1","Guardian:VentSteam+1","Finisher","Flex+1","Anger","Berserk","Guardian:ExploitGems","Guardian:Gem_Yellow","Guardian:Gem_Lightblue","Berserk","Guardian:Planning","Wild Strike"],"relics":["Burning Blood","Bird Faced Urn","Dream Catcher","MealTicket","SacredBark","Orichalcum","Kunai"],"acts_visited":["Exordium","TheCity"],"potions_floor_usage":[16,23],"damage_taken":[{"damage":0,"enemies":"2 Louse","floor":1,"turns":1},{"damage":0,"enemies":"Small Slimes","floor":2,"turns":1},{"damage":0,"enemies":"Cultist","floor":4,"turns":1},{"damage":0,"enemies":"Blue Slaver","floor":5,"turns":1},{"damage":12,"enemies":"3 Sentries","floor":7,"turns":2},{"damage":0,"enemies":"Looter","floor":8,"turns":1},{"damage":0,"enemies":"Gremlin Gang","floor":11,"turns":1},{"damage":0,"enemies":"Gremlin Nob","floor":13,"turns":1},{"damage":0,"enemies":"The Guardian","floor":16,"turns":2},{"damage":13,"enemies":"2 Thieves","floor":18,"turns":2},{"damage":0,"enemies":"Spheric Guardian","floor":20,"turns":1},{"damage":32,"enemies":"Centurion and Healer","floor":22,"turns":2},{"damage":55,"enemies":"Slavers","floor":23,"turns":4},{"damage":18,"enemies":"Chosen and Byrds","floor":24,"turns":1}],"seed_played":"2436286518611833989","potions_obtained":[{"floor":1,"key":"EssenceOfSteel"},{"floor":5,"key":"Guardian:BlockOnCardUsePotion"},{"floor":11,"key":"ElixirPotion"},{"floor":23,"key":"Ancient Potion"}],"is_trial":true,"path_per_floor":["M","M","$","M","M","R","E","M","T","R","M","?","E","?","R","B",null,"M","$","M","?","M","E","M"],"character_chosen":"IRONCLAD","items_purchased":["Flex","Guardian:ExploitGems","Guardian:Gem_Yellow","Orichalcum"],"campfire_rested":0,"item_purchase_floors":[3,19,19,19],"current_hp_per_floor":[80,80,80,80,80,80,74,80,80,80,80,64,70,70,70,76,80,73,80,80,80,54,7,0,0],"gold":78,"neow_bonus":"","is_daily":false,"chose_seed":false,"campfire_upgraded":3,"win_rate":0.0,"timestamp":1614341637,"path_taken":["M","M","$","M","M","R","E","M","T","R","M","?","E","?","R","BOSS","M","$","M","?","M","E","M"],"items_purchased_type":["Card","Card","Card","Relic"],"build_version":"2020-12-22","purchased_purges":0,"victory":false,"max_hp_per_floor":[80,80,80,80,80,80,80,80,80,80,80,80,80,80,80,80,80,80,80,80,80,80,80,80,80],"relic_stats":{"Dream Catcher":0,"counters":[14,21],"Bird Faced Urn":[6],"MealTicket":7,"Kunai":[0],"Orichalcum":[36],"obtain_stats":[{"Dream Catcher":9,"Bird Faced Urn":7,"SacredBark":17,"MealTicket":13,"Kunai":23,"Orichalcum":19,"Burning Blood":0},{"Dream Catcher":6,"Bird Faced Urn":5,"SacredBark":9,"MealTicket":8,"Kunai":13,"Orichalcum":10,"Burning Blood":0},{"Dream Catcher":7,"Bird Faced Urn":6,"SacredBark":11,"MealTicket":9,"Kunai":20,"Orichalcum":13,"Burning Blood":0}],"Burning Blood":42},"card_choices":[{"not_picked":["Perfected Strike","Guardian:Incinerate"],"picked":"Finisher","floor":1},{"not_picked":["Backflip","Dagger Spray","Evolve"],"picked":"SKIP","floor":2},{"not_picked":["Skewer","Dash","Armaments"],"picked":"SKIP","floor":4},{"not_picked":["Outmaneuver","Guardian:TemporalShield"],"picked":"Guardian:Gem_Crimson","floor":5},{"not_picked":["Perfected Strike","Guardian:Emergency","Guardian:TemporalShield"],"picked":"SKIP","floor":7},{"not_picked":["Hemokinesis","Guardian:PiercingHide"],"picked":"Anger","floor":8},{"not_picked":["Doppelganger","Backflip","Sucker Punch"],"picked":"SKIP","floor":11},{"not_picked":["Bane","Fire Breathing","Feel No Pain"],"picked":"SKIP","floor":13},{"not_picked":["Reaper","Immolate"],"picked":"Berserk","floor":16},{"not_picked":["Fire Breathing","Guardian:Gem_Cyan","Slice"],"picked":"SKIP","floor":18},{"not_picked":["Cloak And Dagger","Shrug It Off"],"picked":"Guardian:Gem_Lightblue","floor":20},{"not_picked":["Armaments","Wild Strike+1"],"picked":"Guardian:Planning","floor":22},{"not_picked":["Double Tap","Impervious"],"picked":"Wild Strike","floor":23}],"player_experience":66729,"relics_obtained":[{"floor":7,"key":"Bird Faced Urn"},{"floor":9,"key":"Dream Catcher"},{"floor":13,"key":"MealTicket"},{"floor":23,"key":"Kunai"}],"event_choices":[{"damage_healed":0,"gold_gain":0,"player_choice":"Entered Light","damage_taken":16,"max_hp_gain":0,"max_hp_loss":0,"event_name":"Shining Light","floor":12,"gold_loss":0,"cards_upgraded":["Sword Boomerang","Finisher"]},{"damage_healed":0,"gold_gain":0,"player_choice":"Grow","damage_taken":0,"max_hp_gain":0,"max_hp_loss":0,"event_name":"Living Wall","floor":14,"gold_loss":0,"cards_upgraded":["Flex"]},{"damage_healed":0,"gold_gain":0,"player_choice":"Copied","damage_taken":0,"max_hp_gain":0,"max_hp_loss":0,"event_name":"Duplicator","floor":21,"gold_loss":0,"cards_obtained":["Berserk"]}],"is_beta":false,"boss_relics":[{"not_picked":["Sozu","Black Blood"],"picked":"SacredBark"}],"items_purged_floors":[],"is_endless":false,"potions_floor_spawned":[1,5,8,11,23],"killed_by":"Chosen and Byrds","ascension_level":0}}