{"host":"9kgs1o98dz1f0f1n","time":1614359085,"event":{"mods":["BaseMod","BetterRewards","Minty Spire (QoL Compilation)","Quick Restart","Rare Cards Sparkle","Remove Card Discount Mod","Swap Starting Deck Mod"],"gold_per_floor":[118,135,155,155,168,203,203,237,237,266,266,441,474,489,489,589,589,608,608,267,267,286,316,316,348,348,382,395,411,442,338,338,436,436,446,496,513,513,527,561,561,595,642,658,658,686,699,749,749,749,749,749,208,240,240],"floor_reached":56,"language":"JPN","playtime":14159,"items_purged":["Shame","Regret","Undo","Rainbow","Hello World","Leap+1","Sweeping Beam"],"score":1808,"play_id":"7af8809c-1b8d-4a9d-88c2-67ac749f6458","local_time":"20210227020445","is_ascension_mode":true,"campfire_choices":[{"floor":7.0,"key":"RECALL"},{"floor":15.0,"key":"REST"},{"data":"Beam Cell","floor":24.0,"key":"SMITH"},{"floor":32,"key":"REST"},{"data":"Panacea","floor":41,"key":"SMITH"},{"data":"Gash","floor":45,"key":"SMITH"},{"data":"Gash","floor":49,"key":"SMITH"},{"data":"Reprogram","floor":52,"key":"SMITH"}],"circlet_count":0,"master_deck":["Gash","Gash","Gash","Gash+1","Rip and Tear","Reprogram+1","Steam+1","Steam","Genetic Algorithm+1","Beam Cell+1","Beam Cell+1","Gash+1","Flash of Steel","Electrodynamics+1","Go for the Eyes+1","Go for the Eyes+1","Panacea+1","Biased Cognition+1","Go for the Eyes+1","Gash+1","Go for the Eyes+1","Static Discharge+1","Reprogram+1","Gash+1","Chill+1","Barrage+1","Finesse","Beam Cell+1"],"relics":["Cracked Core","Regal Pillow","Darkstone Periapt","Shuriken","Happy Flower","War Paint","Astrolabe","Unceasing Top","ClockworkSouvenir","Lantern","InkBottle","Frozen Egg 2","Molten Egg 2","SacredBark","Calipers","Peace Pipe","Akabeko","Vajra","Bottled Flame","Lizard Tail","Gremlin Horn","Boot","White Beast Statue"],"acts_visited":["Exordium","TheCity","TheBeyond","TheEnding"],"potions_floor_usage":[55,55,55],"damage_taken":[{"damage":7.0,"enemies":"2 Louse","floor":1.0,"turns":3.0},{"damage":0.0,"enemies":"Jaw Worm","floor":2.0,"turns":2.0},{"damage":8.0,"enemies":"Small Slimes","floor":3.0,"turns":3.0},{"damage":2.0,"enemies":"2 Fungi Beasts","floor":5.0,"turns":3.0},{"damage":0.0,"enemies":"Gremlin Nob","floor":6.0,"turns":4.0},{"damage":6.0,"enemies":"Lagavulin","floor":8.0,"turns":4.0},{"damage":0.0,"enemies":"Gremlin Nob","floor":10.0,"turns":3.0},{"damage":12.0,"enemies":"3 Sentries","floor":13.0,"turns":7.0},{"damage":17.0,"enemies":"Exordium Thugs","floor":14.0,"turns":4.0},{"damage":14.0,"enemies":"Slime Boss","floor":16.0,"turns":7.0},{"damage":4.0,"enemies":"Shell Parasite","floor":18.0,"turns":4.0},{"damage":0.0,"enemies":"Spheric Guardian","floor":22.0,"turns":3.0},{"damage":11.0,"enemies":"Slavers","floor":23.0,"turns":4.0},{"damage":12.0,"enemies":"Book of Stabbing","floor":25.0,"turns":3.0},{"damage":18,"enemies":"Slavers","floor":27,"turns":4},{"damage":0,"enemies":"Chosen and Byrds","floor":28,"turns":3},{"damage":0,"enemies":"3 Cultists","floor":29,"turns":3},{"damage":11,"enemies":"Book of Stabbing","floor":30,"turns":4},{"damage":0,"enemies":"Automaton","floor":33,"turns":2},{"damage":0,"enemies":"Orb Walker","floor":35,"turns":1},{"damage":0,"enemies":"2 Orb Walkers","floor":36,"turns":2},{"damage":16,"enemies":"3 Shapes","floor":37,"turns":2},{"damage":0,"enemies":"3 Darklings","floor":39,"turns":2},{"damage":0,"enemies":"Reptomancer","floor":40,"turns":3},{"damage":9,"enemies":"Giant Head","floor":42,"turns":3},{"damage":0,"enemies":"Sphere and 2 Shapes","floor":44,"turns":2},{"damage":0,"enemies":"Reptomancer","floor":46,"turns":3},{"damage":0,"enemies":"Transient","floor":47,"turns":4},{"damage":10,"enemies":"Mind Bloom Boss Battle","floor":48,"turns":2},{"damage":0,"enemies":"Donu and Deca","floor":50,"turns":5},{"damage":0,"enemies":"Shield and Spear","floor":54,"turns":3},{"damage":14,"enemies":"The Heart","floor":55,"turns":4}],"seed_played":"-1630857167936371547","potions_obtained":[{"floor":5.0,"key":"Ancient Potion"},{"floor":6.0,"key":"GamblersBrew"},{"floor":10.0,"key":"SpeedPotion"},{"floor":16.0,"key":"Ancient Potion"},{"floor":28,"key":"DistilledChaos"}],"is_trial":false,"path_per_floor":["M","M","M","?","M","E","R","E","T","E","?","?","E","M","R","B",null,"M","?","$","?","M","E","R","E","T","E","M","M","E","$","R","B",null,"M","?","M","?","M","E","R","E","T","M","R","E","M","?","R","B",null,"R","$","E","B",null],"character_chosen":"DEFECT","items_purchased":["Gash","Flash of Steel","ClockworkSouvenir","Hello World","Panacea","Barrage+1","Finesse","Gremlin Horn","Boot"],"campfire_rested":2,"item_purchase_floors":[20,20,20,20,31,53,53,53,53],"current_hp_per_floor":[31,31,23,48,46,46,46,40,40,40,40,46,34,17,56,42,87,83,89,89,89,89,78,78,66,66,48,48,48,37,37,79,79,93,93,93,77,93,93,93,93,84,84,84,84,84,84,74,74,74,93,93,93,93,79],"gold":240,"neow_bonus":"","is_daily":false,"chose_seed":false,"campfire_upgraded":5,"win_rate":0.0,"timestamp":1614359085,"path_taken":["M","M","M","?","M","E","R","E","T","E","?","?","E","M","R","BOSS","M","?","$","?","M","E","R","E","T","E","M","M","E","$","R","BOSS","M","?","M","?","M","E","R","E","T","M","R","E","?","?","R","BOSS","R","$","E","BOSS"],"items_purchased_type":["Card","Card","Relic","Card","Card","Card","Card","Relic","Relic"],"build_version":"2020-12-22","purchased_purges":7,"victory":true,"max_hp_per_floor":[75,75,75,75,75,75,75,75,75,75,75,81,81,81,81,81,87,87,93,93,93,93,93,93,93,93,93,93,93,93,93,93,93,93,93,93,93,93,93,93,93,93,93,93,93,93,93,93,93,93,93,93,93,93,93],"card_choices":[{"not_picked":["Steam","Streamline","Stack"],"picked":"SKIP","floor":1.0},{"not_picked":["Barrage","Rebound","Leap"],"picked":"SKIP","floor":2.0},{"not_picked":["Stack","Compile Driver"],"picked":"Sweeping Beam","floor":3.0},{"not_picked":["Auto Shields","Doom and Gloom"],"picked":"Undo","floor":5.0},{"not_picked":["Rip and Tear","Sweeping Beam","Auto Shields"],"picked":"SKIP","floor":6.0},{"not_picked":["Aggregate","Go for the Eyes","Steam"],"picked":"SKIP","floor":8.0},{"not_picked":["Scrape","Doom and Gloom"],"picked":"Genetic Algorithm","floor":10.0},{"not_picked":["Biased Cognition","Leap","Capacitor"],"picked":"SKIP","floor":13.0},{"not_picked":["Streamline","Rebound"],"picked":"Beam Cell","floor":14.0},{"not_picked":["Buffer","Meteor Strike"],"picked":"Rainbow","floor":16.0},{"not_picked":["Coolheaded","Redo","Go for the Eyes"],"picked":"SKIP","floor":18.0},{"not_picked":["Beam Cell","Steam Power","Go for the Eyes"],"picked":"SKIP","floor":22.0},{"not_picked":["Force Field","Rebound+1","Compile Driver"],"picked":"SKIP","floor":23.0},{"not_picked":["Conserve Battery","Sweeping Beam","Hello World"],"picked":"SKIP","floor":25.0},{"not_picked":["Turbo+1","Hyperbeam"],"picked":"Electrodynamics+1","floor":27},{"not_picked":["Rebound","Streamline+1"],"picked":"Go for the Eyes+1","floor":28},{"not_picked":["Hologram","Skim"],"picked":"Chill","floor":29},{"not_picked":["Reinforced Body+1","Hologram"],"picked":"Go for the Eyes+1","floor":30},{"not_picked":["Seek","Fission"],"picked":"Biased Cognition+1","floor":33},{"not_picked":["Stack","Redo"],"picked":"Go for the Eyes+1","floor":35},{"not_picked":["Auto Shields+1","Barrage+1"],"picked":"Gash+1","floor":36},{"not_picked":["Ball Lightning+1","Rebound+1"],"picked":"Go for the Eyes+1","floor":37},{"not_picked":["Barrage+1","Sweeping Beam+1"],"picked":"Static Discharge+1","floor":39},{"not_picked":["Turbo","Amplify"],"picked":"Reprogram+1","floor":40},{"not_picked":["Skim","Hologram+1","Rip and Tear+1"],"picked":"SKIP","floor":42},{"not_picked":["Barrage+1","Fusion","Cold Snap+1"],"picked":"SKIP","floor":44},{"not_picked":["Reinforced Body+1","Core Surge+1"],"picked":"Gash+1","floor":46},{"not_picked":["Hologram","Fusion+1"],"picked":"Chill+1","floor":47},{"not_picked":["Leap+1","Cold Snap+1"],"picked":"Beam Cell+1","floor":54}],"player_experience":1839138,"relics_obtained":[{"floor":6.0,"key":"Regal Pillow"},{"floor":8.0,"key":"Darkstone Periapt"},{"floor":9.0,"key":"Shuriken"},{"floor":10.0,"key":"Happy Flower"},{"floor":13.0,"key":"War Paint"},{"floor":23.0,"key":"Lantern"},{"floor":25.0,"key":"InkBottle"},{"floor":27,"key":"Frozen Egg 2"},{"floor":30,"key":"Molten Egg 2"},{"floor":36,"key":"Calipers"},{"floor":40,"key":"Peace Pipe"},{"floor":42,"key":"Akabeko"},{"floor":43,"key":"Vajra"},{"floor":46,"key":"Bottled Flame"},{"floor":48,"key":"Lizard Tail"},{"floor":54,"key":"White Beast Statue"}],"event_choices":[{"damage_healed":25.0,"max_hp_gain":0.0,"max_hp_loss":0.0,"gold_gain":0.0,"event_name":"Big Fish","player_choice":"Banana","floor":4.0,"gold_loss":0.0,"damage_taken":0.0},{"damage_healed":0.0,"max_hp_gain":0.0,"max_hp_loss":0.0,"gold_gain":0.0,"event_name":"The Cleric","player_choice":"Leave","floor":11.0,"gold_loss":0.0,"damage_taken":0.0},{"damage_healed":0.0,"max_hp_gain":0.0,"max_hp_loss":0.0,"gold_gain":175.0,"event_name":"Liars Game","player_choice":"AGREE","floor":12.0,"gold_loss":0.0,"damage_taken":0.0,"cards_obtained":["Doubt"]},{"damage_healed":0.0,"max_hp_gain":0.0,"max_hp_loss":0.0,"gold_gain":0.0,"event_name":"Addict","player_choice":"Stole Relic","floor":19.0,"gold_loss":0.0,"damage_taken":0.0,"relics_obtained":["Unceasing Top"],"cards_obtained":["Shame"]},{"damage_healed":0.0,"max_hp_gain":0.0,"max_hp_loss":0.0,"gold_gain":0.0,"event_name":"The Woman in Blue","player_choice":"Bought 0 Potions","floor":21.0,"gold_loss":0.0,"damage_taken":0.0},{"damage_healed":0,"gold_gain":0,"player_choice":"Fight","damage_taken":0,"max_hp_gain":0,"max_hp_loss":0,"event_name":"Mysterious Sphere","floor":36,"gold_loss":0},{"cards_removed":["Chill"],"damage_healed":16,"gold_gain":0,"player_choice":"Offered Uncommon","damage_taken":0,"max_hp_gain":0,"max_hp_loss":0,"event_name":"Bonfire Elementals","floor":38,"gold_loss":0},{"damage_healed":0,"gold_gain":0,"player_choice":"Fight","damage_taken":0,"max_hp_gain":0,"max_hp_loss":0,"event_name":"MindBloom","floor":48,"gold_loss":0}],"is_beta":false,"boss_relics":[{"not_picked":["Pandora\u0027s Box","Runic Dome"],"picked":"Astrolabe"},{"not_picked":["Cursed Key","Snecko Eye"],"picked":"SacredBark"}],"items_purged_floors":[20,20,31,31,31,31,53],"is_endless":false,"potions_floor_spawned":[5,6,10,16,22,28,29,33,36,37,42,44,46],"ascension_level":3}}