{"host":"0hpcwmnjk6ebq46s","time":1614323425,"event":{"mods":["Act Like it!","AlwaysNeverKeys","Aspiration","Astrologer","Bard","BaseMod","Better Note","Better Third Choice","Colored Map","Colored Powertips","Conspire","Duelist Mod","Energized Spire","GifTheSpireLib","Glutton Mod","Googly Eyes","Halation","Hallownest","Hubris","Infinite Spire","Jedi Mod","Mad Scientist","Marisa????????","Mimic Mod","Minty Spire (QoL Compilation)","Permanent Neow","Relic Stats","Reliquary","Remilia??????","Replay The Spire","Ruina","Spicy Shops","Spire Arcade","StSLib","Stuff the Spire","SuperFastMode","The Administrix","The Animator","The Blue Laboratory","The Bug Knight","The Construct","The Cursed","The Disciple","The Hierophant","The Necromancer","The Runesmith","The Wild Card","TheFirefly","Transform Curses","UnlockEverythingMod"],"gold_per_floor":[115,173,202,202,153,153,153],"floor_reached":6,"language":"ENG","playtime":578,"items_purged":[],"score":34,"play_id":"a63c2f58-172a-487a-8d1d-1ebad4449b0c","local_time":"20210226011025","is_ascension_mode":false,"campfire_choices":[],"circlet_count":0,"master_deck":["Strike_MRS","Strike_MRS","Strike_MRS","Strike_MRS","Defend_MRS+1","Defend_MRS","Defend_MRS+1","Defend_MRS","MasterSpark","UpSweep","WitchOfGreed","MilkyWay","6A","FairyDestructionRay+1"],"relics":["MiniHakkero","War Paint","Juzu Bracelet"],"acts_visited":["Exordium"],"potions_floor_usage":[6,6],"damage_taken":[{"damage":11,"enemies":"Jaw Worm","floor":1,"turns":3},{"damage":23,"enemies":"conspire:MimicChest","floor":2,"turns":7},{"damage":8,"enemies":"2 Louse","floor":3,"turns":4},{"damage":33,"enemies":"Lagavulin","floor":6,"turns":5}],"seed_played":"-1653597917443660613","potions_obtained":[{"floor":2,"key":"blueLaboratory:HorrorPotion"},{"floor":3,"key":"BottledSpark"}],"is_trial":false,"path_per_floor":["M","?","M","?","$","E"],"character_chosen":"MARISA","items_purchased":["FairyDestructionRay+1"],"campfire_rested":0,"item_purchase_floors":[5],"current_hp_per_floor":[64,41,33,33,33,0,0],"gold":153,"neow_bonus":"RANDOM_COMMON_RELIC","is_daily":false,"chose_seed":false,"campfire_upgraded":0,"win_rate":0.0,"timestamp":1614323425,"path_taken":["M","?","M","?","$","E"],"items_purchased_type":["Card"],"build_version":"2020-12-22","purchased_purges":0,"victory":false,"max_hp_per_floor":[75,75,75,75,75,75,75],"relic_stats":{"counters":[4,19],"Juzu Bracelet":1,"War Paint":["Defend_MRS","Defend_MRS"],"obtain_stats":[{"Juzu Bracelet":2,"MiniHakkero":0,"War Paint":0},{"Juzu Bracelet":2,"MiniHakkero":0,"War Paint":0},{"Juzu Bracelet":10,"MiniHakkero":0,"War Paint":0}]},"card_choices":[{"not_picked":["UnstableBomb","DarkMatter"],"picked":"WitchOfGreed","floor":1},{"not_picked":["GrandCross","DoubleSpark"],"picked":"MilkyWay","floor":2},{"not_picked":["UnstableBomb","Robbery"],"picked":"6A","floor":3}],"player_experience":107136,"relics_obtained":[{"floor":2,"key":"Juzu Bracelet"}],"event_choices":[{"damage_healed":0,"gold_gain":0,"player_choice":"Leave","damage_taken":0,"max_hp_gain":0,"max_hp_loss":0,"event_name":"The Cleric","floor":4,"gold_loss":0}],"is_beta":false,"boss_relics":[],"items_purged_floors":[],"is_endless":false,"potions_floor_spawned":[],"killed_by":"Lagavulin","ascension_level":0}}