{"host":"36t3qd3wjvajtu1z","time":1614323786,"event":{"mods":["2.2 Compatiblity","AchievementEnabler","BaseMod","Bestiary","Block Reminder","Colored Powertips","Curses Come First","Filter the Spire","Highlight Path","Minty Spire (QoL Compilation)","Permanent Neow","Quick Restart","Random Character Button","Rare Cards Sparkle","Relic Stats","Slay-I","StSLib","Unknown Chances"],"gold_per_floor":[110,110,121,134,146,146,172,172,199,214,232,157,191,202,202,276,276,296,312,312,329,37,37,72,22,22,22,34,34,34,34],"floor_reached":30,"language":"ENG","playtime":1079,"items_purged":["Strike_B","Defend_B","Defend_B"],"score":498,"play_id":"7ad6a409-9039-4057-8fc6-8f3d4ee443cc","local_time":"20210225231626","is_ascension_mode":true,"campfire_choices":[{"data":"Lockon","floor":6.0,"key":"SMITH"},{"floor":8.0,"key":"REST"},{"data":"Sunder","floor":15.0,"key":"SMITH"},{"floor":23.0,"key":"REST"},{"floor":27.0,"key":"REST"},{"data":"Machine Learning","floor":29.0,"key":"SMITH"}],"circlet_count":0,"master_deck":["AscendersBane","Strike_B","Strike_B","Defend_B","Defend_B","Zap+1","Dualcast","Lockon+1","Ball Lightning","FTL","Sunder+1","Conserve Battery","Core Surge","Glacier","Meteor Strike","Coolheaded","Conserve Battery","Self Repair","Machine Learning+1"],"relics":["Cracked Core","Orichalcum","Regal Pillow","Bronze Scales","Black Star","Smiling Mask","Kunai","Frozen Egg 2"],"acts_visited":["Exordium","TheCity"],"potions_floor_usage":[30],"damage_taken":[{"damage":0.0,"enemies":"Small Slimes","floor":1.0,"turns":3.0},{"damage":1.0,"enemies":"Cultist","floor":3.0,"turns":4.0},{"damage":5.0,"enemies":"2 Louse","floor":4.0,"turns":3.0},{"damage":16.0,"enemies":"Exordium Thugs","floor":5.0,"turns":4.0},{"damage":20.0,"enemies":"Lagavulin","floor":7.0,"turns":5.0},{"damage":14.0,"enemies":"Large Slime","floor":10.0,"turns":4.0},{"damage":1.0,"enemies":"3 Louse","floor":11.0,"turns":3.0},{"damage":2.0,"enemies":"Gremlin Nob","floor":13.0,"turns":3.0},{"damage":0.0,"enemies":"2 Fungi Beasts","floor":14.0,"turns":3.0},{"damage":13.0,"enemies":"Slime Boss","floor":16.0,"turns":6.0},{"damage":0.0,"enemies":"2 Thieves","floor":18.0,"turns":2.0},{"damage":16.0,"enemies":"Chosen","floor":19.0,"turns":4.0},{"damage":25.0,"enemies":"Shelled Parasite and Fungi","floor":21.0,"turns":4.0},{"damage":36.0,"enemies":"Slavers","floor":24.0,"turns":6.0},{"damage":10.0,"enemies":"Snecko","floor":28.0,"turns":4.0},{"damage":56,"enemies":"Book of Stabbing","floor":30,"turns":4}],"seed_played":"-513483069241456605","potions_obtained":[{"floor":1.0,"key":"Block Potion"},{"floor":4.0,"key":"SteroidPotion"},{"floor":10.0,"key":"Explosive Potion"},{"floor":16.0,"key":"AttackPotion"},{"floor":18.0,"key":"DuplicationPotion"},{"floor":24.0,"key":"GamblersBrew"}],"is_trial":false,"path_per_floor":["M","?","M","M","M","R","E","R","T","M","M","$","E","M","R","B",null,"M","M","?","M","$","R","E","$","T","R","M","R","E"],"character_chosen":"DEFECT","items_purchased":["Self Repair","Fruit Juice"],"campfire_rested":3,"item_purchase_floors":[22,22],"current_hp_per_floor":[64,64,63,58,42,42,22,43,43,29,28,28,26,26,26,13,57,57,41,41,16,21,58,29,29,29,66,56,56,0,0],"gold":34,"neow_bonus":"UPGRADE_CARD","is_daily":false,"chose_seed":false,"campfire_upgraded":3,"win_rate":0.0,"timestamp":1614323786,"path_taken":["M","?","M","?","M","R","E","R","T","M","?","$","E","M","R","BOSS","M","M","?","M","$","R","E","?","T","R","M","R","E"],"items_purchased_type":["Card","Potion"],"build_version":"2020-12-22","purchased_purges":3,"victory":false,"max_hp_per_floor":[71,71,71,71,71,71,71,71,71,71,71,71,71,71,71,71,71,71,71,71,71,76,76,76,76,76,76,76,76,76,76],"relic_stats":{"Regal Pillow":30,"counters":[16,62],"Bronze Scales":[93],"Black Star":1,"Kunai":[1],"Orichalcum":[90],"Smiling Mask":75,"obtain_stats":[{"Regal Pillow":9,"Bronze Scales":13,"Black Star":17,"Kunai":24,"Orichalcum":7,"Frozen Egg 2":26,"Cracked Core":0,"Smiling Mask":24},{"Regal Pillow":5,"Bronze Scales":8,"Black Star":10,"Kunai":14,"Orichalcum":5,"Frozen Egg 2":14,"Cracked Core":0,"Smiling Mask":14},{"Regal Pillow":19,"Bronze Scales":29,"Black Star":38,"Kunai":54,"Orichalcum":19,"Frozen Egg 2":54,"Cracked Core":0,"Smiling Mask":54}]},"card_choices":[{"not_picked":["Storm","Steam","White Noise"],"picked":"SKIP","floor":1.0},{"not_picked":["Hologram","Go for the Eyes"],"picked":"Lockon","floor":3.0},{"not_picked":["Barrage","Steam"],"picked":"Ball Lightning","floor":4.0},{"not_picked":["Melter","Streamline"],"picked":"FTL","floor":5.0},{"not_picked":["Barrage","Sweeping Beam"],"picked":"Sunder","floor":7.0},{"not_picked":["Coolheaded","Sweeping Beam"],"picked":"Conserve Battery","floor":10.0},{"not_picked":["White Noise","Hologram"],"picked":"Core Surge","floor":11.0},{"not_picked":["Hello World","Streamline"],"picked":"Glacier","floor":13.0},{"not_picked":["Ball Lightning","Streamline","Consume"],"picked":"SKIP","floor":14.0},{"not_picked":["Amplify","Reboot"],"picked":"Meteor Strike","floor":16.0},{"not_picked":["Stack","Turbo"],"picked":"Coolheaded","floor":18.0},{"not_picked":["Go for the Eyes","Steam"],"picked":"Conserve Battery","floor":19.0},{"not_picked":["Doom and Gloom","Redo","Gash+1"],"picked":"SKIP","floor":21.0},{"not_picked":["Coolheaded","Genetic Algorithm"],"picked":"Machine Learning","floor":24.0},{"not_picked":["Ball Lightning","Beam Cell","Tempest"],"picked":"SKIP","floor":28.0}],"player_experience":627262,"relics_obtained":[{"floor":7.0,"key":"Orichalcum"},{"floor":9.0,"key":"Regal Pillow"},{"floor":13.0,"key":"Bronze Scales"},{"floor":24.0,"key":"Smiling Mask"},{"floor":24.0,"key":"Kunai"},{"floor":26.0,"key":"Frozen Egg 2"}],"event_choices":[{"cards_removed":["Strike_B"],"damage_healed":0.0,"max_hp_gain":0.0,"max_hp_loss":0.0,"gold_gain":0.0,"event_name":"Purifier","player_choice":"Purged","floor":2.0,"gold_loss":0.0,"damage_taken":0.0},{"damage_healed":0.0,"max_hp_gain":0.0,"max_hp_loss":0.0,"gold_gain":0.0,"event_name":"Lab","player_choice":"Got Potions","floor":20.0,"gold_loss":0.0,"damage_taken":0.0}],"is_beta":false,"boss_relics":[{"not_picked":["SlaversCollar","Fusion Hammer"],"picked":"Black Star"}],"items_purged_floors":[12,22,25],"is_endless":false,"potions_floor_spawned":[1,4,10,16,18,19,24],"killed_by":"Book of Stabbing","ascension_level":18}}