{"host":"cy4bqpzmmfw1b6lr","time":1614298139,"event":{"mods":["AchievementEnabler","BaseMod","Colored Map","Conspire","Downfall","Halation","Infinite Spire","Minty Spire (QoL Compilation)","Replay The Spire","StSLib"],"gold_per_floor":[116,134,145,145,145,177,31,31,31,31,31,31,45,76,76,179,179,195,120,136,136,136,136,146,146,173,173,191,191,191,203,203,321,321,355,355,397,440,440,440],"floor_reached":39,"language":"ENG","playtime":1501,"items_purged":["Strike_R"],"score":649,"play_id":"9813c563-4be0-4274-8877-5acad301d47e","local_time":"20210225170859","is_ascension_mode":true,"campfire_choices":[{"floor":8,"key":"REST"},{"data":"Armaments","floor":10,"key":"SMITH"},{"data":"Uppercut","floor":12,"key":"SMITH"},{"data":"ReplayReversal","floor":15,"key":"SMITH"},{"floor":23,"key":"REST"},{"data":"Entrench","floor":25,"key":"SMITH"},{"data":"Pommel Strike","floor":25,"key":"SMITH"},{"data":"Inflame","floor":29,"key":"SMITH"},{"data":"Bludgeon","floor":29,"key":"SMITH"},{"floor":32,"key":"REST"}],"circlet_count":0,"master_deck":["Strike_R","Strike_R","Strike_R","Strike_R","Defend_R","Defend_R","Defend_R","Defend_R","ReplayTheSpireMod:Muscle Training","Inflame+1","Uppercut+1","Armaments+1","Survivor","Neutralize","Bludgeon+1","ReplayReversal+1","Pommel Strike+1","Immolate","CurseOfTheBell","Entrench+1","Flame Barrier+1","downfall:Bewildered","Demon Form","Intimidate+1","Cleave+1"],"relics":["Burning Blood","halation:PinkSoulGem","PreservedInsect","OrangePellets","Pet Ghost","Art of War","Calling Bell","Anchor","Mercury Hourglass","halation:PenCase","sneckomod:BabySnecko","Potion Belt","infinitespire:EvilPickle","Philosopher\u0027s Stone","halation:PapillonHeart"],"acts_visited":["Exordium","TheCity","TheBeyond"],"potions_floor_usage":[18,33],"damage_taken":[{"damage":9,"enemies":"Jaw Worm","floor":1,"turns":5},{"damage":1,"enemies":"Small Slimes","floor":2,"turns":3},{"damage":7,"enemies":"2 Louse","floor":3,"turns":2},{"damage":29,"enemies":"3 Sentries","floor":6,"turns":7},{"damage":5,"enemies":"Blue Slaver","floor":13,"turns":4},{"damage":0,"enemies":"Gremlin Nob","floor":14,"turns":3},{"damage":26,"enemies":"The Guardian","floor":16,"turns":11},{"damage":35,"enemies":"Spheric Guardian","floor":18,"turns":5},{"damage":21,"enemies":"3 Byrds","floor":20,"turns":5},{"damage":12,"enemies":"Centurion and Healer","floor":24,"turns":6},{"damage":1,"enemies":"Shelled Parasite and Fungi","floor":28,"turns":4},{"damage":25,"enemies":"Sentry and Sphere","floor":31,"turns":5},{"damage":30,"enemies":"Pondfish","floor":33,"turns":10},{"damage":26,"enemies":"3 Darklings","floor":35,"turns":5},{"damage":0,"enemies":"Orb Walker","floor":37,"turns":3},{"damage":46,"enemies":"Transient","floor":38,"turns":5},{"damage":32,"enemies":"Sphere and 2 Shapes","floor":39,"turns":4}],"seed_played":"9018012225775695117","potions_obtained":[{"floor":3,"key":"conspire:TimeTravelPotion"},{"floor":6,"key":"Weak Potion"},{"floor":13,"key":"sneckomod:MuddlingPotion"},{"floor":14,"key":"Fruit Juice"},{"floor":18,"key":"PowerPotion"},{"floor":28,"key":"bronze:BurnAndBuffPotion"},{"floor":37,"key":"Swift Potion"}],"is_trial":false,"path_per_floor":["M","M","M","?","?","E","$","R","T","R","$","R","M","E","R","B",null,"M","$","M","?","?","R","M","R","T","?","M","R","?","M","R","B",null,"M","?","M","M","M"],"character_chosen":"IRONCLAD","items_purchased":["OrangePellets"],"campfire_rested":3,"item_purchase_floors":[7],"current_hp_per_floor":[77,80,79,79,79,56,56,80,80,80,80,80,80,80,80,60,80,67,67,52,52,52,76,70,70,70,70,75,75,75,56,80,61,85,65,65,71,31,0,0],"gold":440,"neow_bonus":"THREE_CARDS","is_daily":false,"chose_seed":false,"campfire_upgraded":7,"win_rate":0.0,"timestamp":1614298139,"path_taken":["M","M","M","?","?","E","$","R","T","R","?","R","?","E","R","BOSS","M","$","M","?","?","R","M","R","T","?","?","R","?","M","R","BOSS","M","?","M","M","M"],"items_purchased_type":["Relic"],"build_version":"2020-12-22","purchased_purges":1,"victory":false,"max_hp_per_floor":[80,80,80,80,80,80,80,80,80,80,80,80,80,80,80,80,80,80,80,80,80,80,80,80,80,80,80,80,80,80,80,80,85,85,85,81,81,81,81,81],"card_choices":[{"not_picked":["Replay:Undeath\u0027s Touch","Sword Boomerang"],"picked":"ReplayTheSpireMod:Muscle Training","floor":0},{"not_picked":["Clash","Cleave"],"picked":"Inflame","floor":1},{"not_picked":["Clothesline","Bloodletting"],"picked":"Uppercut","floor":2},{"not_picked":["Pommel Strike","Clash"],"picked":"Armaments","floor":3},{"not_picked":["Massacre","Second Wind"],"picked":"Bludgeon","floor":6},{"not_picked":["Headbutt","Perfected Strike"],"picked":"ReplayReversal","floor":13},{"not_picked":["Sever Soul","Combust"],"picked":"Pommel Strike","floor":14},{"not_picked":["Hemogenesis","Replay:Many Hands"],"picked":"Immolate","floor":16},{"not_picked":["Havoc+1","Cleave"],"picked":"Entrench","floor":18},{"not_picked":["Cleave","True Grit"],"picked":"Flame Barrier+1","floor":20},{"not_picked":["Fire Breathing","ReplayTheSpireMod:Corrosion Curse","Clash"],"picked":"SKIP","floor":24},{"not_picked":["Thunderclap","Feel No Pain+1","Combust"],"picked":"SKIP","floor":28},{"not_picked":["Wild Strike+1","ReplayTheSpireMod:Limb From Limb","Reckless Charge"],"picked":"SKIP","floor":31},{"not_picked":["Impervious","Offering"],"picked":"Demon Form","floor":33},{"not_picked":["Warcry+1","conspire:ExplosiveBarrier"],"picked":"Intimidate+1","floor":35},{"not_picked":["Thunderclap","Warcry"],"picked":"Cleave+1","floor":37},{"not_picked":["conspire:ExplosiveBarrier","Fire Breathing","Run Through+1"],"picked":"SKIP","floor":38}],"player_experience":40803,"relics_obtained":[{"floor":6,"key":"PreservedInsect"},{"floor":9,"key":"Pet Ghost"},{"floor":14,"key":"Art of War"},{"floor":17,"key":"Anchor"},{"floor":17,"key":"Mercury Hourglass"},{"floor":17,"key":"halation:PenCase"},{"floor":26,"key":"Potion Belt"}],"event_choices":[{"damage_healed":0,"gold_gain":0,"player_choice":"Ignored","damage_taken":0,"max_hp_gain":0,"max_hp_loss":0,"event_name":"Ghosts","floor":30,"gold_loss":0}],"is_beta":false,"boss_relics":[{"not_picked":["Replay:Drink Me","Tiny House"],"picked":"Calling Bell"},{"not_picked":["Black Star","Empty Cage"],"picked":"Philosopher\u0027s Stone"}],"items_purged_floors":[19],"is_endless":false,"potions_floor_spawned":[3,6,13,14,18,28,37],"killed_by":"Sphere and 2 Shapes","ascension_level":3}}