{"host":"359hz4210ybch7ku","time":1614343192,"event":{"mods":["BaseMod","Block Reminder","Colored Map","Colored Powertips","Highlight Path","Minty Spire (QoL Compilation)","Slay the Relics Exporter","StSLib"],"gold_per_floor":[115,115,40,60,77,77,105,105,129,149,149,159,189,89,89,89,89],"floor_reached":16,"language":"ENG","playtime":662,"items_purged":["Defend_B","Strike_B"],"score":116,"play_id":"cb4d3cda-61ed-4b53-a312-91ccf3e3c148","local_time":"20210226043952","is_ascension_mode":true,"campfire_choices":[{"data":"Genetic Algorithm","floor":6,"key":"SMITH"},{"floor":8,"key":"REST"},{"data":"Gash","floor":15,"key":"SMITH"}],"circlet_count":0,"master_deck":["Strike_B","Strike_B+1","Defend_B","Defend_B","Zap","Dualcast+1","Genetic Algorithm+1","Rebound","Gash+1","FTL","Streamline"],"relics":["Cracked Core","Pen Nib","Ancient Tea Set","Akabeko"],"acts_visited":["Exordium"],"potions_floor_usage":[],"damage_taken":[{"damage":1,"enemies":"Jaw Worm","floor":1,"turns":3},{"damage":0,"enemies":"Small Slimes","floor":4,"turns":2},{"damage":0,"enemies":"Cultist","floor":5,"turns":4},{"damage":35,"enemies":"Lagavulin","floor":7,"turns":7},{"damage":0,"enemies":"Looter","floor":10,"turns":2},{"damage":0,"enemies":"2 Fungi Beasts","floor":12,"turns":3},{"damage":14,"enemies":"Gremlin Nob","floor":13,"turns":3},{"damage":32,"enemies":"Hexaghost","floor":16,"turns":5}],"seed_played":"8873808516595478358","potions_obtained":[{"floor":5,"key":"FearPotion"},{"floor":12,"key":"SpeedPotion"}],"is_trial":false,"path_per_floor":["M","?","$","M","M","R","E","R","T","M","?","M","E","$","R","B"],"character_chosen":"DEFECT","items_purchased":[],"campfire_rested":1,"item_purchase_floors":[],"current_hp_per_floor":[74,59,59,59,59,59,24,46,46,46,46,46,32,32,32,0,0],"gold":89,"neow_bonus":"REMOVE_CARD","is_daily":false,"chose_seed":false,"campfire_upgraded":2,"win_rate":0.0,"timestamp":1614343192,"path_taken":["M","?","$","M","M","R","E","R","T","M","?","M","E","$","R","BOSS"],"items_purchased_type":[],"build_version":"2020-12-22","purchased_purges":2,"victory":false,"max_hp_per_floor":[75,75,75,75,75,75,75,75,75,75,75,75,75,75,75,75,75],"card_choices":[{"not_picked":["Streamline","Ball Lightning"],"picked":"Genetic Algorithm","floor":1},{"not_picked":["Leap","Double Energy"],"picked":"Rebound","floor":4},{"not_picked":["Cold Snap","Beam Cell"],"picked":"Gash","floor":5},{"not_picked":["Lockon","Steam"],"picked":"FTL","floor":7},{"not_picked":["Barrage","Aggregate","Doom and Gloom"],"picked":"SKIP","floor":10},{"not_picked":["Aggregate","Static Discharge","Consume"],"picked":"SKIP","floor":12},{"not_picked":["Amplify","Rip and Tear","Storm"],"picked":"SKIP","floor":13}],"player_experience":369970,"relics_obtained":[{"floor":7,"key":"Pen Nib"},{"floor":9,"key":"Ancient Tea Set"},{"floor":13,"key":"Akabeko"}],"event_choices":[{"damage_healed":0,"gold_gain":0,"player_choice":"Entered Light","damage_taken":15,"max_hp_gain":0,"max_hp_loss":0,"event_name":"Shining Light","floor":2,"gold_loss":0,"cards_upgraded":["Strike_B","Dualcast"]},{"damage_healed":0,"gold_gain":0,"cards_transformed":["Defend_B"],"player_choice":"Change","damage_taken":0,"max_hp_gain":0,"max_hp_loss":0,"event_name":"Living Wall","floor":11,"gold_loss":0,"cards_obtained":["Streamline"]}],"is_beta":false,"boss_relics":[],"items_purged_floors":[3,14],"is_endless":false,"potions_floor_spawned":[5,12],"killed_by":"Hexaghost","ascension_level":1}}