{"host":"ese2ark2t4rtyu62","time":1614344146,"event":{"mods":["BaseMod","Downfall","Hermit","Lobotomy","Minty Spire (QoL Compilation)","Replay The Spire","StSLib","The Construct"],"gold_per_floor":[119,137,195,145,145,180,212,252,252,252,252,252],"floor_reached":10,"language":"ZHS","playtime":1329,"items_purged":[],"score":84,"play_id":"334336c8-488e-4145-88c7-28b922711870","local_time":"20210226205546","daily_mods":["Draft","Heirloom","Time Dilation","Flight","Elite Swarm"],"is_ascension_mode":false,"campfire_choices":[],"circlet_count":0,"master_deck":["champ:FocusedBerserking","champ:DeathBlow","champ:CalledShot+1","champ:TornadoPunch","champ:StanceDance","champ:ArenaPreparation","champ:EnragedBash","champ:CalledShot","champ:EnGarde","champ:CrookedStrike","champ:CrownThrow","champ:RapidStrikes","champ:FancyFootwork","champ:PreciseThrust","champ:FanOfKnives","champ:DefensiveShout","champ:StanceDance","champ:HoldFirm","champ:UltimateStance","champ:VampiricStrike"],"relics":["champ:ChampionCrown","Ginger","Strawberry","Prayer Wheel","CeramicFish","construct:FoamFinger"],"acts_visited":["Exordium"],"potions_floor_usage":[],"damage_taken":[{"damage":0,"enemies":"2 Louse","floor":1,"turns":1},{"damage":0,"enemies":"Small Slimes","floor":2,"turns":2},{"damage":35,"enemies":"Gremlin Nob","floor":6,"turns":3},{"damage":33,"enemies":"3 Sentries","floor":7,"turns":3},{"damage":45,"enemies":"Gremlin Nob","floor":8,"turns":3},{"damage":51,"enemies":"Lagavulin","floor":10,"turns":3}],"seed_played":"6309526400219459866","potions_obtained":[],"is_trial":true,"path_per_floor":["M","M","?","$","?","E","E","E","T","E"],"character_chosen":"THE_CHAMP","items_purchased":["champ:StanceDance"],"campfire_rested":0,"item_purchase_floors":[4],"current_hp_per_floor":[90,90,90,90,90,77,59,39,39,0,0,0],"gold":252,"neow_bonus":"","is_daily":false,"chose_seed":false,"campfire_upgraded":0,"win_rate":0.0,"timestamp":1614344146,"path_taken":["M","M","?","$","?","E","E","E","T","E"],"items_purchased_type":["Card"],"build_version":"2020-12-22","purchased_purges":0,"victory":false,"max_hp_per_floor":[90,90,90,90,90,97,97,97,97,97,97,97],"card_choices":[{"not_picked":["champ:Haymaker","champ:GutPunch"],"picked":"champ:FocusedBerserking","floor":0},{"not_picked":["champ:ShieldSlam","champ:GladiatorStyle"],"picked":"champ:DeathBlow","floor":0},{"not_picked":["champ:BerserkersShout","champ:FalseCounter"],"picked":"champ:CalledShot","floor":0},{"not_picked":["champ:Haymaker","champ:AdrenalArmor"],"picked":"champ:TornadoPunch","floor":0},{"not_picked":["champ:SetATrap","champ:BringItOn"],"picked":"champ:StanceDance","floor":0},{"not_picked":["champ:BladeFlurry","champ:EnGarde"],"picked":"champ:ArenaPreparation","floor":0},{"not_picked":["champ:BerserkersShout","champ:Circumvent"],"picked":"champ:EnragedBash","floor":0},{"not_picked":["champ:CrownThrow","champ:TornadoPunch"],"picked":"champ:CalledShot","floor":0},{"not_picked":["champ:DefensiveShout","champ:ShieldWall"],"picked":"champ:EnGarde","floor":0},{"not_picked":["champ:Backstep","champ:Endure"],"picked":"champ:CrookedStrike","floor":0},{"not_picked":["champ:Backstep","champ:Haymaker"],"picked":"champ:CrownThrow","floor":0},{"not_picked":["champ:DefensiveShout","champ:BringItOn"],"picked":"champ:RapidStrikes","floor":0},{"not_picked":["champ:FocusedBerserking","champ:Parry"],"picked":"champ:FancyFootwork","floor":0},{"not_picked":["champ:CrookedStrike","champ:PerfectedStrike"],"picked":"champ:PreciseThrust","floor":0},{"not_picked":["champ:FancyFootwork","champ:Circumvent"],"picked":"champ:FanOfKnives","floor":0},{"not_picked":["champ:Lariat","champ:Circumvent"],"picked":"champ:DefensiveShout","floor":1},{"not_picked":["champ:TornadoPunch","champ:EnragedBash","champ:BringItOn"],"picked":"SKIP","floor":2},{"not_picked":["champ:GladiatorForm","champ:ShieldThrow"],"picked":"champ:HoldFirm","floor":6},{"not_picked":["champ:CheapShot","champ:LastStand"],"picked":"champ:UltimateStance","floor":7},{"not_picked":["champ:StrikeOfGenius","champ:Improvising"],"picked":"champ:VampiricStrike","floor":8}],"player_experience":269974,"relics_obtained":[{"floor":6,"key":"Strawberry"},{"floor":7,"key":"Prayer Wheel"},{"floor":8,"key":"CeramicFish"},{"floor":9,"key":"construct:FoamFinger"}],"event_choices":[{"damage_healed":0,"gold_gain":58,"player_choice":"Gained Gold","damage_taken":0,"max_hp_gain":0,"max_hp_loss":0,"event_name":"Golden Wing","floor":3,"gold_loss":0},{"damage_healed":0,"gold_gain":0,"player_choice":"Upgraded","damage_taken":0,"max_hp_gain":0,"max_hp_loss":0,"event_name":"Upgrade Shrine","floor":5,"gold_loss":0,"cards_upgraded":["champ:CalledShot"]}],"is_beta":false,"boss_relics":[],"items_purged_floors":[],"is_endless":true,"potions_floor_spawned":[],"killed_by":"Lagavulin","ascension_level":0}}