{"host":"e4mqwdeqkh64qloq","time":1614375592,"event":{"mods":["BaseMod","Downfall","Minty Spire (QoL Compilation)","Relic Stats","Replay The Spire","StSLib","The Cursed"],"gold_per_floor":[111,131,206,216,232,232,251,5,5,31,31,66,66,84,84,182,182,200,46,57,57,156,156,181,181,181,157,177,177,188,199,199,303,303,322,322,322,322,332,332,332,332],"floor_reached":41,"language":"ENG","playtime":6715,"items_purged":[],"score":740,"play_id":"726d098e-6723-49f4-92ad-6753e00f06b5","local_time":"20210226163952","is_ascension_mode":true,"campfire_choices":[{"data":"BasicCrystalCard","floor":6.0,"key":"SMITH"},{"data":"Genetic Algorithm","floor":11.0,"key":"SMITH"},{"data":"Sweeping Beam","floor":13.0,"key":"SMITH"},{"floor":15.0,"key":"REST"},{"floor":23.0,"key":"REST"},{"floor":25.0,"key":"REST"},{"floor":32.0,"key":"DIG"},{"floor":40,"key":"REST"}],"circlet_count":0,"master_deck":["Strike_B","Strike_B","Defend_B","Defend_B","Defend_B","Zap","Dualcast","Compile Driver","Hello World","Ball Lightning","BasicCrystalCard+1","Genetic Algorithm+1","ReplayTheSpireMod:Doomed","Sweeping Beam+1","Heatsinks","Cold Snap","Core Surge","Multi-Cast+1","Barrage+1","Blizzard+1","ReplaySolidLightProjector+1","Aggregate+1","Delirium","Hologram","Ball Lightning","Creative AI","Writhe","Recycle","Madness","Madness","Normality","Chill+1"],"relics":["Cursed Key","Matryoshka","Kunai","Pear","Singing Bowl","Replay:Rubber Ducky","Replay:Grab Bag","ChewingGum","Philosopher\u0027s Stone","Astrolabe","Runic Capacitor","Bottled Lightning","Orichalcum","Art of War","Replay:Ancient Bell","Omamori","Solar Panel","Ginger","Onion Ring"],"acts_visited":["Exordium","TheCity","TheBeyond"],"potions_floor_usage":[41,41,41],"damage_taken":[{"damage":3.0,"enemies":"2 Louse","floor":1.0,"turns":3.0},{"damage":6.0,"enemies":"Cultist","floor":2.0,"turns":3.0},{"damage":9.0,"enemies":"Small Slimes","floor":4.0,"turns":3.0},{"damage":0.0,"enemies":"Exordium Wildlife","floor":5.0,"turns":3.0},{"damage":0.0,"enemies":"3 Louse","floor":7.0,"turns":3.0},{"damage":17.0,"enemies":"Gremlin Nob","floor":10.0,"turns":4.0},{"damage":0.0,"enemies":"Lagavulin","floor":12.0,"turns":6.0},{"damage":21.0,"enemies":"Exordium Thugs","floor":14.0,"turns":3.0},{"damage":16.0,"enemies":"Hexaghost","floor":16.0,"turns":9.0},{"damage":17.0,"enemies":"Chosen","floor":18.0,"turns":4.0},{"damage":30.0,"enemies":"Shell Parasite","floor":20.0,"turns":6.0},{"damage":26.0,"enemies":"Book of Stabbing","floor":24.0,"turns":4.0},{"damage":11.0,"enemies":"Centurion and Healer","floor":28.0,"turns":7.0},{"damage":35.0,"enemies":"Snake Plant","floor":30.0,"turns":4.0},{"damage":11.0,"enemies":"Shelled Parasite and Fungi","floor":31.0,"turns":5.0},{"damage":24.0,"enemies":"Pondfish","floor":33.0,"turns":16.0},{"damage":43.0,"enemies":"3 Shapes","floor":35.0,"turns":6.0},{"damage":29.0,"enemies":"Orb Walker","floor":39.0,"turns":4.0},{"damage":57,"enemies":"Transient","floor":41,"turns":3}],"seed_played":"-7660303552175095592","potions_obtained":[{"floor":1.0,"key":"Energy Potion"},{"floor":2.0,"key":"Death Potion"},{"floor":10.0,"key":"Cursed Concoction"},{"floor":14.0,"key":"champ:CounterPotion"},{"floor":20.0,"key":"FearPotion"},{"floor":30.0,"key":"AttackPotion"},{"floor":33.0,"key":"Explosive Potion"},{"floor":35.0,"key":"Explosive Potion"}],"is_trial":false,"path_per_floor":["M","M","?","M","M","R","M","$","T","E","R","E","R","M","R","B",null,"M","$","M","?","?","R","E","R","T","$","M","?","M","M","R","B",null,"M","?","?","T","M","R","M"],"character_chosen":"DEFECT","items_purchased":["Matryoshka","Runic Capacitor","Hologram"],"campfire_rested":4,"item_purchase_floors":[8,19,27],"current_hp_per_floor":[72,66,59,50,50,50,50,50,60,43,43,43,43,22,47,31,85,68,68,38,38,38,63,39,65,65,65,56,85,52,41,41,17,95,60,48,48,48,25,53,0,0],"gold":332,"neow_bonus":"BOSS_RELIC","is_daily":false,"chose_seed":false,"campfire_upgraded":3,"win_rate":0.0,"timestamp":1614375592,"path_taken":["M","M","?","M","M","R","?","?","T","E","R","E","R","M","R","BOSS","M","$","M","?","?","R","E","R","T","?","M","?","M","M","R","BOSS","M","?","?","?","M","R","M"],"items_purchased_type":["Relic","Relic","Card"],"build_version":"2020-12-22","purchased_purges":0,"victory":false,"max_hp_per_floor":[75,75,75,75,75,75,75,75,85,85,85,85,85,85,85,85,85,85,85,85,85,85,85,87,87,87,87,89,89,91,91,91,91,95,95,95,95,95,95,95,95,95],"relic_stats":{"Singing Bowl":10,"counters":[19,96],"Astrolabe":["Multi-Cast","Barrage","Blizzard"],"Art of War":[3],"Kunai":[30],"Ginger":[0],"Orichalcum":[84],"Cursed Key":3,"obtain_stats":[{"Solar Panel":34,"Pear":9,"Singing Bowl":10,"Replay:Grab Bag":17,"Astrolabe":17,"Runic Capacitor":19,"Replay:Ancient Bell":34,"Omamori":34,"Ginger":34,"Orichalcum":26,"Cursed Key":0,"Replay:Rubber Ducky":12,"Matryoshka":8,"ChewingGum":17,"Philosopher\u0027s Stone":17,"Onion Ring":38,"Art of War":32,"Kunai":9,"Bottled Lightning":24,"Cracked Core":0},{"Solar Panel":16,"Pear":5,"Singing Bowl":6,"Replay:Grab Bag":9,"Astrolabe":9,"Runic Capacitor":10,"Replay:Ancient Bell":16,"Omamori":16,"Ginger":16,"Orichalcum":12,"Cursed Key":0,"Replay:Rubber Ducky":7,"Matryoshka":5,"ChewingGum":9,"Philosopher\u0027s Stone":9,"Onion Ring":17,"Art of War":15,"Kunai":5,"Bottled Lightning":12,"Cracked Core":0},{"Solar Panel":83,"Pear":15,"Singing Bowl":19,"Replay:Grab Bag":37,"Astrolabe":37,"Runic Capacitor":41,"Replay:Ancient Bell":83,"Omamori":83,"Ginger":83,"Orichalcum":51,"Cursed Key":0,"Replay:Rubber Ducky":25,"Matryoshka":15,"ChewingGum":37,"Philosopher\u0027s Stone":37,"Onion Ring":89,"Art of War":67,"Kunai":15,"Bottled Lightning":51,"Cracked Core":0}]},"card_choices":[{"not_picked":["Storm","Leap"],"picked":"Compile Driver","floor":1.0},{"not_picked":["Conserve Battery","BootSequence"],"picked":"Hello World","floor":2.0},{"not_picked":["Storm","Seek"],"picked":"Ball Lightning","floor":4.0},{"not_picked":["Turbo","Reprogram"],"picked":"BasicCrystalCard","floor":5.0},{"not_picked":["Sweeping Beam","Coolheaded"],"picked":"Genetic Algorithm","floor":7.0},{"not_picked":["Redo","ReplayTheSpireMod:Reroute Power"],"picked":"Sweeping Beam","floor":10.0},{"not_picked":["Chill","Undo"],"picked":"Heatsinks","floor":12.0},{"not_picked":["Hologram","Blizzard"],"picked":"Cold Snap","floor":14.0},{"not_picked":["Buffer","Seek"],"picked":"Core Surge","floor":16.0},{"not_picked":["Cold Snap","Static Discharge"],"picked":"ReplaySolidLightProjector+1","floor":18.0},{"not_picked":["Gash","Static Discharge"],"picked":"Aggregate+1","floor":20.0},{"not_picked":["Streamline","FTL","ReplayGash"],"picked":"Singing Bowl","floor":24.0},{"not_picked":["Leap","Streamline","Heatsinks"],"picked":"Singing Bowl","floor":28.0},{"not_picked":["FIFO Queue","Steam","Go for the Eyes"],"picked":"Singing Bowl","floor":30.0},{"not_picked":["Beam Cell+1","Double Energy"],"picked":"Ball Lightning","floor":31.0},{"not_picked":["Reboot","Machine Learning"],"picked":"Creative AI","floor":33.0},{"not_picked":["Hallucinations","Amnesia","CurseOfTheBell"],"picked":"Singing Bowl","floor":34.0},{"not_picked":["Voices","ReplayTheSpireMod:IOU","downfall:Bewildered"],"picked":"Singing Bowl","floor":34.0},{"not_picked":["Amnesia","Replay:Hysterical Blindness"],"picked":"Writhe","floor":34.0},{"not_picked":["Beam Cell+1","Conserve Battery"],"picked":"Recycle","floor":35.0},{"not_picked":["Compile Driver","FTL+1"],"picked":"Chill+1","floor":39.0}],"player_experience":283103,"relics_obtained":[{"floor":9.0,"key":"Kunai"},{"floor":9.0,"key":"Pear"},{"floor":10.0,"key":"Singing Bowl"},{"floor":12.0,"key":"Replay:Rubber Ducky"},{"floor":24.0,"key":"Bottled Lightning"},{"floor":26.0,"key":"Orichalcum"},{"floor":32.0,"key":"Art of War"},{"floor":38.0,"key":"Onion Ring"}],"event_choices":[{"damage_healed":0.0,"max_hp_gain":0.0,"max_hp_loss":0.0,"gold_gain":75.0,"event_name":"FaceTrader","player_choice":"Touch","floor":3.0,"gold_loss":0.0,"damage_taken":7.0},{"damage_healed":0.0,"max_hp_gain":0.0,"max_hp_loss":0.0,"gold_gain":0.0,"event_name":"Ghosts","player_choice":"Ignored","floor":21.0,"gold_loss":0.0,"damage_taken":0.0},{"damage_healed":0.0,"max_hp_gain":0.0,"max_hp_loss":0.0,"gold_gain":99.0,"event_name":"Nest","player_choice":"Stole From Cult","floor":22.0,"gold_loss":0.0,"damage_taken":0.0},{"damage_healed":29.0,"max_hp_gain":0.0,"max_hp_loss":0.0,"gold_gain":0.0,"event_name":"The Library","player_choice":"Heal","floor":29.0,"gold_loss":0.0,"damage_taken":0.0},{"damage_healed":0.0,"max_hp_gain":0.0,"max_hp_loss":0.0,"gold_gain":0.0,"event_name":"Winding Halls","player_choice":"Embrace Madness","floor":36.0,"gold_loss":0.0,"damage_taken":12.0,"cards_obtained":["Madness","Madness"]},{"damage_healed":0.0,"max_hp_gain":0.0,"max_hp_loss":0.0,"gold_gain":0.0,"event_name":"Tomb of Lord Red Mask","player_choice":"Ignored","floor":37.0,"gold_loss":0.0,"damage_taken":0.0}],"is_beta":false,"boss_relics":[{"not_picked":["Velvet Choker","Painkiller Herb"],"picked":"Replay:Grab Bag"},{"not_picked":["Busted Crown","Sozu"],"picked":"ChewingGum"},{"not_picked":["Replay:Wanted Poster","Replay:Bronze Core"],"picked":"Philosopher\u0027s Stone"},{"not_picked":["Kintsugi","Ring of Chaos"],"picked":"Astrolabe"},{"not_picked":["Inserter","Snecko Eye"],"picked":"Replay:Ancient Bell"},{"not_picked":["Replay:Antivirus Software","Happy Flower"],"picked":"Omamori"},{"not_picked":["StrikeDummy","Divine Protection"],"picked":"Solar Panel"},{"not_picked":["TungstenRod","Replay:Kaleidoscope"],"picked":"Ginger"}],"items_purged_floors":[],"is_endless":false,"potions_floor_spawned":[1,2,10,14,20,30,33,35],"killed_by":"Transient","ascension_level":4}}