{"host":"f76wcztdlwlduum6","time":1614381659,"event":{"mods":["AchievementEnabler","BaseMod","BetterRewards","Colored Powertips","Minty Spire (QoL Compilation)","Quick Restart","Rare Cards Sparkle","Relic Stats","StSLib","SuperFastMode","everything is the same but u backflip on backflip"],"gold_per_floor":[114,132,152,152,168,194,207,238,286,301,315,325,352,368,368,439,439,454,470,489,404,422,447,372,397,397,432,432,432],"floor_reached":28,"language":"ENG","playtime":1096,"items_purged":[],"score":662,"play_id":"cedf5082-8181-4b59-bf4c-9fe7e22b5fa3","local_time":"20210226172059","is_ascension_mode":true,"campfire_choices":[{"data":"1","floor":15,"key":"LIFT"}],"circlet_count":0,"master_deck":["AscendersBane","Bash","Exhume","Rupture+1","Combust","Metallicize","Uppercut+1","Hemokinesis+1","Double Tap","Pummel+1","Clothesline+1","Hemokinesis+1","Exhume","Bite+1","Bite+1","Bite+1","Bite+1","Bite+1","Reaper+1","Hemokinesis+1","Rupture+1","Reaper+1","Pummel+1","Flame Barrier","Inflame","Feel No Pain","Impervious","Twin Strike+1","Dark Embrace+1","Clothesline+1","Shrug It Off+1","Bloodletting","Juggernaut","Pommel Strike+1","Bloodletting+1","Intimidate+1"],"relics":["Burning Blood","Prayer Wheel","Toy Ornithopter","Girya","Red Skull","Bottled Tornado","Molten Egg 2","Medical Kit","Astrolabe","Mummified Hand","Blood Vial","Magic Flower","Ancient Tea Set","Ornamental Fan","Question Card","Du-Vu Doll","Unceasing Top"],"acts_visited":["Exordium","TheCity"],"potions_floor_usage":[16,25],"damage_taken":[{"damage":15,"enemies":"Jaw Worm","floor":1,"turns":5},{"damage":11,"enemies":"2 Louse","floor":2,"turns":3},{"damage":9,"enemies":"Small Slimes","floor":3,"turns":3},{"damage":11,"enemies":"Looter","floor":5,"turns":3},{"damage":15,"enemies":"Lagavulin","floor":6,"turns":5},{"damage":19,"enemies":"Exordium Wildlife","floor":7,"turns":3},{"damage":10,"enemies":"Gremlin Nob","floor":8,"turns":3},{"damage":24,"enemies":"Exordium Thugs","floor":10,"turns":4},{"damage":0,"enemies":"2 Fungi Beasts","floor":11,"turns":2},{"damage":19,"enemies":"3 Louse","floor":12,"turns":3},{"damage":24,"enemies":"3 Sentries","floor":13,"turns":3},{"damage":16,"enemies":"Exordium Wildlife","floor":14,"turns":3},{"damage":36,"enemies":"Hexaghost","floor":16,"turns":5},{"damage":32,"enemies":"3 Byrds","floor":18,"turns":5},{"damage":49,"enemies":"2 Thieves","floor":19,"turns":3},{"damage":28,"enemies":"Chosen and Byrds","floor":20,"turns":4},{"damage":22,"enemies":"Centurion and Healer","floor":22,"turns":3},{"damage":28,"enemies":"Slavers","floor":23,"turns":4},{"damage":48,"enemies":"Gremlin Leader","floor":25,"turns":5},{"damage":100,"enemies":"Book of Stabbing","floor":27,"turns":7},{"damage":38,"enemies":"Shelled Parasite and Fungi","floor":28,"turns":1}],"seed_played":"6523540849180578797","potions_obtained":[{"floor":3,"key":"Block Potion"},{"floor":7,"key":"SteroidPotion"},{"floor":12,"key":"DuplicationPotion"},{"floor":16,"key":"Fruit Juice"},{"floor":18,"key":"PowerPotion"}],"is_trial":false,"path_per_floor":["M","M","M","?","M","E","M","E","T","M","M","M","E","M","R","B",null,"M","M","M","?","M","E","?","E","T","E","M"],"character_chosen":"IRONCLAD","items_purchased":[],"campfire_rested":0,"item_purchase_floors":[],"current_hp_per_floor":[59,54,51,44,39,30,17,13,13,17,26,25,33,39,39,28,67,56,42,32,32,27,56,56,59,59,22,0,0],"gold":432,"neow_bonus":"ONE_RANDOM_RARE_CARD","is_daily":false,"chose_seed":false,"campfire_upgraded":0,"win_rate":0.0,"timestamp":1614381659,"path_taken":["M","M","M","?","M","E","M","E","T","M","M","M","E","M","R","BOSS","M","M","M","?","M","E","?","E","T","E","M"],"items_purchased_type":[],"build_version":"2020-12-22","purchased_purges":0,"victory":false,"max_hp_per_floor":[75,75,75,75,75,75,75,75,75,75,75,75,75,75,75,80,80,80,80,80,80,80,80,80,80,80,80,80,80],"relic_stats":{"counters":[21,77],"Astrolabe":["Twin Strike","Dark Embrace","Clothesline"],"Magic Flower":[51],"Medical Kit":[3],"Question Card":1,"Burning Blood":129,"Blood Vial":13,"Mummified Hand":[26],"Ornamental Fan":[0],"Prayer Wheel":13,"obtain_stats":[{"Girya":8,"Astrolabe":17,"Magic Flower":23,"Bottled Tornado":11,"Medical Kit":16,"Ancient Tea Set":23,"Question Card":26,"Burning Blood":0,"Blood Vial":21,"Du-Vu Doll":27,"Mummified Hand":20,"Ornamental Fan":25,"Molten Egg 2":0,"Prayer Wheel":0,"Toy Ornithopter":6,"Red Skull":9,"Unceasing Top":28},{"Girya":7,"Astrolabe":13,"Magic Flower":18,"Bottled Tornado":9,"Medical Kit":13,"Ancient Tea Set":18,"Question Card":19,"Burning Blood":0,"Blood Vial":16,"Du-Vu Doll":20,"Mummified Hand":16,"Ornamental Fan":19,"Molten Egg 2":0,"Prayer Wheel":0,"Toy Ornithopter":5,"Red Skull":7,"Unceasing Top":21},{"Girya":25,"Astrolabe":45,"Magic Flower":61,"Bottled Tornado":31,"Medical Kit":41,"Ancient Tea Set":64,"Question Card":69,"Burning Blood":0,"Blood Vial":57,"Du-Vu Doll":76,"Mummified Hand":57,"Ornamental Fan":69,"Molten Egg 2":0,"Prayer Wheel":0,"Toy Ornithopter":19,"Red Skull":25,"Unceasing Top":77}],"Toy Ornithopter":13,"Unceasing Top":[0]},"card_choices":[{"not_picked":["Whirlwind+1","Sword Boomerang+1"],"picked":"Metallicize","floor":1},{"not_picked":["Body Slam+1","Clash+1","Carnage+1"],"picked":"SKIP","floor":1},{"not_picked":["Perfected Strike+1","Iron Wave+1"],"picked":"Uppercut+1","floor":2},{"not_picked":["Sever Soul+1","Wild Strike+1","Warcry"],"picked":"SKIP","floor":2},{"not_picked":["Body Slam+1","Evolve"],"picked":"Hemokinesis+1","floor":3},{"not_picked":["Reckless Charge+1","Cleave+1","Perfected Strike+1"],"picked":"SKIP","floor":3},{"not_picked":["Cleave+1","Iron Wave+1"],"picked":"Double Tap","floor":5},{"not_picked":["Clash+1","Perfected Strike+1"],"picked":"Pummel+1","floor":5},{"not_picked":["Pummel+1","Searing Blow+1"],"picked":"Clothesline+1","floor":6},{"not_picked":["Blood for Blood+1","Heavy Blade+1"],"picked":"Hemokinesis+1","floor":7},{"not_picked":["Anger+1","Body Slam+1","Havoc"],"picked":"SKIP","floor":7},{"not_picked":["Fiend Fire+1","Twin Strike+1"],"picked":"Exhume","floor":8},{"not_picked":["Heavy Blade+1","Headbutt+1","True Grit"],"picked":"SKIP","floor":10},{"not_picked":["Thunderclap+1","Clothesline+1","Warcry"],"picked":"SKIP","floor":10},{"not_picked":["Headbutt+1","Clothesline+1"],"picked":"Hemokinesis+1","floor":11},{"not_picked":["Searing Blow+1","Armaments"],"picked":"Reaper+1","floor":11},{"not_picked":["Anger+1","Clothesline+1"],"picked":"Clash+1","floor":12},{"not_picked":["Anger+1","Sever Soul+1"],"picked":"Pummel+1","floor":12},{"not_picked":["Iron Wave+1","Warcry"],"picked":"Flame Barrier","floor":13},{"not_picked":["Wild Strike+1","Rage"],"picked":"Inflame","floor":14},{"not_picked":["Havoc","Entrench"],"picked":"Feel No Pain","floor":14},{"not_picked":["Demon Form","Exhume"],"picked":"Impervious","floor":16},{"not_picked":["Cleave+1","Body Slam+1"],"picked":"Shrug It Off+1","floor":18},{"not_picked":["Carnage+1","Sword Boomerang+1","Iron Wave+1"],"picked":"SKIP","floor":18},{"not_picked":["Inflame","Battle Trance"],"picked":"Bloodletting","floor":19},{"not_picked":["Perfected Strike+1","Second Wind","Spot Weakness"],"picked":"SKIP","floor":19},{"not_picked":["Cleave+1","Flex"],"picked":"Juggernaut","floor":20},{"not_picked":["Thunderclap+1","Havoc","Armaments"],"picked":"SKIP","floor":20},{"not_picked":["Clothesline+1","Spot Weakness"],"picked":"Pommel Strike+1","floor":22},{"not_picked":["Clothesline+1","Havoc","Evolve"],"picked":"SKIP","floor":22},{"not_picked":["Cleave+1","Shrug It Off","Sword Boomerang+1"],"picked":"SKIP","floor":23},{"not_picked":["Clash+1","Headbutt+1"],"picked":"Intimidate+1","floor":25},{"not_picked":["Thunderclap+1","True Grit","Iron Wave+1","Havoc"],"picked":"SKIP","floor":27}],"player_experience":392631,"relics_obtained":[{"floor":6,"key":"Toy Ornithopter"},{"floor":8,"key":"Girya"},{"floor":9,"key":"Red Skull"},{"floor":13,"key":"Molten Egg 2"},{"floor":23,"key":"Ancient Tea Set"},{"floor":25,"key":"Ornamental Fan"},{"floor":26,"key":"Question Card"},{"floor":27,"key":"Du-Vu Doll"}],"event_choices":[{"cards_removed":["Strike_R"],"damage_healed":0,"gold_gain":0,"player_choice":"Card Removal","damage_taken":7,"max_hp_gain":0,"max_hp_loss":0,"event_name":"Golden Wing","floor":4,"gold_loss":0},{"damage_healed":0,"gold_gain":0,"player_choice":"Obtained Relic","damage_taken":0,"relics_obtained":["Blood Vial"],"max_hp_gain":0,"max_hp_loss":0,"event_name":"Addict","floor":21,"gold_loss":85},{"cards_removed":["Clash"],"damage_healed":0,"gold_gain":0,"player_choice":"Gave Gold","damage_taken":0,"max_hp_gain":0,"max_hp_loss":0,"event_name":"Beggar","floor":24,"gold_loss":75}],"is_beta":false,"boss_relics":[{"not_picked":["Pandora\u0027s Box","Sozu"],"picked":"Astrolabe"}],"items_purged_floors":[],"is_endless":false,"potions_floor_spawned":[3,7,11,12,16,18,20],"killed_by":"Shelled Parasite and Fungi","ascension_level":20}}