{"host":"1bvadgc0hovl67h4","time":1614363078,"event":{"mods":["Bard","BaseMod","Beaked The Cultist","Colored Map","Downfall","Halation","Hermit","Minty Spire (QoL Compilation)","Morshu Shopkeeper","Morshu Shopkeeper - ENHANCED","Replay The Spire","Robot Space Explorer","StSLib","The Blackbeard","The Cursed"],"gold_per_floor":[111,111,129,139,149,184,184,261,261,281,281,295,295,310,310,310,310],"floor_reached":16,"language":"ENG","playtime":719,"items_purged":[],"score":102,"play_id":"72305a03-92d9-4479-8a4e-46013d328521","local_time":"20210226101118","is_ascension_mode":false,"campfire_choices":[{"data":"Hemokinesis","floor":7,"key":"SMITH"},{"data":"Iron Wave","floor":13,"key":"SMITH"},{"data":"Armaments","floor":15,"key":"SMITH"}],"circlet_count":0,"master_deck":["Strike_R","Strike_R","Strike_R","Strike_R","Strike_R","Defend_R","Defend_R","Defend_R","Defend_R","Bash","Clash","Pommel Strike","Hemokinesis+1","Iron Wave+1","Iron Wave","Armaments+1"],"relics":["Burning Blood","NeowsBlessing","halation:PinkSoulGem","halation:VictoryRuler","Paper Frog","Odd Mushroom"],"acts_visited":["Exordium"],"potions_floor_usage":[12,16,16],"damage_taken":[{"damage":0,"enemies":"Small Slimes","floor":1,"turns":1},{"damage":0,"enemies":"2 Louse","floor":3,"turns":1},{"damage":0,"enemies":"Jaw Worm","floor":4,"turns":1},{"damage":10,"enemies":"3 Louse","floor":5,"turns":4},{"damage":35,"enemies":"3 Sentries","floor":6,"turns":10},{"damage":14,"enemies":"The Mushroom Lair","floor":10,"turns":3},{"damage":14,"enemies":"Large Slime","floor":12,"turns":1},{"damage":2,"enemies":"2 Fungi Beasts","floor":14,"turns":2},{"damage":38,"enemies":"The Guardian","floor":16,"turns":9}],"seed_played":"-8255028044626540724","potions_obtained":[{"floor":1,"key":"Death Potion"},{"floor":4,"key":"ColorlessPotion"},{"floor":12,"key":"LiquidBronze"}],"is_trial":false,"path_per_floor":["M","?","M","M","M","E","R","?","T","?","?","M","R","M","R","B"],"character_chosen":"IRONCLAD","items_purchased":[],"campfire_rested":0,"item_purchase_floors":[],"current_hp_per_floor":[80,80,80,80,76,47,47,47,47,39,39,31,31,35,35,0,0],"gold":310,"neow_bonus":"THREE_ENEMY_KILL","is_daily":false,"chose_seed":false,"campfire_upgraded":3,"win_rate":0.0,"timestamp":1614363078,"path_taken":["M","?","M","M","M","E","R","?","T","?","?","M","R","M","R","BOSS"],"items_purchased_type":[],"build_version":"2020-12-22","purchased_purges":0,"victory":false,"max_hp_per_floor":[80,80,80,80,80,80,80,80,80,80,80,80,80,80,80,80,80],"card_choices":[{"not_picked":["Wild Strike","Hemokinesis"],"picked":"Clash","floor":1},{"not_picked":["Clash","Sever Soul"],"picked":"Pommel Strike","floor":3},{"not_picked":["Armaments","Headbutt","Infernal Blade"],"picked":"SKIP","floor":4},{"not_picked":["Sword Boomerang","Corruption","Armaments"],"picked":"SKIP","floor":5},{"not_picked":["Sever Soul","Bloodletting"],"picked":"Hemokinesis","floor":6},{"not_picked":["Pommel Strike","Anger"],"picked":"Iron Wave","floor":10},{"not_picked":["Carnage","Sever Soul"],"picked":"Iron Wave","floor":12},{"not_picked":["ReplayTheSpireMod:Strike From Hell","Evolve"],"picked":"Armaments","floor":14}],"player_experience":297424,"relics_obtained":[{"floor":6,"key":"halation:VictoryRuler"},{"floor":9,"key":"Paper Frog"},{"floor":10,"key":"Odd Mushroom"}],"event_choices":[{"damage_healed":0,"gold_gain":77,"player_choice":"Gained Gold","damage_taken":0,"max_hp_gain":0,"max_hp_loss":0,"event_name":"Golden Wing","floor":8,"gold_loss":0},{"damage_healed":0,"gold_gain":0,"player_choice":"Fought Mushrooms","damage_taken":0,"max_hp_gain":0,"max_hp_loss":0,"event_name":"Mushrooms","floor":10,"gold_loss":0},{"damage_healed":0,"gold_gain":0,"player_choice":"Ignored","damage_taken":0,"max_hp_gain":0,"max_hp_loss":0,"event_name":"Liars Game","floor":11,"gold_loss":0}],"is_beta":false,"boss_relics":[],"items_purged_floors":[],"is_endless":false,"potions_floor_spawned":[1,4,12],"killed_by":"The Guardian","ascension_level":0}}