{"host":"117k4jqr844m944g","time":1614354656,"event":{"mods":["BaseMod","Minty Spire (QoL Compilation)","Remilia£®¿Ÿ√◊¿Ú—«£©","StSLib","UnlockEverythingMod"],"gold_per_floor":[112,112,92,105,121,121,154,154,154,154,188,113,113,124,124,221,221,254,254,266,22,22,71,71,119,144,176,214,248,248,260,260,395,395,426,438,453,185,185,240,240,288,300,312,324,336,402,414,426,438,450,462,19,45,85],"floor_reached":56,"language":"ZHS","playtime":3770,"items_purged":["Defend_RM","Defend_RM","Strike_RM","Strike_RM"],"score":1785,"play_id":"0cf72d58-b052-47ab-ad58-e73484832512","local_time":"20210226235056","is_ascension_mode":true,"campfire_choices":[{"data":"RedMoon","floor":6.0,"key":"SMITH"},{"data":"HunterOfTheNight","floor":8.0,"key":"SMITH"},{"data":"RedRainbow","floor":15.0,"key":"SMITH"},{"data":"GlobalNightmare","floor":24.0,"key":"SMITH"},{"data":"ScarletMeister","floor":30.0,"key":"SMITH"},{"data":"BloodRain","floor":32.0,"key":"SMITH"},{"data":"BatForm","floor":41.0,"key":"SMITH"},{"floor":44.0,"key":"RECALL"},{"data":"ScarletGensokyo","floor":49.0,"key":"SMITH"},{"data":"RedMagic","floor":52.0,"key":"SMITH"}],"circlet_count":0,"master_deck":["Defend_RM","Defend_RM","RedMoon+1","ScarletShoot","ScarletGensokyo+1","HunterOfTheNight+1","DiffusionOfMisfortune","Ultimatum","ScarletMeister+1","RedRainbow+1","FavorOfDestiny+1","BatForm+1","RedNightlessCastle","DiffusionOfMisfortune","MillenniumVampire+1","RedMagic+1","GlobalNightmare+1","BloodRain+1","VampireFantasy","TransientEternity","QueenOfMidnight"],"relics":["ScarletHat","NeowsBlessing","WingedGreaves","Nunchaku","Black Star","RedBat","Orrery","Nloth\u0027s Gift","Potion Belt","Orichalcum","Regal Pillow","Strawberry","Blood Vial","PreservedInsect","Oddly Smooth Stone","Tiny Chest","Snecko Eye","OrangePellets","Sundial","Bird Faced Urn","MawBank","ScarletDevilRocket","Kunai","InkBottle","Letter Opener","Art of War","Strange Spoon","War Paint","Bronze Scales","Pantograph"],"acts_visited":["Exordium","TheCity","TheBeyond","TheEnding"],"potions_floor_usage":[55,55,55,55,55],"damage_taken":[{"damage":0.0,"enemies":"Jaw Worm","floor":1.0,"turns":1.0},{"damage":0.0,"enemies":"2 Louse","floor":4.0,"turns":2.0},{"damage":0.0,"enemies":"Cultist","floor":5.0,"turns":1.0},{"damage":12.0,"enemies":"Gremlin Nob","floor":7.0,"turns":5.0},{"damage":12.0,"enemies":"Lagavulin","floor":11.0,"turns":5.0},{"damage":1.0,"enemies":"Looter","floor":14.0,"turns":3.0},{"damage":12.0,"enemies":"Hexaghost","floor":16.0,"turns":6.0},{"damage":2.0,"enemies":"Chosen","floor":18.0,"turns":6.0},{"damage":0.0,"enemies":"3 Byrds","floor":20.0,"turns":4.0},{"damage":9.0,"enemies":"Slavers","floor":23.0,"turns":11.0},{"damage":0.0,"enemies":"Book of Stabbing","floor":25.0,"turns":4.0},{"damage":67.0,"enemies":"Slavers","floor":27.0,"turns":8.0},{"damage":4.0,"enemies":"Snecko","floor":28.0,"turns":5.0},{"damage":10.0,"enemies":"Book of Stabbing","floor":29.0,"turns":8.0},{"damage":8.0,"enemies":"Snake Plant","floor":31.0,"turns":6.0},{"damage":0.0,"enemies":"Collector","floor":33.0,"turns":6.0},{"damage":0.0,"enemies":"Orb Walker","floor":35.0,"turns":4.0},{"damage":41.0,"enemies":"3 Darklings","floor":36.0,"turns":2.0},{"damage":44.0,"enemies":"4 Shapes","floor":37.0,"turns":3.0},{"damage":42.0,"enemies":"Reptomancer","floor":40.0,"turns":5.0},{"damage":0.0,"enemies":"Giant Head","floor":42.0,"turns":4.0},{"damage":0.0,"enemies":"Nemesis","floor":47.0,"turns":5.0},{"damage":0.0,"enemies":"Awakened One","floor":50.0,"turns":6.0},{"damage":10.0,"enemies":"Shield and Spear","floor":54.0,"turns":5.0},{"damage":82,"enemies":"The Heart","floor":55,"turns":5}],"seed_played":"1459480077579878139","potions_obtained":[{"floor":1.0,"key":"Fire Potion"},{"floor":3.0,"key":"Weak Potion"},{"floor":7.0,"key":"EssenceOfSteel"},{"floor":13.0,"key":"AttackPotion"},{"floor":13.0,"key":"PowerPotion"},{"floor":13.0,"key":"DuplicationPotion"},{"floor":14.0,"key":"CultistPotion"},{"floor":16.0,"key":"PowerPotion"},{"floor":20.0,"key":"PowerPotion"},{"floor":20.0,"key":"CultistPotion"},{"floor":23.0,"key":"Swift Potion"},{"floor":25.0,"key":"Regen Potion"},{"floor":25.0,"key":"ColorlessPotion"},{"floor":28.0,"key":"BlessingOfTheForge"},{"floor":35.0,"key":"SkillPotion"},{"floor":40.0,"key":"LiquidMemories"},{"floor":40.0,"key":"Fruit Juice"},{"floor":42.0,"key":"Swift Potion"},{"floor":54.0,"key":"BlessingOfTheForge"}],"is_trial":false,"path_per_floor":["M","?","?","M","M","R","E","R","T","?","E","$","?","M","R","B",null,"M","?","M","$","?","E","R","E","T","E","M","E","R","M","R","B",null,"M","M","M","$","?","E","R","E","T","R","?","?","E","T","R","B",null,"R","$","E","B",null],"character_chosen":"REMILIA","items_purchased":["Orrery","OrangePellets","Strange Spoon","War Paint"],"campfire_rested":0,"item_purchase_floors":[21,38,53,53],"current_hp_per_floor":[75,68,68,68,68,68,56,56,56,56,55,55,55,54,54,50,75,75,75,75,75,75,75,75,82,82,44,53,53,53,59,59,82,82,82,42,5,5,72,33,33,77,77,77,77,77,77,77,77,77,77,77,77,77,77],"gold":85,"neow_bonus":"THREE_ENEMY_KILL","is_daily":false,"chose_seed":false,"campfire_upgraded":9,"win_rate":0.0,"timestamp":1614354656,"path_taken":["M","?","?","?","M","R","E","R","T","?","E","$","?","?","R","BOSS","M","?","M","$","?","E","R","E","T","E","?","E","R","M","R","BOSS","M","M","M","$","?","E","R","E","T","R","?","?","E","?","R","BOSS","R","$","E","BOSS"],"items_purchased_type":["Relic","Relic","Relic","Relic"],"build_version":"2020-12-22","purchased_purges":4,"victory":true,"max_hp_per_floor":[75,75,75,75,75,75,75,75,75,75,75,75,75,75,75,75,75,75,75,75,75,75,75,75,82,82,82,82,82,82,82,82,82,82,82,82,82,82,72,72,72,77,77,77,77,77,77,77,77,77,77,77,77,77,77],"card_choices":[{"not_picked":["VampireSweep","ScarletImprint"],"picked":"ScarletGensokyo","floor":1.0},{"not_picked":["EndlessAdversity","ScarletGensokyo"],"picked":"HunterOfTheNight","floor":4.0},{"not_picked":["VampireFantasy","ScarletImprint"],"picked":"DiffusionOfMisfortune","floor":5.0},{"not_picked":["FitfulNightmare","MillenniumVampire"],"picked":"Ultimatum","floor":7.0},{"not_picked":["RedNightlessCastle","HeartBreak"],"picked":"RedRainbow","floor":11.0},{"not_picked":["EmergencyRegeneration","Septette"],"picked":"FavorOfDestiny","floor":11.0},{"not_picked":["MastersStateliness","SuperhumanBloodyKnife","BadLadyScramble"],"picked":"SKIP","floor":14.0},{"not_picked":["HeartBreak","HellCatastrophe"],"picked":"BatForm","floor":16.0},{"not_picked":["VampireClaw","VampireSweep"],"picked":"RedNightlessCastle","floor":18.0},{"not_picked":["CharismaGuard+1","VampireKiss"],"picked":"DiffusionOfMisfortune","floor":18.0},{"not_picked":["BlasphemousPunishment","ScarletDream"],"picked":"MillenniumVampire","floor":20.0},{"not_picked":["UnderTheZenith+1","StarOfDavid"],"picked":"RedMagic","floor":21.0},{"not_picked":["BombardNight+1","Stigmanizer"],"picked":"GlobalNightmare","floor":21.0},{"not_picked":["ScarletGensokyo","BombardNight+1"],"picked":"BloodRain","floor":21.0},{"not_picked":["FavorOfDestiny+1","DiffusionOfMisfortune"],"picked":"VampireFantasy","floor":21.0},{"not_picked":["ForbiddenFruit","EquivalentExchange","StarOfDavid+1"],"picked":"SKIP","floor":23.0},{"not_picked":["UnstableMagic","UnderTheZenith+1","CurseOfVladTepes"],"picked":"SKIP","floor":25.0},{"not_picked":["BadLadyScramble+1","AfternoonTea","ScarletNetherworld"],"picked":"SKIP","floor":27.0},{"not_picked":["NightLord","ScarletNetherworld","ScarletSymphony"],"picked":"SKIP","floor":27.0},{"not_picked":["VampireClaw+1","LeisurelyOfLord","DiffusionOfMisfortune"],"picked":"SKIP","floor":28.0},{"not_picked":["SuperhumanBloodyKnife","NightDance+1","KillingBlow"],"picked":"SKIP","floor":29.0},{"not_picked":["ScarletImprint","Stigmanizer+1","BlasphemousPunishment+1"],"picked":"SKIP","floor":31.0},{"not_picked":["ChaoticDestiny","HellCatastrophe"],"picked":"TransientEternity","floor":33.0},{"not_picked":["UnderTheZenith+1","ScarletGensokyo","RedRainbow+1"],"picked":"SKIP","floor":35.0},{"not_picked":["VampirishNight","UnderTheZenith","FavorOfDestiny+1"],"picked":"SKIP","floor":35.0},{"not_picked":["UnderTheZenith+1","ScarletGensokyo","RedRainbow+1"],"picked":"SKIP","floor":35.0},{"not_picked":["VampirishNight","UnderTheZenith","FavorOfDestiny+1"],"picked":"SKIP","floor":35.0},{"not_picked":["StarOfDavid","EmergencyRegeneration","AfternoonTea"],"picked":"SKIP","floor":36.0},{"not_picked":["MastersStateliness","Stigmanizer+1","RedNightlessCastle"],"picked":"SKIP","floor":37.0},{"not_picked":["UnstableMagic","EmergencyRegeneration+1","BloodHunter"],"picked":"SKIP","floor":40.0},{"not_picked":["ScarletDevilSign","EternalNight+1"],"picked":"QueenOfMidnight","floor":42.0},{"not_picked":["UnstableMagic+1","BloodHunter","Stigmanizer"],"picked":"SKIP","floor":42.0},{"not_picked":["ScarletDevil","VampirishNight","NightLord"],"picked":"SKIP","floor":47.0},{"not_picked":["UnstableMagic+1","RedMagic","BloodHunter+1"],"picked":"SKIP","floor":54.0}],"player_experience":21445,"relics_obtained":[{"floor":7.0,"key":"Blue Candle"},{"floor":9.0,"key":"WingedGreaves"},{"floor":11.0,"key":"Nunchaku"},{"floor":23.0,"key":"Potion Belt"},{"floor":23.0,"key":"Orichalcum"},{"floor":25.0,"key":"Regal Pillow"},{"floor":25.0,"key":"Strawberry"},{"floor":27.0,"key":"Blood Vial"},{"floor":27.0,"key":"PreservedInsect"},{"floor":29.0,"key":"Oddly Smooth Stone"},{"floor":29.0,"key":"Tiny Chest"},{"floor":40.0,"key":"Sundial"},{"floor":40.0,"key":"Bird Faced Urn"},{"floor":42.0,"key":"MawBank"},{"floor":42.0,"key":"ScarletDevilRocket"},{"floor":43.0,"key":"Kunai"},{"floor":47.0,"key":"InkBottle"},{"floor":47.0,"key":"Letter Opener"},{"floor":48.0,"key":"Art of War"},{"floor":54.0,"key":"Bronze Scales"},{"floor":54.0,"key":"Pantograph"}],"event_choices":[{"cards_removed":["Strike_RM"],"damage_healed":0.0,"max_hp_gain":0.0,"max_hp_loss":0.0,"gold_gain":0.0,"event_name":"Golden Wing","player_choice":"Card Removal","floor":2.0,"gold_loss":0.0,"damage_taken":7.0},{"damage_healed":0.0,"max_hp_gain":0.0,"max_hp_loss":0.0,"gold_gain":0.0,"event_name":"The Woman in Blue","player_choice":"Bought 1 Potion","floor":3.0,"gold_loss":0.0,"damage_taken":0.0},{"damage_healed":0.0,"max_hp_gain":0.0,"max_hp_loss":0.0,"gold_gain":0.0,"cards_transformed":["Strike_RM"],"event_name":"Living Wall","player_choice":"Change","floor":10.0,"gold_loss":0.0,"damage_taken":0.0,"cards_obtained":["ScarletMeister"]},{"damage_healed":0.0,"max_hp_gain":0.0,"max_hp_loss":0.0,"gold_gain":0.0,"event_name":"Lab","player_choice":"Got Potions","floor":13.0,"gold_loss":0.0,"damage_taken":0.0},{"damage_healed":0.0,"max_hp_gain":0.0,"max_hp_loss":0.0,"gold_gain":0.0,"event_name":"N\u0027loth","player_choice":"Traded Relic","floor":22.0,"relics_lost":["Blue Candle"],"gold_loss":0.0,"damage_taken":0.0,"relics_obtained":["Nloth\u0027s Gift"]},{"damage_healed":72.0,"max_hp_gain":0.0,"max_hp_loss":10.0,"gold_gain":0.0,"event_name":"The Moai Head","player_choice":"Heal","floor":39.0,"gold_loss":0.0,"damage_taken":0.0},{"damage_healed":0.0,"max_hp_gain":0.0,"max_hp_loss":0.0,"gold_gain":0.0,"event_name":"Tomb of Lord Red Mask","player_choice":"Ignored","floor":45.0,"gold_loss":0.0,"damage_taken":0.0},{"damage_healed":0.0,"max_hp_gain":0.0,"max_hp_loss":0.0,"gold_gain":0.0,"event_name":"SensoryStone","player_choice":"Memory 1","floor":46.0,"gold_loss":0.0,"damage_taken":0.0}],"is_beta":false,"boss_relics":[{"not_picked":["Busted Crown","Runic Dome"],"picked":"Black Star"},{"not_picked":["Pandora\u0027s Box","Sozu"],"picked":"Snecko Eye"}],"items_purged_floors":[12,21,38,53],"is_endless":false,"potions_floor_spawned":[1,7,14,20,25,28,29,35,37,40,42,54],"ascension_level":4}}