{"host":"1ie89x0glpq08u84","time":1614374371,"event":{"mods":["AchievementEnabler","BaseMod","Highlight Path","Minty Spire (QoL Compilation)","StSLib","Unceasing Turn Reminder"],"gold_per_floor":[110,110,23,34,11,37,37,54,54,86,11,11,76,151,151,255,255,269,50,50,62,62,100,199,243,324,324,339,120,19,47,47,152,152,175,196,25,25,25,25,51,51,51,84,114,149,149,173,173,173],"floor_reached":51,"language":"ENG","playtime":1439,"items_purged":["Strike_G","Strike_G"],"score":1097,"play_id":"9ad87c30-5754-4f51-a12c-9b713b6adbf8","local_time":"20210226161931","is_ascension_mode":true,"campfire_choices":[{"data":"Accuracy","floor":7.0,"key":"SMITH"},{"data":"Accuracy","floor":12.0,"key":"SMITH"},{"data":"Blade Dance","floor":15.0,"key":"SMITH"},{"data":"Night Terror","floor":27.0,"key":"SMITH"},{"floor":32.0,"key":"REST"},{"floor":40.0,"key":"RECALL"},{"data":"Bullet Time","floor":49.0,"key":"SMITH"}],"circlet_count":0,"master_deck":["Defend_G+1","Defend_G+1","Defend_G+1","Defend_G+1","Defend_G+1","Survivor+1","Neutralize+1","Noxious Fumes+1","Accuracy+1","Blade Dance+1","Predator+1","Blade Dance+1","Accuracy+1","Sucker Punch+1","Sucker Punch+1","Night Terror+1","Deadly Poison+1","Storm of Steel+1","Well Laid Plans+1","Backflip+1","Footwork+1","Escape Plan+1","Footwork+1","PiercingWail+1","Footwork+1","Blade Dance+1","Finisher+1","Dodge and Roll+1","Cloak And Dagger+1","Accuracy+1","After Image+1","Blade Dance+1","Leg Sweep+1","Blur+1","Caltrops","Bullet Time+1","Blur+1","Caltrops+1"],"relics":["Ring of the Snake","NeowsBlessing","Bronze Scales","Molten Egg 2","Bottled Lightning","PreservedInsect","Astrolabe","TwistedFunnel","Oddly Smooth Stone","CeramicFish","The Courier","Matryoshka","Orrery","Runic Pyramid","ClockworkSouvenir","Mark of the Bloom","Prayer Wheel","Snake Skull","Bottled Tornado","Darkstone Periapt","Toy Ornithopter"],"acts_visited":["Exordium","TheCity","TheBeyond"],"potions_floor_usage":[50],"damage_taken":[{"damage":0.0,"enemies":"2 Louse","floor":1.0,"turns":1.0},{"damage":0.0,"enemies":"Cultist","floor":4.0,"turns":1.0},{"damage":0.0,"enemies":"Gremlin Nob","floor":6.0,"turns":1.0},{"damage":0.0,"enemies":"Jaw Worm","floor":8.0,"turns":2.0},{"damage":0.0,"enemies":"Lagavulin","floor":10.0,"turns":2.0},{"damage":14.0,"enemies":"Lagavulin Event","floor":13.0,"turns":4.0},{"damage":26.0,"enemies":"Slime Boss","floor":16.0,"turns":7.0},{"damage":21.0,"enemies":"2 Thieves","floor":18.0,"turns":4.0},{"damage":7.0,"enemies":"Chosen","floor":21.0,"turns":4.0},{"damage":0.0,"enemies":"Gremlin Leader","floor":23.0,"turns":3.0},{"damage":13.0,"enemies":"Slavers","floor":25.0,"turns":2.0},{"damage":0.0,"enemies":"Snecko","floor":28.0,"turns":4.0},{"damage":0.0,"enemies":"Centurion and Healer","floor":31.0,"turns":2.0},{"damage":60.0,"enemies":"Collector","floor":33.0,"turns":8.0},{"damage":0.0,"enemies":"Orb Walker","floor":35.0,"turns":1.0},{"damage":0.0,"enemies":"3 Shapes","floor":36.0,"turns":2.0},{"damage":0.0,"enemies":"Giant Head","floor":41.0,"turns":8.0},{"damage":0.0,"enemies":"Reptomancer","floor":44.0,"turns":7.0},{"damage":0.0,"enemies":"Maw","floor":45.0,"turns":7.0},{"damage":0.0,"enemies":"Nemesis","floor":46.0,"turns":3.0},{"damage":22.0,"enemies":"Transient","floor":48.0,"turns":5.0},{"damage":17,"enemies":"Time Eater","floor":50,"turns":13}],"seed_played":"2670678264872797865","potions_obtained":[{"floor":2.0,"key":"CunningPotion"},{"floor":2.0,"key":"CunningPotion"},{"floor":2.0,"key":"BlessingOfTheForge"},{"floor":10.0,"key":"FairyPotion"},{"floor":13.0,"key":"FairyPotion"},{"floor":21.0,"key":"PowerPotion"},{"floor":33.0,"key":"SteroidPotion"},{"floor":41.0,"key":"Strength Potion"},{"floor":45.0,"key":"EntropicBrew"}],"is_trial":false,"path_per_floor":["M","?","$","M","$","E","R","M","T","E","$","R","?","?","R","B",null,"M","$","?","M","?","E","?","E","T","R","M","$","$","M","R","B",null,"M","M","$","?","?","R","E","?","T","E","M","E","?","M","R","B",null],"character_chosen":"THE_SILENT","items_purchased":["Accuracy","Blade Dance","Blade Dance","Footwork","TwistedFunnel","Footwork","Blade Dance","Finisher+1","Orrery","ClockworkSouvenir","Blur"],"campfire_rested":1,"item_purchase_floors":[3,3,5,19,19,29,29,29,30,37,37],"current_hp_per_floor":[70,70,70,70,70,70,70,70,70,70,70,70,56,45,45,19,70,49,49,36,29,29,29,29,16,16,16,16,16,16,16,38,22,75,75,75,75,75,75,75,75,71,71,71,71,71,71,49,49,32],"gold":173,"neow_bonus":"THREE_ENEMY_KILL","is_daily":false,"chose_seed":false,"campfire_upgraded":5,"win_rate":0.0,"timestamp":1614374371,"path_taken":["M","?","?","M","?","E","R","M","T","E","$","R","?","?","R","BOSS","M","$","?","M","?","E","?","E","T","R","M","?","$","?","R","BOSS","M","?","$","?","?","R","E","?","T","E","M","E","?","M","R","BOSS"],"items_purchased_type":["Card","Card","Card","Card","Relic","Card","Card","Card","Relic","Relic","Card"],"build_version":"2020-12-22","purchased_purges":2,"victory":true,"max_hp_per_floor":[70,70,70,70,70,70,70,70,70,70,70,70,70,70,70,70,70,70,70,75,75,75,75,75,75,75,75,75,75,75,75,75,75,75,75,75,75,75,75,75,75,71,71,71,71,71,71,71,71,71],"card_choices":[{"not_picked":["Dagger Spray","Poisoned Stab"],"picked":"Noxious Fumes","floor":1.0},{"not_picked":["Acrobatics","Dodge and Roll"],"picked":"Predator","floor":4.0},{"not_picked":["Infinite Blades","Outmaneuver"],"picked":"Accuracy","floor":6.0},{"not_picked":["Underhanded Strike","Quick Slash","Dodge and Roll"],"picked":"SKIP","floor":8.0},{"not_picked":["Poisoned Stab+1","PiercingWail"],"picked":"Sucker Punch+1","floor":10.0},{"not_picked":["Dodge and Roll","Deflect"],"picked":"Sucker Punch+1","floor":13.0},{"not_picked":["Malaise","Phantasmal Killer"],"picked":"Night Terror","floor":16.0},{"not_picked":["Slice+1","Acrobatics"],"picked":"Backflip","floor":18.0},{"not_picked":["Tactician+1","Caltrops"],"picked":"Escape Plan","floor":21.0},{"not_picked":["All Out Attack+1","Cloak And Dagger"],"picked":"Footwork","floor":23.0},{"not_picked":["Malaise","Poisoned Stab+1"],"picked":"PiercingWail+1","floor":25.0},{"not_picked":["PiercingWail","Deadly Poison+1","Flying Knee+1"],"picked":"SKIP","floor":28.0},{"not_picked":["Deadly Poison","Flechettes+1"],"picked":"Dodge and Roll+1","floor":30.0},{"not_picked":["Envenom","Quick Slash+1"],"picked":"Cloak And Dagger+1","floor":30.0},{"not_picked":["Caltrops+1","Dodge and Roll"],"picked":"Accuracy","floor":31.0},{"not_picked":["Venomology","Unload+1"],"picked":"After Image","floor":33.0},{"not_picked":["Deflect+1","Escape Plan"],"picked":"Blade Dance","floor":35.0},{"not_picked":["Underhanded Strike+1","Deadly Poison+1"],"picked":"Leg Sweep+1","floor":36.0},{"not_picked":["Acrobatics+1","Poisoned Stab+1","Dagger Throw+1"],"picked":"SKIP","floor":41.0},{"not_picked":["Heel Hook+1","Deadly Poison","Quick Slash+1"],"picked":"SKIP","floor":44.0},{"not_picked":["Blur","Infinite Blades"],"picked":"Caltrops","floor":45.0},{"not_picked":["Blade Dance","Backflip"],"picked":"Bullet Time","floor":45.0},{"not_picked":["Concentrate+1","Cloak And Dagger"],"picked":"Blur+1","floor":46.0},{"not_picked":["Flying Knee+1","Quick Slash+1"],"picked":"Caltrops+1","floor":48.0},{"not_picked":["Acrobatics+1","Slice+1","Flechettes+1"],"picked":"SKIP","floor":48.0}],"player_experience":449613,"relics_obtained":[{"floor":6.0,"key":"Bronze Scales"},{"floor":9.0,"key":"Molten Egg 2"},{"floor":10.0,"key":"Bottled Lightning"},{"floor":13.0,"key":"PreservedInsect"},{"floor":23.0,"key":"CeramicFish"},{"floor":25.0,"key":"The Courier"},{"floor":26.0,"key":"Matryoshka"},{"floor":41.0,"key":"Prayer Wheel"},{"floor":43.0,"key":"Snake Skull"},{"floor":43.0,"key":"Bottled Tornado"},{"floor":44.0,"key":"Darkstone Periapt"},{"floor":46.0,"key":"Toy Ornithopter"}],"event_choices":[{"damage_healed":0.0,"max_hp_gain":0.0,"max_hp_loss":0.0,"gold_gain":0.0,"event_name":"Lab","player_choice":"Got Potions","floor":2.0,"gold_loss":0.0,"damage_taken":0.0},{"damage_healed":0.0,"max_hp_gain":0.0,"max_hp_loss":0.0,"gold_gain":0.0,"event_name":"Dead Adventurer","player_choice":"Searched \u00271\u0027 times","floor":13.0,"gold_loss":0.0,"damage_taken":0.0},{"damage_healed":0.0,"max_hp_gain":0.0,"max_hp_loss":0.0,"gold_gain":75.0,"event_name":"World of Goop","player_choice":"Gather Gold","floor":14.0,"gold_loss":0.0,"damage_taken":11.0},{"damage_healed":0.0,"max_hp_gain":5.0,"max_hp_loss":0.0,"gold_gain":0.0,"event_name":"Forgotten Altar","player_choice":"Shed Blood","floor":20.0,"gold_loss":0.0,"damage_taken":18.0},{"damage_healed":0.0,"max_hp_gain":0.0,"max_hp_loss":0.0,"gold_gain":0.0,"event_name":"The Mausoleum","player_choice":"Opened","floor":22.0,"gold_loss":0.0,"damage_taken":0.0,"relics_obtained":["Oddly Smooth Stone"]},{"damage_healed":0.0,"max_hp_gain":0.0,"max_hp_loss":0.0,"gold_gain":99.0,"event_name":"Nest","player_choice":"Stole From Cult","floor":24.0,"gold_loss":0.0,"damage_taken":0.0},{"damage_healed":0.0,"max_hp_gain":0.0,"max_hp_loss":0.0,"gold_gain":0.0,"event_name":"MindBloom","player_choice":"Upgrade","floor":38.0,"gold_loss":0.0,"damage_taken":0.0,"cards_upgraded":["Defend_G","Defend_G","Defend_G","Defend_G","Defend_G","Survivor","Neutralize","Noxious Fumes","Predator","Blade Dance","Backflip","Footwork","Escape Plan","Footwork","Footwork","Blade Dance","Accuracy","After Image","Blade Dance","Blur"],"relics_obtained":["Mark of the Bloom"]},{"damage_healed":0.0,"max_hp_gain":0.0,"max_hp_loss":0.0,"gold_gain":0.0,"event_name":"SensoryStone","player_choice":"Memory 1","floor":39.0,"gold_loss":0.0,"damage_taken":0.0},{"damage_healed":0.0,"max_hp_gain":0.0,"max_hp_loss":4.0,"gold_gain":0.0,"event_name":"Winding Halls","player_choice":"Max HP","floor":42.0,"gold_loss":0.0,"damage_taken":0.0},{"damage_healed":0.0,"max_hp_gain":0.0,"max_hp_loss":0.0,"gold_gain":0.0,"event_name":"Mysterious Sphere","player_choice":"Ignored","floor":47.0,"gold_loss":0.0,"damage_taken":0.0}],"is_beta":false,"boss_relics":[{"not_picked":["Philosopher\u0027s Stone","Pandora\u0027s Box"],"picked":"Astrolabe"},{"not_picked":["Runic Dome","HoveringKite"],"picked":"Runic Pyramid"}],"items_purged_floors":[11,29],"is_endless":false,"potions_floor_spawned":[6,10,13,21,25,33,41,45,46],"ascension_level":1}}