{"host":"b1dzdo8uo7e6jx8g","time":1614375719,"event":{"mods":["AchievementEnabler","BaseMod","BetterRewards","Colored Map","Downfall","Highlight Path","Minty Spire (QoL Compilation)","StSLib"],"gold_per_floor":[113,123,93,105,124,124,137,137,160,189,114,114,129,77,77,175,175,186,186,186,40,0,0],"floor_reached":22,"language":"ENG","playtime":575,"items_purged":["Regret"],"score":202,"play_id":"e5381ee1-61ac-46cb-b350-77bfbc75fd4c","local_time":"20210226224159","is_ascension_mode":true,"campfire_choices":[{"floor":6,"key":"REST"},{"floor":8,"key":"REST"},{"data":"EmptyFist","floor":15,"key":"SMITH"}],"circlet_count":0,"master_deck":["Strike_P","Strike_P","Strike_P","Strike_P","Defend_P","Defend_P","Defend_P","Eruption","Vigilance","FlurryOfBlows+1","FlyingSleeves","WreathOfFlame","FollowUp","EmptyFist+1","Prostrate","Prostrate","Halt","LessonLearned","Consecrate","downfall:Bewildered"],"relics":["PureWater","Ice Cream","Vajra","Oddly Smooth Stone","sneckomod:BabySnecko","Membership Card"],"acts_visited":["Exordium","TheCity"],"potions_floor_usage":[],"damage_taken":[{"damage":11,"enemies":"Jaw Worm","floor":1,"turns":4},{"damage":2,"enemies":"Cultist","floor":2,"turns":2},{"damage":2,"enemies":"Small Slimes","floor":4,"turns":3},{"damage":24,"enemies":"Exordium Wildlife","floor":5,"turns":2},{"damage":6,"enemies":"3 Louse","floor":7,"turns":2},{"damage":16,"enemies":"Gremlin Nob","floor":10,"turns":3},{"damage":9,"enemies":"Red Slaver","floor":13,"turns":2},{"damage":37,"enemies":"Hexaghost","floor":16,"turns":9},{"damage":35,"enemies":"3 Byrds","floor":18,"turns":7},{"damage":38,"enemies":"2 Thieves","floor":22,"turns":3}],"seed_played":"-1500503977593167435","potions_obtained":[{"floor":2,"key":"SteroidPotion"},{"floor":3,"key":"Strength Potion"},{"floor":3,"key":"SteroidPotion"}],"is_trial":false,"path_per_floor":["M","M","?","M","M","R","M","R","T","E","$","?","M","$","R","B",null,"M","?","?","$","M"],"character_chosen":"WATCHER","items_purchased":["Halt","Membership Card"],"campfire_rested":2,"item_purchase_floors":[14,21],"current_hp_per_floor":[61,59,59,57,33,54,48,69,69,53,53,53,44,44,44,7,72,37,37,37,37,0,0],"gold":0,"neow_bonus":"ONE_RARE_RELIC","is_daily":false,"chose_seed":false,"campfire_upgraded":1,"win_rate":0.0,"timestamp":1614375719,"path_taken":["M","M","?","M","?","R","M","R","T","E","$","?","M","?","R","BOSS","M","?","?","$","M"],"items_purchased_type":["Card","Relic"],"build_version":"2020-12-22","purchased_purges":1,"victory":false,"max_hp_per_floor":[72,72,72,72,72,72,72,72,72,72,72,72,72,72,72,72,72,72,72,72,72,72,72],"card_choices":[{"not_picked":["Collect","CutThroughFate"],"picked":"FlurryOfBlows","floor":1},{"not_picked":["WaveOfTheHand","Study"],"picked":"FlyingSleeves","floor":2},{"not_picked":["CutThroughFate","Wallop"],"picked":"WreathOfFlame","floor":4},{"not_picked":["SashWhip","FlyingSleeves"],"picked":"FollowUp","floor":5},{"not_picked":["SignatureMove","SpiritShield"],"picked":"EmptyFist","floor":7},{"not_picked":["Fasting2","EmptyFist"],"picked":"Prostrate","floor":10},{"not_picked":["Indignation","BattleHymn"],"picked":"Prostrate","floor":13},{"not_picked":["Establishment","Omniscience"],"picked":"LessonLearned","floor":16},{"not_picked":["Crescendo","Swivel+1"],"picked":"Consecrate","floor":18}],"player_experience":271939,"relics_obtained":[{"floor":9,"key":"Vajra"},{"floor":10,"key":"Oddly Smooth Stone"}],"event_choices":[{"damage_healed":0,"gold_gain":0,"player_choice":"Bought 2 Potions","damage_taken":0,"max_hp_gain":0,"max_hp_loss":0,"event_name":"The Woman in Blue","floor":3,"gold_loss":0},{"cards_removed":["Defend_P"],"damage_healed":0,"gold_gain":0,"player_choice":"Purged","damage_taken":0,"max_hp_gain":0,"max_hp_loss":0,"event_name":"Purifier","floor":12,"gold_loss":0},{"damage_healed":0,"gold_gain":0,"player_choice":"Ignored","damage_taken":0,"max_hp_gain":0,"max_hp_loss":0,"event_name":"Ghosts","floor":20,"gold_loss":0}],"is_beta":false,"boss_relics":[{"not_picked":["Runic Dome","bronze:MakeshiftBattery","Busted Crown"]}],"items_purged_floors":[11],"is_endless":false,"potions_floor_spawned":[2,4,16],"killed_by":"2 Thieves","ascension_level":2}}