{"host":"w8xisjf5mgmfjvmt","time":1614340082,"event":{"mods":["BaseMod","BetterRewards","Challenge The Spire","Conspire","Energized Spire","Filter the Spire","Minty Spire (QoL Compilation)","Quarter Circle Forward PUNCH!","Quick Restart","Relic Filter Mod","Relic Stats","Reliquary","Replay The Spire","Say the Spire","Shop Mod","Spicy Shops","StSLib","Wide Potions","¡¾ÒÅÎï¿¨ÅÆ¡¿REMEMod","óô»ðÖ¸ÄÏ"],"gold_per_floor":[16,16,29,45,61,61,95,95,95,95,130,147,173,173,173,247,247,257,257,269,288,288,321,71,8,76,108,108,158,158,188,188,267,267,280,290,50,65,78,112,112,29,29,48,78,595,53,80,80,580,580,580,506,118,143,143],"floor_reached":57,"language":"ZHS","playtime":2614,"items_purged":["conspire:GhostlyStrike","Clumsy"],"score":2961,"play_id":"f55b345c-c4d8-46ad-8b55-0c2e6623368b","local_time":"20210226194802","is_ascension_mode":true,"campfire_choices":[{"data":"conspire:PoisonWeapons","floor":6.0,"key":"SMITH"},{"floor":10.0,"key":"REST"},{"data":"REME_CopyPotion","floor":15.0,"key":"SMITH"},{"floor":30.0,"key":"REST"},{"floor":49.0,"key":"RECALL"}],"circlet_count":0,"master_deck":["AscendersBane","conspire:GhostlyStrike+2","conspire:GhostlyDefend","conspire:GhostlyDefend","conspire:GhostlyDefend","conspire:GhostlyDefend","Survivor+1","Neutralize+1","Sadistic Nature","Genetic Algorithm","conspire:PoisonWeapons+1","Skewer+1","Poisoned Stab","Blade Dance+1","Backflip","REME_CopyPotion+1","Dodge and Roll","PiercingWail","Envenom","Hidden Blade+1","Prepared","Catalyst","Adrenaline","ReplayTheSpireMod:Shiv Toss","Bandage Up","Mayhem","Tools of the Trade","Finesse","A Thousand Cuts","ReplayTheSpireMod:Private Reserves","Purity","REME_GreenPollution","Backflip","Hidden Blade+1","Panacea","Deep Breath+1","conspire:PoisonWeapons+1","Backflip","Footwork","REME_Flogging","REME_ProfessionalPlagiarism","Mayhem","Discovery","Well Laid Plans","Calculated Gamble","Doubt","Infinite Blades"],"relics":["Ring of the Snake","REME_ComplimentaryCards","War Paint","Mummified Hand","reliquary:BallBearing","Replay:Baseball","energizedSpire:RedRose","reliquary:Boomerang","conspire:Dentures","Chemical X","Quantum Egg","Bag of Preparation","Toy Ornithopter","REME_LowDesire","qcfpunch:Wrestler\u0027s_Cloak","conspire:TopHat","ReplayTheSpireMod:TigerMarble","ReplayTheSpireMod:Ring of Challenge","ReplayTheSpireMod:Ring of Addiction","Potion Belt","White Beast Statue","Nunchaku","ReplayFunnel","qcfpunch:Necklace_of_Skulls","Vajra","qcfpunch:Handcuffs","Simple Rune","Happy Flower","Snake Skull","ClockworkSouvenir","ReplayTheSpireMod:ShopPack","Iron Hammer","Replay:Rubber Ducky","Whetstone","OrangePellets","reliquary:OuijaBoard"],"acts_visited":["Exordium","TheCity","TheBeyond","TheEnding"],"potions_floor_usage":[56,56,56],"damage_taken":[{"damage":9.0,"enemies":"Small Slimes","floor":1.0,"turns":5.0},{"damage":0.0,"enemies":"2 Louse","floor":3.0,"turns":3.0},{"damage":1.0,"enemies":"Cultist","floor":4.0,"turns":3.0},{"damage":16.0,"enemies":"Exordium Thugs","floor":5.0,"turns":4.0},{"damage":15.0,"enemies":"3 Sentries","floor":7.0,"turns":9.0},{"damage":0.0,"enemies":"Lagavulin","floor":11.0,"turns":3.0},{"damage":0.0,"enemies":"3 Louse","floor":12.0,"turns":2.0},{"damage":10.0,"enemies":"3 Sentries","floor":13.0,"turns":6.0},{"damage":0.0,"enemies":"The Guardian","floor":16.0,"turns":3.0},{"damage":1.0,"enemies":"Chosen","floor":18.0,"turns":2.0},{"damage":2.0,"enemies":"conspire:FuzzyDice","floor":20.0,"turns":6.0},{"damage":0.0,"enemies":"Sentry and Sphere","floor":21.0,"turns":2.0},{"damage":16.0,"enemies":"Replay:Snechameleon","floor":23.0,"turns":6.0},{"damage":7.0,"enemies":"REME_1_Revenger","floor":27.0,"turns":4.0},{"damage":0.0,"enemies":"conspire:Head Lice","floor":31.0,"turns":5.0},{"damage":25.0,"enemies":"Collector","floor":33.0,"turns":4.0},{"damage":3.0,"enemies":"Orb Walker","floor":35.0,"turns":2.0},{"damage":0.0,"enemies":"3 Shapes","floor":36.0,"turns":4.0},{"damage":5.0,"enemies":"Transient","floor":38.0,"turns":6.0},{"damage":1.0,"enemies":"4 Shapes","floor":39.0,"turns":4.0},{"damage":0.0,"enemies":"R_Hoarder","floor":40.0,"turns":3.0},{"damage":0.0,"enemies":"Writhing Mass","floor":44.0,"turns":3.0},{"damage":0.0,"enemies":"Reptomancer","floor":45.0,"turns":3.0},{"damage":33.0,"enemies":"Maw","floor":46.0,"turns":3.0},{"damage":0.0,"enemies":"Giant Head","floor":48.0,"turns":1.0},{"damage":0.0,"enemies":"Replay:Hell Engine","floor":50.0,"turns":4.0},{"damage":0.0,"enemies":"conspire:OrnateMirror","floor":51.0,"turns":2.0},{"damage":6,"enemies":"Shield and Spear","floor":55,"turns":3},{"damage":2,"enemies":"The Heart","floor":56,"turns":4}],"seed_played":"-6226966799430755212","potions_obtained":[{"floor":1.0,"key":"Languid Potion"},{"floor":5.0,"key":"Venom Potion"},{"floor":7.0,"key":"SteroidPotion"},{"floor":21.0,"key":"BlessingOfTheForge"},{"floor":41.0,"key":"SkillPotion"},{"floor":41.0,"key":"CunningPotion"},{"floor":44.0,"key":"LiquidMemories"},{"floor":45.0,"key":"SkillPotion"},{"floor":46.0,"key":"LiquidMemories"},{"floor":48.0,"key":"SteroidPotion"}],"is_trial":false,"path_per_floor":["M","?","M","M","M","R","E","?","T","R","E","M","E","?","R","B",null,"M","?","M","M","T","E","R","$","T","E","?","?","R","E","R","B",null,"M","M","$","M","M","E","?","?","T","M","E","M","R","E","R","B","B",null,"R","$","E","B",null],"character_chosen":"THE_SILENT","items_purchased":["Adrenaline","Chemical X","REME_GreenPollution","Backflip","Snake Skull","Footwork","ClockworkSouvenir","ReplayTheSpireMod:ShopPack","Well Laid Plans","Calculated Gamble","Replay:Rubber Ducky","Whetstone","OrangePellets"],"campfire_rested":2,"item_purchase_floors":[24,25,37,37,47,47,47,47,53,54,54,54,54],"current_hp_per_floor":[50,50,50,49,33,33,18,18,18,37,37,37,27,49,49,49,62,61,61,59,59,59,43,43,43,43,36,36,30,49,55,55,36,59,60,60,60,59,62,66,66,66,66,66,66,43,43,49,49,55,63,65,65,64,58,64],"gold":143,"neow_bonus":"RANDOM_COLORLESS_2","is_daily":false,"chose_seed":false,"campfire_upgraded":2,"win_rate":0.0,"timestamp":1614340082,"path_taken":["M","?","M","M","M","R","E","?","T","R","E","M","E","?","R","BOSS","M","?","?","M","?","E","R","$","T","E","?","?","R","E","R","BOSS","M","M","$","?","M","E","?","?","T","?","E","M","R","E","R","BOSS","BOSS","R","$","E","BOSS"],"items_purchased_type":["Card","Relic","Card","Card","Relic","Card","Relic","Relic","Card","Card","Relic","Relic","Relic"],"build_version":"2020-12-22","purchased_purges":2,"victory":true,"max_hp_per_floor":[66,66,66,66,66,66,66,66,66,66,66,66,66,66,66,66,66,66,66,66,66,66,66,66,66,66,66,66,66,66,66,66,66,66,66,66,66,66,66,66,66,66,66,66,66,66,66,66,66,64,66,66,66,64,64,64],"relic_stats":{"Happy Flower":[4],"counters":[29,109],"Snake Skull":[108],"Bag of Preparation":[30],"Whetstone":["conspire:GhostlyStrike","Neutralize"],"War Paint":["Blade Dance","Survivor"],"OrangePellets":[3],"Nunchaku":[8],"Mummified Hand":[113],"Chemical X":[19],"obtain_stats":[{"ReplayFunnel":45,"reliquary:OuijaBoard":55,"reliquary:Boomerang":22,"Vajra":46,"Snake Skull":47,"Bag of Preparation":27,"Whetstone":54,"conspire:TopHat":34,"ClockworkSouvenir":47,"Replay:Rubber Ducky":54,"Nunchaku":42,"Mummified Hand":9,"qcfpunch:Necklace_of_Skulls":46,"qcfpunch:Wrestler\u0027s_Cloak":34,"Iron Hammer":48,"qcfpunch:Handcuffs":46,"Chemical X":25,"REME_LowDesire":34,"Ring of the Snake":0,"energizedSpire:RedRose":17,"conspire:Dentures":23,"Potion Belt":41,"Happy Flower":46,"Quantum Egg":26,"ReplayTheSpireMod:Ring of Addiction":41,"War Paint":7,"White Beast Statue":41,"OrangePellets":54,"Replay:Baseball":13,"Simple Rune":46,"reliquary:BallBearing":11,"ReplayTheSpireMod:TigerMarble":40,"ReplayTheSpireMod:Ring of Challenge":41,"Toy Ornithopter":31,"REME_ComplimentaryCards":0,"ReplayTheSpireMod:ShopPack":47},{"ReplayFunnel":23,"reliquary:OuijaBoard":28,"reliquary:Boomerang":12,"Vajra":24,"Snake Skull":24,"Bag of Preparation":14,"Whetstone":27,"conspire:TopHat":16,"ClockworkSouvenir":24,"Replay:Rubber Ducky":27,"Nunchaku":21,"Mummified Hand":5,"qcfpunch:Necklace_of_Skulls":24,"qcfpunch:Wrestler\u0027s_Cloak":16,"Iron Hammer":25,"qcfpunch:Handcuffs":24,"Chemical X":13,"REME_LowDesire":16,"Ring of the Snake":0,"energizedSpire:RedRose":9,"conspire:Dentures":13,"Potion Belt":21,"Happy Flower":24,"Quantum Egg":13,"ReplayTheSpireMod:Ring of Addiction":21,"War Paint":5,"White Beast Statue":21,"OrangePellets":27,"Replay:Baseball":8,"Simple Rune":24,"reliquary:BallBearing":6,"ReplayTheSpireMod:TigerMarble":21,"ReplayTheSpireMod:Ring of Challenge":21,"Toy Ornithopter":15,"REME_ComplimentaryCards":0,"ReplayTheSpireMod:ShopPack":24},{"ReplayFunnel":92,"reliquary:OuijaBoard":105,"reliquary:Boomerang":48,"Vajra":95,"Snake Skull":95,"Bag of Preparation":58,"Whetstone":102,"conspire:TopHat":67,"ClockworkSouvenir":95,"Replay:Rubber Ducky":102,"Nunchaku":86,"Mummified Hand":24,"qcfpunch:Necklace_of_Skulls":95,"qcfpunch:Wrestler\u0027s_Cloak":67,"Iron Hammer":96,"qcfpunch:Handcuffs":95,"Chemical X":54,"REME_LowDesire":67,"Ring of the Snake":0,"energizedSpire:RedRose":38,"conspire:Dentures":54,"Potion Belt":86,"Happy Flower":95,"Quantum Egg":54,"ReplayTheSpireMod:Ring of Addiction":86,"War Paint":24,"White Beast Statue":86,"OrangePellets":102,"Replay:Baseball":35,"Simple Rune":95,"reliquary:BallBearing":27,"ReplayTheSpireMod:TigerMarble":86,"ReplayTheSpireMod:Ring of Challenge":86,"Toy Ornithopter":63,"REME_ComplimentaryCards":0,"ReplayTheSpireMod:ShopPack":95}],"Toy Ornithopter":0,"Ring of the Snake":[58]},"card_choices":[{"not_picked":["Secret Technique","Magnetism"],"picked":"Sadistic Nature","floor":0.0},{"not_picked":["Dodge and Roll","Outmaneuver"],"picked":"conspire:PoisonWeapons","floor":1.0},{"not_picked":["Tactician","Prepared"],"picked":"Poisoned Stab","floor":3.0},{"not_picked":["Flying Knee","Sucker Punch"],"picked":"Blade Dance","floor":4.0},{"not_picked":["Hidden Blade","PiercingWail"],"picked":"Backflip","floor":5.0},{"not_picked":["Acrobatics","Deadly Poison"],"picked":"REME_CopyPotion","floor":7.0},{"not_picked":["Deflect","Flying Knee","REME_SpectralBlade"],"picked":"SKIP","floor":11.0},{"not_picked":["Deflect","Flying Knee","REME_SpectralBlade"],"picked":"SKIP","floor":11.0},{"not_picked":["Underhanded Strike","Slice"],"picked":"Dodge and Roll","floor":12.0},{"not_picked":["ReplayTheSpireMod:Exploit Weakness","Atom Bomb"],"picked":"PiercingWail","floor":13.0},{"not_picked":["Atom Bomb","Venomology"],"picked":"Envenom","floor":16.0},{"not_picked":["Accuracy","Deflect"],"picked":"Hidden Blade+1","floor":18.0},{"not_picked":["Sucker Punch","Underhanded Strike","ReplayTheSpireMod:Shiv Toss"],"picked":"SKIP","floor":20.0},{"not_picked":["Underhanded Strike","Dodge and Roll"],"picked":"Prepared","floor":21.0},{"not_picked":["Finisher","conspire:DoublingDagger"],"picked":"Catalyst","floor":23.0},{"not_picked":["Expertise","Reflex"],"picked":"ReplayTheSpireMod:Shiv Toss","floor":27.0},{"not_picked":["Dodge and Roll","Eviscerate"],"picked":"Tools of the Trade","floor":31.0},{"not_picked":["REME_CopyPotion","Malaise"],"picked":"A Thousand Cuts","floor":33.0},{"not_picked":["Toxin Wave","Dodge and Roll","Flying Knee"],"picked":"ReplayTheSpireMod:Private Reserves","floor":35.0},{"not_picked":["ReplayTheSpireMod:Tripwire","Tactician","Flying Knee"],"picked":"Purity","floor":36.0},{"not_picked":["Die Die Die","Backflip","REME_TheoryOfElimination"],"picked":"Hidden Blade+1","floor":38.0},{"not_picked":["Prepared","Deadly Poison+1","Underhanded Strike","Swift Strike"],"picked":"SKIP","floor":39.0},{"not_picked":["Atom Bomb","Deflect+1","Quick Slash"],"picked":"Panacea","floor":40.0},{"not_picked":["PiercingWail","Underhanded Strike","Poisoned Stab+1"],"picked":"Deep Breath+1","floor":44.0},{"not_picked":["Prepared","Sucker Punch","conspire:PoisonWeapons+1","Dark Shackles"],"picked":"SKIP","floor":45.0},{"not_picked":["Prepared","Sucker Punch","Dark Shackles"],"picked":"conspire:PoisonWeapons+1","floor":45.0},{"not_picked":["Infinite Blades","Cloak And Dagger","Secret Technique"],"picked":"Backflip","floor":46.0},{"not_picked":["ReplayTheSpireMod:Brewmster","REME_BattleFury","REME_EyeOfCthun"],"picked":"REME_Flogging","floor":47.0},{"not_picked":["Replay:Bootleg Shield Generator","conspire:Banana","REME_BattleFury"],"picked":"REME_ProfessionalPlagiarism","floor":47.0},{"not_picked":["Forethought","ReplayTheSpireMod:Necrogeddon","Poisoned Strike"],"picked":"Mayhem","floor":47.0},{"not_picked":["ReplayTheSpireMod:Tripwire","Deadly Poison+1","Envenom"],"picked":"Discovery","floor":48.0},{"not_picked":["Bane+1","Choke+1","REME_BattleFury"],"picked":"Infinite Blades","floor":55}],"player_experience":1418443,"relics_obtained":[{"floor":7.0,"key":"War Paint"},{"floor":9.0,"key":"Mummified Hand"},{"floor":11.0,"key":"reliquary:BallBearing"},{"floor":13.0,"key":"Replay:Baseball"},{"floor":22.0,"key":"reliquary:Boomerang"},{"floor":23.0,"key":"conspire:Dentures"},{"floor":26.0,"key":"Quantum Egg"},{"floor":27.0,"key":"Bag of Preparation"},{"floor":31.0,"key":"Toy Ornithopter"},{"floor":34.0,"key":"qcfpunch:Wrestler\u0027s_Cloak"},{"floor":34.0,"key":"conspire:TopHat"},{"floor":40.0,"key":"ReplayTheSpireMod:TigerMarble"},{"floor":41.0,"key":"ReplayTheSpireMod:Ring of Challenge"},{"floor":41.0,"key":"ReplayTheSpireMod:Ring of Addiction"},{"floor":41.0,"key":"Potion Belt"},{"floor":41.0,"key":"White Beast Statue"},{"floor":45.0,"key":"ReplayFunnel"},{"floor":46.0,"key":"qcfpunch:Necklace_of_Skulls"},{"floor":46.0,"key":"Vajra"},{"floor":46.0,"key":"qcfpunch:Handcuffs"},{"floor":46.0,"key":"Simple Rune"},{"floor":46.0,"key":"Happy Flower"},{"floor":48.0,"key":"Iron Hammer"},{"floor":55,"key":"reliquary:OuijaBoard"}],"event_choices":[{"damage_healed":0.0,"max_hp_gain":0.0,"max_hp_loss":0.0,"gold_gain":0.0,"event_name":"conspire:LoneGhost","player_choice":"Agree","floor":8.0,"gold_loss":0.0,"damage_taken":0.0},{"damage_healed":22.0,"max_hp_gain":0.0,"max_hp_loss":0.0,"gold_gain":0.0,"event_name":"Big Fish","player_choice":"Banana","floor":14.0,"gold_loss":0.0,"damage_taken":0.0},{"damage_healed":0.0,"max_hp_gain":0.0,"max_hp_loss":0.0,"gold_gain":0.0,"event_name":"Lab","player_choice":"Got Potions","floor":19.0,"gold_loss":0.0,"damage_taken":0.0},{"damage_healed":0.0,"max_hp_gain":0.0,"max_hp_loss":0.0,"gold_gain":0.0,"cards_transformed":["conspire:GhostlyStrike","conspire:GhostlyStrike"],"event_name":"Drug Dealer","player_choice":"Became Test Subject","floor":28.0,"gold_loss":0.0,"damage_taken":0.0,"cards_obtained":["Bandage Up","Mayhem"]},{"damage_healed":0.0,"max_hp_gain":0.0,"max_hp_loss":0.0,"gold_gain":50.0,"event_name":"FaceTrader","player_choice":"Touch","floor":29.0,"gold_loss":0.0,"damage_taken":6.0},{"damage_healed":0.0,"max_hp_gain":0.0,"max_hp_loss":0.0,"gold_gain":0.0,"event_name":"WeMeetAgain","player_choice":"Paid Gold","floor":42.0,"gold_loss":83.0,"damage_taken":0.0,"relics_obtained":["Nunchaku"]}],"is_beta":false,"boss_relics":[{"not_picked":["Sozu","Snecko Heart"],"picked":"energizedSpire:RedRose"},{"not_picked":["conspire:RoyalGoblet","energizedSpire:PogoStick"],"picked":"REME_LowDesire"}],"items_purged_floors":[24,37],"is_endless":false,"potions_floor_spawned":[1,5,7,12,18,21,31,35,39,44,45,46,48,55],"ascension_level":20}}