{"host":"g4x9311ed0e33vyq","time":1614304832,"event":{"mods":["BaseMod","Colored Map","Colored Powertips","Downfall","Minty Spire (QoL Compilation)","Replay The Spire","Shop Mod","StSLib","The Cursed","The Necromancer"],"gold_per_floor":[114,131,131,131,36,36,36,36,118,139,139,139,152,177,177,177,177],"floor_reached":16,"language":"ZHS","playtime":1232,"items_purged":[],"score":90,"play_id":"ecda0dfd-d1fc-4735-9805-b54d377ca412","local_time":"20210226100032","is_ascension_mode":false,"campfire_choices":[{"data":"TheCursedMod:CursedWand","floor":6,"key":"SMITH"},{"data":"Bandage Up","floor":8,"key":"SMITH"},{"data":"TheCursedMod:CleanUpWorkshop","floor":12,"key":"SMITH"},{"data":"TheCursedMod:FleshFromBone","floor":15,"key":"SMITH"}],"circlet_count":0,"master_deck":["TheCursedMod:Strike_TheCursed","TheCursedMod:Strike_TheCursed","TheCursedMod:Strike_TheCursed","TheCursedMod:Strike_TheCursed","TheCursedMod:Defend_TheCursed","TheCursedMod:Defend_TheCursed","TheCursedMod:Defend_TheCursed","TheCursedMod:Defend_TheCursed","TheCursedMod:CursedWand+1","TheCursedMod:CleanUpWorkshop+1","TheCursedMod:CursedBlade","TheCursedMod:CursedSpellbook","Injury","Bandage Up+1","TheCursedMod:CursedArmor","Parasite","TheCursedMod:WearCloak","TheCursedMod:FleshFromBone+1"],"relics":["TheCursedMod:BlackMagic101","Golden Idol","Divine Protection"],"acts_visited":["Exordium"],"potions_floor_usage":[3,16],"damage_taken":[{"damage":0,"enemies":"Small Slimes","floor":1,"turns":3},{"damage":1,"enemies":"Jaw Worm","floor":2,"turns":5},{"damage":0,"enemies":"2 Louse","floor":10,"turns":2},{"damage":0,"enemies":"2 Fungi Beasts","floor":13,"turns":2},{"damage":0,"enemies":"Blue Slaver","floor":14,"turns":5},{"damage":98,"enemies":"The Guardian","floor":16,"turns":21}],"seed_played":"5944802368073772398","potions_obtained":[{"floor":2,"key":"Fruit Juice"},{"floor":10,"key":"Energy Potion"},{"floor":14,"key":"Weak Potion"}],"is_trial":false,"path_per_floor":["M","M","?","?","$","R","$","R","T","M","?","R","M","M","R","B"],"character_chosen":"THE_CURSED","items_purchased":["Bandage Up"],"campfire_rested":0,"item_purchase_floors":[5],"current_hp_per_floor":[82,81,79,79,79,79,79,79,79,79,87,87,87,87,87,0,0],"gold":177,"neow_bonus":"TEN_PERCENT_HP_BONUS","is_daily":false,"chose_seed":false,"campfire_upgraded":4,"win_rate":0.0,"timestamp":1614304832,"path_taken":["M","M","?","?","?","R","$","R","T","M","?","R","M","M","R","BOSS"],"items_purchased_type":["Card"],"build_version":"2020-12-22","purchased_purges":0,"victory":false,"max_hp_per_floor":[82,82,87,87,87,87,87,87,87,87,87,87,87,87,87,87,87],"card_choices":[{"not_picked":["TheCursedMod:TacticalStrike","TheCursedMod:Torture"],"picked":"TheCursedMod:CursedBlade","floor":1},{"not_picked":["TheCursedMod:SurpriseAttack","TheCursedMod:Evocation"],"picked":"TheCursedMod:CursedSpellbook","floor":2},{"not_picked":["TheCursedMod:PrepareRite","TheCursedMod:CursedBoomerang"],"picked":"TheCursedMod:CursedArmor","floor":10},{"not_picked":["TheCursedMod:FuryStrike","TheCursedMod:CursedBoomerang"],"picked":"TheCursedMod:WearCloak","floor":13},{"not_picked":["TheCursedMod:HellfireBreathing","TheCursedMod:SoulCrush"],"picked":"TheCursedMod:FleshFromBone","floor":14}],"player_experience":18519,"relics_obtained":[{"floor":9,"key":"Divine Protection"}],"event_choices":[{"cards_removed":["TheCursedMod:Dregs"],"damage_healed":0,"gold_gain":0,"player_choice":"Card Removal","damage_taken":7,"max_hp_gain":0,"max_hp_loss":0,"event_name":"Golden Wing","floor":3,"gold_loss":0},{"damage_healed":0,"gold_gain":0,"player_choice":"Take Wound","damage_taken":0,"relics_obtained":["Golden Idol"],"max_hp_gain":0,"max_hp_loss":0,"event_name":"Golden Idol","floor":4,"gold_loss":0,"cards_obtained":["Injury"]},{"damage_healed":21,"gold_gain":0,"player_choice":"Healed and dodged fight","damage_taken":0,"max_hp_gain":0,"max_hp_loss":0,"event_name":"Mushrooms","floor":11,"gold_loss":0,"cards_obtained":["Parasite"]}],"is_beta":false,"boss_relics":[],"items_purged_floors":[],"is_endless":false,"potions_floor_spawned":[2,10,14],"killed_by":"The Guardian","ascension_level":0}}