{"host":"7sni158j623xchr2","time":1614324333,"event":{"mods":["BaseMod","Colored Map","Highlight Path","Minty Spire (QoL Compilation)","Permanent Neow","Potion Indicator Mod","Rare Cards Sparkle","Relic Sorter","Relic Stats","StSLib","everything is the same but u backflip on backflip"],"gold_per_floor":[118,138,213,9,28,55,55,73,73,73,73,73,105,115,115,210,210,220,231,24,24,24,24,34,34,87,87,106,132,132,45,45,148,148,167,167,178,188,198,225,225,254,300,300,327,339,339,367,367,367,367,367,39,73,73],"floor_reached":56,"language":"ENG","playtime":1543,"items_purged":["Decay","Strike_R","Strike_R+1","Strike_R+1"],"score":1442,"play_id":"684a331e-efaa-4cf7-9a47-649976ed7993","local_time":"20210226012533","is_ascension_mode":true,"campfire_choices":[{"data":"Carnage","floor":7,"key":"SMITH"},{"data":"Berserk","floor":10,"key":"SMITH"},{"floor":12,"key":"REST"},{"floor":15,"key":"REST"},{"data":"1","floor":25,"key":"LIFT"},{"data":"2","floor":27,"key":"LIFT"},{"data":"3","floor":30,"key":"LIFT"},{"data":"Immolate","floor":32,"key":"SMITH"},{"floor":41,"key":"REST"},{"floor":44,"key":"RECALL"},{"data":"Limit Break","floor":47,"key":"SMITH"},{"data":"Disarm","floor":49,"key":"SMITH"},{"data":"Shockwave","floor":52,"key":"SMITH"}],"circlet_count":0,"master_deck":["Strike_R+1","Strike_R+1","Defend_R+1","Defend_R+1","Defend_R+1","Defend_R+1","Bash+1","Limit Break+1","Rage","True Grit","Carnage+1","Shockwave+1","Berserk+1","Immolate+1","Disarm+1","Immolate+1","Battle Trance+1","Flame Barrier+1","Sword Boomerang+1","Disarm+1","Corruption+1","CurseOfTheBell","Inflame+1","Limit Break+1","Shrug It Off+1","Shrug It Off+1","Evolve+1","Sword Boomerang+1","Sentinel+1","Flex+1","Ghostly Armor+1","Shrug It Off+1","Battle Trance+1"],"relics":["Burning Blood","Pen Nib","Matryoshka","GremlinMask","Girya","Black Star","Membership Card","Art of War","Toxic Egg 2","Bag of Marbles","Smiling Mask","Pear","Frozen Egg 2","Calling Bell","Dream Catcher","Self Forming Clay","Ginger","Eternal Feather","Bottled Tornado","Meat on the Bone","StrikeDummy","Whetstone","Juzu Bracelet","Singing Bowl","Lantern","Centennial Puzzle","Sling","Nunchaku","Toy Ornithopter"],"acts_visited":["Exordium","TheCity","TheBeyond","TheEnding"],"potions_floor_usage":[6,16,18,19,19,29,29,33,38,40,40,48,54,55,55,55],"damage_taken":[{"damage":2,"enemies":"2 Louse","floor":1,"turns":3},{"damage":27,"enemies":"Jaw Worm","floor":2,"turns":5},{"damage":5,"enemies":"Cultist","floor":5,"turns":4},{"damage":23,"enemies":"Lagavulin","floor":6,"turns":7},{"damage":9,"enemies":"Looter","floor":8,"turns":3},{"damage":44,"enemies":"3 Sentries","floor":13,"turns":10},{"damage":12,"enemies":"Exordium Wildlife","floor":14,"turns":2},{"damage":8,"enemies":"Hexaghost","floor":16,"turns":9},{"damage":8,"enemies":"Shell Parasite","floor":18,"turns":3},{"damage":30,"enemies":"3 Byrds","floor":19,"turns":6},{"damage":18,"enemies":"Snake Plant","floor":24,"turns":4},{"damage":7,"enemies":"Snecko","floor":28,"turns":4},{"damage":10,"enemies":"Slavers","floor":29,"turns":3},{"damage":34,"enemies":"Collector","floor":33,"turns":7},{"damage":5,"enemies":"Orb Walker","floor":35,"turns":2},{"damage":10,"enemies":"3 Darklings","floor":37,"turns":3},{"damage":20,"enemies":"4 Shapes","floor":38,"turns":5},{"damage":55,"enemies":"Writhing Mass","floor":39,"turns":6},{"damage":35,"enemies":"Reptomancer","floor":40,"turns":4},{"damage":11,"enemies":"Giant Head","floor":42,"turns":6},{"damage":27,"enemies":"Reptomancer","floor":45,"turns":4},{"damage":22,"enemies":"Sphere and 2 Shapes","floor":46,"turns":3},{"damage":41,"enemies":"Nemesis","floor":48,"turns":5},{"damage":45,"enemies":"Time Eater","floor":50,"turns":8},{"damage":11,"enemies":"Shield and Spear","floor":54,"turns":4},{"damage":76,"enemies":"The Heart","floor":55,"turns":7}],"seed_played":"-2413998219525034926","potions_obtained":[{"floor":5,"key":"Ancient Potion"},{"floor":6,"key":"FearPotion"},{"floor":14,"key":"EssenceOfSteel"},{"floor":16,"key":"Block Potion"},{"floor":18,"key":"EssenceOfSteel"},{"floor":24,"key":"Block Potion"},{"floor":28,"key":"PowerPotion"},{"floor":29,"key":"AttackPotion"},{"floor":37,"key":"Regen Potion"},{"floor":39,"key":"Swift Potion"},{"floor":40,"key":"CultistPotion"},{"floor":46,"key":"DistilledChaos"},{"floor":54,"key":"Ancient Potion"}],"is_trial":false,"path_per_floor":["M","M","?","$","M","E","R","M","T","R","?","R","E","M","R","B",null,"M","M","$","?","T","?","M","R","T","R","M","E","R","$","R","B",null,"M","?","M","M","M","E","R","E","T","R","E","M","R","E","R","B",null,"R","$","E","B",null],"character_chosen":"IRONCLAD","items_purchased":["Carnage","Fire Potion","Membership Card","Disarm+1","Shrug It Off+1","Centennial Puzzle","Battle Trance+1","Sling","Ancient Potion","AttackPotion"],"campfire_rested":3,"item_purchase_floors":[4,4,20,31,53,53,53,53,53,53],"current_hp_per_floor":[80,59,48,48,49,32,32,29,29,29,29,53,15,9,33,31,80,78,54,54,54,54,54,42,42,42,42,41,47,47,47,47,19,90,90,90,86,85,36,7,49,44,44,62,53,49,67,44,62,35,90,90,90,87,34],"gold":73,"neow_bonus":"THREE_RARE_CARDS","is_daily":false,"chose_seed":false,"campfire_upgraded":6,"win_rate":0.0,"timestamp":1614324333,"path_taken":["M","M","?","?","M","E","R","M","T","R","?","R","E","?","R","BOSS","M","M","$","?","?","?","M","R","T","R","M","E","R","$","R","BOSS","M","?","M","M","?","E","R","E","T","R","E","M","R","E","R","BOSS","R","$","E","BOSS"],"items_purchased_type":["Card","Potion","Relic","Card","Card","Relic","Card","Relic","Potion","Potion"],"build_version":"2020-12-22","purchased_purges":4,"victory":true,"max_hp_per_floor":[80,80,80,80,80,80,80,80,80,80,80,80,80,80,80,80,80,80,80,80,80,80,80,80,80,80,80,80,90,90,90,90,90,90,90,90,90,90,90,90,90,90,90,90,90,90,90,90,90,90,90,90,90,92,92],"relic_stats":{"Singing Bowl":2,"counters":[26,127],"Self Forming Clay":[135],"Eternal Feather":69,"Pen Nib":[13],"Juzu Bracelet":0,"Ginger":[22],"Whetstone":["Bash","Immolate"],"Smiling Mask":38,"Burning Blood":151,"Dream Catcher":1,"Centennial Puzzle":[6],"Nunchaku":[0],"Black Star":6,"Art of War":[17],"obtain_stats":[{"Lantern":48,"Singing Bowl":48,"GremlinMask":11,"Juzu Bracelet":45,"Ginger":34,"Whetstone":45,"Bottled Tornado":40,"Smiling Mask":26,"Sling":53,"Burning Blood":0,"Dream Catcher":34,"Centennial Puzzle":53,"Nunchaku":54,"Matryoshka":9,"Toxic Egg 2":22,"Girya":13,"Pear":29,"Self Forming Clay":34,"Eternal Feather":40,"Pen Nib":6,"Frozen Egg 2":29,"Calling Bell":34,"Black Star":17,"Art of War":22,"Bag of Marbles":26,"Membership Card":20,"StrikeDummy":42,"Toy Ornithopter":54,"Meat on the Bone":42},{"Lantern":23,"Singing Bowl":23,"GremlinMask":5,"Juzu Bracelet":21,"Ginger":14,"Whetstone":21,"Bottled Tornado":19,"Smiling Mask":11,"Sling":24,"Burning Blood":0,"Dream Catcher":14,"Centennial Puzzle":24,"Nunchaku":25,"Matryoshka":5,"Toxic Egg 2":10,"Girya":6,"Pear":13,"Self Forming Clay":14,"Eternal Feather":19,"Pen Nib":4,"Frozen Egg 2":13,"Calling Bell":14,"Black Star":8,"Art of War":10,"Bag of Marbles":11,"Membership Card":10,"StrikeDummy":20,"Toy Ornithopter":25,"Meat on the Bone":20},{"Lantern":108,"Singing Bowl":108,"GremlinMask":22,"Juzu Bracelet":100,"Ginger":70,"Whetstone":100,"Bottled Tornado":90,"Smiling Mask":56,"Sling":116,"Burning Blood":0,"Dream Catcher":70,"Centennial Puzzle":116,"Nunchaku":120,"Matryoshka":22,"Toxic Egg 2":52,"Girya":32,"Pear":63,"Self Forming Clay":70,"Eternal Feather":90,"Pen Nib":19,"Frozen Egg 2":63,"Calling Bell":70,"Black Star":43,"Art of War":52,"Bag of Marbles":56,"Membership Card":52,"StrikeDummy":96,"Toy Ornithopter":120,"Meat on the Bone":96}],"Toy Ornithopter":5,"Meat on the Bone":60},"card_choices":[{"not_picked":["Exhume","Reaper"],"picked":"Limit Break","floor":0},{"not_picked":["Havoc","Second Wind"],"picked":"Rage","floor":1},{"not_picked":["Heavy Blade","Body Slam"],"picked":"True Grit","floor":2},{"not_picked":["Warcry","Havoc"],"picked":"Shockwave","floor":5},{"not_picked":["Hemokinesis","True Grit"],"picked":"Berserk","floor":6},{"not_picked":["Anger","Bloodletting","Twin Strike"],"picked":"SKIP","floor":8},{"not_picked":["Intimidate","Burning Pact"],"picked":"Immolate","floor":13},{"not_picked":["True Grit","Clothesline"],"picked":"Disarm","floor":14},{"not_picked":["Impervious","Berserk"],"picked":"Immolate","floor":16},{"not_picked":["Rupture","Twin Strike","Body Slam"],"picked":"SKIP","floor":18},{"not_picked":["Warcry","Clash","Twin Strike"],"picked":"SKIP","floor":19},{"not_picked":["Iron Wave+1","Entrench+1"],"picked":"Flame Barrier+1","floor":24},{"not_picked":["Twin Strike+1","Perfected Strike+1","Carnage"],"picked":"SKIP","floor":28},{"not_picked":["Bloodletting+1","Body Slam"],"picked":"Sword Boomerang+1","floor":29},{"not_picked":["Double Tap+1","Berserk+1"],"picked":"Corruption+1","floor":33},{"not_picked":["Perfected Strike","Anger+1"],"picked":"Inflame+1","floor":35},{"not_picked":["Ghostly Armor+1","Berserk+1"],"picked":"Shrug It Off+1","floor":37},{"not_picked":["Bloodletting+1","Heavy Blade+1"],"picked":"Shrug It Off+1","floor":38},{"not_picked":["Havoc+1","Heavy Blade","Perfected Strike"],"picked":"SKIP","floor":39},{"not_picked":["Clash","Fire Breathing+1"],"picked":"Evolve+1","floor":40},{"not_picked":["Cleave","Barricade+1"],"picked":"Sword Boomerang+1","floor":41},{"not_picked":["Pummel","Sword Boomerang+1"],"picked":"Sentinel+1","floor":42},{"not_picked":["Fiend Fire","Rage+1"],"picked":"Flex+1","floor":45},{"not_picked":["Twin Strike+1","Thunderclap+1","Sword Boomerang+1"],"picked":"SKIP","floor":46},{"not_picked":["Rampage+1","Evolve+1"],"picked":"Ghostly Armor+1","floor":48},{"not_picked":["Heavy Blade+1","Sword Boomerang","Iron Wave+1"],"picked":"Singing Bowl","floor":54}],"player_experience":1855949,"relics_obtained":[{"floor":6,"key":"Pen Nib"},{"floor":9,"key":"Matryoshka"},{"floor":13,"key":"Girya"},{"floor":22,"key":"Art of War"},{"floor":22,"key":"Toxic Egg 2"},{"floor":26,"key":"Bag of Marbles"},{"floor":26,"key":"Smiling Mask"},{"floor":29,"key":"Pear"},{"floor":29,"key":"Frozen Egg 2"},{"floor":34,"key":"Dream Catcher"},{"floor":34,"key":"Self Forming Clay"},{"floor":34,"key":"Ginger"},{"floor":40,"key":"Eternal Feather"},{"floor":40,"key":"Bottled Tornado"},{"floor":42,"key":"Meat on the Bone"},{"floor":42,"key":"StrikeDummy"},{"floor":45,"key":"Whetstone"},{"floor":45,"key":"Juzu Bracelet"},{"floor":48,"key":"Singing Bowl"},{"floor":48,"key":"Lantern"},{"floor":54,"key":"Nunchaku"},{"floor":54,"key":"Toy Ornithopter"}],"event_choices":[{"damage_healed":0,"gold_gain":75,"player_choice":"Gather Gold","damage_taken":11,"max_hp_gain":0,"max_hp_loss":0,"event_name":"World of Goop","floor":3,"gold_loss":0},{"damage_healed":0,"gold_gain":0,"player_choice":"Trade","damage_taken":0,"relics_obtained":["GremlinMask"],"max_hp_gain":0,"max_hp_loss":0,"event_name":"FaceTrader","floor":11,"gold_loss":0},{"damage_healed":0,"gold_gain":0,"player_choice":"Simplicity","damage_taken":0,"max_hp_gain":0,"max_hp_loss":0,"event_name":"Back to Basics","floor":21,"gold_loss":0,"cards_upgraded":["Strike_R","Strike_R","Strike_R","Strike_R","Defend_R","Defend_R","Defend_R","Defend_R"]},{"damage_healed":0,"gold_gain":0,"player_choice":"Read","damage_taken":0,"max_hp_gain":0,"max_hp_loss":0,"event_name":"The Library","floor":23,"gold_loss":0,"cards_obtained":["Battle Trance"]},{"damage_healed":0,"gold_gain":0,"player_choice":"Copied","damage_taken":0,"max_hp_gain":0,"max_hp_loss":0,"event_name":"Duplicator","floor":36,"gold_loss":0,"cards_obtained":["Limit Break"]}],"is_beta":false,"boss_relics":[{"not_picked":["Fusion Hammer","Runic Dome"],"picked":"Black Star"},{"not_picked":["Runic Pyramid","Runic Cube"],"picked":"Calling Bell"}],"items_purged_floors":[4,20,31,53],"is_endless":false,"potions_floor_spawned":[5,6,14,16,18,24,28,29,37,39,40,46,54],"ascension_level":2}}