{"host":"gk9qdtkqd8dwfeg2","time":1614314363,"event":{"mods":["ATMod(°¢èªMod)","Act Like it!","Aspiration","BaseMod","Colored Powertips","Gensokyo","Minty Spire (QoL Compilation)","Quick Restart","Reimu£¨²©ÀöÁéÃÎ£©","Remilia£¨ÀÙÃ×ÀòÑÇ£©","Replay The Spire","Shop Mod","StSLib","TestMod","The Servant 0.9.4","Waifu the Spire","Youmu£¨»êÆÇÑýÃÎ£©"],"gold_per_floor":[112,512,512,204,204,232,232,232,232,260,476,496,542,553,553,630,630,687,687,687,687,22,52,52,85,108,108,383,398,417,452,452,530,530,546,546,559,250,316,316,368,368,392,392,140,99,99,156,156,281,306,306,306,72,157,182],"floor_reached":57,"language":"ZHS","playtime":1985,"items_purged":["Decay","Slice"],"score":3035,"play_id":"c287a174-74ef-47a2-8451-9a3d17ab715d","local_time":"20210226123923","is_ascension_mode":true,"campfire_choices":[{"data":"Body Slam","floor":8.0,"key":"SMITH"},{"data":"AT_DiedThrough","floor":15.0,"key":"SMITH"},{"data":"Eclipse","floor":27.0,"key":"SMITH"},{"data":"Shockwave","floor":32.0,"key":"SMITH"},{"floor":40.0,"key":"RECALL"},{"data":"Burning Pact","floor":42.0,"key":"SMITH"},{"data":"Feel No Pain","floor":49.0,"key":"SMITH"},{"data":"AT_EmpoweredMortalDraw","floor":53.0,"key":"SMITH"}],"circlet_count":0,"master_deck":["AscendersBane","Body Slam+1","Burning Pact+1","AT_DiedThrough+1","Eclipse+1","AT_ManFootWork","Berserk+1","AT_BodySlamDance+1","Evolve+1","Shockwave+1","Shrug It Off+1","Berserk+1","Fire Breathing+1","ReplayReversal+1","ReplayReversal+1","AT_Dispersion+1","Dark Embrace+1","Unload+1","Feel No Pain+1","Dark Embrace+1","Impervious+1"],"relics":["Burning Blood","AT_ATBox","testmod-BlackFramedGlasses","Gensokyo:LunaticRedEyes","Ancient Tea Set","Onion Ring","White Beast Statue","Juzu Bracelet","aspiration:DSix","Golden Egg","testmod-KeyOfTheVoid","GreatHeart","MerchantsRug","ClockworkSouvenir","Bag of Marbles","ReplayFunnel","Mercury Hourglass","Toy Ornithopter","Potion Belt","Anchor","testmod-TestBox","AT_MibuBalloonWealth","Ice Cream","King of Hearts","testmod-Alchemist","Mirror"],"acts_visited":["Exordium","TheCity","TheCity","TheEnding"],"potions_floor_usage":[56,56,56,56,56,56,56,56,56],"damage_taken":[{"damage":2.0,"enemies":"Gensokyo:3_Fairies","floor":1.0,"turns":3.0},{"damage":16.0,"enemies":"Gensokyo:Mamizou","floor":6.0,"turns":7.0},{"damage":25.0,"enemies":"Gensokyo:Aya","floor":10.0,"turns":4.0},{"damage":7.0,"enemies":"Gensokyo:2_Kodama","floor":11.0,"turns":3.0},{"damage":1.0,"enemies":"Gensokyo:Gryphon","floor":12.0,"turns":2.0},{"damage":2.0,"enemies":"Gensokyo:2_Rabbits","floor":14.0,"turns":2.0},{"damage":34.0,"enemies":"Gensokyo:Yukari","floor":16.0,"turns":7.0},{"damage":5.0,"enemies":"2 Thieves","floor":18.0,"turns":3.0},{"damage":3.0,"enemies":"Slavers","floor":23.0,"turns":3.0},{"damage":20.0,"enemies":"Book of Stabbing","floor":25.0,"turns":3.0},{"damage":0.0,"enemies":"Spheric Guardian","floor":29.0,"turns":1.0},{"damage":0.0,"enemies":"Snake Plant","floor":30.0,"turns":3.0},{"damage":6.0,"enemies":"Replay:Snechameleon","floor":31.0,"turns":4.0},{"damage":26.0,"enemies":"Automaton","floor":33.0,"turns":6.0},{"damage":0.0,"enemies":"Gensokyo:3_Bats","floor":35.0,"turns":2.0},{"damage":19.0,"enemies":"Gensokyo:AncientGuardian","floor":37.0,"turns":4.0},{"damage":0.0,"enemies":"Gensokyo:Dusk_and_Dawn","floor":39.0,"turns":4.0},{"damage":0.0,"enemies":"Gensokyo:Doremy","floor":41.0,"turns":5.0},{"damage":0.0,"enemies":"Gensokyo:Marisa","floor":48.0,"turns":4.0},{"damage":12.0,"enemies":"Gensokyo:Yuyuko","floor":50.0,"turns":4.0},{"damage":0.0,"enemies":"Gensokyo:Scarlet_Devils","floor":51.0,"turns":4.0},{"damage":28.0,"enemies":"Shield and Spear","floor":55.0,"turns":3.0},{"damage":13,"enemies":"The Heart","floor":56,"turns":6}],"seed_played":"1205313367266978787","potions_obtained":[{"floor":1.0,"key":"PowerPotion"},{"floor":6.0,"key":"BlessingOfTheForge"},{"floor":10.0,"key":"ZuzhouPotion:ReiMu"},{"floor":11.0,"key":"ElixirPotion"},{"floor":12.0,"key":"Adrenaline Potion"},{"floor":14.0,"key":"Adrenaline Potion"},{"floor":16.0,"key":"Block Potion"},{"floor":18.0,"key":"Strength Potion"},{"floor":25.0,"key":"ElixirPotion"},{"floor":29.0,"key":"Weak Potion"},{"floor":30.0,"key":"Block Potion"},{"floor":31.0,"key":"Swift Potion"},{"floor":33.0,"key":"Fire Potion"},{"floor":37.0,"key":"PowerPotion"},{"floor":41.0,"key":"AttackPotion"},{"floor":48.0,"key":"ColorlessPotion"},{"floor":55,"key":"Elixir"}],"is_trial":false,"path_per_floor":["M","?","?","COS","?","E","?","R","T","E","M","M","T","M","R","B",null,"M","?","?","?","$","E","?","E","T","R","?","M","M","E","R","B",null,"M","?","M","$","M","R","E","R","T","?","$","$","?","E","R","B","B",null,"R","$","E","B",null],"character_chosen":"IRONCLAD","items_purchased":["MerchantsRug","AT_BodySlamDance","ClockworkSouvenir","Bag of Marbles","Evolve","AT_MibuBalloonWealth","Fire Breathing","ReplayReversal","King of Hearts","AT_Dispersion","Dark Embrace","Dark Embrace","FearPotion"],"campfire_rested":0,"item_purchase_floors":[22,22,22,22,22,38,38,38,45,45,46,54,54],"current_hp_per_floor":[75,75,57,57,57,54,54,54,54,39,41,48,48,54,54,33,65,69,69,69,69,69,75,75,63,63,63,63,70,75,75,75,57,71,75,75,64,64,74,74,75,75,75,75,75,75,75,75,75,75,75,75,75,75,54,75],"gold":182,"neow_bonus":"RANDOM_EVENT","is_daily":false,"chose_seed":false,"campfire_upgraded":7,"win_rate":0.0,"timestamp":1614314363,"path_taken":["M","?","?","COS","?","E","?","R","T","E","M","M","?","M","R","BOSS","M","?","?","?","$","E","?","E","T","R","?","M","M","E","R","BOSS","M","?","M","$","M","R","E","R","T","?","?","$","?","E","R","BOSS","BOSS","R","$","E","BOSS"],"items_purchased_type":["Relic","Card","Relic","Relic","Card","Relic","Card","Card","Relic","Card","Card","Card","Potion"],"build_version":"2020-12-22","purchased_purges":2,"victory":true,"max_hp_per_floor":[75,75,75,75,75,75,75,75,75,75,75,75,75,75,75,75,75,75,75,75,75,75,75,75,75,75,75,75,75,75,75,75,75,75,75,75,75,75,75,75,75,75,75,75,75,75,75,75,75,75,75,75,75,75,75,75],"card_choices":[{"not_picked":["Defy Death","Perfected Strike","Seeing Red"],"picked":"SKIP","floor":1.0},{"not_picked":["Blood for Blood","Clothesline"],"picked":"Armaments","floor":4.0},{"not_picked":["Run Through","Cleave"],"picked":"Body Slam","floor":4.0},{"not_picked":["Armaments","Clash"],"picked":"Burning Pact","floor":4.0},{"not_picked":["Defy Death","Replay:Undeath\u0027s Touch"],"picked":"AT_DiedThrough","floor":4.0},{"not_picked":["Shrug It Off","Iron Wave"],"picked":"Eclipse","floor":4.0},{"not_picked":["Hemokinesis","Body Slam"],"picked":"Battle Trance","floor":6.0},{"not_picked":["Thunderclap","Demon Form","Perfected Strike"],"picked":"SKIP","floor":10.0},{"not_picked":["Perfected Strike","AT_ShrugMaster"],"picked":"AT_ManFootWork","floor":11.0},{"not_picked":["Anger","Massacre","Iron Wave"],"picked":"SKIP","floor":12.0},{"not_picked":["Run Through","Replay:Undeath\u0027s Touch","Thunderclap"],"picked":"SKIP","floor":14.0},{"not_picked":["Juggernaut","Impervious"],"picked":"Berserk","floor":16.0},{"not_picked":["Carnage","Sword Boomerang"],"picked":"Rampage","floor":18.0},{"not_picked":["ReplayTheSpireMod:Strike From Hell","Heavy Blade","Sword Boomerang+1"],"picked":"SKIP","floor":23.0},{"not_picked":["Wild Strike","Anger"],"picked":"Shockwave","floor":25.0},{"not_picked":["Flex","Pummel"],"picked":"Shrug It Off+1","floor":29.0},{"not_picked":["Headbutt","AT_BodySlamDance","Cleave+1"],"picked":"SKIP","floor":30.0},{"not_picked":["Wild Strike","Havoc"],"picked":"Bloodletting","floor":31.0},{"not_picked":["Hemogenesis","Replay:Many Hands"],"picked":"Berserk","floor":33.0},{"not_picked":["Headbutt+1","Hemokinesis+1","Heavy Blade"],"picked":"SKIP","floor":35.0},{"not_picked":["Thunderclap+1","Perfected Strike","Headbutt+1"],"picked":"SKIP","floor":37.0},{"not_picked":["Clothesline+1","AT_DrawKnifeCut","AT_BodySlamDance"],"picked":"SKIP","floor":39.0},{"not_picked":["Clash+1","ReplayTheSpireMod:Limb From Limb+1","Cleave"],"picked":"SKIP","floor":41.0},{"not_picked":["Second Wind","Flex"],"picked":"Feel No Pain","floor":48.0},{"not_picked":["Headbutt","AT_ShrugMaster"],"picked":"Impervious","floor":55}],"player_experience":842121,"relics_obtained":[{"floor":6.0,"key":"Ancient Tea Set"},{"floor":9.0,"key":"Onion Ring"},{"floor":10.0,"key":"White Beast Statue"},{"floor":13.0,"key":"Juzu Bracelet"},{"floor":23.0,"key":"ReplayFunnel"},{"floor":25.0,"key":"Toy Ornithopter"},{"floor":26.0,"key":"Potion Belt"},{"floor":31.0,"key":"Anchor"},{"floor":41.0,"key":"Ice Cream"},{"floor":48.0,"key":"testmod-Alchemist"},{"floor":55,"key":"Mirror"}],"event_choices":[{"damage_healed":0.0,"max_hp_gain":0.0,"max_hp_loss":0.0,"gold_gain":400.0,"event_name":"¶÷ÂåË¹µÄÅÌ×Ó","player_choice":"Sell","floor":2.0,"relics_lost":["testmod-TestBox"],"gold_loss":0.0,"damage_taken":0.0},{"damage_healed":0.0,"max_hp_gain":0.0,"max_hp_loss":0.0,"gold_gain":0.0,"cards_transformed":["Strike_R"],"event_name":"Transmorgrifier","player_choice":"Transformed","floor":19.0,"gold_loss":0.0,"damage_taken":0.0,"cards_obtained":["Anger"]},{"damage_healed":0.0,"max_hp_gain":0.0,"max_hp_loss":0.0,"gold_gain":0.0,"event_name":"Wheel of Change","player_choice":"Cursed","floor":21.0,"gold_loss":0.0,"damage_taken":0.0,"cards_obtained":["Decay"]},{"damage_healed":0.0,"max_hp_gain":0.0,"max_hp_loss":0.0,"gold_gain":275.0,"event_name":"Golden Shrine","player_choice":"Desecrate","floor":28.0,"gold_loss":0.0,"damage_taken":0.0,"cards_obtained":["Regret"]},{"damage_healed":0.0,"max_hp_gain":0.0,"max_hp_loss":0.0,"gold_gain":0.0,"event_name":"¸ø×Ô¼ºµÄºÐ×Ó","player_choice":"Swap Relic","floor":36.0,"relics_lost":["Astrolabe"],"gold_loss":0.0,"damage_taken":0.0,"relics_obtained":["testmod-TestBox"]}],"is_beta":false,"boss_relics":[{"not_picked":["AT_TrinityForce","Snecko Heart"],"picked":"testmod-KeyOfTheVoid"},{"not_picked":["Ring of Chaos","Calling Bell"],"picked":"Astrolabe"}],"items_purged_floors":[22,54],"is_endless":false,"potions_floor_spawned":[1,6,10,11,12,14,16,18,23,25,29,30,31,33,35,37,39,41,48,55],"ascension_level":20}}