{"host":"wqwfknj40rilnol1","time":1614338512,"event":{"mods":["AchievementEnabler","Aspiration","BaseMod","BetterRewards","Block Reminder","Colored Map","Conspire","Highlight Path","Hubris","Minty Spire (QoL Compilation)","Permanent Neow","Quick Restart","Relic Stats","Replay The Spire","Shop Mod","StSLib","The Cursed"],"gold_per_floor":[111,111,126,4,4,4,4,4,31,51,84,84,113,113,113,113,113],"floor_reached":16,"language":"ENG","playtime":477,"items_purged":[],"score":196,"play_id":"bbf771f5-e8d7-4293-898c-aca05d9a23a5","local_time":"20210226122152","is_ascension_mode":true,"campfire_choices":[{"data":"True Grit","floor":6,"key":"SMITH"},{"data":"Clothesline","floor":8,"key":"SMITH"},{"floor":15,"key":"REST"}],"circlet_count":0,"master_deck":["AscendersBane","Strike_R","Strike_R","Strike_R","Strike_R","Defend_R","Defend_R","Defend_R","Defend_R","Bash+1","Run Through","Clothesline+1","Ghostly Armor+1","True Grit+1","hubris:NaturalOne","Run Through","conspire:Purge"],"relics":["Burning Blood","aspiration:Nostalgia","Sizzling Blood","hubris:Icosahedron","hubris:TenFootPole","Pet Ghost","aspiration:SeaSaltIceCream","aspiration:Nostalgia","Ring of the Snake"],"acts_visited":[],"potions_floor_usage":[13,16],"damage_taken":[{"damage":14,"enemies":"Jaw Worm","floor":1,"turns":5},{"damage":2,"enemies":"2 Louse","floor":3,"turns":3},{"damage":3,"enemies":"Small Slimes","floor":10,"turns":4},{"damage":32,"enemies":"3 Sentries","floor":11,"turns":12},{"damage":46,"enemies":"Gremlin Nob","floor":13,"turns":5},{"damage":58,"enemies":"Slime Boss","floor":16,"turns":6}],"seed_played":"-4193407263590277352","potions_obtained":[{"floor":1,"key":"Venom Potion"},{"floor":10,"key":"Adrenaline Potion"},{"floor":13,"key":"Fruit Juice"}],"is_trial":false,"path_per_floor":["M","?","M","$","?","R","?","R","T","M","E","$","E","?","R_BF","B"],"character_chosen":"IRONCLAD","items_purchased":["Ghostly Armor+1","True Grit"],"campfire_rested":1,"item_purchase_floors":[4,4],"current_hp_per_floor":[68,68,76,76,76,76,72,72,72,79,57,57,21,21,44,0,0],"gold":113,"neow_bonus":"NOSTALGIA","is_daily":false,"chose_seed":false,"campfire_upgraded":2,"win_rate":0.0,"timestamp":1614338512,"path_taken":["M","?","M","$","?","R","?","R","T","M","E","$","E","?","R_BF","BOSS"],"items_purchased_type":["Card","Card"],"build_version":"2020-12-22","purchased_purges":0,"victory":false,"max_hp_per_floor":[79,79,79,79,79,79,79,79,79,79,79,79,79,79,79,84,84],"relic_stats":{"counters":[6,35],"obtain_stats":[{"hubris:Icosahedron":5,"aspiration:Nostalgia":0,"Sizzling Blood":0,"hubris:TenFootPole":9,"aspiration:SeaSaltIceCream":13,"Burning Blood":0,"Pet Ghost":11,"Ring of the Snake":13},{"hubris:Icosahedron":2,"aspiration:Nostalgia":0,"Sizzling Blood":0,"hubris:TenFootPole":2,"aspiration:SeaSaltIceCream":5,"Burning Blood":0,"Pet Ghost":4,"Ring of the Snake":5},{"hubris:Icosahedron":8,"aspiration:Nostalgia":0,"Sizzling Blood":0,"hubris:TenFootPole":8,"aspiration:SeaSaltIceCream":29,"Burning Blood":0,"Pet Ghost":24,"Ring of the Snake":29}],"Burning Blood":30,"Ring of the Snake":[2]},"card_choices":[{"not_picked":["Pummel","Heavy Blade"],"picked":"Run Through","floor":1},{"not_picked":["Blood for Blood","Rampage"],"picked":"Clothesline","floor":3},{"not_picked":["Reckless Charge","Wild Strike","Shockwave"],"picked":"SKIP","floor":10},{"not_picked":["Dual Wield","Evolve"],"picked":"Run Through","floor":11},{"not_picked":["Headbutt","Searing Blow"],"picked":"conspire:Purge","floor":13}],"player_experience":327654,"relics_obtained":[{"floor":9,"key":"hubris:TenFootPole"},{"floor":11,"key":"Pet Ghost"},{"floor":13,"key":"aspiration:SeaSaltIceCream"}],"event_choices":[{"damage_healed":0,"gold_gain":0,"player_choice":"Grow","damage_taken":0,"max_hp_gain":0,"max_hp_loss":0,"event_name":"Living Wall","floor":2,"gold_loss":0,"cards_upgraded":["Bash"]},{"damage_healed":0,"gold_gain":0,"player_choice":"Leave","damage_taken":0,"max_hp_gain":0,"max_hp_loss":0,"event_name":"conspire:Investor","floor":7,"gold_loss":0}],"is_beta":false,"boss_relics":[],"items_purged_floors":[],"is_endless":false,"potions_floor_spawned":[1,10,13],"killed_by":"Slime Boss","ascension_level":17}}