{"host":"wshey5htrz8rni6u","time":1614332626,"event":{"mods":["2.2 Compatiblity","BaseMod","Block Reminder","Colored Map","Colored Powertips","Current Relic Mod","Curses Come First","Dark Map","Key Reminder","Keyboard Shortcuts","Minty Spire (QoL Compilation)","Potion Indicator Mod","Quick Restart","Random Character Button","Relic Sorter","Relic Stats","StSLib","SuperFastMode","Unceasing Turn Reminder","UnlockEverythingMod","Weighted Paths"],"gold_per_floor":[119,119,139,39,53,83,83,111,111,111,31,62,79,150,150,227,227,245,245,245,261,261,261,261],"floor_reached":23,"language":"ENG","playtime":1382,"items_purged":["Strike_G","Strike_G"],"score":393,"play_id":"068ea4af-c0a9-4e12-9da9-6211a41537d6","local_time":"20210226014346","is_ascension_mode":true,"campfire_choices":[{"floor":7,"key":"REST"},{"floor":10,"key":"REST"},{"floor":15,"key":"REST"}],"circlet_count":0,"master_deck":["AscendersBane","Strike_G","Defend_G","Defend_G","Defend_G","Defend_G","Defend_G","Survivor","Neutralize","Predator","Well Laid Plans","Sucker Punch","Noxious Fumes","Blade Dance","Predator","Dodge and Roll","Glass Knife","Grand Finale","Dodge and Roll+1","Writhe","Tools of the Trade"],"relics":["Ring of the Snake","NeowsBlessing","Ornamental Fan","The Courier","keyreminder:keyreminder","White Beast Statue","Nunchaku","Black Star","Strawberry"],"acts_visited":["Exordium","TheCity"],"potions_floor_usage":[6,6,8,18,21,23],"damage_taken":[{"damage":0,"enemies":"Cultist","floor":1,"turns":1},{"damage":0,"enemies":"2 Louse","floor":3,"turns":1},{"damage":0,"enemies":"Small Slimes","floor":5,"turns":1},{"damage":36,"enemies":"3 Sentries","floor":6,"turns":10},{"damage":37,"enemies":"Gremlin Nob","floor":8,"turns":5},{"damage":19,"enemies":"Lagavulin","floor":12,"turns":8},{"damage":3,"enemies":"Looter","floor":13,"turns":4},{"damage":8,"enemies":"The Guardian","floor":16,"turns":14},{"damage":15,"enemies":"2 Thieves","floor":18,"turns":4},{"damage":10,"enemies":"Spheric Guardian","floor":21,"turns":8},{"damage":68,"enemies":"Gremlin Leader","floor":23,"turns":7}],"seed_played":"8379073825844411715","potions_obtained":[{"floor":1,"key":"ColorlessPotion"},{"floor":3,"key":"Regen Potion"},{"floor":6,"key":"DuplicationPotion"},{"floor":12,"key":"Ancient Potion"},{"floor":13,"key":"FairyPotion"},{"floor":16,"key":"AttackPotion"},{"floor":18,"key":"Weak Potion"},{"floor":21,"key":"SkillPotion"}],"is_trial":false,"path_per_floor":["M","?","M","$","M","E","R","E","T","R","$","E","M","?","R","B",null,"M","?","?","M","?","E"],"character_chosen":"THE_SILENT","items_purchased":["Sucker Punch"],"campfire_rested":3,"item_purchase_floors":[4],"current_hp_per_floor":[59,59,59,59,59,38,57,20,20,39,39,20,17,17,36,28,57,42,49,49,39,39,0,0],"gold":261,"neow_bonus":"THREE_ENEMY_KILL","is_daily":false,"chose_seed":false,"campfire_upgraded":0,"win_rate":0.0,"timestamp":1614332626,"path_taken":["M","?","M","?","M","E","R","E","T","R","$","E","?","?","R","BOSS","M","?","?","M","?","E"],"items_purchased_type":["Card"],"build_version":"2020-12-13","purchased_purges":2,"victory":false,"max_hp_per_floor":[66,66,66,66,66,66,66,66,66,66,66,66,66,66,66,66,66,66,73,73,73,73,73,73],"relic_stats":{"Nunchaku":[8],"counters":[11,63],"Ornamental Fan":[96],"Black Star":0,"obtain_stats":[{"keyreminder:keyreminder":8,"Nunchaku":12,"NeowsBlessing":0,"Ornamental Fan":6,"Strawberry":19,"The Courier":8,"Black Star":17,"White Beast Statue":9,"Ring of the Snake":0},{"keyreminder:keyreminder":5,"Nunchaku":6,"NeowsBlessing":0,"Ornamental Fan":4,"Strawberry":9,"The Courier":5,"Black Star":8,"White Beast Statue":5,"Ring of the Snake":0},{"keyreminder:keyreminder":18,"Nunchaku":26,"NeowsBlessing":0,"Ornamental Fan":13,"Strawberry":48,"The Courier":18,"Black Star":44,"White Beast Statue":18,"Ring of the Snake":0}],"Ring of the Snake":[22]},"card_choices":[{"not_picked":["Deadly Poison","Slice"],"picked":"Predator","floor":1},{"not_picked":["Underhanded Strike","Eviscerate"],"picked":"Well Laid Plans","floor":3},{"not_picked":["Poisoned Stab","Catalyst"],"picked":"Noxious Fumes","floor":5},{"not_picked":["Dagger Throw","Calculated Gamble"],"picked":"Blade Dance","floor":6},{"not_picked":["Poisoned Stab","Dagger Spray"],"picked":"Predator","floor":8},{"not_picked":["Underhanded Strike","Distraction"],"picked":"Dodge and Roll","floor":12},{"not_picked":["Backflip","Calculated Gamble"],"picked":"Glass Knife","floor":13},{"not_picked":["A Thousand Cuts","Doppelganger"],"picked":"Grand Finale","floor":16},{"not_picked":["Slice","Catalyst"],"picked":"Dodge and Roll+1","floor":18},{"not_picked":["Finisher","Dodge and Roll","Flying Knee"],"picked":"SKIP","floor":21}],"player_experience":218669,"relics_obtained":[{"floor":6,"key":"Ornamental Fan"},{"floor":8,"key":"The Courier"},{"floor":9,"key":"White Beast Statue"},{"floor":12,"key":"Nunchaku"}],"event_choices":[{"cards_removed":["Strike_G"],"damage_healed":0,"gold_gain":0,"player_choice":"Purged","damage_taken":0,"max_hp_gain":0,"max_hp_loss":0,"event_name":"Purifier","floor":2,"gold_loss":0},{"damage_healed":0,"gold_gain":71,"player_choice":"Gained Gold","damage_taken":0,"max_hp_gain":0,"max_hp_loss":0,"event_name":"Golden Wing","floor":14,"gold_loss":0},{"damage_healed":0,"gold_gain":0,"player_choice":"Opened","damage_taken":0,"relics_obtained":["Strawberry"],"max_hp_gain":0,"max_hp_loss":0,"event_name":"The Mausoleum","floor":19,"gold_loss":0,"cards_obtained":["Writhe"]},{"damage_healed":0,"gold_gain":0,"player_choice":"Ignored","damage_taken":0,"max_hp_gain":0,"max_hp_loss":0,"event_name":"Ghosts","floor":20,"gold_loss":0},{"damage_healed":0,"gold_gain":0,"cards_transformed":["Strike_G"],"player_choice":"Transformed","damage_taken":0,"max_hp_gain":0,"max_hp_loss":0,"event_name":"Transmorgrifier","floor":22,"gold_loss":0,"cards_obtained":["Tools of the Trade"]}],"is_beta":false,"boss_relics":[{"not_picked":["HoveringKite","Astrolabe"],"picked":"Black Star"}],"items_purged_floors":[4,11],"is_endless":false,"potions_floor_spawned":[1,3,6,12,13,16,18,21],"killed_by":"Gremlin Leader","ascension_level":18}}