{"host":"og21o26alpnbwmz8","time":1614357302,"event":{"mods":["2.2 Compatiblity","Act Like it!","Aspiration","BaseMod","Conspire","Downfall","Gensokyo","Halation","Hallownest","Hermit","Hubris","Jedi Mod","Mimic Mod","Minty Spire (QoL Compilation)","Pale of the Ancients","Reliquary","Replay The Spire","Shop Mod","Spikes Relics","StSLib","The Alterego","The Animator","The Blue Laboratory","The Bug Knight","The Elementalist","Waifu the Spire","Yuri Mod"],"gold_per_floor":[116,132,182,63,63,63,63,63,142,142,152,177,177,107,107,208,208,226,38,48,65,65,98,111,140,166,166,194,209,209,225,225,328,328,347,74,94,94,114,114,131,146,146,163,163,177,209,227,227,227,227],"floor_reached":50,"language":"ENG","playtime":1963,"items_purged":[],"score":534,"play_id":"f7537fb9-e510-469a-aa92-303b1b8c830d","local_time":"20210226113502","is_ascension_mode":false,"campfire_choices":[{"data":"hermit:BodyArmor","floor":6,"key":"SMITH"},{"data":"hermit:Showdown","floor":8,"key":"SMITH"},{"data":"hermit:Shortfuse","floor":10,"key":"SMITH"},{"data":"hermit:Vantage","floor":15,"key":"SMITH"},{"data":"hermit:Maintenance","floor":27,"key":"SMITH"},{"data":"Apotheosis","floor":30,"key":"SMITH"},{"data":"jedi:collectorvenom","floor":32,"key":"SMITH"},{"data":"hermit:BodyArmor","floor":40,"key":"SMITH"},{"data":"hermit:BodyArmor","floor":45,"key":"SMITH"},{"floor":49,"key":"RECALL"}],"circlet_count":0,"master_deck":["hermit:Strike_Hermit","hermit:Strike_Hermit","hermit:Strike_Hermit","hermit:Strike_Hermit","hermit:Defend_Hermit","hermit:Defend_Hermit","hermit:Defend_Hermit","hermit:Defend_Hermit","hermit:Shortfuse+1","hermit:BodyArmor+1","hermit:Showdown+1","hermit:HighCaliber","Apotheosis+1","hermit:HighCaliber","Riddle With Holes","jedi:collectorvenom+1","Malaise","hermit:Maintenance+1","hermit:HighCaliber+1","hermit:BodyArmor+1","hermit:BodyArmor+1","jedi:forcepush"],"relics":["hermit:ClaspedLocket","NeowsBlessing","Hallownest:DreamNailRelic","SpikesRelics:ToyHorsey","Bronze Scales","halation:EternalFortune","Hallownest:StagBellRelic1","hubris:VirtuousBlindfold","Vajra","hubris:Metronome","conspire:TopHat","hermit:PetGhost","GiantMaggot","Juzu Bracelet"],"acts_visited":["Exordium","Hallownest:Greenpath","Hallownest:CityofTears"],"potions_floor_usage":[18,21,24],"damage_taken":[{"damage":2,"enemies":"Hallownest:2_Tiktiks_and_1_Crawlid","floor":1,"turns":2},{"damage":0,"enemies":"Hallownest:2_Baldur","floor":2,"turns":1},{"damage":0,"enemies":"2_ Uuma","floor":11,"turns":1},{"damage":4,"enemies":"Hallownest:eliteVengeflyKing","floor":12,"turns":5},{"damage":10,"enemies":"Hallownest:BossBrokenVessel","floor":16,"turns":8},{"damage":20,"enemies":"Hallownest:Guard_and_Sentry","floor":18,"turns":4},{"damage":0,"enemies":"Hallownest:Flukemon_and_Top","floor":20,"turns":4},{"damage":0,"enemies":"Hallownest:3_Mistakes","floor":21,"turns":6},{"damage":1,"enemies":"Hallownest:eliteSoulWarrior","floor":23,"turns":7},{"damage":9,"enemies":"Hallownest:2_Flukemon","floor":24,"turns":6},{"damage":27,"enemies":"Hallownest:eliteWatcherKnight","floor":25,"turns":10},{"damage":4,"enemies":"Hallownest:Nosk","floor":28,"turns":5},{"damage":4,"enemies":"Hallownest:Master_and_Novice","floor":29,"turns":3},{"damage":5,"enemies":"Hallownest:monsterMisterMushroom","floor":31,"turns":4},{"damage":13,"enemies":"Hallownest:BossGrimm","floor":33,"turns":8},{"damage":13,"enemies":"Hallownest:Shield_Heavy","floor":35,"turns":7},{"damage":15,"enemies":"Hallownest:2_Littles","floor":37,"turns":6},{"damage":21,"enemies":"Hallownest:2_Wing_and_1_Kings","floor":39,"turns":7},{"damage":6,"enemies":"Hallownest:monsterPrimalAspid","floor":41,"turns":4},{"damage":2,"enemies":"Hallownest:2_Soldiers_and_1_Guardian","floor":42,"turns":6},{"damage":0,"enemies":"Hallownest:2_Wandering_and_1_Horned","floor":44,"turns":6},{"damage":0,"enemies":"Hallownest:2_Wing_and_1_Kings","floor":46,"turns":7},{"damage":17,"enemies":"Hallownest:StalkingDevout","floor":47,"turns":6},{"damage":0,"enemies":"Hallownest:Shield_Sturdy","floor":48,"turns":5},{"damage":2,"enemies":"Hallownest:BossGreyPrinceZote","floor":50,"turns":4}],"seed_played":"312856929813535854","potions_obtained":[{"floor":1,"key":"champ:CounterPotion"},{"floor":12,"key":"Cursed Concoction"},{"floor":23,"key":"Slimebound:ThreeZeroPotion"},{"floor":25,"key":"jedi:tentaclejuice"},{"floor":31,"key":"Venom Potion"},{"floor":35,"key":"jedi:wingpotion"},{"floor":44,"key":"blueLaboratory:BottleOfVodka"}],"is_trial":false,"path_per_floor":["M","M","?","$","?","R","?","R","T","R","M","E","?","?","R","B",null,"M","$","M","M","?","E","M","E","T","R","E","M","R","M","R","B",null,"M","$","M","$","M","R","M","M","T","M","R","M","E","M","R","B"],"character_chosen":"HERMIT","items_purchased":["hermit:BodyArmor","hermit:Showdown","Apotheosis","hermit:BodyArmor","hermit:PetGhost","jedi:forcepush"],"campfire_rested":0,"item_purchase_floors":[4,4,19,36,36,36],"current_hp_per_floor":[73,73,73,73,73,73,73,73,73,73,73,69,72,72,72,62,78,63,63,63,63,63,62,53,26,26,26,25,21,21,19,19,6,84,71,71,56,56,35,35,32,30,30,30,30,30,13,13,13,11,11],"gold":227,"neow_bonus":"THREE_ENEMY_KILL","is_daily":false,"chose_seed":false,"campfire_upgraded":9,"win_rate":0.0,"timestamp":1614357302,"path_taken":["M","M","?","$","?","R","?","R","T","R","?","E","?","?","R","BOSS","M","$","M","M","?","E","M","E","T","R","E","M","R","M","R","BOSS","M","$","?","?","M","R","M","M","T","M","R","M","E","M","R","BOSS"],"items_purchased_type":["Card","Card","Card","Card","Relic","Card"],"build_version":"2020-12-22","purchased_purges":0,"victory":false,"max_hp_per_floor":[75,75,75,75,75,75,75,75,75,75,75,75,78,78,78,78,78,78,78,78,78,78,78,78,78,78,78,81,81,81,84,84,84,84,84,84,84,84,84,84,87,87,87,87,87,87,87,87,87,87,87],"card_choices":[{"not_picked":["hermit:Roulette","hermit:Ricochet"],"picked":"hermit:Shortfuse","floor":1},{"not_picked":["hermit:Headshot","hermit:CalledShot","hermit:Cheat"],"picked":"SKIP","floor":2},{"not_picked":["hermit:TrackingShot","hermit:EyeOfTheStorm"],"picked":"hermit:Vantage","floor":11},{"not_picked":["hermit:LowProfile","hermit:Quickdraw","hermit:Enervate"],"picked":"SKIP","floor":12},{"not_picked":["hermit:CalledShot","hermit:Ricochet"],"picked":"hermit:HighCaliber","floor":18},{"not_picked":["hermit:PistolWhip+1","hermit:LowProfile"],"picked":"hermit:HighCaliber","floor":20},{"not_picked":["hermit:Ricochet","hermit:Headshot","hermit:Glare+1"],"picked":"SKIP","floor":21},{"not_picked":["hermit:TrackingShot","hermit:Malice+1"],"picked":"jedi:collectorvenom","floor":23},{"not_picked":["hermit:SprayPray","hermit:Brawl","hermit:Ricochet"],"picked":"SKIP","floor":24},{"not_picked":["hermit:Horror","hermit:LoneWolf"],"picked":"hermit:Maintenance","floor":25},{"not_picked":["hermit:Enervate","hermit:EyeOfTheStorm+1","hermit:Snipe+1"],"picked":"SKIP","floor":28},{"not_picked":["hermit:FlashPowder","hermit:TrackingShot"],"picked":"jedi:collectorvenom","floor":29},{"not_picked":["hermit:Coalescence","hermit:Dive"],"picked":"jedi:collectorvenom","floor":31},{"not_picked":["hermit:BlackWind","hermit:FatalDesire"],"picked":"jedi:collectorvenom+1","floor":33},{"not_picked":["hermit:Snipe+1","jedi:collectorvenom+1"],"picked":"hermit:HighCaliber+1","floor":35},{"not_picked":["hermit:Horror+1","hermit:Desperado","hermit:RoundhouseKick"],"picked":"SKIP","floor":37},{"not_picked":["hermit:Desperado+1","hermit:Manifest"],"picked":"jedi:collectorvenom+1","floor":39},{"not_picked":["hermit:TrackingShot","hermit:Feint+1"],"picked":"jedi:collectorvenom+1","floor":41},{"not_picked":["hermit:Glare+1","hermit:Desperado+1"],"picked":"jedi:collectorvenom+1","floor":42},{"not_picked":["hermit:Headshot","hermit:Brawl"],"picked":"jedi:collectorvenom+1","floor":44},{"not_picked":["hermit:TakeAim+1","hermit:NoHoldsBarred+1"],"picked":"jedi:collectorvenom+1","floor":46},{"not_picked":["hermit:Virtue+1","hermit:Dive+1"],"picked":"jedi:collectorvenom+1","floor":47},{"not_picked":["hermit:Manifest+1","hermit:Ricochet+1"],"picked":"jedi:collectorvenom+1","floor":48}],"player_experience":446544,"relics_obtained":[{"floor":9,"key":"SpikesRelics:ToyHorsey"},{"floor":12,"key":"Bronze Scales"},{"floor":23,"key":"Vajra"},{"floor":25,"key":"hubris:Metronome"},{"floor":28,"key":"halation:EternalFortune"},{"floor":28,"key":"conspire:TopHat"},{"floor":31,"key":"halation:EternalFortune"},{"floor":41,"key":"halation:EternalFortune"},{"floor":43,"key":"GiantMaggot"},{"floor":47,"key":"Juzu Bracelet"}],"event_choices":[],"is_beta":false,"boss_relics":[{"not_picked":["reliquary:RedCape","hubris:Backtick"],"picked":"hubris:VirtuousBlindfold"},{"not_picked":["halation:PlatinumPhoenix","Busted Crown"],"picked":"hermit:ClaspedLocket"}],"items_purged_floors":[],"is_endless":false,"potions_floor_spawned":[1,12,23,25,29,31,33,35,44,46],"killed_by":"Hallownest:BossGreyPrinceZote","ascension_level":0}}