{"host":"dbkc9h3etq50r1dq","time":1614350489,"event":{"mods":["AchievementEnabler","BaseMod","Block Reminder","Colored Powertips","Curses Come First","Dark Map","Minty Spire (QoL Compilation)","Permanent Neow","Potion Indicator Mod","Random Character Button","Rare Cards Sparkle","StSLib","SuperFastMode","Weighted Paths"],"gold_per_floor":[359,359,143,163,123,123,158,158,158,196,196,210,246,283,283,393,393,429,450,450,450,350,350,380,409,409,409,447,483,483,483,483],"floor_reached":31,"language":"ZHS","playtime":1304,"items_purged":["Defend_G","Strike_G"],"score":407,"play_id":"06276ed5-62f0-4d1b-982b-eeec441e197e","local_time":"20210226224129","is_ascension_mode":true,"campfire_choices":[{"data":"Noxious Fumes","floor":6.0,"key":"SMITH"},{"floor":8.0,"key":"REST"},{"floor":11.0,"key":"REST"},{"floor":15.0,"key":"REST"},{"floor":23.0,"key":"REST"},{"floor":27,"key":"REST"}],"circlet_count":0,"master_deck":["Strike_G","Defend_G","Defend_G","Defend_G","Survivor","Neutralize","Calculated Gamble","Prepared","Dagger Spray","Noxious Fumes+1","Cloak And Dagger","Infinite Blades","Eviscerate","Adrenaline","Calculated Gamble","Venomology","Concentrate","Escape Plan","Dash+1","Cloak And Dagger","Tactician","Cloak And Dagger+1","Eviscerate","Tactician+1"],"relics":["Ring of the Snake","The Specimen","Prayer Wheel","CeramicFish","Tiny Chest","Empty Cage","HornCleat","Strawberry","PreservedInsect","Frozen Egg 2"],"acts_visited":["Exordium","TheCity"],"potions_floor_usage":[24,24,24,29,31],"damage_taken":[{"damage":1.0,"enemies":"Jaw Worm","floor":1.0,"turns":3.0},{"damage":0.0,"enemies":"Cultist","floor":4.0,"turns":4.0},{"damage":12.0,"enemies":"3 Sentries","floor":7.0,"turns":5.0},{"damage":23.0,"enemies":"Lagavulin","floor":10.0,"turns":7.0},{"damage":2.0,"enemies":"Small Slimes","floor":12.0,"turns":3.0},{"damage":8.0,"enemies":"3 Sentries","floor":13.0,"turns":4.0},{"damage":3.0,"enemies":"Blue Slaver","floor":14.0,"turns":3.0},{"damage":27.0,"enemies":"The Guardian","floor":16.0,"turns":9.0},{"damage":5.0,"enemies":"Spheric Guardian","floor":18.0,"turns":4.0},{"damage":19.0,"enemies":"Shell Parasite","floor":19.0,"turns":8.0},{"damage":12,"enemies":"Slavers","floor":24,"turns":4},{"damage":18,"enemies":"Snecko","floor":25,"turns":5},{"damage":1,"enemies":"3 Cultists","floor":28,"turns":5},{"damage":10,"enemies":"Gremlin Leader","floor":29,"turns":5},{"damage":49,"enemies":"Cultist and Chosen","floor":31,"turns":7}],"seed_played":"4005036275430256735","potions_obtained":[{"floor":5.0,"key":"SneckoOil"},{"floor":5.0,"key":"SteroidPotion"},{"floor":5.0,"key":"EntropicBrew"},{"floor":10.0,"key":"CunningPotion"},{"floor":12.0,"key":"SteroidPotion"},{"floor":13.0,"key":"PowerPotion"},{"floor":14.0,"key":"Block Potion"},{"floor":18.0,"key":"SteroidPotion"}],"is_trial":false,"path_per_floor":["M","?","$","M","?","R","E","R","T","E","R","M","E","M","R","B",null,"M","M","?","?","$","R","E","M","T","R","M","E","T","M"],"character_chosen":"THE_SILENT","items_purchased":["Prepared","Dagger Spray","Noxious Fumes"],"campfire_rested":5,"item_purchase_floors":[3,3,3],"current_hp_per_floor":[44,44,44,44,44,44,32,53,53,30,51,49,41,38,59,32,61,56,37,37,37,37,58,46,28,35,58,57,47,47,0,0],"gold":483,"neow_bonus":"TWO_FIFTY_GOLD","is_daily":false,"chose_seed":false,"campfire_upgraded":1,"win_rate":0.0,"timestamp":1614350489,"path_taken":["M","?","$","?","?","R","E","R","T","E","R","M","E","?","R","BOSS","M","M","?","?","$","R","E","M","T","R","M","E","?","M"],"items_purchased_type":["Card","Card","Card"],"build_version":"2020-12-22","purchased_purges":2,"victory":false,"max_hp_per_floor":[70,70,70,70,70,70,70,70,70,70,70,70,70,70,70,70,70,70,70,70,70,70,70,70,70,77,77,77,77,77,77,77],"card_choices":[{"not_picked":["Dodge and Roll","Underhanded Strike"],"picked":"Calculated Gamble","floor":1.0},{"not_picked":["Bane","Quick Slash","Sucker Punch"],"picked":"SKIP","floor":4.0},{"not_picked":["Dash","Expertise"],"picked":"Cloak And Dagger","floor":7.0},{"not_picked":["Distraction","Dash"],"picked":"Infinite Blades","floor":10.0},{"not_picked":["Slice","Flying Knee","Quick Slash"],"picked":"SKIP","floor":12.0},{"not_picked":["Caltrops","PiercingWail","Flying Knee"],"picked":"SKIP","floor":12.0},{"not_picked":["Dodge and Roll","Slice"],"picked":"Eviscerate","floor":13.0},{"not_picked":["Deadly Poison","Deflect"],"picked":"Adrenaline","floor":14.0},{"not_picked":["Terror","Quick Slash"],"picked":"Calculated Gamble","floor":14.0},{"not_picked":["Glass Knife","Unload"],"picked":"Venomology","floor":16.0},{"not_picked":["Dagger Throw","Bane+1"],"picked":"Concentrate","floor":18.0},{"not_picked":["Accuracy","Expertise"],"picked":"Escape Plan","floor":18.0},{"not_picked":["Bane","Finisher"],"picked":"Dash+1","floor":19.0},{"not_picked":["Bane","Dagger Throw","Acrobatics"],"picked":"SKIP","floor":19.0},{"not_picked":["PiercingWail","Wraith Form v2","Setup+1"],"picked":"SKIP","floor":24},{"not_picked":["Eviscerate","Riddle With Holes+1"],"picked":"Cloak And Dagger","floor":25},{"not_picked":["Quick Slash+1","Prepared"],"picked":"Tactician","floor":25},{"not_picked":["Flying Knee","Dodge and Roll+1"],"picked":"Cloak And Dagger+1","floor":28},{"not_picked":["Blade Dance","Phantasmal Killer"],"picked":"Eviscerate","floor":28},{"not_picked":["A Thousand Cuts","Underhanded Strike"],"picked":"Tactician+1","floor":29}],"player_experience":172513,"relics_obtained":[{"floor":7.0,"key":"The Specimen"},{"floor":9.0,"key":"Prayer Wheel"},{"floor":10.0,"key":"CeramicFish"},{"floor":13.0,"key":"Tiny Chest"},{"floor":24,"key":"HornCleat"},{"floor":26,"key":"Strawberry"},{"floor":29,"key":"PreservedInsect"},{"floor":30,"key":"Frozen Egg 2"}],"event_choices":[{"cards_removed":["Strike_G"],"damage_healed":0.0,"max_hp_gain":0.0,"max_hp_loss":0.0,"gold_gain":0.0,"event_name":"Purifier","player_choice":"Purged","floor":2.0,"gold_loss":0.0,"damage_taken":0.0},{"damage_healed":0.0,"max_hp_gain":0.0,"max_hp_loss":0.0,"gold_gain":0.0,"event_name":"The Woman in Blue","player_choice":"Bought 3 Potions","floor":5.0,"gold_loss":0.0,"damage_taken":0.0},{"cards_removed":["Strike_G"],"damage_healed":0.0,"max_hp_gain":0.0,"max_hp_loss":0.0,"gold_gain":0.0,"event_name":"Back to Basics","player_choice":"Elegance","floor":20.0,"gold_loss":0.0,"damage_taken":0.0},{"damage_healed":0.0,"max_hp_gain":0.0,"max_hp_loss":0.0,"gold_gain":0.0,"event_name":"Cursed Tome","player_choice":"Ignored","floor":21.0,"gold_loss":0.0,"damage_taken":0.0}],"is_beta":false,"boss_relics":[{"not_picked":["Tiny House","Calling Bell"],"picked":"Empty Cage"}],"items_purged_floors":[3,22],"is_endless":false,"potions_floor_spawned":[10,12,13,14,18],"killed_by":"Cultist and Chosen","ascension_level":8}}