{"host":"drl4gs3853zme1q6","time":1614317513,"event":{"mods":["AchievementEnabler","BaseMod","Colored Map","Colored Powertips","Hermit","Hubris","Infinite Spire","Minty Spire (QoL Compilation)","Replay The Spire","StSLib","The Cursed","The Hierophant"],"gold_per_floor":[109,109,119,131,145,145,171,171,171,171,204,204,222,222,222,319,319,333,351,351,202,202,228,244,270,297,311,321,21,49,60,60,161,161,176,187,238,238,238],"floor_reached":38,"language":"ENG","playtime":1729,"items_purged":[],"score":451,"play_id":"18e96803-28c9-4d13-b9ae-b160f1368fec","local_time":"20210225233153","daily_mods":["Heirloom","Time Dilation"],"is_ascension_mode":false,"campfire_choices":[{"data":"Infinite Blades","floor":6,"key":"SMITH"},{"data":"Dodge and Roll","floor":8,"key":"SMITH"},{"data":"Blade Dance","floor":10,"key":"SMITH"},{"data":"Terror","floor":15,"key":"SMITH"},{"data":"infinitespire:Oblivion","floor":32,"key":"SMITH"}],"circlet_count":0,"master_deck":["Strike_G","Strike_G","Strike_G","Strike_G","Strike_G","Defend_G","Defend_G","Defend_G","Defend_G","Defend_G","Survivor","Neutralize","Infinite Blades+1","Dodge and Roll+1","Blade Dance+1","Sucker Punch","Terror+1","Poison Darts+1","Dark Shackles+1","Dash+1","Dagger Spray+1","infinitespire:Oblivion+1","Cloak And Dagger","Toxin Wave","Cloak And Dagger","Masterful Stab+1","Bouncing Flask+1","Deadly Poison"],"relics":["Ring of the Snake","Incense Burner","Mercury Hourglass","StrikeDummy","Paper Crane","Sozu","Snake Skull","Sundial","MealTicket","Tiny Chest","Replay:Baseball","Guide Book","Lantern","Girya"],"acts_visited":["Exordium","TheCity","TheBeyond"],"potions_floor_usage":[7,16,30],"damage_taken":[{"damage":5,"enemies":"Cultist","floor":1,"turns":4},{"damage":1,"enemies":"2 Louse","floor":3,"turns":3},{"damage":17,"enemies":"infinitespire:Voidling","floor":4,"turns":5},{"damage":4,"enemies":"Large Slime","floor":5,"turns":5},{"damage":4,"enemies":"Replay:BlueRogue","floor":7,"turns":5},{"damage":2,"enemies":"3 Sentries","floor":11,"turns":4},{"damage":7,"enemies":"Blue Slaver","floor":13,"turns":3},{"damage":18,"enemies":"Fading Forest","floor":16,"turns":11},{"damage":0,"enemies":"Spheric Guardian","floor":18,"turns":3},{"damage":2,"enemies":"Shell Parasite","floor":19,"turns":3},{"damage":0,"enemies":"Nightmare","floor":23,"turns":5},{"damage":7,"enemies":"Centurion and Healer","floor":24,"turns":3},{"damage":1,"enemies":"3 Cultists","floor":27,"turns":3},{"damage":12,"enemies":"Snake Plant","floor":28,"turns":3},{"damage":18,"enemies":"Gremlin Leader","floor":30,"turns":5},{"damage":4,"enemies":"Snecko","floor":31,"turns":3},{"damage":30,"enemies":"Champ","floor":33,"turns":9},{"damage":2,"enemies":"3 Darklings","floor":35,"turns":4},{"damage":0,"enemies":"3 Shapes","floor":36,"turns":3},{"damage":55,"enemies":"2 Orb Walkers","floor":37,"turns":4},{"damage":13,"enemies":"Sphere and 2 Shapes","floor":38,"turns":3}],"seed_played":"-7809512080679327959","potions_obtained":[{"floor":4,"key":"Elixir"},{"floor":5,"key":"Weak Potion"},{"floor":13,"key":"Block Potion"},{"floor":16,"key":"Adrenaline Potion"}],"is_trial":true,"path_per_floor":["M","?","M","M","M","R","E","R","T","R","E","?","M","?","R","B",null,"M","M","?","$","T","NM","M","T","T","M","M","$","E","M","R","B",null,"M","M","?","M"],"character_chosen":"THE_SILENT","items_purchased":["Snake Skull","Replay:Baseball","Guide Book"],"campfire_rested":0,"item_purchase_floors":[21,29,29],"current_hp_per_floor":[65,65,64,60,56,56,52,52,52,52,50,50,43,43,43,25,70,70,68,68,68,68,68,61,61,61,60,48,63,45,41,41,11,70,68,68,13,0,0],"gold":238,"neow_bonus":"","is_daily":false,"chose_seed":false,"campfire_upgraded":5,"win_rate":0.0,"timestamp":1614317513,"path_taken":["M","?","M","M","M","R","E","R","T","R","E","?","?","?","R","BOSS","M","M","?","?","?","NM","M","?","T","M","M","$","E","M","R","BOSS","M","M","?","M"],"items_purchased_type":["Relic","Relic","Relic"],"build_version":"2020-12-22","purchased_purges":0,"victory":false,"max_hp_per_floor":[70,70,70,70,70,70,70,70,70,70,70,70,70,70,70,70,70,70,70,70,70,70,70,70,70,70,70,70,70,70,70,70,70,70,70,70,70,70,70],"card_choices":[{"not_picked":["Acrobatics","Dodge and Roll"],"picked":"Infinite Blades","floor":1},{"not_picked":["Distraction","Outmaneuver"],"picked":"Dodge and Roll","floor":3},{"not_picked":["Outmaneuver","Dodge and Roll"],"picked":"Blade Dance","floor":4},{"not_picked":["hubris:SlightOfHand","Underhanded Strike"],"picked":"Sucker Punch","floor":5},{"not_picked":["Endless Agony","Dodge and Roll","Concentrate"],"picked":"SKIP","floor":7},{"not_picked":["ReplayTheSpireMod:Exploit Weakness","Blade Dance"],"picked":"Terror","floor":11},{"not_picked":["Hidden Blade","Infinite Blades"],"picked":"Dash","floor":13},{"not_picked":["Draining Mist","Crippling Poison","Blur"],"picked":"SKIP","floor":18},{"not_picked":["Toxin Wave","PiercingWail"],"picked":"Dagger Spray+1","floor":19},{"not_picked":["infinitespire:Fortify","infinitespire:SealOfDarkness+"],"picked":"infinitespire:Oblivion","floor":23},{"not_picked":["ReplayTheSpireMod:Tripwire","Doppelganger"],"picked":"Cloak And Dagger","floor":23},{"not_picked":["Prepared","Cloak And Dagger"],"picked":"Toxin Wave","floor":24},{"not_picked":["Predator","hubris:SlightOfHand+1"],"picked":"Cloak And Dagger","floor":27},{"not_picked":["hubris:SlightOfHand","Hidden Blade","Prepared"],"picked":"SKIP","floor":28},{"not_picked":["Dagger Throw+1","Quick Slash"],"picked":"Masterful Stab+1","floor":30},{"not_picked":["PiercingWail","Outmaneuver"],"picked":"Bouncing Flask+1","floor":31},{"not_picked":["Escape Plan+1","Flechettes","Riddle With Holes+1"],"picked":"SKIP","floor":35},{"not_picked":["Crippling Poison","Underhanded Strike","Hidden Blade+1"],"picked":"SKIP","floor":36},{"not_picked":["Terror+1","Underhanded Strike"],"picked":"Deadly Poison","floor":37}],"player_experience":400800,"relics_obtained":[{"floor":7,"key":"Mercury Hourglass"},{"floor":9,"key":"StrikeDummy"},{"floor":11,"key":"Paper Crane"},{"floor":22,"key":"Sundial"},{"floor":25,"key":"MealTicket"},{"floor":26,"key":"Tiny Chest"},{"floor":30,"key":"Lantern"},{"floor":37,"key":"Girya"}],"event_choices":[{"damage_healed":0,"gold_gain":0,"player_choice":"2 cards matched","damage_taken":0,"max_hp_gain":0,"max_hp_loss":0,"event_name":"Match and Keep!","floor":12,"gold_loss":0,"cards_obtained":["Poison Darts","Dark Shackles"]},{"damage_healed":0,"gold_gain":0,"player_choice":"Got Potions","damage_taken":0,"max_hp_gain":0,"max_hp_loss":0,"event_name":"Lab","floor":20,"gold_loss":0},{"damage_healed":0,"gold_gain":0,"player_choice":"Fight","damage_taken":0,"max_hp_gain":0,"max_hp_loss":0,"event_name":"Mysterious Sphere","floor":37,"gold_loss":0}],"is_beta":false,"boss_relics":[{"not_picked":["Philosopher\u0027s Stone","Empty Cage"],"picked":"Sozu"},{"not_picked":["Replay:Bronze Core","Coffee Dripper","Fusion Hammer"]}],"items_purged_floors":[],"is_endless":true,"potions_floor_spawned":[4,5,13,16,24,27,31,33,35,36],"killed_by":"Sphere and 2 Shapes","ascension_level":0}}