{"host":"hxbbrccw7ig68b38","time":1614320894,"event":{"mods":["BaseMod","Hermit","Minty Spire (QoL Compilation)","Replay The Spire","StSLib","The Cursed"],"gold_per_floor":[118,134,99,99,114,114,126,126,126,142,155,228,503,516,516,621,621,639,52,70,87,287,287,301,312,336,336,346,346,346,365,365,365,365],"floor_reached":33,"language":"KOR","playtime":1289,"items_purged":[],"score":243,"play_id":"58cd6c17-a4dd-4e76-9ccc-a7648e0ec38f","local_time":"20210226152814","is_ascension_mode":false,"campfire_choices":[{"data":"hermit:PistolWhip","floor":6.0,"key":"SMITH"},{"data":"hermit:Covet","floor":8.0,"key":"SMITH"},{"floor":15.0,"key":"DIG"},{"floor":23.0,"key":"REST"},{"floor":29,"key":"REST"},{"floor":32,"key":"REST"}],"circlet_count":0,"master_deck":["hermit:Strike_Hermit+1","hermit:Strike_Hermit+1","hermit:Strike_Hermit+1","hermit:Strike_Hermit+1","hermit:Defend_Hermit+1","hermit:Defend_Hermit+1","hermit:Defend_Hermit+1","hermit:Snapshot+1","hermit:Covet+1","hermit:FinalCanter","hermit:Dive","hermit:PistolWhip+1","hermit:Malice","Regret","hermit:Feint","hermit:Dissolve","hermit:Misfire","hermit:Roulette+1","hermit:Ricochet","hermit:Snipe+1","hermit:Determination+1","hermit:BodyArmor+1","Decay","hermit:Showdown+1"],"relics":["hermit:Momento","FossilizedHelix","Torii","Black Star","Replay:WaspNest","Regal Pillow","HandDrill","Juzu Bracelet"],"acts_visited":["Exordium","TheCity"],"potions_floor_usage":[25,33],"damage_taken":[{"damage":0.0,"enemies":"2 Louse","floor":1.0,"turns":2.0},{"damage":11.0,"enemies":"Jaw Worm","floor":2.0,"turns":2.0},{"damage":0.0,"enemies":"Cultist","floor":5.0,"turns":3.0},{"damage":5.0,"enemies":"Looter","floor":7.0,"turns":2.0},{"damage":10.0,"enemies":"Large Slime","floor":10.0,"turns":5.0},{"damage":0.0,"enemies":"Red Slaver","floor":11.0,"turns":2.0},{"damage":0.0,"enemies":"Exordium Thugs","floor":14.0,"turns":3.0},{"damage":16.0,"enemies":"The Guardian","floor":16.0,"turns":12.0},{"damage":30.0,"enemies":"Spheric Guardian","floor":18.0,"turns":6.0},{"damage":15.0,"enemies":"2 Thieves","floor":20.0,"turns":4.0},{"damage":0.0,"enemies":"Snake Plant","floor":21.0,"turns":2.0},{"damage":27.0,"enemies":"Cultist and Chosen","floor":24.0,"turns":6.0},{"damage":22,"enemies":"Sentry and Sphere","floor":25,"turns":6},{"damage":0,"enemies":"Snecko","floor":28,"turns":4},{"damage":27,"enemies":"3 Cultists","floor":31,"turns":6},{"damage":72,"enemies":"Champ","floor":33,"turns":10}],"seed_played":"935900534989020676","potions_obtained":[{"floor":2.0,"key":"LifebloodPotion"},{"floor":10.0,"key":"Adrenaline Potion"},{"floor":11.0,"key":"Explosive Potion"},{"floor":14.0,"key":"DuplicationPotion"},{"floor":18.0,"key":"Block Potion"},{"floor":20.0,"key":"Fire Potion"},{"floor":21.0,"key":"SkillPotion"}],"is_trial":false,"path_per_floor":["M","M","?","?","M","R","M","R","T","M","M","?","?","M","R","B",null,"M","$","M","M","?","R","M","M","T","?","M","R","?","M","R","B"],"character_chosen":"HERMIT","items_purchased":["Replay:WaspNest","hermit:Roulette+1","Regal Pillow","HandDrill"],"campfire_rested":3,"item_purchase_floors":[19,19,19,19],"current_hp_per_floor":[75,64,75,75,75,75,70,70,70,60,60,60,60,60,60,44,75,45,45,30,30,30,67,40,18,18,18,18,55,55,28,65,0,0],"gold":365,"neow_bonus":"TRANSFORM_CARD","is_daily":false,"chose_seed":false,"campfire_upgraded":2,"win_rate":0.0,"timestamp":1614320894,"path_taken":["M","M","?","?","?","R","M","R","T","M","M","?","?","?","R","BOSS","M","$","M","M","?","R","?","M","T","?","M","R","?","M","R","BOSS"],"items_purchased_type":["Relic","Card","Relic","Relic"],"build_version":"2020-12-22","purchased_purges":0,"victory":false,"max_hp_per_floor":[75,75,75,75,75,75,75,75,75,75,75,75,75,75,75,75,75,75,75,75,75,75,75,75,75,75,75,75,75,75,75,75,75,75],"card_choices":[{"not_picked":["hermit:HighCaliber","hermit:WideOpen"],"picked":"hermit:Dive","floor":1.0},{"not_picked":["hermit:Glare","hermit:TakeAim"],"picked":"hermit:PistolWhip","floor":2.0},{"not_picked":["hermit:Cheat","hermit:Roulette","hermit:Dive"],"picked":"SKIP","floor":5.0},{"not_picked":["hermit:Showdown","hermit:NoHoldsBarred","hermit:Brawl"],"picked":"SKIP","floor":7.0},{"not_picked":["hermit:Grudge","hermit:HighCaliber"],"picked":"hermit:Malice","floor":10.0},{"not_picked":["hermit:Gestalt","hermit:WideOpen","hermit:ItchyTrigger"],"picked":"SKIP","floor":11.0},{"not_picked":["hermit:CalledShot","hermit:Scavenge"],"picked":"hermit:Feint","floor":14.0},{"not_picked":["hermit:HeroicBravado","hermit:Adapt"],"picked":"hermit:Dissolve","floor":16.0},{"not_picked":["hermit:SprayPray","hermit:CalledShot+1"],"picked":"hermit:Misfire","floor":18.0},{"not_picked":["hermit:HighCaliber","hermit:Manifest","hermit:Desperado"],"picked":"SKIP","floor":20.0},{"not_picked":["hermit:LowProfile","hermit:Vantage"],"picked":"hermit:Ricochet","floor":21.0},{"not_picked":["hermit:Feint","hermit:EyeOfTheStorm"],"picked":"hermit:Snipe+1","floor":24},{"not_picked":["hermit:Roulette+1","hermit:Malice+1"],"picked":"hermit:Determination+1","floor":25},{"not_picked":["hermit:TakeAim","hermit:ShadowCloak"],"picked":"hermit:BodyArmor+1","floor":28},{"not_picked":["hermit:Vantage","hermit:LowProfile"],"picked":"hermit:Showdown+1","floor":31}],"player_experience":115697,"relics_obtained":[{"floor":9.0,"key":"FossilizedHelix"},{"floor":15.0,"key":"Torii"},{"floor":26,"key":"Juzu Bracelet"}],"event_choices":[{"damage_healed":18.0,"max_hp_gain":0.0,"max_hp_loss":0.0,"gold_gain":0.0,"event_name":"The Cleric","player_choice":"Healed","floor":3.0,"gold_loss":35.0,"damage_taken":0.0},{"damage_healed":0.0,"max_hp_gain":0.0,"max_hp_loss":0.0,"gold_gain":0.0,"event_name":"Upgrade Shrine","player_choice":"Upgraded","floor":4.0,"gold_loss":0.0,"damage_taken":0.0,"cards_upgraded":["hermit:Snapshot"]},{"damage_healed":0.0,"max_hp_gain":0.0,"max_hp_loss":0.0,"gold_gain":73.0,"event_name":"Golden Wing","player_choice":"Gained Gold","floor":12.0,"gold_loss":0.0,"damage_taken":0.0},{"damage_healed":0.0,"max_hp_gain":0.0,"max_hp_loss":0.0,"gold_gain":275.0,"event_name":"Golden Shrine","player_choice":"Desecrate","floor":13.0,"gold_loss":0.0,"damage_taken":0.0,"cards_obtained":["Regret"]},{"damage_healed":0.0,"max_hp_gain":0.0,"max_hp_loss":0.0,"gold_gain":200.0,"event_name":"Wheel of Change","player_choice":"Gold","floor":22.0,"gold_loss":0.0,"damage_taken":0.0},{"damage_healed":0,"gold_gain":0,"player_choice":"Simplicity","damage_taken":0,"max_hp_gain":0,"max_hp_loss":0,"event_name":"Back to Basics","floor":27,"gold_loss":0,"cards_upgraded":["hermit:Strike_Hermit","hermit:Strike_Hermit","hermit:Strike_Hermit","hermit:Strike_Hermit","hermit:Defend_Hermit","hermit:Defend_Hermit","hermit:Defend_Hermit"]},{"damage_healed":0,"gold_gain":0,"player_choice":"Smashed Altar","damage_taken":0,"max_hp_gain":0,"max_hp_loss":0,"event_name":"Forgotten Altar","floor":30,"gold_loss":0,"cards_obtained":["Decay"]}],"is_beta":false,"boss_relics":[{"not_picked":["Replay:Drink Me","Runic Dome"],"picked":"Black Star"}],"items_purged_floors":[],"is_endless":false,"potions_floor_spawned":[2,10,11,14,18,20,21],"killed_by":"Champ","ascension_level":0}}