{"host":"36t3qd3wjvajtu1z","time":1614319818,"event":{"mods":["2.2 Compatiblity","AchievementEnabler","BaseMod","Bestiary","Block Reminder","Colored Powertips","Curses Come First","Filter the Spire","Highlight Path","Minty Spire (QoL Compilation)","Permanent Neow","Quick Restart","Random Character Button","Rare Cards Sparkle","Relic Stats","Slay-I","StSLib","Unknown Chances"],"gold_per_floor":[365,365,3,20,36,71,71,89,89,121,121,121,137,152,152,229,229,246,263,263,19,34,34,34,34],"floor_reached":24,"language":"ENG","playtime":1357,"items_purged":["Regret"],"score":420,"play_id":"15026abb-6c8e-4c80-8193-5118b659c724","local_time":"20210225221017","is_ascension_mode":true,"campfire_choices":[{"data":"Zap","floor":7.0,"key":"SMITH"},{"floor":11.0,"key":"REST"},{"floor":15.0,"key":"REST"},{"floor":23.0,"key":"REST"}],"circlet_count":0,"master_deck":["AscendersBane","Strike_B","Strike_B","Strike_B","Defend_B","Defend_B","Defend_B","Zap+1","Dualcast","Go for the Eyes","Sweeping Beam","Conserve Battery+1","Genetic Algorithm+1","Glacier+1","FTL+1","Multi-Cast+1","Aggregate+1","Fission+1","Conserve Battery+1","Recycle+1","Echo Form"],"relics":["Cracked Core","Toxic Egg 2","Mango","Eternal Feather","Molten Egg 2","Black Star"],"acts_visited":["Exordium","TheCity"],"potions_floor_usage":[24],"damage_taken":[{"damage":10.0,"enemies":"Small Slimes","floor":1.0,"turns":3.0},{"damage":1.0,"enemies":"Cultist","floor":4.0,"turns":3.0},{"damage":2.0,"enemies":"2 Louse","floor":5.0,"turns":2.0},{"damage":30.0,"enemies":"3 Sentries","floor":6.0,"turns":8.0},{"damage":8.0,"enemies":"Looter","floor":8.0,"turns":3.0},{"damage":30.0,"enemies":"Gremlin Nob","floor":10.0,"turns":4.0},{"damage":4.0,"enemies":"Blue Slaver","floor":13.0,"turns":3.0},{"damage":14.0,"enemies":"Exordium Wildlife","floor":14.0,"turns":4.0},{"damage":8.0,"enemies":"The Guardian","floor":16.0,"turns":13.0},{"damage":2.0,"enemies":"3 Byrds","floor":18.0,"turns":5.0},{"damage":19.0,"enemies":"Spheric Guardian","floor":19.0,"turns":7.0},{"damage":22.0,"enemies":"Snake Plant","floor":22.0,"turns":6.0},{"damage":82,"enemies":"Gremlin Leader","floor":24,"turns":11}],"seed_played":"-2850220860517225756","potions_obtained":[{"floor":1.0,"key":"Explosive Potion"},{"floor":4.0,"key":"Swift Potion"},{"floor":5.0,"key":"FearPotion"},{"floor":13.0,"key":"SteroidPotion"}],"is_trial":false,"path_per_floor":["M","?","$","M","M","E","R","M","T","E","R","?","M","M","R","B",null,"M","M","?","$","M","R","E"],"character_chosen":"DEFECT","items_purchased":["Toxic Egg 2","Recycle+1","Echo Form"],"campfire_rested":3,"item_purchase_floors":[3,21,21],"current_hp_per_floor":[54,59,59,58,56,40,40,32,32,2,38,38,34,20,56,48,80,78,59,59,59,37,76,0,0],"gold":34,"neow_bonus":"TWO_FIFTY_GOLD","is_daily":false,"chose_seed":false,"campfire_upgraded":1,"win_rate":0.0,"timestamp":1614319817,"path_taken":["M","?","$","M","M","E","R","M","T","E","R","?","M","M","R","BOSS","M","?","?","$","M","R","E"],"items_purchased_type":["Relic","Card","Card"],"build_version":"2020-12-22","purchased_purges":1,"victory":false,"max_hp_per_floor":[71,76,76,76,76,90,90,90,90,90,90,90,90,90,90,90,90,90,90,90,90,90,90,90,90],"relic_stats":{"counters":[13,72],"Eternal Feather":30,"Black Star":0,"obtain_stats":[{"Mango":6,"Eternal Feather":9,"Molten Egg 2":10,"Black Star":17,"Toxic Egg 2":3,"Cracked Core":0},{"Mango":4,"Eternal Feather":5,"Molten Egg 2":6,"Black Star":9,"Toxic Egg 2":1,"Cracked Core":0},{"Mango":16,"Eternal Feather":19,"Molten Egg 2":23,"Black Star":43,"Toxic Egg 2":3,"Cracked Core":0}]},"card_choices":[{"not_picked":["Redo","Turbo"],"picked":"Go for the Eyes","floor":1.0},{"not_picked":["Aggregate+1","Defragment"],"picked":"Sweeping Beam","floor":4.0},{"not_picked":["Cold Snap","Turbo+1"],"picked":"Conserve Battery+1","floor":5.0},{"not_picked":["Barrage","Blizzard"],"picked":"Genetic Algorithm+1","floor":6.0},{"not_picked":["Reprogram+1","Go for the Eyes"],"picked":"Glacier+1","floor":8.0},{"not_picked":["Ball Lightning+1","Gash+1"],"picked":"FTL+1","floor":10.0},{"not_picked":["Chaos+1","Ball Lightning+1"],"picked":"Multi-Cast+1","floor":13.0},{"not_picked":["Barrage+1","Capacitor"],"picked":"Aggregate+1","floor":14.0},{"not_picked":["All For One+1","Machine Learning"],"picked":"Fission+1","floor":16.0},{"not_picked":["Stack+1","Leap+1"],"picked":"Conserve Battery+1","floor":18.0},{"not_picked":["Compile Driver+1","Gash+1","Darkness+1"],"picked":"SKIP","floor":19.0},{"not_picked":["Fusion+1","Cold Snap+1","Reprogram+1"],"picked":"SKIP","floor":22.0}],"player_experience":622024,"relics_obtained":[{"floor":6.0,"key":"Mango"},{"floor":9.0,"key":"Eternal Feather"},{"floor":10.0,"key":"Molten Egg 2"}],"event_choices":[{"damage_healed":0.0,"max_hp_gain":5.0,"max_hp_loss":0.0,"gold_gain":0.0,"event_name":"Big Fish","player_choice":"Donut","floor":2.0,"gold_loss":0.0,"damage_taken":0.0},{"cards_removed":["Strike_B"],"damage_healed":0.0,"max_hp_gain":0.0,"max_hp_loss":0.0,"gold_gain":0.0,"event_name":"Purifier","player_choice":"Purged","floor":12.0,"gold_loss":0.0,"damage_taken":0.0},{"cards_removed":["Defend_B"],"damage_healed":0.0,"max_hp_gain":0.0,"max_hp_loss":0.0,"gold_gain":0.0,"event_name":"Back to Basics","player_choice":"Elegance","floor":20.0,"gold_loss":0.0,"damage_taken":0.0}],"is_beta":false,"boss_relics":[{"not_picked":["Nuclear Battery","Runic Dome"],"picked":"Black Star"}],"items_purged_floors":[3],"is_endless":false,"potions_floor_spawned":[1,4,5,13],"killed_by":"Gremlin Leader","ascension_level":18}}