{"host":"Finnegan","time":1614346845,"event":{"mods":["AchievementEnabler","BaseMod","Colored Map","Colored Powertips","Highlight Path","Minty Spire (QoL Compilation)","Permanent Neow","Quick Restart","Rare Cards Sparkle","Relic Stats","StSLib","everything is the same but u backflip on backflip","slay the spire mod where everything is the same but ironclad has a cowboy hat"],"gold_per_floor":[114,134,134,149,149,179,193,193,193,193,208,243,263,338,338,413,413,431,431,431,448,61,95,95,127,127,142,13,13,32,51,51,51,51],"floor_reached":33,"language":"ENG","playtime":1561,"items_purged":["Defend_G","Defend_G"],"score":520,"play_id":"0994034e-a3f0-4d15-b2cf-b07bf6cebaef","local_time":"20210226144045","is_ascension_mode":true,"campfire_choices":[{"data":"Blur","floor":8,"key":"SMITH"},{"data":"Backflip","floor":10,"key":"SMITH"},{"floor":15,"key":"REST"},{"data":"Terror","floor":24,"key":"SMITH"},{"floor":32,"key":"REST"}],"circlet_count":0,"master_deck":["AscendersBane","Strike_G","Strike_G","Strike_G","Strike_G","Defend_G","Defend_G","Defend_G","Survivor","Neutralize","Backflip+1","Dagger Throw+1","Acrobatics+1","Infinite Blades","Blur+1","Malaise+1","Dodge and Roll","Tools of the Trade","Cloak And Dagger","Blade Dance","Terror+1","Unload","Slice","PiercingWail","Wraith Form v2"],"relics":["Ring of the Snake","Regal Pillow","Oddly Smooth Stone","PreservedInsect","StrikeDummy","WristBlade","Membership Card","Ornamental Fan","Lantern","Sundial","Bottled Tornado","War Paint"],"acts_visited":["Exordium","TheCity"],"potions_floor_usage":[6,23],"damage_taken":[{"damage":1,"enemies":"Jaw Worm","floor":1,"turns":6},{"damage":4,"enemies":"Small Slimes","floor":2,"turns":5},{"damage":0,"enemies":"Cultist","floor":4,"turns":3},{"damage":17,"enemies":"3 Sentries","floor":6,"turns":10},{"damage":2,"enemies":"3 Louse","floor":7,"turns":5},{"damage":1,"enemies":"Exordium Wildlife","floor":11,"turns":4},{"damage":11,"enemies":"Lagavulin","floor":12,"turns":8},{"damage":0,"enemies":"2 Fungi Beasts","floor":13,"turns":4},{"damage":9,"enemies":"The Guardian","floor":16,"turns":18},{"damage":9,"enemies":"Spheric Guardian","floor":18,"turns":4},{"damage":3,"enemies":"Shell Parasite","floor":21,"turns":5},{"damage":19,"enemies":"Gremlin Leader","floor":23,"turns":6},{"damage":4,"enemies":"Book of Stabbing","floor":25,"turns":4},{"damage":14,"enemies":"3 Cultists","floor":27,"turns":5},{"damage":0,"enemies":"Centurion and Healer","floor":30,"turns":5},{"damage":0,"enemies":"Cultist and Chosen","floor":31,"turns":5},{"damage":13,"enemies":"Collector","floor":33,"turns":7}],"seed_played":"2205976912565027314","potions_obtained":[{"floor":1,"key":"CultistPotion"},{"floor":4,"key":"Energy Potion"},{"floor":7,"key":"Ancient Potion"},{"floor":21,"key":"Regen Potion"},{"floor":23,"key":"Fire Potion"}],"is_trial":false,"path_per_floor":["M","M","?","M","?","E","M","R","T","R","M","E","M","?","R","B",null,"M","?","?","M","$","E","R","E","T","M","$","?","M","M","R","B"],"character_chosen":"THE_SILENT","items_purchased":["Membership Card","Ornamental Fan","Terror","Unload","War Paint"],"campfire_rested":2,"item_purchase_floors":[22,22,22,22,28],"current_hp_per_floor":[58,54,59,59,59,42,40,40,40,40,39,28,28,17,53,44,64,55,55,49,46,46,42,42,38,38,24,24,24,24,24,60,47,47],"gold":51,"neow_bonus":"RANDOM_COMMON_RELIC","is_daily":false,"chose_seed":false,"campfire_upgraded":3,"win_rate":0.0,"timestamp":1614346845,"path_taken":["M","M","?","M","?","E","M","R","T","R","?","E","M","?","R","BOSS","M","?","?","?","$","E","R","E","T","M","$","?","M","M","R","BOSS"],"items_purchased_type":["Relic","Relic","Card","Card","Relic"],"build_version":"2020-12-18","purchased_purges":2,"victory":false,"max_hp_per_floor":[66,66,71,71,71,71,71,71,71,71,71,71,71,71,71,71,71,71,71,71,71,71,71,71,71,71,71,71,71,71,71,71,71,71],"relic_stats":{"Regal Pillow":30,"counters":[17,104],"Ornamental Fan":[80],"Sundial":[2],"PreservedInsect":121,"War Paint":["Acrobatics","Malaise"],"obtain_stats":[{"Regal Pillow":0,"Lantern":23,"WristBlade":17,"Ornamental Fan":22,"Sundial":25,"Oddly Smooth Stone":6,"PreservedInsect":9,"Membership Card":22,"Bottled Tornado":26,"War Paint":28,"StrikeDummy":12,"Ring of the Snake":0},{"Regal Pillow":0,"Lantern":12,"WristBlade":9,"Ornamental Fan":11,"Sundial":13,"Oddly Smooth Stone":4,"PreservedInsect":5,"Membership Card":11,"Bottled Tornado":13,"War Paint":14,"StrikeDummy":7,"Ring of the Snake":0},{"Regal Pillow":0,"Lantern":78,"WristBlade":63,"Ornamental Fan":72,"Sundial":82,"Oddly Smooth Stone":24,"PreservedInsect":29,"Membership Card":72,"Bottled Tornado":82,"War Paint":87,"StrikeDummy":41,"Ring of the Snake":0}],"Ring of the Snake":[34]},"card_choices":[{"not_picked":["Predator","Terror"],"picked":"Backflip","floor":1},{"not_picked":["Distraction","Endless Agony"],"picked":"Dagger Throw","floor":2},{"not_picked":["Concentrate","Outmaneuver"],"picked":"Acrobatics","floor":4},{"not_picked":["Bane","Catalyst"],"picked":"Infinite Blades","floor":6},{"not_picked":["Bouncing Flask","Heel Hook"],"picked":"Blur","floor":7},{"not_picked":["Deflect","Backflip"],"picked":"Malaise","floor":11},{"not_picked":["Reflex","Eviscerate","Deflect"],"picked":"SKIP","floor":12},{"not_picked":["Dagger Throw","Phantasmal Killer"],"picked":"Dodge and Roll","floor":13},{"not_picked":["Storm of Steel","Venomology"],"picked":"Tools of the Trade","floor":16},{"not_picked":["Expertise","Well Laid Plans+1"],"picked":"Cloak And Dagger","floor":18},{"not_picked":["Flechettes+1","Dagger Throw","Bouncing Flask"],"picked":"SKIP","floor":21},{"not_picked":["Deflect","Riddle With Holes"],"picked":"Slice","floor":23},{"not_picked":["Deadly Poison","Bane","Acrobatics"],"picked":"SKIP","floor":25},{"not_picked":["Distraction","Escape Plan"],"picked":"PiercingWail","floor":27},{"not_picked":["Dodge and Roll","Leg Sweep","Bane"],"picked":"SKIP","floor":30},{"not_picked":["Setup+1","Acrobatics"],"picked":"Wraith Form v2","floor":31}],"player_experience":917218,"relics_obtained":[{"floor":6,"key":"Oddly Smooth Stone"},{"floor":9,"key":"PreservedInsect"},{"floor":12,"key":"StrikeDummy"},{"floor":23,"key":"Lantern"},{"floor":25,"key":"Sundial"},{"floor":26,"key":"Bottled Tornado"}],"event_choices":[{"damage_healed":0,"gold_gain":0,"player_choice":"Donut","damage_taken":0,"max_hp_gain":5,"max_hp_loss":0,"event_name":"Big Fish","floor":3,"gold_loss":0},{"damage_healed":0,"gold_gain":0,"player_choice":"Upgraded","damage_taken":0,"max_hp_gain":0,"max_hp_loss":0,"event_name":"Upgrade Shrine","floor":5,"gold_loss":0,"cards_upgraded":["Dagger Throw"]},{"damage_healed":0,"gold_gain":75,"player_choice":"Gather Gold","damage_taken":11,"max_hp_gain":0,"max_hp_loss":0,"event_name":"World of Goop","floor":14,"gold_loss":0},{"damage_healed":0,"gold_gain":0,"player_choice":"Read","damage_taken":0,"max_hp_gain":0,"max_hp_loss":0,"event_name":"The Library","floor":19,"gold_loss":0,"cards_obtained":["Blade Dance"]},{"damage_healed":0,"gold_gain":0,"player_choice":"","damage_taken":6,"max_hp_gain":0,"max_hp_loss":0,"event_name":"Knowing Skull","floor":20,"potions_obtained":[],"gold_loss":0,"cards_obtained":[]},{"cards_removed":["Strike_G"],"damage_healed":0,"gold_gain":0,"player_choice":"Purged","damage_taken":0,"max_hp_gain":0,"max_hp_loss":0,"event_name":"Purifier","floor":29,"gold_loss":0}],"is_beta":true,"boss_relics":[{"not_picked":["Empty Cage","Busted Crown"],"picked":"WristBlade"}],"items_purged_floors":[22,28],"is_endless":false,"potions_floor_spawned":[1,4,7,13,16,18,21,23,31],"killed_by":"Collector","ascension_level":15}}