{"host":"28p8ce41sjwa6lzf","time":1614353418,"event":{"mods":["BaseMod","Bestiary","Colored Map","Colored Powertips","Dark Map","Highlight Path","Minty Spire (QoL Compilation)","Permanent Neow","Quick Restart","Random Character Button","Rare Cards Sparkle","Relic Stats","StSLib","Unceasing Turn Reminder","ojb\u0027s Info Mod: The sequel"],"gold_per_floor":[118,134,146,156,171,205,216,216,239,29,29,29,46,96,96,174,174,174,124,124,124,124,124,124],"floor_reached":23,"language":"ENG","playtime":1127,"items_purged":["Strike_G","Defend_G"],"score":386,"play_id":"4ec1944c-c52f-4eb5-b3fb-06aaafc5d046","local_time":"20210226093018","is_ascension_mode":true,"campfire_choices":[{"floor":15.0,"key":"REST"}],"circlet_count":0,"master_deck":["AscendersBane","Strike_G","Strike_G","Strike_G","Defend_G","Defend_G+1","Defend_G","Survivor","Neutralize","All Out Attack","Deadly Poison+1","Outmaneuver","Flechettes","Dash+1","Prepared","PiercingWail","Acrobatics","Corpse Explosion","Skewer","Cloak And Dagger+1"],"relics":["Ring of the Snake","Smiling Mask","StrikeDummy","Pen Nib","War Paint","Ectoplasm"],"acts_visited":["Exordium","TheCity"],"potions_floor_usage":[],"damage_taken":[{"damage":0.0,"enemies":"2 Louse","floor":1.0,"turns":4.0},{"damage":1.0,"enemies":"Jaw Worm","floor":2.0,"turns":3.0},{"damage":0.0,"enemies":"Cultist","floor":3.0,"turns":4.0},{"damage":0.0,"enemies":"Looter","floor":4.0,"turns":2.0},{"damage":18.0,"enemies":"Exordium Thugs","floor":5.0,"turns":6.0},{"damage":32.0,"enemies":"Lagavulin","floor":6.0,"turns":8.0},{"damage":0.0,"enemies":"3 Louse","floor":7.0,"turns":4.0},{"damage":2.0,"enemies":"Red Slaver","floor":13.0,"turns":3.0},{"damage":11,"enemies":"The Guardian","floor":16,"turns":12},{"damage":0,"enemies":"Chosen","floor":18,"turns":4},{"damage":22,"enemies":"Spheric Guardian","floor":21,"turns":4},{"damage":42,"enemies":"Gremlin Leader","floor":23,"turns":5}],"seed_played":"-279293875823080593","potions_obtained":[{"floor":1.0,"key":"FearPotion"},{"floor":2.0,"key":"Energy Potion"},{"floor":5.0,"key":"EssenceOfSteel"},{"floor":7.0,"key":"SpeedPotion"},{"floor":18,"key":"Dexterity Potion"}],"is_trial":false,"path_per_floor":["M","M","M","M","M","E","M","?","T","$","?","$","M","?","R","B",null,"M","$","?","M","?","E"],"character_chosen":"THE_SILENT","items_purchased":["War Paint"],"campfire_rested":1,"item_purchase_floors":[10],"current_hp_per_floor":[59,58,58,58,40,8,8,8,8,8,8,8,6,6,25,14,53,53,53,53,31,31,0,0],"gold":124,"neow_bonus":"RANDOM_COMMON_RELIC","is_daily":false,"chose_seed":false,"campfire_upgraded":0,"win_rate":0.0,"timestamp":1614353418,"path_taken":["M","M","M","M","M","E","M","?","T","$","?","?","?","?","R","BOSS","M","?","?","?","?","E"],"items_purchased_type":["Relic"],"build_version":"2020-12-22","purchased_purges":2,"victory":false,"max_hp_per_floor":[66,66,66,66,66,66,66,66,66,66,66,66,66,66,66,66,66,66,66,66,66,66,66,66],"relic_stats":{"counters":[12,59],"Pen Nib":[4],"Ectoplasm":28,"War Paint":["Defend_G","Deadly Poison"],"Smiling Mask":75,"obtain_stats":[{"Pen Nib":9,"Ectoplasm":17,"War Paint":10,"Smiling Mask":0,"StrikeDummy":6,"Ring of the Snake":0},{"Pen Nib":7,"Ectoplasm":9,"War Paint":7,"Smiling Mask":0,"StrikeDummy":6,"Ring of the Snake":0},{"Pen Nib":31,"Ectoplasm":46,"War Paint":31,"Smiling Mask":0,"StrikeDummy":27,"Ring of the Snake":0}],"Ring of the Snake":[24]},"card_choices":[{"not_picked":["Heel Hook","Dodge and Roll"],"picked":"All Out Attack","floor":1.0},{"not_picked":["Poisoned Stab","PiercingWail"],"picked":"Deadly Poison","floor":2.0},{"not_picked":["Dodge and Roll","Tactician"],"picked":"Outmaneuver","floor":3.0},{"not_picked":["Poisoned Stab","Night Terror"],"picked":"Flechettes","floor":4.0},{"not_picked":["PiercingWail","Prepared"],"picked":"Dash","floor":5.0},{"not_picked":["Tactician","Expertise"],"picked":"Prepared","floor":6.0},{"not_picked":["Outmaneuver","Terror"],"picked":"PiercingWail","floor":7.0},{"not_picked":["Sucker Punch","PiercingWail"],"picked":"Acrobatics","floor":13.0},{"not_picked":["A Thousand Cuts","After Image"],"picked":"Corpse Explosion","floor":16},{"not_picked":["Flying Knee","Cloak And Dagger"],"picked":"Skewer","floor":18},{"not_picked":["Blade Dance","Skewer"],"picked":"Cloak And Dagger+1","floor":21}],"player_experience":1420229,"relics_obtained":[{"floor":6.0,"key":"StrikeDummy"},{"floor":9.0,"key":"Pen Nib"}],"event_choices":[{"damage_healed":0.0,"max_hp_gain":0.0,"max_hp_loss":0.0,"gold_gain":0.0,"event_name":"Dead Adventurer","player_choice":"Searched \u00271\u0027 times","floor":8.0,"gold_loss":0.0,"damage_taken":0.0},{"damage_healed":0.0,"max_hp_gain":0.0,"max_hp_loss":0.0,"gold_gain":0.0,"event_name":"Living Wall","player_choice":"Grow","floor":11.0,"gold_loss":0.0,"damage_taken":0.0,"cards_upgraded":["Dash"]},{"damage_healed":0.0,"max_hp_gain":0.0,"max_hp_loss":0.0,"gold_gain":50.0,"event_name":"Golden Shrine","player_choice":"Pray","floor":14.0,"gold_loss":0.0,"damage_taken":0.0},{"cards_removed":["Strike_G"],"damage_healed":0,"gold_gain":0,"player_choice":"Elegance","damage_taken":0,"max_hp_gain":0,"max_hp_loss":0,"event_name":"Back to Basics","floor":20,"gold_loss":0},{"cards_removed":["Defend_G"],"damage_healed":0,"gold_gain":0,"player_choice":"Card Removal","damage_taken":0,"max_hp_gain":0,"max_hp_loss":0,"event_name":"Wheel of Change","floor":22,"gold_loss":0}],"is_beta":false,"boss_relics":[{"not_picked":["Runic Dome","Black Star"],"picked":"Ectoplasm"}],"items_purged_floors":[10,19],"is_endless":false,"potions_floor_spawned":[1,2,3,5,7,18],"killed_by":"Gremlin Leader","ascension_level":20}}