{"host":"bp6b47iftb3mluh0","time":1614338602,"event":{"mods":["100% Spire Juice","Act Like it!","Alarm Clock","Aspiration","Astrologer","BaseMod","Bestiary","Better Third Choice","Better Vampires","Challenge The Spire","Colored Powertips","Conspire","Curses Come First","Dota2Spire","Downfall","Friendly Minions","Gensokyo","Hallownest","Hermit","Kiyohime£®«Âºß£©","Library of Ruina","Library of Ruina Extra","Lobotomy","LobotomyExtend","Marisa£®ÏF”Í°°ƒß¿Ì…≥£©","Marked Mod","Minty Spire (QoL Compilation)","Quick Restart","Rare Cards Sparkle","Red Circlet Mod","Relic Filter Mod","Relic Stats","Remilia£®¿Ÿ√◊¿Ú—«£©","Replay The Spire","Reworked Bosses","Ryuuou¡˙Õı","Shop Mod","Spicy Shops","StSLib","The Bug Knight","The Invoker Mod","Uncapped","Waifu the Spire","Youmu£®ªÍ∆«—˝√Œ£©","°æ“≈ŒÔø®≈∆°øREMEMod","≤–¡Ù÷ÆŒÔ"],"gold_per_floor":[120,134,153,168,168,168,183,194,248,248,108,128,53,53,53,157,157,169,169,179,191,205,205,205,54,54,54,54,70,70,89,89,194,194,211,211,211,55,65,65,65,65,91,91,107,107,107,142,142,142,142],"floor_reached":50,"language":"ZHS","playtime":2206,"items_purged":["SpearedSweep","LightAttack"],"score":512,"play_id":"27a76cdd-6fd7-4817-8329-abbc765e9300","local_time":"20210226192322","is_ascension_mode":false,"campfire_choices":[{"data":"Suppress","floor":6.0,"key":"SMITH"},{"data":"TheWillOfTheCity","floor":10.0,"key":"SMITH"},{"floor":15.0,"key":"DIG"},{"data":"RagingStormLove","floor":23.0,"key":"SMITH"},{"data":"SpearedSweep","floor":27.0,"key":"SMITH"},{"data":"IronWall","floor":32.0,"key":"SMITH"},{"data":"Panacea","floor":40,"key":"SMITH"},{"data":"FocusedStrikes","floor":44,"key":"SMITH"},{"data":"Suppress","floor":46,"key":"SMITH"}],"circlet_count":0,"master_deck":["Dodge","LightDefense","LightDefense","LightDefense","ChargeAndCover","FocusedStrikes+1","Suppress+1","SpearedSweep+1","SuppressingShot","IronWall+1","TheWillOfTheCity+1","DaringDecision","RagingStormLove+1","ChiWen+1","EmotionalTurbulence+1","Suppress+1","SunsetBlade+1","Phantasmal Killer+1","FleetFootsteps+1","Decay","BiXi+1","Panacea+1","SturdyDefense+1","FrontalAssault+1"],"relics":["PageOfLibrarian","REME_ComplimentaryCards","Dota2Spire:PowerTreads","LetterFromLob","Dota2Spire:Satanic","PageOfLaetitia","MerchantsRug","ReplayTheSpireMod:CursedCoin","PlaceholderMod:FlatBlood","Ancient Tea Set","Shuriken","ReplayTheSpireMod:Ring of Collecting","Ring of Misfortune","PlaceholderMod:LiveLive","PageOfPorccubus","Blue Candle","Ring of Fury","Bronze Scales","Pet Ghost"],"acts_visited":["Gensokyo:Gensokyo","Gensokyo:Gensokyoer","TheBeyond"],"potions_floor_usage":[],"damage_taken":[{"damage":0.0,"enemies":"Gensokyo:Python","floor":1.0,"turns":4.0},{"damage":0.0,"enemies":"Gensokyo:2_Kodama","floor":2.0,"turns":2.0},{"damage":0.0,"enemies":"Gensokyo:Gryphon","floor":3.0,"turns":2.0},{"damage":2.0,"enemies":"Gensokyo:2_Rabbits","floor":4.0,"turns":2.0},{"damage":3.0,"enemies":"Gensokyo:VengefulSpirit","floor":7.0,"turns":3.0},{"damage":0.0,"enemies":"Gensokyo:LivingMonolith","floor":8.0,"turns":3.0},{"damage":0.0,"enemies":"Gensokyo:Kitsune","floor":12.0,"turns":2.0},{"damage":5.0,"enemies":"Gensokyo:Kokoro","floor":16.0,"turns":5.0},{"damage":0.0,"enemies":"Gensokyo:3_Dogs","floor":18.0,"turns":1.0},{"damage":3.0,"enemies":"Gensokyo:Chomper","floor":20.0,"turns":3.0},{"damage":0.0,"enemies":"Gensokyo:Wraith","floor":21.0,"turns":3.0},{"damage":0.0,"enemies":"Gensokyo:3_Gloops","floor":22.0,"turns":1.0},{"damage":13.0,"enemies":"Gensokyo:Swordslinger","floor":29.0,"turns":3.0},{"damage":0.0,"enemies":"Gensokyo:Wraith","floor":31.0,"turns":3.0},{"damage":19,"enemies":"Gensokyo:Eternal_Rivals","floor":33,"turns":9},{"damage":4,"enemies":"3 Shapes","floor":35,"turns":4},{"damage":0,"enemies":"3 Darklings","floor":39,"turns":1},{"damage":0,"enemies":"Maw","floor":45,"turns":5},{"damage":4,"enemies":"Giant Head","floor":48,"turns":5},{"damage":78,"enemies":"conspire:OrnateMirror","floor":50,"turns":5}],"seed_played":"-2702229279435795972","potions_obtained":[{"floor":2.0,"key":"Fire Potion"},{"floor":3.0,"key":"DistilledChaos"},{"floor":12.0,"key":"Cursed Concoction"},{"floor":20.0,"key":"SmokeBomb"},{"floor":22.0,"key":"Weak Potion"},{"floor":49,"key":"SkillPotion"},{"floor":49,"key":"Dota2Spire:Clarity"}],"is_trial":false,"path_per_floor":["M","M","M","M","?","R","M","M","T","R","?","M","$","?","R","B",null,"M","?","M","M","M","R","?","$","T","R","?","M","?","M","R","B",null,"M","?","?","$","M","R","$","?","T","R","M","R","?","E","R","B"],"character_chosen":"Librarian","items_purchased":["MerchantsRug","ReplayTheSpireMod:CursedCoin","PlaceholderMod:FlatBlood","Ancient Tea Set","PageOfPorccubus"],"campfire_rested":0,"item_purchase_floors":[25,25,25,25,38],"current_hp_per_floor":[60,60,60,58,67,67,64,64,64,64,64,64,64,64,64,59,85,85,85,82,82,82,82,85,85,85,85,85,72,72,72,72,55,74,70,70,70,70,70,70,70,67,67,67,67,67,67,65,65,0,0],"gold":142,"neow_bonus":"RANDOM_COMMON_RELIC","is_daily":false,"chose_seed":false,"campfire_upgraded":8,"win_rate":0.0,"timestamp":1614338602,"path_taken":["M","?","M","M","?","R","?","M","T","R","?","M","$","?","R","BOSS","M","?","M","M","M","R","?","$","T","R","?","M","?","M","R","BOSS","M","?","?","$","M","R","$","?","T","R","M","R","?","E","R","BOSS"],"items_purchased_type":["Relic","Relic","Relic","Relic","Relic"],"build_version":"2020-12-22","purchased_purges":2,"victory":false,"max_hp_per_floor":[85,85,85,85,85,85,68,219,219,85,85,85,85,85,85,85,85,85,85,85,85,85,85,85,85,85,85,85,85,85,85,85,74,74,74,74,74,74,95,95,95,95,95,95,95,95,95,95,95,95,95],"relic_stats":{"counters":[20,66],"Shuriken":[4],"Blue Candle":[1],"Bronze Scales":[15],"obtain_stats":[{"MerchantsRug":25,"Dota2Spire:PowerTreads":0,"ReplayTheSpireMod:CursedCoin":25,"Astrolabe":17,"Blue Candle":42,"Omamori":9,"Ancient Tea Set":25,"Pet Ghost":48,"PageOfLibrarian":0,"Dota2Spire:Satanic":11,"PlaceholderMod:LiveLive":34,"Shuriken":26,"ReplayTheSpireMod:Ring of Collecting":30,"Ring of Misfortune":30,"Bronze Scales":43,"PageOfLaetitia":15,"Ring of Fury":43,"LetterFromLob":1,"PageOfPorccubus":38,"REME_ComplimentaryCards":0,"PlaceholderMod:FlatBlood":25},{"MerchantsRug":12,"Dota2Spire:PowerTreads":0,"ReplayTheSpireMod:CursedCoin":12,"Astrolabe":8,"Blue Candle":17,"Omamori":6,"Ancient Tea Set":12,"Pet Ghost":19,"PageOfLibrarian":0,"Dota2Spire:Satanic":6,"PlaceholderMod:LiveLive":15,"Shuriken":12,"ReplayTheSpireMod:Ring of Collecting":13,"Ring of Misfortune":13,"Bronze Scales":17,"PageOfLaetitia":7,"Ring of Fury":17,"LetterFromLob":1,"PageOfPorccubus":16,"REME_ComplimentaryCards":0,"PlaceholderMod:FlatBlood":12},{"MerchantsRug":31,"Dota2Spire:PowerTreads":0,"ReplayTheSpireMod:CursedCoin":31,"Astrolabe":23,"Blue Candle":51,"Omamori":16,"Ancient Tea Set":31,"Pet Ghost":61,"PageOfLibrarian":0,"Dota2Spire:Satanic":16,"PlaceholderMod:LiveLive":46,"Shuriken":31,"ReplayTheSpireMod:Ring of Collecting":34,"Ring of Misfortune":34,"Bronze Scales":51,"PageOfLaetitia":18,"Ring of Fury":51,"LetterFromLob":4,"PageOfPorccubus":50,"REME_ComplimentaryCards":0,"PlaceholderMod:FlatBlood":31}]},"card_choices":[{"not_picked":["CoordinatedAssault","Faith","WildCard","KeepItFresh","FleetFootsteps","Outburst","FleetEdge","EnergyShield"],"picked":"SpearedSweep","floor":1.0},{"not_picked":["CoordinatedAssault","Faith","WildCard","KeepItFresh","FleetFootsteps","Outburst","FleetEdge","EnergyShield"],"picked":"SpearedSweep","floor":1.0},{"not_picked":["Eject","Parry","SharpSwipe","HandleRequest","BladeWhirl","BackAttack","SerpentineBarrier","FierceCharge","EnergyBeam"],"picked":"SKIP","floor":2.0},{"not_picked":["Outburst","Unlock1","MindPrepared","Diversion","Eject","Wallop_lor","FleetEdge","DarkCloud"],"picked":"SuppressingShot","floor":3.0},{"not_picked":["GuidanceOfTheGears","SerpentSwordTechnique","CircusKnives","Outburst","AbsorbImpact","FierceCharge","SmokingPipe","ScatteringSlash"],"picked":"IronWall","floor":4.0},{"not_picked":["EnergyCycle","TendonChords","DesperateStruggle","Parry2","Outburst","SunsetBlade","Brawl","BiAn","EnergyShield"],"picked":"SKIP","floor":7.0},{"not_picked":["EnergyCycle","EndlessBattle","JiaoTu","AlloutWar","EnergyStrike","MultiHit","SearingSword","AutonomousRush"],"picked":"TheWillOfTheCity","floor":8.0},{"not_picked":["EnergyBeam","LawAndOrder","Diversion","PreemptiveStrike","SerpentineBarrier","SweepTheBackstreets","Guardian_lor","DestructiveImpact","ScatteringSlash"],"picked":"SKIP","floor":12.0},{"not_picked":["Gigigig","SparkingSpear","EnergyCycle","GuardingStance","GuidanceOfTheGears","Reload","KeepItFresh","BackAttack"],"picked":"DaringDecision","floor":14.0},{"not_picked":["DaringDecision","RipSpace"],"picked":"RagingStormLove","floor":16.0},{"not_picked":["HighKick","IdentifyWeakpoint","Standoff+1","ConcentratedFire","Faith","SharpSwipe","ElectricShock","QuickSuppression+1","MirageStorm"],"picked":"SKIP","floor":18.0},{"not_picked":["Multislash","EnergyShield","RapidGashes","HiddenBlade","SmokingPipe","SnakesPrey+1","ElectricShock","IngredientHunt"],"picked":"SunsetBlade+1","floor":20.0},{"not_picked":["CoordinatedAssault","IdentifyWeakpoint","ClassAndRespect+1","LeRegole","Ripple","HandleRequest","StructuralAnalysis+1","TimeForALittleTest","BackAttack+1"],"picked":"SKIP","floor":21.0},{"not_picked":["BlindFaith","GreatSerpentsImpact+1","VenomousFangs","EnergyCycle","KeepItFresh","WillOfThePrescript","ClassAndRespect+1","DevastatingThrash+1","Faith"],"picked":"SKIP","floor":22.0},{"not_picked":["DarkCloud","DimensionalRift+1","SuppressingShot","Diversion","Gamble","AbsorbImpact","Crush","BackstreetsDash"],"picked":"FleetFootsteps+1","floor":29.0},{"not_picked":["GreatSerpentsImpact","SunsetBlade","BlindFaith+1","EnergyCycle","OpportunitySpotted","Tttonst","HighKick","AlloutWar","EnergyStrike"],"picked":"SKIP","floor":31.0},{"not_picked":["BiAn+1","BackAttack","Standoff+1","MultiHit+1","CumulusWall","Faith","HiddenBlade","Diversion+1"],"picked":"BiXi+1","floor":35},{"not_picked":["ReplayUltimateDefense","PanicButton","Impatience","Dramatic Entrance","Trip","Metamorphosis","Panache","Mind Blast"],"picked":"Panacea","floor":37},{"not_picked":["AutonomousRush","HandleRequest","GrazeTheGrass+1","PreemptiveStrike","StrikeDown","HandlingWork+1","ChiWen","Leap_lor+1"],"picked":"SturdyDefense+1","floor":39},{"not_picked":["UncannyStrike","HighKick","StrongStrike","FleetEdge","SteelKnuckles+1","NightInTheBackstreets","Marionette+1","StayCalm","Parry"],"picked":"SKIP","floor":45},{"not_picked":["TheRedNotes","Parry2+1","CrackOfDawn","BlindFaith+1","DesperateStruggle","UnavoidableGaze","YourShield+1","Brawl"],"picked":"FrontalAssault+1","floor":48}],"player_experience":225764,"relics_obtained":[{"floor":1.0,"key":"LetterFromLob"},{"floor":9.0,"key":"Omamori"},{"floor":15.0,"key":"PageOfLaetitia"},{"floor":26.0,"key":"Shuriken"},{"floor":30.0,"key":"ReplayTheSpireMod:Ring of Collecting"},{"floor":30.0,"key":"Ring of Misfortune"},{"floor":43,"key":"Ring of Fury"},{"floor":43,"key":"Bronze Scales"},{"floor":48,"key":"Pet Ghost"}],"event_choices":[{"damage_healed":0,"gold_gain":0,"player_choice":"Ignored","damage_taken":0,"max_hp_gain":0,"max_hp_loss":0,"event_name":"Tomb of Lord Red Mask","floor":36,"gold_loss":0},{"damage_healed":0,"gold_gain":0,"player_choice":"Memory 1","damage_taken":0,"max_hp_gain":0,"max_hp_loss":0,"event_name":"SensoryStone","floor":37,"gold_loss":0},{"damage_healed":0,"gold_gain":0,"player_choice":"0 cards matched","damage_taken":0,"max_hp_gain":0,"max_hp_loss":0,"event_name":"Match and Keep!","floor":47,"gold_loss":0,"cards_obtained":[]}],"is_beta":false,"boss_relics":[{"not_picked":["aspiration:RunicSpoon","Calling Bell"],"picked":"Astrolabe"},{"not_picked":["Runic Pyramid","Painkiller Herb"],"picked":"PlaceholderMod:LiveLive"}],"items_purged_floors":[13,25],"is_endless":false,"potions_floor_spawned":[2,3,12,20,22],"killed_by":"conspire:OrnateMirror","ascension_level":0}}