{"host":"dl909bjyolgrn2uw","time":1614357604,"event":{"mods":["2.2 Compatiblity","AchievementEnabler","BaseMod","Bestiary","Better Altar","Better Note","Better Sensory Stone","Better Skull","Better Vampires","Colored Powertips","Curses Come First","Downfall","Emptier Cage","Minty Spire (QoL Compilation)","Permanent Neow","Quick Restart","Rare Cards Sparkle","Relic Stats","Shop Mod","Spicy Shops","StSLib","SuperFastMode"],"gold_per_floor":[99,118,130,142,142,169,195,223,242,29,41,51,51,81,100,204,204,204,219,234,253,268,283,308,318,336,356,366,377,377,407,419,514,514,514,533,551,564,144,44,44,61,88,88,212,240,40,57,70,70,70,100,0,0,0,0],"floor_reached":57,"language":"ENG","playtime":6509,"items_purged":["champ:Strike"],"score":1395,"play_id":"be90c9be-2a4d-4aa2-84f8-eeb6f50f18e1","local_time":"20210226104004","is_ascension_mode":true,"campfire_choices":[{"data":"champ:Taunt","floor":1.0,"key":"SMITH"},{"data":"champ:StrikeOfGenius","floor":13.0,"key":"SMITH"},{"data":"champ:HoldFirm","floor":18.0,"key":"SMITH"},{"data":"champ:StrikeOfGenius","floor":30.0,"key":"SMITH"},{"floor":35.0,"key":"RECALL"},{"data":"champ:ArenaPreparation","floor":40,"key":"SMITH"},{"data":"champ:TornadoPunch","floor":44,"key":"SMITH"},{"data":"champ:FanOfKnives","floor":47,"key":"SMITH"},{"floor":54,"key":"REST"}],"circlet_count":0,"master_deck":["champ:Execute","champ:Taunt+1","champ:TornadoPunch+1","champ:BringItOn","champ:FanOfKnives+1","hexamod:PowerFromBeyond+1","champ:Lariat","champ:StrikeOfGenius+1","champ:ArenaPreparation+1","champ:CrownThrow+1","champ:StrikeOfGenius+1","champ:FocusedDefense","champ:DefensiveShout","champ:HoldFirm+1","champ:PerfectedStrike+1","champ:DefensiveStyle","champ:PerfectedStrike+1","champ:FlashCut+1","champ:BladeFlurry+1","champ:SetATrap","champ:Backstep","champ:FlashCut+1","champ:EnGarde","champ:FlashCut+1","champ:Lariat","champ:EnGarde+1","champ:AdrenalArmor","champ:RageSigil+1","champ:TornadoPunch+1","champ:VampiricStrike+1","champ:DefensiveShout+1","champ:PreciseThrust+1","champ:FaceSlap+1","champ:StanceDance+1","champ:StanceDance+1","champ:PreciseThrust+1","champ:LastStand"],"relics":["champ:ChampionCrown","Potion Belt","Blood Vial","Smiling Mask","Molten Egg 2","Bag of Marbles","Blue Candle","Pandora\u0027s Box","Omamori","Torii","Cursed Key","ClockworkSouvenir","Gremlin Horn","downfall:HeartBlessingRed","HornCleat","Toolbox","Gambling Chip","downfall:HeartBlessingBlue","downfall:HeartBlessingGreen","Pen Nib"],"acts_visited":["Exordium","TheCity","TheBeyond","TheEnding"],"potions_floor_usage":[45,45,56,56,56,56],"damage_taken":[{"damage":15.0,"enemies":"Jaw Worm","floor":2.0,"turns":6.0},{"damage":11.0,"enemies":"Cultist","floor":3.0,"turns":4.0},{"damage":0.0,"enemies":"2 Louse","floor":4.0,"turns":2.0},{"damage":46.0,"enemies":"Gremlin Nob","floor":6.0,"turns":4.0},{"damage":28.0,"enemies":"Lagavulin","floor":8.0,"turns":7.0},{"damage":27.0,"enemies":"Exordium Wildlife","floor":9.0,"turns":4.0},{"damage":10.0,"enemies":"downfall:FleeingMerchant","floor":10.0,"turns":4.0},{"damage":0.0,"enemies":"Lots of Slimes","floor":11.0,"turns":1.0},{"damage":18.0,"enemies":"Exordium Thugs","floor":12.0,"turns":3.0},{"damage":24.0,"enemies":"Gremlin Nob","floor":14.0,"turns":3.0},{"damage":25.0,"enemies":"downfall:LooterAlt","floor":15.0,"turns":4.0},{"damage":38.0,"enemies":"DF_ARCHETYPE_STREAMLINE","floor":16.0,"turns":6.0},{"damage":0.0,"enemies":"Chosen","floor":19.0,"turns":2.0},{"damage":10.0,"enemies":"downfall:LooterAlt2","floor":20.0,"turns":3.0},{"damage":9.0,"enemies":"Shelled Parasite and Fungi","floor":21.0,"turns":3.0},{"damage":3.0,"enemies":"Centurion and Healer","floor":22.0,"turns":5.0},{"damage":0.0,"enemies":"Snake Plant","floor":23.0,"turns":3.0},{"damage":10.0,"enemies":"Snecko","floor":25.0,"turns":3.0},{"damage":0.0,"enemies":"Shelled Parasite and Fungi","floor":26.0,"turns":3.0},{"damage":17.0,"enemies":"Sentry and Sphere","floor":27.0,"turns":7.0},{"damage":16.0,"enemies":"Snake Plant","floor":28.0,"turns":5.0},{"damage":0.0,"enemies":"3 Cultists","floor":29.0,"turns":5.0},{"damage":0.0,"enemies":"Book of Stabbing","floor":31.0,"turns":4.0},{"damage":0.0,"enemies":"Snecko","floor":32.0,"turns":4.0},{"damage":37.0,"enemies":"WA_ARCHETYPE_CALM","floor":33.0,"turns":7.0},{"damage":0.0,"enemies":"3 Shapes","floor":36.0,"turns":5.0},{"damage":0.0,"enemies":"Orb Walker","floor":37.0,"turns":2.0},{"damage":8.0,"enemies":"Writhing Mass","floor":38.0,"turns":6.0},{"damage":10.0,"enemies":"downfall:FleeingMerchant","floor":39.0,"turns":4.0},{"damage":10,"enemies":"4 Shapes","floor":42,"turns":4},{"damage":15,"enemies":"Reptomancer","floor":43,"turns":4},{"damage":15,"enemies":"downfall:FleeingMerchant","floor":45,"turns":4},{"damage":45,"enemies":"Giant Head","floor":46,"turns":6},{"damage":20,"enemies":"Spire Growth","floor":48,"turns":3},{"damage":0,"enemies":"3 Darklings","floor":49,"turns":3},{"damage":6,"enemies":"SI_POISON_ARCHETYPE","floor":50,"turns":10},{"damage":87,"enemies":"downfall:CharBossMerchant","floor":52,"turns":8},{"damage":53,"enemies":"downfall:NeowBoss","floor":55,"turns":21},{"damage":67,"enemies":"downfall:NeowBossFinal","floor":56,"turns":9}],"seed_played":"-8583209257628264251","potions_obtained":[{"floor":4.0,"key":"SteroidPotion"},{"floor":6.0,"key":"EssenceOfSteel"},{"floor":11.0,"key":"Weak Potion"},{"floor":14.0,"key":"BlessingOfTheForge"},{"floor":19.0,"key":"Fire Potion"},{"floor":22.0,"key":"DistilledChaos"},{"floor":26.0,"key":"FearPotion"},{"floor":29.0,"key":"Weak Potion"},{"floor":31.0,"key":"champ:OpenerPotion"},{"floor":42,"key":"Fire Potion"},{"floor":48,"key":"champ:OpenerPotion"}],"is_trial":false,"path_per_floor":["R","M","M","M","?","E","T","E","M","$","M","M","R","E","M","B",null,"R","M","M","M","M","M","T","M","M","M","M","M","R","E","M","B",null,"R","M","M","M","$","R","T","M","E","R","?","E","R","M","M","B",null,"E","$","R","B","B",null],"character_chosen":"THE_CHAMP","items_purchased":["Bag of Marbles","ClockworkSouvenir","Gremlin Horn","Toolbox","SpeedPotion","CultistPotion"],"campfire_rested":1,"item_purchase_floors":[10,39,39,45,45,53],"current_hp_per_floor":[90,90,89,89,89,63,63,57,52,54,56,50,50,38,40,24,90,90,90,90,81,80,82,82,84,86,76,62,64,64,66,68,48,90,90,90,90,82,84,84,84,86,88,88,90,80,90,92,94,90,100,43,43,73,67,27],"gold":0,"neow_bonus":"RANDOM_COMMON_RELIC","is_daily":false,"chose_seed":false,"campfire_upgraded":7,"win_rate":0.0,"timestamp":1614357604,"path_taken":["R","M","M","M","?","E","T","E","M","$","M","M","R","E","M","BOSS","R","M","M","M","M","M","T","?","M","M","M","M","R","E","M","BOSS","R","M","M","M","$","R","T","M","E","R","?","E","R","M","M","BOSS","E","$","R","BOSS","BOSS"],"items_purchased_type":["Relic","Relic","Relic","Relic","Potion","Potion"],"build_version":"2020-12-22","purchased_purges":1,"victory":true,"max_hp_per_floor":[90,90,90,90,90,90,90,90,90,90,90,90,90,90,90,90,90,90,90,90,90,90,90,90,90,90,90,90,90,90,90,90,90,90,90,90,90,90,90,90,90,90,90,90,90,90,100,100,100,100,100,100,100,100,100,100],"relic_stats":{"Blood Vial":54,"Torii":14,"Gremlin Horn":[11,11],"counters":[39,191],"Blue Candle":[3],"Gambling Chip":[27],"Pandora\u0027s Box":["champ:PerfectedStrike","champ:DefensiveStyle","champ:PerfectedStrike","champ:FlashCut","champ:BladeFlurry","champ:SetATrap","champ:Backstep"],"Pen Nib":[7],"Smiling Mask":25,"Cursed Key":1,"obtain_stats":[{"Potion Belt":0,"Torii":31,"Gremlin Horn":39,"downfall:HeartBlessingRed":40,"Blue Candle":14,"champ:ChampionCrown":0,"downfall:HeartBlessingGreen":47,"Pen Nib":52,"Omamori":24,"Smiling Mask":7,"Cursed Key":34,"ClockworkSouvenir":39,"Blood Vial":6,"HornCleat":43,"downfall:HeartBlessingBlue":47,"Gambling Chip":46,"Toolbox":45,"Molten Egg 2":8,"Pandora\u0027s Box":17,"Bag of Marbles":10},{"Potion Belt":0,"Torii":23,"Gremlin Horn":29,"downfall:HeartBlessingRed":29,"Blue Candle":10,"champ:ChampionCrown":0,"downfall:HeartBlessingGreen":33,"Pen Nib":37,"Omamori":17,"Smiling Mask":4,"Cursed Key":25,"ClockworkSouvenir":29,"Blood Vial":4,"HornCleat":31,"downfall:HeartBlessingBlue":33,"Gambling Chip":33,"Toolbox":32,"Molten Egg 2":5,"Pandora\u0027s Box":12,"Bag of Marbles":7},{"Potion Belt":0,"Torii":91,"Gremlin Horn":119,"downfall:HeartBlessingRed":119,"Blue Candle":38,"champ:ChampionCrown":0,"downfall:HeartBlessingGreen":137,"Pen Nib":161,"Omamori":64,"Smiling Mask":16,"Cursed Key":102,"ClockworkSouvenir":119,"Blood Vial":16,"HornCleat":127,"downfall:HeartBlessingBlue":137,"Gambling Chip":137,"Toolbox":131,"Molten Egg 2":23,"Pandora\u0027s Box":48,"Bag of Marbles":31}]},"card_choices":[{"not_picked":["champ:DefensiveShout","champ:StanceDance"],"picked":"champ:TornadoPunch","floor":2.0},{"not_picked":["champ:PreemptiveStrike","champ:FlashCut"],"picked":"champ:BringItOn","floor":3.0},{"not_picked":["champ:EnGarde","champ:ShieldWall"],"picked":"champ:FanOfKnives","floor":4.0},{"not_picked":["champ:FocusedBerserking","champ:Encircle"],"picked":"champ:Lariat","floor":6.0},{"not_picked":["champ:Endure","champ:TornadoPunch+1"],"picked":"champ:StrikeOfGenius","floor":8.0},{"not_picked":["champ:EndlessRage","champ:BerserkersShout"],"picked":"champ:ArenaPreparation","floor":9.0},{"not_picked":["champ:GutPunch+1","champ:EndlessRage"],"picked":"champ:CrownThrow+1","floor":10.0},{"not_picked":["champ:BerserkersShout","champ:GutPunch+1","champ:Parry"],"picked":"SKIP","floor":11.0},{"not_picked":["champ:BladeFlurry+1","champ:FlashCut+1"],"picked":"champ:StrikeOfGenius","floor":12.0},{"not_picked":["champ:BerserkersShout","champ:BringItOn"],"picked":"champ:FocusedDefense","floor":14.0},{"not_picked":["champ:Backstep","champ:SwordSigil"],"picked":"champ:DefensiveShout","floor":15.0},{"not_picked":["champ:Devastate+1","champ:EnchantCrown"],"picked":"champ:HoldFirm","floor":16.0},{"not_picked":["champ:GutPunch+1","champ:ShieldSigil"],"picked":"champ:FlashCut+1","floor":19.0},{"not_picked":["champ:DefensiveShout","champ:Shatter+1"],"picked":"champ:EnGarde","floor":20.0},{"not_picked":["champ:PerfectedStrike+1","champ:ArenaPreparation+1"],"picked":"champ:FlashCut+1","floor":21.0},{"not_picked":["champ:IronFortress","champ:FanOfKnives+1"],"picked":"champ:Lariat","floor":22.0},{"not_picked":["champ:Devastate+1","champ:FocusedBerserking+1"],"picked":"champ:EnGarde+1","floor":23.0},{"not_picked":["champ:SkillfulDodge","champ:BladeFlurry+1"],"picked":"champ:AdrenalArmor","floor":25.0},{"not_picked":["champ:Parry","champ:PerfectedStrike+1","champ:HeartStrike+1"],"picked":"SKIP","floor":26.0},{"not_picked":["champ:ShieldSigil","champ:Backstep","champ:FalseCounter+1"],"picked":"SKIP","floor":27.0},{"not_picked":["champ:ShieldSigil","champ:Backstep","champ:FalseCounter+1"],"picked":"SKIP","floor":27.0},{"not_picked":["champ:Haymaker+1","champ:ShieldSigil"],"picked":"champ:RageSigil+1","floor":28.0},{"not_picked":["champ:FalseCounter","champ:CrownThrow+1","champ:PreemptiveStrike+1"],"picked":"SKIP","floor":29.0},{"not_picked":["champ:CrownThrow+1","champ:ShieldSigil","champ:Shatter+1"],"picked":"SKIP","floor":31.0},{"not_picked":["champ:ShieldSigil+1","champ:EnGarde"],"picked":"champ:TornadoPunch+1","floor":32.0},{"not_picked":["champ:GladiatorForm","champ:EnchantShield"],"picked":"champ:VampiricStrike+1","floor":33.0},{"not_picked":["champ:FocusedBerserking","champ:EnGarde+1"],"picked":"champ:DefensiveShout+1","floor":36.0},{"not_picked":["champ:Shatter+1","champ:FancyFootwork"],"picked":"champ:PreciseThrust+1","floor":37.0},{"not_picked":["champ:FanOfKnives+1","champ:Circumvent"],"picked":"champ:FaceSlap+1","floor":38.0},{"not_picked":["champ:IronFortress","champ:BringItOn","champ:Backstep"],"picked":"SKIP","floor":39},{"not_picked":["champ:PerfectedStrike+1","champ:ShieldSlam"],"picked":"champ:StanceDance+1","floor":42},{"not_picked":["champ:FocusedBerserking+1","champ:AdrenalArmor","champ:PerfectedStrike+1"],"picked":"SKIP","floor":43},{"not_picked":["champ:RisingSlash+1","champ:DeathBlow+1"],"picked":"champ:StanceDance+1","floor":45},{"not_picked":["champ:RapidStrikes+1","champ:Encircle+1"],"picked":"champ:PreciseThrust+1","floor":46},{"not_picked":["champ:SkillfulDodge","champ:FanOfKnives+1"],"picked":"champ:LastStand","floor":48},{"not_picked":["champ:FaceSlap+1","champ:TornadoPunch+1","champ:DefensiveShout"],"picked":"SKIP","floor":49},{"not_picked":["champ:FaceSlap+1","champ:PerfectedStrike+1","champ:DeathBlow+1"],"picked":"SKIP","floor":52}],"player_experience":570605,"relics_obtained":[{"floor":6.0,"key":"Blood Vial"},{"floor":7.0,"key":"Smiling Mask"},{"floor":8.0,"key":"Molten Egg 2"},{"floor":14.0,"key":"Blue Candle"},{"floor":24.0,"key":"Omamori"},{"floor":31.0,"key":"Torii"},{"floor":43,"key":"HornCleat"},{"floor":46,"key":"Gambling Chip"},{"floor":52,"key":"Pen Nib"}],"event_choices":[{"cards_removed":["champ:Taunt"],"damage_healed":0.0,"max_hp_gain":0.0,"max_hp_loss":0.0,"gold_gain":0.0,"event_name":"betterNote:BetterNote","player_choice":"Take \u0026 Give","floor":5.0,"gold_loss":0.0,"damage_taken":0.0,"cards_obtained":["hexamod:PowerFromBeyond"]}],"is_beta":false,"boss_relics":[{"not_picked":["champ:ChampionCrownUpgraded","Busted Crown"],"picked":"Pandora\u0027s Box"},{"not_picked":["Runic Dome","Empty Cage"],"picked":"Cursed Key"}],"items_purged_floors":[10],"is_endless":false,"potions_floor_spawned":[4,6,11,14,19,22,26,29,31,33,37,42,48,49],"ascension_level":1}}