{"host":"2fgwwnzqc97k7iys","time":1614306554,"event":{"mods":["BaseMod","Colored Map","Minty Spire (QoL Compilation)","Quick Restart","Relic Stats"],"gold_per_floor":[116,116,129,139,139,139,173,24,24,38,49,61,75,101,101,197,197,210,110,121,134,144,144,173,196,196,196,229,229,179,196,196,294,294,309,409,359,373,373,373],"floor_reached":39,"language":"ENG","playtime":4099,"items_purged":["Strike_G","Strike_G","Strike_G","Strike_G"],"score":749,"play_id":"bd77ca78-55ae-413b-9681-0852f082bb9b","local_time":"20210225202914","is_ascension_mode":true,"campfire_choices":[{"data":"Poisoned Stab","floor":6,"key":"SMITH"},{"data":"Deadly Poison","floor":15,"key":"SMITH"},{"data":"Catalyst","floor":23,"key":"SMITH"},{"floor":27,"key":"REST"},{"data":"Burst","floor":29,"key":"SMITH"},{"data":"Bouncing Flask","floor":32,"key":"SMITH"}],"circlet_count":0,"master_deck":["AscendersBane","Strike_G","Defend_G+1","Defend_G","Defend_G","Defend_G+1","Defend_G","Survivor","Neutralize","Dagger Spray+1","Poisoned Stab+1","Deadly Poison+1","Dagger Spray","Noxious Fumes","Burst+1","Leg Sweep","Corpse Explosion","Well Laid Plans","Crippling Poison","Catalyst+1","Dodge and Roll+1","Bouncing Flask+1","Leg Sweep"],"relics":["Ring of the Snake","Tiny Chest","Ice Cream","Anchor","Prayer Wheel","PreservedInsect","Snecko Eye","TungstenRod","Dream Catcher","War Paint","Smiling Mask","Busted Crown"],"acts_visited":["Exordium","TheCity","TheBeyond"],"potions_floor_usage":[7,14,14,21,33,39],"damage_taken":[{"damage":6,"enemies":"Jaw Worm","floor":1,"turns":7},{"damage":4,"enemies":"Small Slimes","floor":3,"turns":3},{"damage":1,"enemies":"Cultist","floor":4,"turns":3},{"damage":12,"enemies":"3 Sentries","floor":7,"turns":7},{"damage":0,"enemies":"3 Louse","floor":10,"turns":2},{"damage":0,"enemies":"Large Slime","floor":11,"turns":3},{"damage":0,"enemies":"Exordium Wildlife","floor":12,"turns":2},{"damage":0,"enemies":"2 Fungi Beasts","floor":13,"turns":3},{"damage":3,"enemies":"Gremlin Nob","floor":14,"turns":4},{"damage":28,"enemies":"Slime Boss","floor":16,"turns":8},{"damage":8,"enemies":"2 Thieves","floor":18,"turns":3},{"damage":5,"enemies":"Chosen","floor":20,"turns":5},{"damage":25,"enemies":"Shelled Parasite and Fungi","floor":21,"turns":6},{"damage":0,"enemies":"Cultist and Chosen","floor":22,"turns":4},{"damage":6,"enemies":"Slavers","floor":24,"turns":2},{"damage":0,"enemies":"Gremlin Leader","floor":28,"turns":3},{"damage":0,"enemies":"Centurion and Healer","floor":31,"turns":4},{"damage":18,"enemies":"Automaton","floor":33,"turns":9},{"damage":0,"enemies":"3 Shapes","floor":35,"turns":4},{"damage":3,"enemies":"Orb Walker","floor":38,"turns":4},{"damage":54,"enemies":"4 Shapes","floor":39,"turns":3}],"seed_played":"5008185895048796419","potions_obtained":[{"floor":1,"key":"GamblersBrew"},{"floor":10,"key":"Poison Potion"},{"floor":11,"key":"ColorlessPotion"},{"floor":13,"key":"Block Potion"},{"floor":16,"key":"PowerPotion"},{"floor":20,"key":"Poison Potion"},{"floor":24,"key":"SpeedPotion"},{"floor":31,"key":"LiquidMemories"},{"floor":35,"key":"ColorlessPotion"}],"is_trial":false,"path_per_floor":["M","?","M","M","?","R","E","$","T","M","M","M","M","E","R","B",null,"M","$","M","M","M","R","E","T","T","R","E","R","$","M","R","B",null,"M","?","$","M","M"],"character_chosen":"THE_SILENT","items_purchased":["Noxious Fumes"],"campfire_rested":1,"item_purchase_floors":[8],"current_hp_per_floor":[57,50,46,45,45,45,33,33,33,33,33,33,33,30,30,2,53,45,45,40,15,15,15,9,9,9,30,30,30,30,30,30,12,56,56,56,56,53,0,0],"gold":373,"neow_bonus":"RANDOM_COMMON_RELIC","is_daily":false,"chose_seed":false,"campfire_upgraded":5,"win_rate":0.0,"timestamp":1614306554,"path_taken":["M","?","M","M","?","R","E","$","T","M","M","?","M","E","R","BOSS","M","$","M","M","M","R","E","?","T","R","E","R","$","M","R","BOSS","M","?","$","?","M"],"items_purchased_type":["Card"],"build_version":"2020-12-22","purchased_purges":4,"victory":false,"max_hp_per_floor":[70,70,70,70,70,70,70,70,70,70,70,70,70,70,70,70,70,70,70,70,70,70,70,70,70,70,70,70,70,70,70,70,70,70,70,70,70,70,70,70],"relic_stats":{"Dream Catcher":1,"Busted Crown":8,"counters":[21,89],"Snecko Eye":[86,89,60,86],"Tiny Chest":1,"Prayer Wheel":11,"PreservedInsect":88,"War Paint":["Defend_G","Defend_G"],"Smiling Mask":175,"obtain_stats":[{"Ice Cream":2,"Anchor":7,"Dream Catcher":25,"Busted Crown":34,"Snecko Eye":17,"Tiny Chest":0,"Prayer Wheel":9,"PreservedInsect":14,"War Paint":26,"Smiling Mask":28,"TungstenRod":24,"Ring of the Snake":0},{"Ice Cream":1,"Anchor":4,"Dream Catcher":15,"Busted Crown":18,"Snecko Eye":10,"Tiny Chest":0,"Prayer Wheel":4,"PreservedInsect":9,"War Paint":15,"Smiling Mask":16,"TungstenRod":15,"Ring of the Snake":0},{"Ice Cream":7,"Anchor":20,"Dream Catcher":62,"Busted Crown":78,"Snecko Eye":42,"Tiny Chest":0,"Prayer Wheel":20,"PreservedInsect":34,"War Paint":62,"Smiling Mask":65,"TungstenRod":62,"Ring of the Snake":0}],"TungstenRod":10,"Ring of the Snake":[42]},"card_choices":[{"not_picked":["Finisher","Blade Dance"],"picked":"Dagger Spray","floor":1},{"not_picked":["Backstab","Skewer"],"picked":"Poisoned Stab","floor":3},{"not_picked":["Dagger Throw","Outmaneuver"],"picked":"Deadly Poison","floor":4},{"not_picked":["Deflect","Finisher"],"picked":"Dagger Spray","floor":7},{"not_picked":["Eviscerate","Poisoned Stab"],"picked":"Burst","floor":10},{"not_picked":["Bane","Accuracy","Dagger Spray"],"picked":"SKIP","floor":10},{"not_picked":["Flechettes","Flying Knee","Accuracy"],"picked":"SKIP","floor":11},{"not_picked":["Underhanded Strike","Poisoned Stab","Flechettes"],"picked":"SKIP","floor":11},{"not_picked":["Slice","Underhanded Strike","Cloak And Dagger"],"picked":"SKIP","floor":12},{"not_picked":["Skewer","Choke","Slice"],"picked":"SKIP","floor":12},{"not_picked":["Crippling Poison","Reflex"],"picked":"Leg Sweep","floor":13},{"not_picked":["Poisoned Stab","Bullet Time","Riddle With Holes"],"picked":"SKIP","floor":13},{"not_picked":["Sucker Punch","Glass Knife","Prepared"],"picked":"SKIP","floor":14},{"not_picked":["Phantasmal Killer","A Thousand Cuts"],"picked":"Corpse Explosion","floor":16},{"not_picked":["Quick Slash+1","Unload"],"picked":"Well Laid Plans","floor":18},{"not_picked":["Underhanded Strike","Blade Dance","Cloak And Dagger"],"picked":"SKIP","floor":18},{"not_picked":["Underhanded Strike","Blade Dance","Cloak And Dagger"],"picked":"SKIP","floor":18},{"not_picked":["Dodge and Roll","Underhanded Strike"],"picked":"Crippling Poison","floor":20},{"not_picked":["Dagger Throw","Bane+1","Acrobatics"],"picked":"SKIP","floor":20},{"not_picked":["Poisoned Stab+1","Sucker Punch+1"],"picked":"Catalyst","floor":21},{"not_picked":["Masterful Stab+1","Underhanded Strike","Terror"],"picked":"SKIP","floor":21},{"not_picked":["Noxious Fumes","Underhanded Strike","Crippling Poison"],"picked":"SKIP","floor":22},{"not_picked":["Eviscerate","Blade Dance","Caltrops"],"picked":"SKIP","floor":22},{"not_picked":["Doppelganger","Backflip"],"picked":"Dodge and Roll+1","floor":24},{"not_picked":["Dagger Throw+1","PiercingWail","Bane"],"picked":"SKIP","floor":28},{"not_picked":["Flechettes","Acrobatics"],"picked":"Bouncing Flask","floor":31},{"not_picked":["Deflect","Poisoned Stab+1"],"picked":"Leg Sweep","floor":31},{"not_picked":["Leg Sweep"],"picked":"SKIP","floor":35},{"not_picked":["Crippling Poison+1"],"picked":"SKIP","floor":35},{"not_picked":["Infinite Blades+1"],"picked":"SKIP","floor":38},{"not_picked":["Outmaneuver+1"],"picked":"SKIP","floor":38}],"player_experience":671523,"relics_obtained":[{"floor":7,"key":"Anchor"},{"floor":9,"key":"Prayer Wheel"},{"floor":14,"key":"PreservedInsect"},{"floor":24,"key":"TungstenRod"},{"floor":25,"key":"Dream Catcher"},{"floor":26,"key":"War Paint"},{"floor":28,"key":"Smiling Mask"}],"event_choices":[{"damage_healed":0,"gold_gain":0,"player_choice":"Success","damage_taken":7,"relics_obtained":["Ice Cream"],"max_hp_gain":0,"max_hp_loss":0,"event_name":"Scrap Ooze","floor":2,"gold_loss":0},{"damage_healed":0,"gold_gain":0,"player_choice":"Grow","damage_taken":0,"max_hp_gain":0,"max_hp_loss":0,"event_name":"Living Wall","floor":5,"gold_loss":0,"cards_upgraded":["Dagger Spray"]},{"damage_healed":0,"gold_gain":100,"player_choice":"Pray","damage_taken":0,"max_hp_gain":0,"max_hp_loss":0,"event_name":"Golden Shrine","floor":36,"gold_loss":0}],"is_beta":false,"boss_relics":[{"not_picked":["Sozu","Coffee Dripper"],"picked":"Snecko Eye"},{"not_picked":["Runic Dome","Cursed Key"],"picked":"Busted Crown"}],"items_purged_floors":[8,19,30,37],"is_endless":false,"potions_floor_spawned":[1,10,11,13,16,20,24,31,35,38],"killed_by":"4 Shapes","ascension_level":11}}