{"host":"c20l7aft63881q3y","time":1614334752,"event":{"mods":["ATMod(阿瑾Mod)","Act Like it!","Arknights","BaseMod","Colored Powertips","Dio Mod","Downfall","Gensokyo","Hallownest","LagranYue(拉格朗・月)","Marisa（F雨　魔理沙）","Minty Spire (QoL Compilation)","MostiFishMod","Remilia（蕾米莉亚）","Replay The Spire","RumiaBox-露米娅的神秘盒子","StSLib","The Animator","The Bug Knight","The Death Knight","The Marked","The Servant 0.9.4","UnlockEverythingMod","Waifu the Spire","WarShipGirlsR/战舰少女R mod","Youmu（魂魄妖梦）"],"gold_per_floor":[119,194,208,11,11,11,11,37,55,73,99,99,111,123,36,54,54,151,151,169,130,130,57,73,73,102,102,102,102,112,112,112,112,32,48,48,144,144,162,188,203,221,221,254,107,107,133,161,173,173,186,197,197,197,197,197,2,37,37],"floor_reached":60,"language":"ZHS","playtime":5202,"items_purged":["Doubt"],"score":1324,"play_id":"c655791a-2098-425b-98e7-a5a40cc47761","local_time":"20210226181912","is_ascension_mode":false,"campfire_choices":[{"floor":12.0,"key":"RECALL"},{"data":"MostiFishMod:PerfectForm","floor":17.0,"key":"SMITH"},{"data":"StrangeHalfBody","floor":25.0,"key":"SMITH"},{"floor":27.0,"key":"REST"},{"floor":29.0,"key":"REST"},{"floor":36.0,"key":"REST"},{"data":"GreatEnlightenmentAppearingAndDisappearing","floor":46.0,"key":"SMITH"},{"data":"TransmigrationSlash","floor":50.0,"key":"SMITH"},{"floor":53.0,"key":"REST"},{"data":"BizarrenessOfSixRealms","floor":56,"key":"SMITH"}],"circlet_count":0,"master_deck":["Strike_YM","Strike_YM","Strike_YM","Strike_YM","Defend_YM","Defend_YM","Defend_YM","Defend_YM","SlashOfPresentWorld","WheelOfPainOfLivingAndDead","AT_Desolate","SpiritCuttingSword","MostiFishMod:PerfectForm+1","GreatEnlightenmentAppearingAndDisappearing+1","StrangeHalfBody+1","PhosphoricSlash","HellFireSword","LotusPostureSlash","HiganSword","HumanGodSword","SlashOfMeditation","FantasyOfEnteringEnlightenment","HeavenSword","SlashOfAscensionToBuddhahood","PhosphoricSlash+1","HiganSword","HumanGodSword","DispleasureOfTheSevenHakus+1","HeartExcerptSlash","HumanRealmSword","HumanRealmSword","AsuraSword","SlashOfDelusionalInnerEye","FiveSignsOfTheDyingDeva","RapidSlash+1","SlashOfMeditation+1","FourBirthsSword+1","HiganSword","ASingleThoughtAndInfiniteKalpas","TransmigrationSlash+1","BizarrenessOfSixRealms+1","CherryBlossomFlashing","MostiFishMod:OneDayCity","LifeCuttingSword","LifeCuttingSword","BizarrenessOfSixRealms+1"],"relics":["HalfPhantom","AT_ATBox","DaveBox","LagranYue:RandomDrawCardRelic","RhineCircuit","SynthV:TestCard","AddBug","SecretRecord","SecretRecord","SecretRecord","SecretRecord","SecretRecord","SecretRecord"],"acts_visited":["Exordium","TheCity","TheBeyond","TheEnding"],"potions_floor_usage":[54,54,59],"damage_taken":[{"damage":0.0,"enemies":"Jaw Worm","floor":1.0,"turns":2.0},{"damage":0.0,"enemies":"Cultist","floor":3.0,"turns":4.0},{"damage":11.0,"enemies":"Gremlin Nob","floor":8.0,"turns":4.0},{"damage":1.0,"enemies":"Small Slimes","floor":9.0,"turns":3.0},{"damage":0.0,"enemies":"Looter","floor":10.0,"turns":2.0},{"damage":1.0,"enemies":"Exordium Wildlife","floor":13.0,"turns":4.0},{"damage":12.0,"enemies":"2 Fungi Beasts","floor":14.0,"turns":3.0},{"damage":0.0,"enemies":"3 Louse","floor":16.0,"turns":3.0},{"damage":4.0,"enemies":"The Guardian","floor":18.0,"turns":6.0},{"damage":9.0,"enemies":"Shell Parasite","floor":20.0,"turns":4.0},{"damage":1.0,"enemies":"Chosen","floor":24.0,"turns":4.0},{"damage":53.0,"enemies":"Slavers","floor":26.0,"turns":4.0},{"damage":8.0,"enemies":"Snecko","floor":30.0,"turns":4.0},{"damage":3.0,"enemies":"Colosseum Slavers","floor":33.0,"turns":4.0},{"damage":5.0,"enemies":"Cultist and Chosen","floor":35.0,"turns":6.0},{"damage":0.0,"enemies":"Automaton","floor":37.0,"turns":5.0},{"damage":21.0,"enemies":"3 Shapes","floor":39.0,"turns":4.0},{"damage":6.0,"enemies":"Orb Walker","floor":41.0,"turns":4.0},{"damage":10.0,"enemies":"Jaw Worm Horde","floor":42.0,"turns":4.0},{"damage":0.0,"enemies":"Nemesis","floor":44.0,"turns":7.0},{"damage":4.0,"enemies":"Giant Head","floor":48.0,"turns":6.0},{"damage":1.0,"enemies":"Maw","floor":49.0,"turns":4.0},{"damage":0.0,"enemies":"Transient","floor":51.0,"turns":5.0},{"damage":20.0,"enemies":"Sphere and 2 Shapes","floor":52.0,"turns":5.0},{"damage":6,"enemies":"Awakened One","floor":54,"turns":6},{"damage":43,"enemies":"Shield and Spear","floor":58,"turns":4},{"damage":15,"enemies":"The Heart","floor":59,"turns":6}],"seed_played":"8911552652559433511","potions_obtained":[{"floor":8.0,"key":"SpeedPotion"},{"floor":9.0,"key":"Swift Potion"},{"floor":10.0,"key":"CultistPotion"},{"floor":20.0,"key":"Fire Potion"},{"floor":35.0,"key":"Reflective Coating"},{"floor":39.0,"key":"ColorlessPotion"},{"floor":51.0,"key":"SkillPotion"}],"is_trial":false,"path_per_floor":["M","?","M","$","?","PTL","PTL","E","M","M","T","R","M","M","$","M","R","B",null,"M","$","?","$","M","R","E","R","T","R","M","PTL","PTL","?","$","M","R","B",null,"M","?","M","M","?","E","$","R","T","E","M","R","M","M","R","B",null,"R","$","E","B",null],"character_chosen":"YOUMU","items_purchased":["MostiFishMod:PerfectForm","HumanGodSword","SlashOfMeditation","PhosphoricSlash+1","HiganSword","HumanRealmSword","HiganSword","MostiFishMod:OneDayCity","LifeCuttingSword"],"campfire_rested":4,"item_purchase_floors":[4,15,15,21,23,34,45,57,57],"current_hp_per_floor":[82,71,71,71,71,71,71,60,59,59,59,59,58,46,46,46,46,42,82,73,73,73,73,72,72,19,43,43,67,59,59,59,56,56,51,75,75,82,61,61,55,45,82,82,82,82,82,78,77,77,77,62,82,76,82,82,82,61,72],"gold":37,"neow_bonus":"TEN_PERCENT_HP_BONUS","is_daily":false,"chose_seed":false,"campfire_upgraded":5,"win_rate":0.0,"timestamp":1614334752,"path_taken":["M","?","M","$","?","PTL","PTL","E","?","M","T","R","M","M","$","M","R","BOSS","M","$","?","$","M","R","E","R","T","R","M","PTL","PTL","?","?","M","R","BOSS","M","?","M","M","?","E","$","R","T","E","M","R","M","?","R","BOSS","R","$","E","BOSS"],"items_purchased_type":["Card","Card","Card","Card","Card","Card","Card","Card","Card"],"build_version":"2020-12-22","purchased_purges":1,"victory":true,"max_hp_per_floor":[82,82,82,82,82,82,82,82,82,82,82,82,82,82,82,82,82,82,82,82,82,82,82,82,82,82,82,82,82,82,82,82,82,82,82,82,82,82,82,82,82,82,82,82,82,82,82,82,82,82,82,82,82,82,82,82,82,82,82],"card_choices":[{"not_picked":["FlashingScatteredFlowers","CrescentMoonSlash","SuddenPhantomFormationSlashOfKarmicWind"],"picked":"SKIP","floor":1.0},{"not_picked":["KarmicPunishmentOfTheIdleAndUnfocused","LowerRealmReflectionSlash","LightFlashOfTheNetherworld","FlashingScatteredFlowers"],"picked":"SpiritCuttingSword","floor":3.0},{"not_picked":["SanzenSekai","SlashOfDelusionalInnerEye","FourBirthsSword","TwoHundredYojanaInOneSlash"],"picked":"StrangeHalfBody","floor":8.0},{"not_picked":["LowerRealmReflectionSlash","PretaSword","HumanKnowledgeSword","CherryBlossomFlashing"],"picked":"PhosphoricSlash","floor":9.0},{"not_picked":["SlashOfMeditation","SpiritCuttingSword","TwoHundredYojanaInOneSlash","FlashingScatteredFlowers"],"picked":"HellFireSword","floor":10.0},{"not_picked":["SpiritCuttingSword","DeadlyForm","FlashingScatteredFlowers","ThreeKonsSevenHakus"],"picked":"LotusPostureSlash","floor":13.0},{"not_picked":["PhosphoricSlash","SpiritCuttingSword","FlashingScatteredFlowers","CrescentMoonSlash"],"picked":"HiganSword","floor":14.0},{"not_picked":["TwoHundredYojanaInOneSlash","DispleasureOfTheSevenHakus","PhosphoricSlash","HellGodSword"],"picked":"FantasyOfEnteringEnlightenment","floor":16.0},{"not_picked":["ASingleThoughtAndInfiniteKalpas","WickedSoul","SlashOfTheEternalFuture","ReincarnationSword"],"picked":"HeavenSword","floor":18.0},{"not_picked":["SwordExtraction","LifeCuttingSword+1","GhostSword","ObsessionWithThePresentWorld"],"picked":"SlashOfAscensionToBuddhahood","floor":20.0},{"not_picked":["SpiderLilyBurial","FlashingScatteredFlowers+1","LightFlashOfTheNetherworld","SpiritCuttingSword"],"picked":"HumanGodSword","floor":24.0},{"not_picked":["SpiderLilyBurial","SwordExtraction","ReincarnationSword","PhosphoricSlash"],"picked":"DispleasureOfTheSevenHakus+1","floor":26.0},{"not_picked":["ThreeKonsSevenHakus+1","ObsessionSword+1","ConstancyOfTheConventionalTruth","SwordExtraction"],"picked":"HeartExcerptSlash","floor":30.0},{"not_picked":["HumanKnowledgeSword","TwoHundredYojanaInOneSlash","ThreeKonsSevenHakus","KarmicPunishmentOfTheIdleAndUnfocused"],"picked":"HumanRealmSword","floor":35.0},{"not_picked":["ASingleThoughtAndInfiniteKalpas","CherryBlossomSword","ReincarnationSword","GreatEnlightenmentAppearingAndDisappearing"],"picked":"AsuraSword","floor":37.0},{"not_picked":["LifeCuttingSword+1","ThreeKonsSevenHakus+1","FlashingScatteredFlowers","AsTheSilentNirvana+1"],"picked":"SlashOfDelusionalInnerEye","floor":39.0},{"not_picked":["CherryBlossomFlashing","DispleasureOfTheSevenHakus+1","ConstancyOfTheConventionalTruth+1","FourBirthsSword+1"],"picked":"FiveSignsOfTheDyingDeva","floor":40.0},{"not_picked":["SpiritCuttingSword","PhosphoricSlash+1","FlashingScatteredFlowers","HumanGodSword"],"picked":"RapidSlash+1","floor":41.0},{"not_picked":["FlashingScatteredFlowers","BloodOfAsura+1","HumanKnowledgeSword","SpiritCuttingSword+1"],"picked":"SlashOfMeditation+1","floor":42.0},{"not_picked":["CherryBlossomFlashing","HeavenlyHaloSlash","WickedSoul","BizarrenessOfSixRealms"],"picked":"FourBirthsSword+1","floor":44.0},{"not_picked":["TurningAngelCut","CherryBlossomSword","KarmicPunishmentOfTheIdleAndUnfocused","BloodOfAsura"],"picked":"ASingleThoughtAndInfiniteKalpas","floor":48.0},{"not_picked":["CherryBlossomFlashing","SlashClearingTheSixSenses+1","ConstancyOfTheConventionalTruth+1","CrescentMoonSlash"],"picked":"TransmigrationSlash","floor":49.0},{"not_picked":["ThreeKonsSevenHakus+1","DispleasureOfTheSevenHakus+1","TwoHundredYojanaInOneSlash","HumanKnowledgeSword+1"],"picked":"BizarrenessOfSixRealms","floor":51.0},{"not_picked":["AsuraSword","TwoHundredYojanaInOneSlash","HesitationCuttingSword","PhosphoricSlash"],"picked":"CherryBlossomFlashing","floor":52.0},{"not_picked":["LifeCuttingSword","SwordExtraction","SlashOfMeditation","SwordOfBindingDesires"],"picked":"BizarrenessOfSixRealms+1","floor":58}],"player_experience":21087,"relics_obtained":[{"floor":1.0,"key":"SynthV:TestCard"},{"floor":1.0,"key":"AddBug"},{"floor":8.0,"key":"CeramicFish"},{"floor":11.0,"key":"AT_SunfireAegis"},{"floor":13.0,"key":"SecretRecord"},{"floor":16.0,"key":"SecretRecord"},{"floor":26.0,"key":"Toy Ornithopter"},{"floor":40.0,"key":"FossilizedHelix"},{"floor":41.0,"key":"SecretRecord"},{"floor":44.0,"key":"Replay:Bottled Eggs"},{"floor":47.0,"key":"DeathKnight:PutricidesVial"},{"floor":48.0,"key":"SecretRecord"},{"floor":48.0,"key":"HornCleat"},{"floor":58,"key":"SecretRecord"},{"floor":58,"key":"AT_BladeRuinedKing"}],"event_choices":[{"damage_healed":0.0,"max_hp_gain":0.0,"max_hp_loss":0.0,"gold_gain":75.0,"event_name":"World of Goop","player_choice":"Gather Gold","floor":2.0,"gold_loss":0.0,"damage_taken":11.0},{"damage_healed":0.0,"max_hp_gain":0.0,"max_hp_loss":0.0,"gold_gain":0.0,"event_name":"Match and Keep!","player_choice":"1 cards matched","floor":5.0,"gold_loss":0.0,"damage_taken":0.0,"cards_obtained":["GreatEnlightenmentAppearingAndDisappearing"]},{"damage_healed":0.0,"max_hp_gain":0.0,"max_hp_loss":0.0,"gold_gain":0.0,"event_name":"Colosseum","player_choice":"Fight","floor":33.0,"gold_loss":0.0,"damage_taken":0.0},{"damage_healed":0.0,"max_hp_gain":0.0,"max_hp_loss":0.0,"gold_gain":0.0,"event_name":"Colosseum","player_choice":"Fled From Nobs","floor":33.0,"gold_loss":0.0,"damage_taken":0.0},{"damage_healed":37.0,"max_hp_gain":0.0,"max_hp_loss":0.0,"gold_gain":0.0,"event_name":"MindBloom","player_choice":"Heal","floor":43.0,"gold_loss":0.0,"damage_taken":0.0,"cards_obtained":["Doubt"]}],"is_beta":false,"boss_relics":[{"not_picked":["Snecko Eye","Cursed Key"],"picked":"Sozu"},{"not_picked":["MiniYoumu","SacredBark"],"picked":"RhineFirstAidKit"}],"items_purged_floors":[45],"is_endless":false,"potions_floor_spawned":[8,9,10,13,20,35,39,51,52],"ascension_level":0}}