{"host":"43wsnxh97mgjl5zw","time":1614317452,"event":{"mods":["Aspiration","BaseMod","Colored Map","Colored Powertips","Conspire","Downfall","Halation","Hubris","Minty Spire (QoL Compilation)","Quick Restart","Rare Cards Sparkle","Relic Sorter","Reliquary","Replay The Spire","StSLib"],"gold_per_floor":[114,127,27,27,42,42,72,72,72,101,121,150,168,168,168],"floor_reached":14,"language":"ENG","playtime":455,"items_purged":[],"score":204,"play_id":"11fbd026-52e7-4977-9b0a-f6115258ee78","local_time":"20210226073052","is_ascension_mode":true,"campfire_choices":[{"data":"Ghostly","floor":6,"key":"SMITH"},{"data":"Replay:Poison Smokescreen","floor":8,"key":"SMITH"}],"circlet_count":0,"master_deck":["AscendersBane","Strike_G","Strike_G","Strike_G","Strike_G","Strike_G","Defend_G","Defend_G","Defend_G","Defend_G","Defend_G","Survivor","Neutralize","Dagger Spray","Toxin Wave","Ghostly+1","Crippling Poison","Replay:Poison Smokescreen+1","Quick Slash","Dodge and Roll"],"relics":["Ring of the Snake","NeowsBlessing","reliquary:Spinner","Boot","The Specimen","CeramicFish"],"acts_visited":["Exordium"],"potions_floor_usage":[7,14,14],"damage_taken":[{"damage":0,"enemies":"Small Slimes","floor":1,"turns":1},{"damage":0,"enemies":"Jaw Worm","floor":2,"turns":1},{"damage":0,"enemies":"Cultist","floor":5,"turns":1},{"damage":6,"enemies":"Gremlin Nob","floor":7,"turns":4},{"damage":15,"enemies":"Lagavulin","floor":10,"turns":7},{"damage":19,"enemies":"Large Slime","floor":11,"turns":7},{"damage":13,"enemies":"Exordium Thugs","floor":12,"turns":5},{"damage":4,"enemies":"Gremlin Gang","floor":13,"turns":2},{"damage":0,"enemies":"Gremlin Nob","floor":14,"turns":3}],"seed_played":"3351898898331709449","potions_obtained":[{"floor":5,"key":"DistilledChaos"},{"floor":11,"key":"Dexterity Potion"},{"floor":12,"key":"PowerPotion"}],"is_trial":false,"path_per_floor":["M","M","?","?","M","R","E","R","T","E","M","M","M","E"],"character_chosen":"THE_SILENT","items_purchased":[],"campfire_rested":0,"item_purchase_floors":[],"current_hp_per_floor":[59,59,59,59,59,59,53,53,53,38,19,6,2,2,2],"gold":168,"neow_bonus":"THREE_ENEMY_KILL","is_daily":false,"chose_seed":false,"campfire_upgraded":2,"win_rate":0.0,"timestamp":1614317452,"path_taken":["M","M","?","?","?","R","E","R","T","E","?","M","M","E"],"items_purchased_type":[],"build_version":"2020-12-22","purchased_purges":0,"victory":false,"max_hp_per_floor":[66,66,66,66,66,66,66,66,66,66,66,66,66,66,66],"card_choices":[{"not_picked":["Dagger Spray","Blade Dance","Outmaneuver"],"picked":"SKIP","floor":1},{"not_picked":["Blade Dance","Outmaneuver"],"picked":"Dagger Spray","floor":1},{"not_picked":["Sucker Punch","Slice"],"picked":"Toxin Wave","floor":2},{"not_picked":["Outmaneuver","Eviscerate"],"picked":"Crippling Poison","floor":5},{"not_picked":["Endless Agony","Concentrate"],"picked":"Replay:Poison Smokescreen","floor":7},{"not_picked":["Grand Finale","Underhanded Strike","Hidden Blade"],"picked":"SKIP","floor":10},{"not_picked":["hubris:Counter","Caltrops"],"picked":"Quick Slash","floor":11},{"not_picked":["Setup","Underhanded Strike"],"picked":"Dodge and Roll","floor":12},{"not_picked":["hubris:TrickCloak","Bane","Outmaneuver"],"picked":"SKIP","floor":13}],"player_experience":1295952,"relics_obtained":[{"floor":4,"key":"reliquary:Spinner"},{"floor":7,"key":"Boot"},{"floor":9,"key":"The Specimen"},{"floor":10,"key":"CeramicFish"}],"event_choices":[{"damage_healed":0,"gold_gain":0,"player_choice":"Argue","damage_taken":0,"max_hp_gain":0,"max_hp_loss":0,"event_name":"conspire:LoneGhost","floor":3,"gold_loss":0},{"damage_healed":0,"gold_gain":0,"player_choice":"Relic","damage_taken":0,"max_hp_gain":0,"max_hp_loss":0,"event_name":"Wheel of Change","floor":4,"gold_loss":0}],"is_beta":false,"boss_relics":[],"items_purged_floors":[],"is_endless":false,"potions_floor_spawned":[5,11,12,13],"killed_by":"Gremlin Nob","ascension_level":20}}