{"host":"ibckqdmmf9y74ymf","time":1614362606,"event":{"mods":["2.2 Compatiblity","Ascension Unlocker","BaseMod","Colored Map","Curses Come First","Highlight Path","Minty Spire (QoL Compilation)","Quick Restart","Rare Cards Sparkle","Relic Stats","StSLib"],"gold_per_floor":[116,116,191,216,51,81,81,93,118,153,197,224,271,298,310,397,409,441,473,485,29,48,48,48,48],"floor_reached":24,"language":"ENG","playtime":634,"items_purged":["Strike_P"],"score":578,"play_id":"bbebbfa8-dee2-433b-acd7-98f554b406e7","local_time":"20210226190326","is_ascension_mode":true,"campfire_choices":[],"circlet_count":0,"master_deck":["AscendersBane","Strike_P","Strike_P","Strike_P","Defend_P","Defend_P","Defend_P","Eruption","Vigilance","Protect","Collect","Wallop+1","FearNoEvil","SandsOfTime","Halt","SashWhip","CrushJoints","FlurryOfBlows","Blasphemy+1","BowlingBash","LikeWater","TalkToTheHand"],"relics":["PureWater","NeowsBlessing","Regal Pillow","Matryoshka","MawBank","Orichalcum","Bronze Scales","Smiling Mask","Juzu Bracelet","Black Star","Incense Burner"],"acts_visited":["Exordium","TheCity"],"potions_floor_usage":[],"damage_taken":[],"seed_played":"-5251691837763094602","potions_obtained":[],"is_trial":false,"path_per_floor":[],"character_chosen":"WATCHER","items_purchased":[],"campfire_rested":1,"item_purchase_floors":[],"current_hp_per_floor":[],"gold":48,"neow_bonus":"THREE_ENEMY_KILL","is_daily":false,"chose_seed":false,"campfire_upgraded":2,"win_rate":0.0,"timestamp":1614362606,"path_taken":[],"items_purchased_type":["Card","Card","Relic","Card"],"build_version":"2020-12-22","purchased_purges":1,"victory":false,"max_hp_per_floor":[],"relic_stats":{"Regal Pillow":15,"counters":[12,40],"Bronze Scales":[63],"Juzu Bracelet":0,"Black Star":0,"Orichalcum":[60],"MawBank":144,"Smiling Mask":25,"obtain_stats":[{"Regal Pillow":4,"Matryoshka":6,"NeowsBlessing":0,"Bronze Scales":10,"Juzu Bracelet":13,"Black Star":17,"Incense Burner":21,"PureWater":0,"Orichalcum":10,"MawBank":9,"Smiling Mask":11},{"Regal Pillow":1,"Matryoshka":2,"NeowsBlessing":0,"Bronze Scales":3,"Juzu Bracelet":6,"Black Star":8,"Incense Burner":10,"PureWater":0,"Orichalcum":3,"MawBank":3,"Smiling Mask":4},{"Regal Pillow":1,"Matryoshka":2,"NeowsBlessing":0,"Bronze Scales":3,"Juzu Bracelet":19,"Black Star":28,"Incense Burner":36,"PureWater":0,"Orichalcum":3,"MawBank":3,"Smiling Mask":7}]},"card_choices":[],"player_experience":573615,"relics_obtained":[],"event_choices":[],"is_beta":false,"boss_relics":[],"items_purged_floors":[],"is_endless":false,"potions_floor_spawned":[],"killed_by":"Slavers","ascension_level":20}}