{"host":"xgo7i0560n9mwvr8","time":1614379344,"event":{"mods":["BaseMod","Colored Map","Downfall","Minty Spire (QoL Compilation)","Permanent Neow","StSLib"],"gold_per_floor":[99,113,126,226,246,246,246,246,56,68,68,87,187,187,187,187],"floor_reached":14,"language":"ENG","playtime":1164,"items_purged":[],"score":80,"play_id":"b2609b5d-caaa-4f05-8dff-2215581d61b6","local_time":"20210226174224","is_ascension_mode":false,"campfire_choices":[{"data":"champ:Taunt","floor":1,"key":"SMITH"},{"data":"champ:FanOfKnives","floor":6,"key":"SMITH"},{"floor":11,"key":"REST"}],"circlet_count":0,"master_deck":["champ:Strike","champ:Strike","champ:Strike","champ:Strike","champ:Defend","champ:Defend","champ:Execute","champ:Taunt+1","champ:LastStand","champ:FanOfKnives+1","champ:FanOfKnives","champ:ShieldWall+1","champ:EnragedBash","champ:BerserkersShout","champ:PerfectedStrike","champ:Haymaker","champ:FanOfKnives+1","champ:Devastate","champ:IgnorePain"],"relics":["champ:ChampionCrown","Champion Belt","Bag of Marbles"],"acts_visited":["Exordium"],"potions_floor_usage":[12,13,14,14],"damage_taken":[{"damage":26,"enemies":"Jaw Worm","floor":2,"turns":4},{"damage":22,"enemies":"Cultist","floor":3,"turns":4},{"damage":58,"enemies":"Cultist","floor":4,"turns":5},{"damage":8,"enemies":"Small Slimes","floor":5,"turns":3},{"damage":20,"enemies":"downfall:FleeingMerchant","floor":9,"turns":4},{"damage":2,"enemies":"Blue Slaver","floor":10,"turns":3},{"damage":0,"enemies":"Large Slime","floor":12,"turns":2},{"damage":43,"enemies":"downfall:Heads","floor":13,"turns":3},{"damage":73,"enemies":"Lagavulin","floor":14,"turns":4}],"seed_played":"-2399822498209958228","potions_obtained":[{"floor":3,"key":"GamblersBrew"},{"floor":5,"key":"Swift Potion"},{"floor":12,"key":"LiquidMemories"},{"floor":13,"key":"champ:TechniquePotion"}],"is_trial":false,"path_per_floor":["R","M","M","?","M","R","T","?","$","M","R","M","?","E"],"character_chosen":"THE_CHAMP","items_purchased":["Bag of Marbles","champ:PerfectedStrike"],"campfire_rested":1,"item_purchase_floors":[9,9],"current_hp_per_floor":[90,84,77,39,36,36,36,36,36,34,61,61,53,0,0,0],"gold":187,"neow_bonus":"ONE_RANDOM_RARE_CARD","is_daily":false,"chose_seed":false,"campfire_upgraded":2,"win_rate":0.0,"timestamp":1614379344,"path_taken":["R","M","M","?","M","R","T","?","$","M","R","?","?","E"],"items_purchased_type":["Relic","Card"],"build_version":"2020-12-22","purchased_purges":0,"victory":false,"max_hp_per_floor":[90,90,90,90,90,90,90,90,90,90,90,90,90,90,90,90],"card_choices":[{"not_picked":["champ:EnragedBash","champ:SetATrap"],"picked":"champ:FanOfKnives","floor":2},{"not_picked":["champ:SwordSigil","champ:CrownThrow"],"picked":"champ:FanOfKnives","floor":3},{"not_picked":["champ:FalseCounter","champ:ShieldSlam"],"picked":"champ:ShieldWall","floor":4},{"not_picked":["champ:FalseCounter","champ:Duel"],"picked":"champ:EnragedBash","floor":5},{"not_picked":["champ:EnGarde","champ:DancingMaster"],"picked":"champ:BerserkersShout","floor":9},{"not_picked":["champ:BerserkerStyle","champ:RageSigil"],"picked":"champ:Haymaker","floor":10},{"not_picked":["champ:DefensiveShout","champ:IronFortress"],"picked":"champ:FanOfKnives","floor":12},{"not_picked":["champ:CrownThrow","champ:Haymaker"],"picked":"champ:IgnorePain","floor":13}],"player_experience":1089419,"relics_obtained":[{"floor":4,"key":"Champion Belt"}],"event_choices":[],"is_beta":false,"boss_relics":[],"items_purged_floors":[],"is_endless":false,"potions_floor_spawned":[3,5,12,13],"killed_by":"Lagavulin","ascension_level":0}}