{"host":"wshey5htrz8rni6u","time":1614333381,"event":{"mods":["2.2 Compatiblity","BaseMod","Block Reminder","Colored Map","Colored Powertips","Current Relic Mod","Curses Come First","Dark Map","Key Reminder","Keyboard Shortcuts","Minty Spire (QoL Compilation)","Potion Indicator Mod","Quick Restart","Random Character Button","Relic Sorter","Relic Stats","StSLib","SuperFastMode","Unceasing Turn Reminder","UnlockEverythingMod","Weighted Paths"],"gold_per_floor":[113,188,31,31,42,68,82,82,82,82,112,132,163,173,173,173,173],"floor_reached":16,"language":"ENG","playtime":456,"items_purged":[],"score":323,"play_id":"d5c19c05-88ff-4067-a7dd-3f09307c1f19","local_time":"20210226015621","is_ascension_mode":true,"campfire_choices":[{"data":"Acrobatics","floor":8,"key":"SMITH"},{"data":"Sucker Punch","floor":10,"key":"SMITH"},{"data":"Outmaneuver","floor":15,"key":"SMITH"}],"circlet_count":0,"master_deck":["AscendersBane","Strike_G","Strike_G","Strike_G","Strike_G","Strike_G","Defend_G","Defend_G","Defend_G","Defend_G","Defend_G","Survivor","Neutralize+1","Dagger Throw","Sucker Punch+1","Acrobatics+1","Dodge and Roll","PiercingWail","Predator","Corpse Explosion","Outmaneuver+1"],"relics":["Ring of the Snake","NeowsBlessing","Sling","HornCleat","Toy Ornithopter","Girya","Ginger"],"acts_visited":["Exordium"],"potions_floor_usage":[11,13,14,16],"damage_taken":[{"damage":0,"enemies":"Small Slimes","floor":1,"turns":1},{"damage":0,"enemies":"Cultist","floor":5,"turns":1},{"damage":0,"enemies":"3 Sentries","floor":6,"turns":1},{"damage":3,"enemies":"2 Louse","floor":7,"turns":2},{"damage":0,"enemies":"Gremlin Nob","floor":11,"turns":3},{"damage":0,"enemies":"2 Fungi Beasts","floor":12,"turns":5},{"damage":2,"enemies":"Lagavulin","floor":13,"turns":5},{"damage":9,"enemies":"Exordium Thugs","floor":14,"turns":4},{"damage":64,"enemies":"Slime Boss","floor":16,"turns":10}],"seed_played":"3085465670541628808","potions_obtained":[{"floor":1,"key":"CunningPotion"},{"floor":5,"key":"SkillPotion"},{"floor":6,"key":"EntropicBrew"},{"floor":11,"key":"DistilledChaos"},{"floor":14,"key":"CultistPotion"}],"is_trial":false,"path_per_floor":["M","?","$","?","M","E","M","R","T","R","E","M","E","M","R","B"],"character_chosen":"THE_SILENT","items_purchased":["Sling"],"campfire_rested":0,"item_purchase_floors":[3],"current_hp_per_floor":[59,48,48,48,48,48,45,45,45,45,50,50,53,49,49,0,0],"gold":173,"neow_bonus":"THREE_ENEMY_KILL","is_daily":false,"chose_seed":false,"campfire_upgraded":3,"win_rate":0.0,"timestamp":1614333381,"path_taken":["M","?","$","?","M","E","?","R","T","R","E","M","E","M","R","BOSS"],"items_purchased_type":["Relic"],"build_version":"2020-12-13","purchased_purges":0,"victory":false,"max_hp_per_floor":[66,66,66,66,66,66,66,66,66,66,66,66,66,66,66,66,66],"relic_stats":{"counters":[9,32],"Ginger":[3],"obtain_stats":[{"Girya":11,"HornCleat":6,"NeowsBlessing":0,"Ginger":13,"Sling":3,"Toy Ornithopter":9,"Ring of the Snake":0},{"Girya":5,"HornCleat":3,"NeowsBlessing":0,"Ginger":7,"Sling":1,"Toy Ornithopter":4,"Ring of the Snake":0},{"Girya":8,"HornCleat":3,"NeowsBlessing":0,"Ginger":18,"Sling":1,"Toy Ornithopter":5,"Ring of the Snake":0}],"Toy Ornithopter":20,"Ring of the Snake":[18]},"card_choices":[{"not_picked":["Calculated Gamble","Sucker Punch"],"picked":"Dagger Throw","floor":1},{"not_picked":["Backstab","Dodge and Roll"],"picked":"Sucker Punch","floor":5},{"not_picked":["Bane","Outmaneuver"],"picked":"Acrobatics","floor":6},{"not_picked":["All Out Attack","Tactician"],"picked":"Dodge and Roll","floor":7},{"not_picked":["Noxious Fumes","Cloak And Dagger"],"picked":"PiercingWail","floor":11},{"not_picked":["Backstab","Dodge and Roll"],"picked":"Predator","floor":12},{"not_picked":["Slice","Choke"],"picked":"Corpse Explosion","floor":13},{"not_picked":["Quick Slash","Slice"],"picked":"Outmaneuver","floor":14}],"player_experience":218669,"relics_obtained":[{"floor":6,"key":"HornCleat"},{"floor":9,"key":"Toy Ornithopter"},{"floor":11,"key":"Girya"},{"floor":13,"key":"Ginger"}],"event_choices":[{"damage_healed":0,"gold_gain":75,"player_choice":"Gather Gold","damage_taken":11,"max_hp_gain":0,"max_hp_loss":0,"event_name":"World of Goop","floor":2,"gold_loss":0},{"damage_healed":0,"gold_gain":0,"player_choice":"Upgraded","damage_taken":0,"max_hp_gain":0,"max_hp_loss":0,"event_name":"Upgrade Shrine","floor":4,"gold_loss":0,"cards_upgraded":["Neutralize"]}],"is_beta":false,"boss_relics":[],"items_purged_floors":[],"is_endless":false,"potions_floor_spawned":[1,5,6,11,14],"killed_by":"Slime Boss","ascension_level":18}}