{"host":"p9xedk00duaz8l9n","time":1614331840,"event":{"mods":["BaseMod","Colored Map","DeckTracker","Highlight Path","Minty Spire (QoL Compilation)","Relic Stats","SuperFastMode"],"gold_per_floor":[118,136,136,136,211,211,223,233,282,312,312,44,44,44],"floor_reached":13,"language":"JPN","playtime":511,"items_purged":["Regret"],"score":166,"play_id":"122f6cfe-bace-4052-83e8-080d1c011737","local_time":"20210226183040","is_ascension_mode":true,"campfire_choices":[{"data":"Bash","floor":6,"key":"SMITH"}],"circlet_count":0,"master_deck":["AscendersBane","Strike_R","Strike_R","Strike_R","Strike_R","Defend_R+1","Defend_R","Defend_R","Defend_R+1","Bash+1","Clothesline","Anger","Rage","Twin Strike","Seeing Red","Wild Strike","Mayhem"],"relics":["Burning Blood","War Paint","Regal Pillow","InkBottle","Centennial Puzzle","Orichalcum"],"acts_visited":["Exordium"],"potions_floor_usage":[10,13],"damage_taken":[{"damage":0,"enemies":"2 Louse","floor":1,"turns":3},{"damage":7,"enemies":"Jaw Worm","floor":2,"turns":5},{"damage":9,"enemies":"Small Slimes","floor":7,"turns":3},{"damage":11,"enemies":"Exordium Wildlife","floor":8,"turns":4},{"damage":30,"enemies":"Lagavulin","floor":10,"turns":6},{"damage":19,"enemies":"3 Sentries","floor":13,"turns":6}],"seed_played":"-5623620763964839228","potions_obtained":[{"floor":8,"key":"DistilledChaos"},{"floor":10,"key":"Energy Potion"}],"is_trial":false,"path_per_floor":["M","M","?","?","?","R","M","M","T","E","?","$","E"],"character_chosen":"IRONCLAD","items_purchased":["Mayhem"],"campfire_rested":0,"item_purchase_floors":[12],"current_hp_per_floor":[74,73,73,62,51,51,48,43,43,19,19,19,0,0],"gold":44,"neow_bonus":"RANDOM_COMMON_RELIC","is_daily":false,"chose_seed":false,"campfire_upgraded":1,"win_rate":0.0,"timestamp":1614331840,"path_taken":["M","M","?","?","?","R","?","M","T","E","?","?","E"],"items_purchased_type":["Card"],"build_version":"2020-12-22","purchased_purges":1,"victory":false,"max_hp_per_floor":[75,75,75,75,75,75,75,75,75,75,75,75,75,75],"relic_stats":{"Regal Pillow":0,"Centennial Puzzle":[6],"counters":[6,27],"War Paint":["Defend_R","Defend_R"],"Orichalcum":[12],"obtain_stats":[{"Regal Pillow":3,"Centennial Puzzle":9,"War Paint":0,"Orichalcum":10,"Burning Blood":0,"InkBottle":4},{"Regal Pillow":2,"Centennial Puzzle":4,"War Paint":0,"Orichalcum":5,"Burning Blood":0,"InkBottle":2},{"Regal Pillow":8,"Centennial Puzzle":15,"War Paint":0,"Orichalcum":21,"Burning Blood":0,"InkBottle":8}],"Burning Blood":30,"InkBottle":[5]},"card_choices":[{"not_picked":["Cleave","True Grit"],"picked":"Clothesline","floor":1},{"not_picked":["Sword Boomerang","Wild Strike"],"picked":"Anger","floor":2},{"not_picked":["Dark Embrace","Pommel Strike"],"picked":"Rage","floor":7},{"not_picked":["Headbutt","Cleave"],"picked":"Twin Strike","floor":8},{"not_picked":["Clothesline","Sword Boomerang"],"picked":"Seeing Red","floor":10}],"player_experience":873624,"relics_obtained":[{"floor":9,"key":"Centennial Puzzle"},{"floor":10,"key":"Orichalcum"}],"event_choices":[{"damage_healed":0,"gold_gain":0,"player_choice":"Box","damage_taken":0,"relics_obtained":["Regal Pillow"],"max_hp_gain":0,"max_hp_loss":0,"event_name":"Big Fish","floor":3,"gold_loss":0,"cards_obtained":["Regret"]},{"damage_healed":0,"gold_gain":0,"player_choice":"Success","damage_taken":11,"relics_obtained":["InkBottle"],"max_hp_gain":0,"max_hp_loss":0,"event_name":"Scrap Ooze","floor":4,"gold_loss":0},{"damage_healed":0,"gold_gain":75,"player_choice":"Gather Gold","damage_taken":11,"max_hp_gain":0,"max_hp_loss":0,"event_name":"World of Goop","floor":5,"gold_loss":0},{"damage_healed":0,"gold_gain":0,"cards_transformed":["Strike_R"],"player_choice":"Transformed","damage_taken":0,"max_hp_gain":0,"max_hp_loss":0,"event_name":"Transmorgrifier","floor":11,"gold_loss":0,"cards_obtained":["Wild Strike"]}],"is_beta":false,"boss_relics":[],"items_purged_floors":[12],"is_endless":false,"potions_floor_spawned":[8,10],"killed_by":"3 Sentries","ascension_level":20}}