{"host":"d9tpyi6mde8z2n96","time":1614349720,"event":{"mods":["100% Spire Juice","2.2 Compatiblity","A Penny For Your Troubles","AchievementEnabler","Act Like it!","AlwaysNeverKeys","Aspiration","BaseMod","Beaked The Cultist","Better Altar","Better Note","Bossed Relics","CapriCore","Challenge The Spire","Colored Map","Colored Powertips","Conspire","Dark Map","Defuse TimeMaze Blight","Dota2Spire","Elementarium","Energized Spire","Fox Events","Friendly Minions","Gensokyo","GifTheSpireLib","Gold Saver","Halation","Hermit","HololiveMod","Hubris","Hyrulean Relics","Infinite Spire","Jess\u0027s Bottle","Jorbs\u0027s Wanderer Trilogy","Library of Ruina","Library of Ruina Extra","Marisa????????","Melee Mod","Minty Spire (QoL Compilation)","MostiFishMod","Pale of the Ancients","Permanent Neow","Potionbrewer","Quick Restart","Railgun Mod","Reimu??????","Reliquary","Replay The Spire","Robot Space Explorer","Ruina","RumiaBox-????????","Shop Mod","Spikes Relics","StS++","StSLib","SuperFastMode","TestMod","The Alterego","The Animator","The Blue Laboratory","The Cursed","The Death Knight","The Fake Hero","The Marked","The Servant 0.9.4","The Spell Scribe","Trackpad","Transform Curses","Uncapped","Virulent Crown","Waifu the Spire","Wandering Minibosses","WarShipGirlsR/????R mod","Wide Potions","Yakumo Yukari mod"],"gold_per_floor":[3237,3237,3253,3253,3314,3314,3215,3248,3248,3278,3389,3389,3439,3452,3452,3555,3555,3575,3591,3641,3691,3741,3741,3772,4532,4532,4546,4572,4572,4598,4662,4662,4766,4766,4784,4834,4847,4897,4947,4979,4905,4940,4940,4957,4968,5000,5050,5064,5064,5065,5065,5065,5065,5065,5427,5875],"floor_reached":57,"language":"ENG","playtime":1739,"items_purged":[],"score":1809,"play_id":"4b491345-5ee1-442d-80c5-990718648989","local_time":"20210226092840","is_ascension_mode":true,"campfire_choices":[{"data":"meleeMod_BackAir","floor":6,"key":"SMITH"},{"data":"meleeMod_ForwardTilt","floor":12,"key":"SMITH"},{"data":"meleeMod_Gentleman","floor":15,"key":"SMITH"},{"data":"meleeMod_NeutralAir","floor":23,"key":"SMITH"},{"data":"meleeMod_BackAir","floor":32,"key":"SMITH"},{"data":"meleeMod_RaptorBoost","floor":49,"key":"SMITH"},{"data":"meleeMod_RapidJabs","floor":53,"key":"SMITH"}],"circlet_count":0,"master_deck":["meleeMod_Shield","meleeMod_Shield","meleeMod_NeutralAir+1","meleeMod_BackAir+1","meleeMod_NeutralAir","meleeMod_UpAir","meleeMod_DownTilt","meleeMod_BackAir+1","meleeMod_BabActivated","meleeMod_DashDance","meleeMod_ForwardTilt+1","meleeMod_Gentleman+1","meleeMod_EdgeCancel","meleeMod_UpTilt","meleeMod_L_Cancel+1","meleeMod_RaptorBoost","meleeMod_DropZone+1","meleeMod_ShieldPoke+1","meleeMod_RaptorBoost+1","meleeMod_ShieldPoke+1","meleeMod_UpTilt+1","meleeMod_Knee","meleeMod_RaptorBoost+1","meleeMod_RapidJabs","meleeMod_RapidJabs+1","meleeMod_DownTilt+1","meleeMod_SoftKnee+1","meleeMod_RaptorBoost+1","meleeMod_ForwardTilt+1","meleeMod_BlueFalcon"],"relics":["meleeMod_TeamBeerMang0","testmod-TestBox","DaveBox","testmod-CyclicPeriapt","Civilization","SynthV:TestCard","halation:PinkSoulGem","SsserpentHead","MerchantsRug","Dota2Spire:PhaseBoots","hubris:PeanutButter","testmod-Déjàvu","potionbrewer:Torch","testmod-SaigiyounoYou","SnailShell","wanderingMiniBosses:MasterThiefsPresence","Shuriken","StSpp:BoiledEgg","testmod-NegativeEmotionEnhancer","aspiration:TomeofQuesting","trackpad:StolenKidneys","SpikesRelics:ToyHorsey","HornCleat","HollowDreamFlower","testmod-CrystalShield","infinitespire:EvilPickle","Bronze Scales"],"acts_visited":["Exordium","TheCity","TheBeyond","TheEnding"],"potions_floor_usage":[33],"damage_taken":[{"damage":6,"enemies":"2 Louse","floor":1,"turns":3},{"damage":1,"enemies":"Small Slimes","floor":3,"turns":2},{"damage":0,"enemies":"Cultist","floor":5,"turns":2},{"damage":0,"enemies":"3 Sentries","floor":8,"turns":5},{"damage":0,"enemies":"Gremlin Nob","floor":11,"turns":2},{"damage":5,"enemies":"Red Slaver","floor":14,"turns":2},{"damage":10,"enemies":"Fading Forest","floor":16,"turns":11},{"damage":8,"enemies":"2 Thieves","floor":18,"turns":3},{"damage":2,"enemies":"Chosen","floor":19,"turns":2},{"damage":0,"enemies":"Gremlin Leader","floor":24,"turns":4},{"damage":22,"enemies":"Sentry and Sphere","floor":25,"turns":5},{"damage":0,"enemies":"Shelled Parasite and Fungi","floor":27,"turns":2},{"damage":6,"enemies":"Slavers","floor":28,"turns":3},{"damage":0,"enemies":"Book of Stabbing","floor":30,"turns":3},{"damage":0,"enemies":"Snake Plant","floor":31,"turns":2},{"damage":0,"enemies":"Pondfish","floor":33,"turns":3},{"damage":4,"enemies":"3 Shapes","floor":35,"turns":2},{"damage":0,"enemies":"Orb Walker","floor":37,"turns":2},{"damage":0,"enemies":"Giant Head","floor":40,"turns":3},{"damage":147,"enemies":"Nightmare","floor":42,"turns":5},{"damage":1,"enemies":"Spire Growth","floor":44,"turns":2},{"damage":0,"enemies":"Transient","floor":45,"turns":3},{"damage":0,"enemies":"Giant Head","floor":46,"turns":2},{"damage":0,"enemies":"Maw","floor":48,"turns":2},{"damage":41,"enemies":"Replay:Hell Engine","floor":50,"turns":4},{"damage":0,"enemies":"Shield and Spear","floor":55,"turns":2},{"damage":83,"enemies":"The Heart","floor":56,"turns":4}],"seed_played":"-3938037775804349911","potions_obtained":[{"floor":5,"key":"blueLaboratory:BottleOfRum"},{"floor":14,"key":"blueLaboratory:BubblePotion"},{"floor":24,"key":"Adrenaline Potion"},{"floor":33,"key":"blueLaboratory:FrostheartPotion"}],"is_trial":false,"path_per_floor":["M","?","M","?","M","R","$","E","T","?","?","R","T","M","R","B",null,"M","M","?","?","?","R","E","M","T","M","E","AVR","E","M","R","B",null,"M","?","M","?","?","E","$","NM","T","M","M","E","?","M","R","B",null,null,"R","$","E","B",null],"character_chosen":"FALCON","items_purchased":["MerchantsRug","meleeMod_RapidJabs"],"campfire_rested":0,"item_purchase_floors":[7,41],"current_hp_per_floor":[81,81,84,84,89,89,89,94,94,94,99,99,99,99,99,94,116,114,125,125,125,125,125,131,120,120,133,142,142,152,158,158,164,164,167,116,129,129,129,153,153,27,27,46,88,119,119,141,141,151,25,218,218,218,224,174],"gold":5875,"neow_bonus":"HUNDRED_GOLD","is_daily":false,"chose_seed":false,"campfire_upgraded":7,"win_rate":0.0,"timestamp":1614349720,"path_taken":["M","?","M","?","?","R","?","E","T","?","?","R","?","M","R","BOSS","M","M","?","?","?","R","E","M","T","M","E","AVR","E","?","R","BOSS","M","?","M","?","?","E","$","NM","T","M","M","E","?","M","R","BOSS","R","$","E","BOSS"],"items_purchased_type":["Relic","Card"],"build_version":"2020-12-22","purchased_purges":0,"victory":true,"max_hp_per_floor":[87,87,91,91,96,96,96,101,101,101,106,106,106,111,111,116,116,121,126,126,126,126,126,131,136,136,141,146,146,152,158,158,164,164,170,170,176,176,176,182,182,188,188,194,200,206,206,212,212,218,218,218,218,218,224,230],"card_choices":[{"not_picked":["meleeMod_NoDI","meleeMod_ShieldPoke"],"picked":"meleeMod_NeutralAir","floor":1},{"not_picked":["meleeMod_LoseStock","meleeMod_UpTilt","meleeMod_Wildfire","meleeMod_DownTilt"],"picked":"meleeMod_UpAir","floor":3},{"not_picked":["meleeMod_ShieldDrop","meleeMod_BackAir","meleeMod_RockCrock","meleeMod_Pause","meleeMod_NoDI"],"picked":"SKIP","floor":5},{"not_picked":["meleeMod_FalconKick","meleeMod_SweetSpot","meleeMod_Fishing","meleeMod_CrouchCancel"],"picked":"meleeMod_DownTilt","floor":8},{"not_picked":[],"picked":"meleeMod_BackAir","floor":10},{"not_picked":[],"picked":"meleeMod_BabActivated","floor":10},{"not_picked":[],"picked":"meleeMod_DashDance","floor":10},{"not_picked":["meleeMod_Taunt","meleeMod_UpSmash","meleeMod_SweetSpot","meleeMod_ShieldDrop"],"picked":"meleeMod_ForwardTilt","floor":11},{"not_picked":["meleeMod_BackAir","meleeMod_DropZone","meleeMod_TeamAttackOn","meleeMod_SweetSpot"],"picked":"meleeMod_Gentleman","floor":14},{"not_picked":["meleeMod_VCancel","meleeMod_SDRemix","meleeMod_WeTechThose","meleeMod_Roll"],"picked":"meleeMod_EdgeCancel","floor":16},{"not_picked":["meleeMod_Cautious","meleeMod_UpSmash","meleeMod_Randall","meleeMod_WallJump"],"picked":"meleeMod_UpTilt","floor":18},{"not_picked":["meleeMod_FalconKick","meleeMod_BackAir","meleeMod_WaveLand","meleeMod_HomieStock"],"picked":"meleeMod_L_Cancel+1","floor":19},{"not_picked":["meleeMod_Gentleman","meleeMod_Taunt+1","meleeMod_VCancel","meleeMod_BabActivated","meleeMod_FalconKick"],"picked":"SKIP","floor":24},{"not_picked":["meleeMod_WaveDash","meleeMod_ForwardTilt","meleeMod_FalconKick+1","meleeMod_UpAir+1"],"picked":"meleeMod_RaptorBoost","floor":25},{"not_picked":["meleeMod_FalconDive","meleeMod_L_Cancel","meleeMod_AirDodge+1","meleeMod_NeutralAir"],"picked":"meleeMod_DropZone","floor":27},{"not_picked":["meleeMod_FalconDive","meleeMod_UpTilt","meleeMod_DownAir","meleeMod_SoftKnee"],"picked":"meleeMod_ShieldPoke","floor":28},{"not_picked":["meleeMod_UpAir","meleeMod_HaxDash","meleeMod_BackAir","meleeMod_Knee"],"picked":"meleeMod_RaptorBoost","floor":30},{"not_picked":["meleeMod_UpAir","meleeMod_SoftKnee","meleeMod_UpSmash","meleeMod_NoDI+1"],"picked":"meleeMod_ShieldPoke+1","floor":31},{"not_picked":["meleeMod_L_Cancel+1","meleeMod_ForwardTilt+1","meleeMod_DownTilt+1","meleeMod_UpSmash+1"],"picked":"meleeMod_UpTilt+1","floor":35},{"not_picked":["meleeMod_HaxDash","meleeMod_ShieldPoke+1","meleeMod_BabActivated+1","meleeMod_FalconDive"],"picked":"meleeMod_Knee","floor":37},{"not_picked":["meleeMod_FalconKick","meleeMod_DownSmash","meleeMod_ForwardTilt","meleeMod_Knee+1"],"picked":"meleeMod_RaptorBoost","floor":40},{"not_picked":["meleeMod_CommandGrab+1","meleeMod_DownAir","meleeMod_BackAir","meleeMod_AirDodge+1"],"picked":"meleeMod_RapidJabs","floor":42},{"not_picked":["meleeMod_UpAir","meleeMod_FalconKick+1","meleeMod_DownSmash+1","meleeMod_CommandGrab+1"],"picked":"meleeMod_DownTilt+1","floor":44},{"not_picked":["meleeMod_Wildfire","meleeMod_SweetSpot+1","meleeMod_FalconDive","meleeMod_DownSmash"],"picked":"meleeMod_SoftKnee+1","floor":45},{"not_picked":["meleeMod_FalconKick","meleeMod_ShieldDrop+1","meleeMod_DashDance+1","meleeMod_WaveLand+1"],"picked":"meleeMod_RaptorBoost+1","floor":46},{"not_picked":["meleeMod_WallJump","meleeMod_RaptorBoost+1","meleeMod_IKilledMufasa","meleeMod_CommandGrab+1"],"picked":"meleeMod_ForwardTilt+1","floor":48},{"not_picked":["meleeMod_BMoveSpecialist+1","meleeMod_SuperSpicyCurry+1","meleeMod_Roll","meleeMod_GetUpAttack","meleeMod_Taunt"],"picked":"SKIP","floor":55},{"not_picked":["meleeMod_MindReader","meleeMod_PhantomHit","meleeMod_VCancel","meleeMod_UCF"],"picked":"meleeMod_BlueFalcon","floor":56}],"player_experience":1141108,"relics_obtained":[{"floor":1,"key":"SynthV:TestCard"},{"floor":8,"key":"Dota2Spire:PhaseBoots"},{"floor":9,"key":"hubris:PeanutButter"},{"floor":13,"key":"potionbrewer:Torch"},{"floor":24,"key":"SnailShell"},{"floor":25,"key":"wanderingMiniBosses:MasterThiefsPresence"},{"floor":26,"key":"Shuriken"},{"floor":28,"key":"StSpp:BoiledEgg"},{"floor":30,"key":"aspiration:TomeofQuesting"},{"floor":40,"key":"SpikesRelics:ToyHorsey"},{"floor":42,"key":"HornCleat"},{"floor":43,"key":"HollowDreamFlower"},{"floor":46,"key":"testmod-CrystalShield"},{"floor":55,"key":"Bronze Scales"}],"event_choices":[{"damage_healed":0,"gold_gain":0,"player_choice":"Trade","damage_taken":0,"relics_obtained":["SsserpentHead"],"max_hp_gain":0,"max_hp_loss":0,"event_name":"FaceTrader","floor":4,"gold_loss":0},{"damage_healed":0,"gold_gain":0,"player_choice":"Searched \u00273\u0027 times","damage_taken":0,"relics_obtained":["testmod-Déjàvu"],"max_hp_gain":0,"max_hp_loss":0,"event_name":"Dead Adventurer","floor":11,"gold_loss":0},{"cards_removed":["meleeMod_Shield"],"damage_healed":0,"gold_gain":0,"player_choice":"Elegance","damage_taken":0,"max_hp_gain":0,"max_hp_loss":0,"event_name":"Back to Basics","floor":21,"gold_loss":0},{"damage_healed":0,"gold_gain":0,"player_choice":"Leave","damage_taken":0,"max_hp_gain":0,"max_hp_loss":0,"event_name":"conspire:Investor","floor":39,"gold_loss":0},{"cards_removed":["meleeMod_Shield"],"damage_healed":0,"gold_gain":0,"player_choice":"Purged","damage_taken":0,"max_hp_gain":0,"max_hp_loss":0,"event_name":"Purifier","floor":47,"gold_loss":0}],"is_beta":false,"boss_relics":[{"not_picked":["hubris:RunicObelisk","aspiration:SecretTechniqueScroll"],"picked":"testmod-SaigiyounoYou"},{"not_picked":["energizedSpire:DeadBattery","Replay:Bronze Core"],"picked":"trackpad:StolenKidneys"}],"items_purged_floors":[],"is_endless":true,"potions_floor_spawned":[3,5,14,24,31,33,40,42,45,46],"ascension_level":1}}