{"host":"rjfefv2ruvigm2gb","time":1614323741,"event":{"mods":["Act Like it!","AlwaysNeverKeys","BaseMod","Better Note","Better Third Choice","BetterRewards","Block Reminder","Bossed Relics","Colored Map","Colored Powertips","Curses Come First","Displayed Cursed Tome","Downfall","Fox Events","GifTheSpireLib","Gold Saver","Googly Eyes","Highlight Path","Library of Ruina","Library of Ruina Extra","Minty Spire (QoL Compilation)","Permanent Neow","Poor People Problems","Quick Restart","Relic Stats","Reliquary","Shop Mod","Small Relic Pack","Spire Arcade","StS++","StSLib","Stuff the Spire","SuperFastMode","Transform Curses","Uncapped","Virulent Crown"],"gold_per_floor":[1087,1102,1120,1139,807,822,876,891,925,925,925,218,237,237,255,326,326,326,345,362,362,362,397,397,424,424,454,110,110,110,143,159,234,234,234,252,263,279,279,305,305,154,165,165,165,183,183,183,195,195,195,195,225,225,225,225,225],"floor_reached":58,"language":"ENG","playtime":2695,"items_purged":["downfall:Aged","bronze:Strike","bronze:Strike"],"score":2189,"play_id":"501a3b10-e14c-4930-8ad2-828ce8d5f070","local_time":"20210226011541","is_ascension_mode":true,"campfire_choices":[{"data":"bronze:Goto","floor":1.0,"key":"SMITH"},{"floor":10.0,"key":"REST"},{"data":"bronze:BugBarrage","floor":18.0,"key":"SMITH"},{"data":"StuffTheSpire:BrainWave","floor":26.0,"key":"SMITH"},{"data":"bronze:ItsAFeature","floor":29.0,"key":"SMITH"},{"data":"bronze:BurnOut","floor":35.0,"key":"SMITH"},{"floor":45.0,"key":"REST"},{"floor":47.0,"key":"REST"},{"data":"bronze:BuggyMess","floor":55,"key":"SMITH"}],"circlet_count":0,"master_deck":["AscendersBane","bronze:Strike","bronze:Defend","bronze:Defend","bronze:Defend","bronze:Replicate","bronze:Goto+1","bronze:Separator","bronze:BugBarrage+1","bronze:ChildClass","bronze:BugBarrage+1","bronze:ChildClass","bronze:MaxOutput+1","bronze:RecursiveStrike","bronze:WildBeam","bronze:BuggyMess+1","bronze:DazingPulse","bronze:CutThrough","bronze:BurnOut+1","bronze:BuggyMess+1","bronze:Turbo+1","StuffTheSpire:BrainWave+1","bronze:Turbo+1","bronze:Shield+1","bronze:ItsAFeature+1","bronze:Iterate","bronze:Break","bronze:Repulsor+1","bronze:BuggyMess+1","bronze:Shield+1","bronze:ItsAFeature+1","bronze:FollowUp+1"],"relics":["bronze:BronzeCore","Bird Faced Urn","downfall:HeartBlessingRed","downfall:HeartBlessingGreen","downfall:HeartBlessingBlue","PageOfSingingMachine","Pen Nib","relicPack:SpireResearchBook","Toxic Egg 2","Sozu","reliquary:RosewoodLute","MealTicket","Bag of Marbles","Boot","reliquary:Bookmark","Shuriken","Anchor","reliquary:Craggleroot","Red Mask","downfall:RedIOUUpgrade","PageOfNosferatu","StSpp:SailingBoat","Bag of Preparation","reliquary:Aerogel"],"acts_visited":["Exordium","TheCity","TheBeyond","TheEnding"],"potions_floor_usage":[50],"damage_taken":[{"damage":4.0,"enemies":"Cultist","floor":2.0,"turns":4.0},{"damage":8.0,"enemies":"Small Slimes","floor":3.0,"turns":4.0},{"damage":6.0,"enemies":"Jaw Worm","floor":4.0,"turns":2.0},{"damage":0.0,"enemies":"downfall:FleeingMerchant","floor":5.0,"turns":4.0},{"damage":5.0,"enemies":"2 Fungi Beasts","floor":6.0,"turns":3.0},{"damage":7.0,"enemies":"Blue Slaver","floor":8.0,"turns":2.0},{"damage":8.0,"enemies":"3 Sentries","floor":9.0,"turns":4.0},{"damage":1.0,"enemies":"downfall:FleeingMerchant","floor":12.0,"turns":4.0},{"damage":2.0,"enemies":"Exordium Wildlife","floor":13.0,"turns":3.0},{"damage":0.0,"enemies":"Exordium Wildlife","floor":14.0,"turns":2.0},{"damage":0.0,"enemies":"2 Fungi Beasts","floor":15.0,"turns":2.0},{"damage":11.0,"enemies":"WA_ARCHETYPE_RETAIN","floor":16.0,"turns":3.0},{"damage":0.0,"enemies":"3 Byrds","floor":19.0,"turns":3.0},{"damage":0.0,"enemies":"Shell Parasite","floor":20.0,"turns":1.0},{"damage":0.0,"enemies":"Book of Stabbing","floor":23.0,"turns":2.0},{"damage":20.0,"enemies":"Gremlin Leader","floor":25.0,"turns":5.0},{"damage":0.0,"enemies":"Slavers","floor":27.0,"turns":2.0},{"damage":0.0,"enemies":"downfall:FleeingMerchant","floor":28.0,"turns":1.0},{"damage":0.0,"enemies":"Gremlin Leader","floor":31.0,"turns":1.0},{"damage":0.0,"enemies":"Snecko","floor":32.0,"turns":2.0},{"damage":17.0,"enemies":"DF_ARCHETYPE_CLAW","floor":33.0,"turns":4.0},{"damage":0.0,"enemies":"Orb Walker","floor":36.0,"turns":1.0},{"damage":0.0,"enemies":"3 Darklings","floor":37.0,"turns":2.0},{"damage":35.0,"enemies":"Sphere and 2 Shapes","floor":38.0,"turns":3.0},{"damage":0.0,"enemies":"Giant Head","floor":40.0,"turns":4.0},{"damage":0.0,"enemies":"Maw","floor":43.0,"turns":3.0},{"damage":0.0,"enemies":"4 Shapes","floor":46.0,"turns":2.0},{"damage":0.0,"enemies":"Spire Growth","floor":49.0,"turns":2.0},{"damage":20,"enemies":"IC_BLOCK_ARCHETYPE","floor":50,"turns":6},{"damage":0,"enemies":"downfall:CharBossMerchant","floor":53,"turns":3},{"damage":0,"enemies":"downfall:NeowBoss","floor":56,"turns":5},{"damage":17,"enemies":"downfall:NeowBossFinal","floor":57,"turns":4}],"seed_played":"-2663685742950971797","potions_obtained":[{"floor":3.0,"key":"Fire Potion"},{"floor":4.0,"key":"SkillPotion"},{"floor":8.0,"key":"LiquidBronze"},{"floor":9.0,"key":"Fire Potion"},{"floor":14.0,"key":"DistilledChaos"}],"is_trial":false,"path_per_floor":["R","M","M","M","$","M","T","M","E","R","?","$","M","?","M","B",null,"R","M","M","?","?","E","T","E","R","E","$","R","?","E","M","B",null,"R","M","M","M","?","E","T","$","M","?","R","M","R","?","M","B",null,null,"E","$","R","B","B",null],"character_chosen":"THE_AUTOMATON","items_purchased":["bronze:BugBarrage","bronze:ChildClass","Akabeko","Pen Nib","bronze:BuggyMess","relicPack:SpireResearchBook","Toxic Egg 2","bronze:ItsAFeature","reliquary:Bookmark","bronze:BronzeOrb","Shuriken","Bag of Preparation"],"campfire_rested":3,"item_purchase_floors":[5,5,5,12,12,12,12,28,28,28,28,42],"current_hp_per_floor":[67,63,55,49,49,44,44,37,31,52,52,53,53,53,55,46,66,66,68,70,70,70,72,72,54,54,56,73,73,73,73,73,56,69,69,73,73,38,38,8,8,23,25,35,67,75,107,107,108,88,80,101,108,108,108,108,95],"gold":225,"neow_bonus":"ONE_RARE_RELIC","is_daily":false,"chose_seed":false,"campfire_upgraded":6,"win_rate":0.0,"timestamp":1614323741,"path_taken":["R","M","?","M","$","M","T","M","E","R","?","$","M","?","M","BOSS","R","M","M","?","?","E","T","E","R","E","?","R","?","E","M","BOSS","R","M","M","M","?","E","T","$","M","?","R","M","R","?","M","BOSS","E","$","R","BOSS","BOSS"],"items_purchased_type":["Card","Card","Relic","Relic","Card","Relic","Relic","Card","Relic","Card","Relic","Relic"],"build_version":"2020-12-22","purchased_purges":3,"victory":true,"max_hp_per_floor":[73,73,73,73,73,73,73,73,73,73,73,73,73,73,73,73,73,73,73,73,73,73,73,73,73,73,73,73,73,73,73,73,73,73,73,73,73,73,73,108,108,108,108,108,108,108,108,108,108,108,108,108,108,108,108,108,108],"relic_stats":{"Sozu":8,"counters":[33,97],"Shuriken":[40],"Bird Faced Urn":[60],"MealTicket":30,"Pen Nib":[25],"Bag of Preparation":[16],"Boot":[6],"obtain_stats":[{"downfall:RedIOUUpgrade":39,"PageOfNosferatu":40,"bronze:BronzeCore":0,"reliquary:Aerogel":53,"downfall:HeartBlessingGreen":1,"Bag of Preparation":42,"PageOfSingingMachine":7,"Boot":27,"relicPack:SpireResearchBook":12,"Sozu":17,"downfall:HeartBlessingBlue":1,"reliquary:Buckler":9,"MealTicket":24,"downfall:RedIOU":22,"Red Mask":39,"Toxic Egg 2":12,"downfall:HeartBlessingRed":1,"Pen Nib":12,"StSpp:SailingBoat":41,"reliquary:RosewoodLute":23,"Akabeko":5,"reliquary:Bookmark":28,"Anchor":31,"Shuriken":28,"Bird Faced Urn":0,"reliquary:Craggleroot":34,"Bag of Marbles":25},{"downfall:RedIOUUpgrade":24,"PageOfNosferatu":25,"bronze:BronzeCore":0,"reliquary:Aerogel":31,"downfall:HeartBlessingGreen":0,"Bag of Preparation":25,"PageOfSingingMachine":5,"Boot":17,"relicPack:SpireResearchBook":8,"Sozu":12,"downfall:HeartBlessingBlue":0,"reliquary:Buckler":7,"MealTicket":15,"downfall:RedIOU":14,"Red Mask":24,"Toxic Egg 2":8,"downfall:HeartBlessingRed":0,"Pen Nib":8,"StSpp:SailingBoat":25,"reliquary:RosewoodLute":15,"Akabeko":4,"reliquary:Bookmark":18,"Anchor":19,"Shuriken":18,"Bird Faced Urn":0,"reliquary:Craggleroot":21,"Bag of Marbles":16},{"downfall:RedIOUUpgrade":64,"PageOfNosferatu":68,"bronze:BronzeCore":0,"reliquary:Aerogel":88,"downfall:HeartBlessingGreen":0,"Bag of Preparation":68,"PageOfSingingMachine":17,"Boot":50,"relicPack:SpireResearchBook":27,"Sozu":37,"downfall:HeartBlessingBlue":0,"reliquary:Buckler":23,"MealTicket":43,"downfall:RedIOU":41,"Red Mask":64,"Toxic Egg 2":27,"downfall:HeartBlessingRed":0,"Pen Nib":27,"StSpp:SailingBoat":68,"reliquary:RosewoodLute":43,"Akabeko":14,"reliquary:Bookmark":51,"Anchor":52,"Shuriken":51,"Bird Faced Urn":0,"reliquary:Craggleroot":58,"Bag of Marbles":48}]},"card_choices":[{"not_picked":["bronze:DarkDash","bronze:Return","bronze:Backtrace"],"picked":"SKIP","floor":2.0},{"not_picked":["bronze:ClassDefault","bronze:Turbo"],"picked":"bronze:Separator","floor":3.0},{"not_picked":["bronze:Iterate","bronze:Frontload"],"picked":"bronze:BugBarrage","floor":4.0},{"not_picked":["bronze:Shield","bronze:FineTuning"],"picked":"bronze:ChildClass","floor":5.0},{"not_picked":["bronze:ClassDefault","bronze:Iterate","bronze:ShipIt"],"picked":"SKIP","floor":6.0},{"not_picked":["bronze:DelayedGuard","bronze:FineTuning"],"picked":"bronze:MaxOutput","floor":8.0},{"not_picked":["bronze:Iterate","bronze:Safeguard","bronze:Deprecate"],"picked":"SKIP","floor":9.0},{"not_picked":["bronze:Repulsor","bronze:DelayedGuard"],"picked":"bronze:WildBeam","floor":12.0},{"not_picked":["bronze:Assembly+1","bronze:Deprecate+1","bronze:GetLatest+1"],"picked":"SKIP","floor":13.0},{"not_picked":[],"picked":"bronze:DazingPulse","floor":14.0},{"not_picked":["bronze:Optimize","bronze:BitShift+1"],"picked":"bronze:CutThrough","floor":14.0},{"not_picked":["bronze:Deprecate+1","bronze:Repulsor","bronze:Terminator+1"],"picked":"SKIP","floor":15.0},{"not_picked":["bronze:Verify","bronze:Mutator"],"picked":"bronze:BurnOut","floor":16.0},{"not_picked":["bronze:Frontload+1","bronze:NullPointer"],"picked":"bronze:BuggyMess+1","floor":19.0},{"not_picked":["bronze:Constructor+1","bronze:Deprecate+1"],"picked":"bronze:Turbo+1","floor":20.0},{"not_picked":["StuffTheSpire:Vigor","StuffTheSpire:Brawn"],"picked":"StuffTheSpire:BrainWave","floor":21.0},{"not_picked":["bronze:SpaghettiCode+1","bronze:Flail","bronze:Invalidate+1"],"picked":"SKIP","floor":23.0},{"not_picked":["bronze:DelayedSlice","bronze:Frontload+1","bronze:Repair+1"],"picked":"SKIP","floor":25.0},{"not_picked":["bronze:Flail","bronze:OilSpill"],"picked":"bronze:Turbo+1","floor":27.0},{"not_picked":["bronze:Overheat","bronze:InfiniteBeams"],"picked":"bronze:Shield+1","floor":28.0},{"not_picked":["bronze:CutThrough","bronze:Invalidate+1","bronze:Branch"],"picked":"SKIP","floor":31.0},{"not_picked":["bronze:Overheat","bronze:Backtrace"],"picked":"bronze:Iterate","floor":32.0},{"not_picked":["bronze:Library","bronze:Mutator"],"picked":"bronze:Break","floor":33.0},{"not_picked":["bronze:WildBeam","bronze:OilSpill"],"picked":"bronze:Repulsor+1","floor":36.0},{"not_picked":["bronze:DelayedSlice+1","bronze:Repulsor+1"],"picked":"bronze:BuggyMess+1","floor":37.0},{"not_picked":["bronze:Allocate+1","bronze:TinkerersToolbox+1"],"picked":"bronze:Shield+1","floor":38.0},{"not_picked":["bronze:Optimize+1","bronze:DarkDash","bronze:Fortify"],"picked":"SKIP","floor":40.0},{"not_picked":["bronze:WildBeam","bronze:Frontload+1"],"picked":"bronze:ItsAFeature+1","floor":43.0},{"not_picked":["bronze:Iterate","bronze:WildBeam+1"],"picked":"bronze:FollowUp+1","floor":46.0},{"not_picked":["bronze:Overheat","bronze:OilSpill","bronze:Constructor+1"],"picked":"SKIP","floor":49.0},{"not_picked":["bronze:OilSpill","bronze:Constructor+1","bronze:CloningBeam+1"],"picked":"SKIP","floor":53}],"player_experience":1174509,"relics_obtained":[{"floor":7.0,"key":"PageOfSingingMachine"},{"floor":9.0,"key":"reliquary:Buckler"},{"floor":23.0,"key":"reliquary:RosewoodLute"},{"floor":24.0,"key":"MealTicket"},{"floor":25.0,"key":"Bag of Marbles"},{"floor":27.0,"key":"Boot"},{"floor":31.0,"key":"Anchor"},{"floor":40.0,"key":"PageOfNosferatu"},{"floor":41.0,"key":"StSpp:SailingBoat"},{"floor":53,"key":"reliquary:Aerogel"}],"event_choices":[],"is_beta":false,"boss_relics":[{"not_picked":["expansioncontent:StudyCardRelic","relicPack:KazumaCape"],"picked":"Sozu"},{"not_picked":["bronze:ElectromagneticCoil","Black Star"],"picked":"reliquary:Craggleroot"}],"items_purged_floors":[5,12,28],"is_endless":false,"potions_floor_spawned":[3,4,8,9,14,15,16,19,20,27,32,33,37,43,49,53],"ascension_level":14}}