{"host":"nlkzb915iheahf5o","time":1614307777,"event":{"mods":["AchievementEnabler","BaseMod","Minty Spire (QoL Compilation)","StSLib"],"gold_per_floor":[113,125,136,136,136,136,165,165,165,177,102,102,121,121,121,218,218,206,206,206,217,234,234,81,81,81,81,81,81,109,127,127,224,224,241,254,273,16,16,16],"floor_reached":39,"language":"ENG","playtime":2957,"items_purged":["Defend_G","Parasite"],"score":399,"play_id":"3fb19e59-3c6e-4e43-b9ab-ae3f105784e7","local_time":"20210225204937","is_ascension_mode":false,"campfire_choices":[{"data":"Neutralize","floor":6,"key":"SMITH"},{"data":"Dodge and Roll","floor":8,"key":"SMITH"},{"floor":15,"key":"DIG"},{"floor":23,"key":"REST"},{"floor":27,"key":"REST"},{"floor":29,"key":"REST"},{"floor":32,"key":"REST"}],"circlet_count":0,"master_deck":["Strike_G","Strike_G","Strike_G","Strike_G","Strike_G","Defend_G","Defend_G","Defend_G","Defend_G","Survivor","Neutralize+1","Dodge and Roll+1","Noxious Fumes+1","Backstab","Bane","A Thousand Cuts","Bouncing Flask","Leg Sweep+1","Footwork+1","Blade Dance","Envenom","Dagger Spray+1","Distraction+1","Flechettes+1"],"relics":["Ring of the Snake","Tiny Chest","Darkstone Periapt","Shovel","Centennial Puzzle","SacredBark","HornCleat","HandDrill","Mummified Hand","Incense Burner","Prayer Wheel","HoveringKite","Bag of Marbles"],"acts_visited":["Exordium","TheCity","TheBeyond"],"potions_floor_usage":[16,16,30,33,33,36],"damage_taken":[{"damage":1,"enemies":"Jaw Worm","floor":1,"turns":5},{"damage":2,"enemies":"Small Slimes","floor":2,"turns":5},{"damage":3,"enemies":"Cultist","floor":3,"turns":5},{"damage":8,"enemies":"Lagavulin","floor":7,"turns":8},{"damage":5,"enemies":"Lots of Slimes","floor":10,"turns":5},{"damage":0,"enemies":"2 Fungi Beasts","floor":13,"turns":3},{"damage":20,"enemies":"The Guardian","floor":16,"turns":13},{"damage":25,"enemies":"2 Thieves","floor":18,"turns":4},{"damage":17,"enemies":"Spheric Guardian","floor":21,"turns":5},{"damage":29,"enemies":"Chosen and Byrds","floor":22,"turns":6},{"damage":47,"enemies":"Slavers","floor":30,"turns":7},{"damage":4,"enemies":"Centurion and Healer","floor":31,"turns":7},{"damage":71,"enemies":"Collector","floor":33,"turns":11},{"damage":7,"enemies":"3 Shapes","floor":35,"turns":5},{"damage":26,"enemies":"3 Darklings","floor":36,"turns":4},{"damage":4,"enemies":"Maw","floor":37,"turns":7},{"damage":53,"enemies":"2 Orb Walkers","floor":39,"turns":4}],"seed_played":"4630840612478914978","potions_obtained":[{"floor":1,"key":"SteroidPotion"},{"floor":2,"key":"CunningPotion"},{"floor":13,"key":"CunningPotion"},{"floor":22,"key":"FairyPotion"},{"floor":30,"key":"FearPotion"},{"floor":31,"key":"Energy Potion"},{"floor":33,"key":"Poison Potion"},{"floor":35,"key":"CunningPotion"}],"is_trial":false,"path_per_floor":["M","M","M","?","?","R","E","R","T","M","$","T","M","?","R","B",null,"M","T","?","M","M","R","$","?","T","R","$","R","E","M","R","B",null,"M","M","M","$","?"],"character_chosen":"THE_SILENT","items_purchased":["HandDrill","Bag of Marbles"],"campfire_rested":4,"item_purchase_floors":[24,38],"current_hp_per_floor":[76,74,71,71,71,71,63,63,63,58,58,58,58,83,83,63,83,58,58,58,41,12,36,36,36,36,60,60,83,36,32,56,36,83,76,50,46,46,0,0],"gold":16,"neow_bonus":"TEN_PERCENT_HP_BONUS","is_daily":false,"chose_seed":false,"campfire_upgraded":2,"win_rate":0.0,"timestamp":1614307777,"path_taken":["M","M","M","?","?","R","E","R","T","?","$","?","M","?","R","BOSS","M","?","?","M","M","R","$","?","T","R","$","R","E","M","R","BOSS","M","M","M","$","?"],"items_purchased_type":["Relic","Relic"],"build_version":"2020-12-22","purchased_purges":2,"victory":false,"max_hp_per_floor":[77,77,77,77,77,77,77,77,77,77,77,77,77,83,83,83,83,83,83,83,83,83,83,83,83,83,83,83,83,83,83,83,83,83,83,83,83,80,80,80],"card_choices":[{"not_picked":["Escape Plan","Flechettes","Acrobatics"],"picked":"SKIP","floor":1},{"not_picked":["Deflect","PiercingWail"],"picked":"Dodge and Roll","floor":2},{"not_picked":["PiercingWail","Acrobatics"],"picked":"Noxious Fumes","floor":3},{"not_picked":["Endless Agony","Leg Sweep"],"picked":"Backstab","floor":7},{"not_picked":["Backstab","Outmaneuver"],"picked":"Bane","floor":10},{"not_picked":["Quick Slash","Bane","Acrobatics"],"picked":"SKIP","floor":13},{"not_picked":["Tools of the Trade","Doppelganger"],"picked":"A Thousand Cuts","floor":16},{"not_picked":["Deflect+1","Backflip+1","Skewer"],"picked":"SKIP","floor":18},{"not_picked":["Leg Sweep","Flechettes","Slice"],"picked":"SKIP","floor":21},{"not_picked":["Underhanded Strike","Calculated Gamble"],"picked":"Leg Sweep+1","floor":22},{"not_picked":["Deadly Poison+1","Malaise"],"picked":"Footwork+1","floor":30},{"not_picked":["Cloak And Dagger","Outmaneuver"],"picked":"Blade Dance","floor":31},{"not_picked":["Leg Sweep","Quick Slash+1","Concentrate"],"picked":"SKIP","floor":31},{"not_picked":["Adrenaline","A Thousand Cuts"],"picked":"Envenom","floor":33},{"not_picked":["Distraction","Setup"],"picked":"Dagger Spray+1","floor":35},{"not_picked":["Reflex","Setup","Underhanded Strike+1"],"picked":"SKIP","floor":35},{"not_picked":["Outmaneuver+1","Slice"],"picked":"Distraction+1","floor":36},{"not_picked":["Deflect","Dagger Throw+1","Bane"],"picked":"SKIP","floor":36},{"not_picked":["Deadly Poison","Dodge and Roll"],"picked":"Flechettes+1","floor":37},{"not_picked":["Deflect+1","Backflip","Prepared+1"],"picked":"SKIP","floor":37}],"player_experience":179853,"relics_obtained":[{"floor":7,"key":"Tiny Chest"},{"floor":9,"key":"Darkstone Periapt"},{"floor":12,"key":"Shovel"},{"floor":15,"key":"Centennial Puzzle"},{"floor":19,"key":"HornCleat"},{"floor":26,"key":"Incense Burner"},{"floor":30,"key":"Prayer Wheel"}],"event_choices":[{"damage_healed":0,"gold_gain":0,"player_choice":"Ignored","damage_taken":0,"max_hp_gain":0,"max_hp_loss":0,"event_name":"Liars Game","floor":4,"gold_loss":0},{"damage_healed":0,"gold_gain":0,"player_choice":"Upgraded","damage_taken":0,"max_hp_gain":0,"max_hp_loss":0,"event_name":"Upgrade Shrine","floor":5,"gold_loss":0,"cards_upgraded":["Noxious Fumes"]},{"damage_healed":19,"gold_gain":0,"player_choice":"Healed and dodged fight","damage_taken":0,"max_hp_gain":0,"max_hp_loss":0,"event_name":"Mushrooms","floor":14,"gold_loss":0,"cards_obtained":["Parasite"]},{"damage_healed":0,"gold_gain":0,"player_choice":"Read","damage_taken":0,"max_hp_gain":0,"max_hp_loss":0,"event_name":"The Library","floor":20,"gold_loss":0,"cards_obtained":["Bouncing Flask"]},{"damage_healed":0,"gold_gain":0,"player_choice":"Opened","damage_taken":0,"relics_obtained":["Mummified Hand"],"max_hp_gain":0,"max_hp_loss":0,"event_name":"The Mausoleum","floor":25,"gold_loss":0},{"damage_healed":0,"gold_gain":0,"player_choice":"Fight","damage_taken":0,"max_hp_gain":0,"max_hp_loss":0,"event_name":"Mysterious Sphere","floor":39,"gold_loss":0}],"is_beta":false,"boss_relics":[{"not_picked":["Tiny House","Runic Pyramid"],"picked":"SacredBark"},{"not_picked":["Pandora\u0027s Box","Busted Crown"],"picked":"HoveringKite"}],"items_purged_floors":[11,38],"is_endless":false,"potions_floor_spawned":[1,2,13,22,30,31,33,35],"killed_by":"2 Orb Walkers","ascension_level":0}}