{"host":"jz4ul6vrcxqkcr33","time":1614383799,"event":{"mods":["BaseMod","Minty Spire (QoL Compilation)","StSLib"],"gold_per_floor":[117,117,78,101,101,101,54,93,93,113,126,126,150,186,186,316,316,337,337,353,367,34,34,77,176,203,217,217,32,32,32,32,163,163,179,204,6,6,19,50,50,113,159,179,220,235,235,568,568,568],"floor_reached":51,"language":"ENG","playtime":2426,"items_purged":[],"score":1073,"play_id":"7349cbb3-d0e3-458c-834c-12c74b0ddd6b","local_time":"20210226185639","is_ascension_mode":true,"campfire_choices":[{"data":"Neutralize","floor":6.0,"key":"SMITH"},{"floor":12.0,"key":"REST"},{"data":"After Image","floor":15.0,"key":"SMITH"},{"data":"A Thousand Cuts","floor":23.0,"key":"SMITH"},{"floor":28.0,"key":"REST"},{"data":"Malaise","floor":30.0,"key":"SMITH"},{"data":"Burst","floor":32.0,"key":"SMITH"},{"floor":41,"key":"REST"},{"floor":47,"key":"REST"},{"floor":49,"key":"REST"}],"circlet_count":0,"master_deck":["Survivor","Neutralize+1","Slice","Accuracy","Deflect","Quick Slash","Cloak And Dagger","Backstab","After Image+1","Quick Slash","Malaise+1","Wraith Form v2","Bane","Doppelganger","Burst+1","Calculated Gamble","Reflex","Noxious Fumes","Quick Slash","Riddle With Holes","Bane","A Thousand Cuts+1","Backflip","Endless Agony","Dodge and Roll+1","Terror","Acrobatics+1","Venomology","Dash","Glass Knife","Underhanded Strike+1","Dagger Spray","PiercingWail","Footwork+1","Unload","Dagger Spray+1"],"relics":["Ring of the Snake","Gambling Chip","Ornamental Fan","HornCleat","Odd Mushroom","Pandora\u0027s Box","Letter Opener","Blue Candle","Strawberry","Membership Card","Runic Pyramid","Pen Nib","Oddly Smooth Stone","Medical Kit","Vajra","Calipers","PreservedInsect","Ice Cream"],"acts_visited":["Exordium","TheCity","TheBeyond"],"potions_floor_usage":[40,40,44,46,50,50,50],"damage_taken":[{"damage":0.0,"enemies":"Jaw Worm","floor":1.0,"turns":5.0},{"damage":0.0,"enemies":"Cultist","floor":4.0,"turns":4.0},{"damage":33.0,"enemies":"3 Sentries","floor":8.0,"turns":12.0},{"damage":2.0,"enemies":"Small Slimes","floor":10.0,"turns":3.0},{"damage":3.0,"enemies":"Exordium Wildlife","floor":11.0,"turns":6.0},{"damage":0.0,"enemies":"Large Slime","floor":13.0,"turns":6.0},{"damage":0.0,"enemies":"The Mushroom Lair","floor":14.0,"turns":5.0},{"damage":24.0,"enemies":"The Guardian","floor":16.0,"turns":16.0},{"damage":0.0,"enemies":"2 Thieves","floor":18.0,"turns":5.0},{"damage":4.0,"enemies":"3 Byrds","floor":20.0,"turns":6.0},{"damage":4.0,"enemies":"Cultist and Chosen","floor":21.0,"turns":6.0},{"damage":11.0,"enemies":"Book of Stabbing","floor":24.0,"turns":6.0},{"damage":10.0,"enemies":"Snake Plant","floor":27.0,"turns":5.0},{"damage":48.0,"enemies":"Automaton","floor":33.0,"turns":16.0},{"damage":0.0,"enemies":"3 Shapes","floor":35.0,"turns":7.0},{"damage":0,"enemies":"Orb Walker","floor":39,"turns":3},{"damage":23,"enemies":"Reptomancer","floor":40,"turns":7},{"damage":0,"enemies":"Mind Bloom Boss Battle","floor":42,"turns":6},{"damage":29,"enemies":"Transient","floor":44,"turns":5},{"damage":2,"enemies":"Nemesis","floor":45,"turns":5},{"damage":21,"enemies":"Maw","floor":46,"turns":8},{"damage":51,"enemies":"Time Eater","floor":50,"turns":12}],"seed_played":"-7695424589645750741","potions_obtained":[{"floor":1.0,"key":"LiquidMemories"},{"floor":8.0,"key":"Fruit Juice"},{"floor":14.0,"key":"Block Potion"},{"floor":16.0,"key":"GamblersBrew"},{"floor":27.0,"key":"Poison Potion"},{"floor":31.0,"key":"Explosive Potion"},{"floor":31.0,"key":"Block Potion"},{"floor":33.0,"key":"LiquidBronze"},{"floor":40,"key":"EssenceOfSteel"},{"floor":42,"key":"Regen Potion"}],"is_trial":false,"path_per_floor":["M","?","$","M","?","R","$","E","T","M","M","R","M","?","R","B",null,"M","?","M","M","$","R","E","?","T","M","R","$","R","?","R","B",null,"M","T","$","?","M","E","R","?","T","M","E","M","R","?","R","B",null],"character_chosen":"THE_SILENT","items_purchased":["Accuracy","Quick Slash","Letter Opener","Terror","Membership Card","Dash","Oddly Smooth Stone","Medical Kit","FairyPotion"],"campfire_rested":5,"item_purchase_floors":[3,7,22,22,29,29,37,37,37],"current_hp_per_floor":[45,45,45,45,65,65,65,32,32,30,27,46,46,46,46,22,54,54,54,55,51,51,51,40,40,47,37,60,60,60,60,60,12,61,61,61,61,61,61,38,61,61,61,41,39,18,41,41,64,13],"gold":568,"neow_bonus":"ONE_RARE_RELIC","is_daily":false,"chose_seed":false,"campfire_upgraded":5,"win_rate":0.0,"timestamp":1614383799,"path_taken":["M","?","$","M","?","R","?","E","T","M","?","R","M","?","R","BOSS","M","?","M","M","$","R","E","?","T","M","R","$","R","?","R","BOSS","M","?","$","?","M","E","R","?","T","?","E","?","R","?","R","BOSS"],"items_purchased_type":["Card","Card","Relic","Card","Relic","Card","Relic","Relic","Potion"],"build_version":"2020-12-13","purchased_purges":0,"victory":true,"max_hp_per_floor":[70,65,65,65,65,65,65,65,65,65,65,65,65,65,65,65,65,65,65,70,70,70,70,70,70,77,77,77,77,77,77,77,77,77,77,77,77,77,77,77,77,77,77,77,77,77,77,77,77,77],"card_choices":[{"not_picked":["Setup","Underhanded Strike"],"picked":"Slice","floor":1.0},{"not_picked":["Skewer","Tactician"],"picked":"Deflect","floor":4.0},{"not_picked":["Outmaneuver","Flying Knee"],"picked":"Cloak And Dagger","floor":8.0},{"not_picked":["Skewer","Flechettes"],"picked":"Backstab","floor":10.0},{"not_picked":["All Out Attack","Dagger Spray"],"picked":"After Image","floor":11.0},{"not_picked":["PiercingWail","Setup"],"picked":"Quick Slash","floor":13.0},{"not_picked":["Bouncing Flask","Sucker Punch"],"picked":"Malaise","floor":14.0},{"not_picked":["Bullet Time","Glass Knife"],"picked":"Wraith Form v2","floor":16.0},{"not_picked":["Dagger Throw","Underhanded Strike"],"picked":"Backflip","floor":18.0},{"not_picked":["Flying Knee","Deflect"],"picked":"Endless Agony","floor":20.0},{"not_picked":["Prepared","Dagger Spray"],"picked":"Dodge and Roll+1","floor":21.0},{"not_picked":["Riddle With Holes","Dagger Throw"],"picked":"Acrobatics+1","floor":24.0},{"not_picked":["Reflex","Poisoned Stab"],"picked":"Venomology","floor":27.0},{"not_picked":["A Thousand Cuts","Burst"],"picked":"Glass Knife","floor":33.0},{"not_picked":["Acrobatics","Backstab+1"],"picked":"Underhanded Strike+1","floor":35.0},{"not_picked":["Dodge and Roll","Dash"],"picked":"Dagger Spray","floor":39},{"not_picked":["Setup","Grand Finale"],"picked":"PiercingWail","floor":40},{"not_picked":["Backflip","Masterful Stab"],"picked":"Footwork+1","floor":44},{"not_picked":["Cloak And Dagger","Crippling Poison"],"picked":"Unload","floor":45},{"not_picked":["Quick Slash","Bouncing Flask+1"],"picked":"Dagger Spray+1","floor":46}],"player_experience":295314,"relics_obtained":[{"floor":8.0,"key":"Ornamental Fan"},{"floor":9.0,"key":"HornCleat"},{"floor":14.0,"key":"Odd Mushroom"},{"floor":24.0,"key":"Blue Candle"},{"floor":26.0,"key":"Strawberry"},{"floor":36.0,"key":"Pen Nib"},{"floor":40,"key":"Vajra"},{"floor":42,"key":"Calipers"},{"floor":43,"key":"PreservedInsect"},{"floor":45,"key":"Ice Cream"}],"event_choices":[{"damage_healed":0.0,"max_hp_gain":0.0,"max_hp_loss":5.0,"gold_gain":0.0,"event_name":"Golden Idol","player_choice":"Lose Max HP","floor":2.0,"gold_loss":0.0,"damage_taken":0.0,"relics_obtained":["Golden Idol"]},{"damage_healed":21.0,"max_hp_gain":0.0,"max_hp_loss":0.0,"gold_gain":0.0,"event_name":"Big Fish","player_choice":"Banana","floor":5.0,"gold_loss":0.0,"damage_taken":0.0},{"damage_healed":0.0,"max_hp_gain":0.0,"max_hp_loss":0.0,"gold_gain":0.0,"event_name":"Mushrooms","player_choice":"Fought Mushrooms","floor":14.0,"gold_loss":0.0,"damage_taken":0.0},{"damage_healed":0.0,"max_hp_gain":0.0,"max_hp_loss":0.0,"gold_gain":0.0,"event_name":"Back to Basics","player_choice":"Simplicity","floor":19.0,"gold_loss":0.0,"damage_taken":0.0,"cards_upgraded":[]},{"damage_healed":0.0,"max_hp_gain":0.0,"max_hp_loss":0.0,"gold_gain":99.0,"event_name":"Nest","player_choice":"Stole From Cult","floor":25.0,"gold_loss":0.0,"damage_taken":0.0},{"damage_healed":0.0,"max_hp_gain":0.0,"max_hp_loss":0.0,"gold_gain":0.0,"event_name":"Lab","player_choice":"Got Potions","floor":31.0,"gold_loss":0.0,"damage_taken":0.0},{"damage_healed":0,"gold_gain":0,"player_choice":"Ignored","damage_taken":0,"max_hp_gain":0,"max_hp_loss":0,"event_name":"Mysterious Sphere","floor":38,"gold_loss":0},{"damage_healed":0,"gold_gain":0,"player_choice":"Fight","damage_taken":0,"max_hp_gain":0,"max_hp_loss":0,"event_name":"MindBloom","floor":42,"gold_loss":0},{"damage_healed":0,"gold_gain":333,"player_choice":"Gave Idol","damage_taken":0,"max_hp_gain":0,"max_hp_loss":0,"event_name":"The Moai Head","floor":48,"relics_lost":["Golden Idol"],"gold_loss":0}],"is_beta":false,"boss_relics":[{"not_picked":["Busted Crown","Calling Bell"],"picked":"Pandora\u0027s Box"},{"not_picked":["Black Star","Velvet Choker"],"picked":"Runic Pyramid"}],"items_purged_floors":[],"is_endless":false,"potions_floor_spawned":[1,8,14,16,27,33,40,42,46],"ascension_level":9}}