{"host":"xkmvu47k9fdstweo","time":1614380725,"event":{"mods":["BaseMod","Colored Map","Conspire","Downfall","Hubris","Minty Spire (QoL Compilation)","Quick Restart","Shop Mod","StSLib","Waifu the Spire"],"gold_per_floor":[114,114,134,134,146,146,179,179,206,241,260,260,289,302,302,374,374,394,394,146,146,156,156,189,189,189,189,223,223,223,235,235,311,311,325,325,344,268,284,284,284,309,334,361,361,375,385,385,385,385],"floor_reached":51,"language":"ENG","playtime":1460,"items_purged":["Defend_B"],"score":1454,"play_id":"b567fca5-557d-42f2-b73b-6339f0ea8379","local_time":"20210226180525","is_ascension_mode":true,"campfire_choices":[{"data":"Sweeping Beam","floor":6.0,"key":"SMITH"},{"data":"Capacitor","floor":8.0,"key":"SMITH"},{"data":"Consume","floor":15.0,"key":"SMITH"},{"floor":23.0,"key":"REST"},{"data":"Tempest","floor":25.0,"key":"SMITH"},{"data":"Capacitor","floor":27.0,"key":"SMITH"},{"data":"Barrage","floor":29.0,"key":"SMITH"},{"floor":32,"key":"REST"},{"data":"Chill","floor":40,"key":"SMITH"},{"data":"Hello World","floor":45,"key":"SMITH"},{"data":"Barrage","floor":49,"key":"SMITH"}],"circlet_count":0,"master_deck":["AscendersBane","Defend_B","Defend_B","Zap+1","Multi-Cast+1","Biased Cognition+1","BootSequence+1","Barrage+1","Sweeping Beam+1","Cold Snap","Cold Snap","Capacitor+1","Consume+1","Tempest+1","Ball Lightning","Echo Form","Doom and Gloom","Capacitor+1","Ball Lightning","Barrage+1","RitualDagger","Cold Snap","hubris:Ukulele","Force Field","Cold Snap","Creative AI","Chill+1","Skim+1","Hello World+1","Beam Cell+1","Sweeping Beam+1","Ball Lightning","White Noise"],"relics":["Astrolabe","hubris:BundleOfHerbs","Oddly Smooth Stone","Shuriken","hubris:SlimyHat","hubris:BlackHole","hubris:Spice","Orichalcum","Mercury Hourglass","hubris:TenFootPole","MutagenicStrength","Inserter","Mummified Hand","Bag of Preparation"],"acts_visited":["Exordium","TheCity","TheBeyond"],"potions_floor_usage":[31,33,50],"damage_taken":[{"damage":4.0,"enemies":"Small Slimes","floor":1.0,"turns":5.0},{"damage":1.0,"enemies":"Cultist","floor":3.0,"turns":3.0},{"damage":0.0,"enemies":"Jaw Worm","floor":5.0,"turns":4.0},{"damage":6.0,"enemies":"Lagavulin","floor":7.0,"turns":6.0},{"damage":0.0,"enemies":"3 Sentries","floor":10.0,"turns":7.0},{"damage":0.0,"enemies":"Lots of Slimes","floor":11.0,"turns":6.0},{"damage":0.0,"enemies":"Lagavulin","floor":13.0,"turns":7.0},{"damage":35.0,"enemies":"Gremlin Gang","floor":14.0,"turns":4.0},{"damage":8.0,"enemies":"Hexaghost","floor":16.0,"turns":8.0},{"damage":6.0,"enemies":"3 Byrds","floor":18.0,"turns":4.0},{"damage":22.0,"enemies":"2 Thieves","floor":22.0,"turns":3.0},{"damage":8.0,"enemies":"Book of Stabbing","floor":24.0,"turns":3.0},{"damage":20.0,"enemies":"Slavers","floor":28.0,"turns":3.0},{"damage":23,"enemies":"Centurion and Healer","floor":31,"turns":3},{"damage":11,"enemies":"Automaton","floor":33,"turns":7},{"damage":4,"enemies":"3 Shapes","floor":35,"turns":3},{"damage":0,"enemies":"3 Darklings","floor":37,"turns":3},{"damage":0,"enemies":"Sphere and 2 Shapes","floor":39,"turns":2},{"damage":1,"enemies":"Giant Head","floor":42,"turns":4},{"damage":0,"enemies":"Nemesis","floor":44,"turns":3},{"damage":5,"enemies":"Writhing Mass","floor":46,"turns":4},{"damage":0,"enemies":"Transient","floor":47,"turns":5},{"damage":30,"enemies":"Awakened One","floor":50,"turns":6}],"seed_played":"8701652547121544403","potions_obtained":[{"floor":1.0,"key":"Weak Potion"},{"floor":13.0,"key":"Block Potion"},{"floor":14.0,"key":"LiquidBronze"},{"floor":16.0,"key":"EssenceOfDarkness"},{"floor":18.0,"key":"sneckomod:MuddlingPotion"},{"floor":24.0,"key":"FocusPotion"},{"floor":33,"key":"SkillPotion"},{"floor":35,"key":"hexamod:SoulburnPotion"},{"floor":39,"key":"LiquidMemories"},{"floor":46,"key":"Slimebound:ThreeZeroPotion"}],"is_trial":false,"path_per_floor":["M","?","M","?","M","R","E","R","T","E","M","?","E","M","R","B",null,"M","$","$","?","M","R","E","R","T","R","E","R","?","M","R","B",null,"M","?","M","$","M","R","?","E","T","E","R","M","M","$","R","B",null],"character_chosen":"DEFECT","items_purchased":["hubris:Spice","Capacitor","Ball Lightning","Barrage","Hello World","Bag of Preparation"],"campfire_rested":2,"item_purchase_floors":[19,20,20,20,38,48],"current_hp_per_floor":[60,60,59,59,59,59,53,53,53,53,53,53,53,18,18,46,65,59,46,46,40,18,41,33,33,33,33,13,13,13,7,30,19,64,60,60,60,60,60,60,60,59,67,67,67,62,62,52,52,40],"gold":385,"neow_bonus":"BOSS_RELIC","is_daily":false,"chose_seed":false,"campfire_upgraded":9,"win_rate":0.0,"timestamp":1614380725,"path_taken":["M","?","M","?","?","R","E","R","T","E","M","?","E","M","R","BOSS","M","?","$","?","M","R","E","R","T","R","E","R","?","M","R","BOSS","M","?","M","$","?","R","?","E","T","E","R","M","M","?","R","BOSS"],"items_purchased_type":["Relic","Card","Card","Card","Card","Relic"],"build_version":"2020-12-22","purchased_purges":1,"victory":true,"max_hp_per_floor":[71,71,71,71,71,71,71,71,71,71,71,71,71,71,71,71,71,71,79,79,79,79,79,79,79,79,79,79,79,79,79,79,79,79,79,79,79,79,79,79,79,79,87,79,79,79,79,79,79,79],"card_choices":[{"not_picked":["White Noise","Redo"],"picked":"Barrage","floor":1.0},{"not_picked":["Gash","Barrage"],"picked":"Cold Snap","floor":3.0},{"not_picked":["Reprogram","Hello World"],"picked":"Cold Snap","floor":5.0},{"not_picked":["Thunder Strike","Gash"],"picked":"Capacitor","floor":7.0},{"not_picked":["Glacier","BootSequence"],"picked":"Consume","floor":10.0},{"not_picked":["Hologram","Leap"],"picked":"Tempest","floor":11.0},{"not_picked":["Leap","Gash","Force Field"],"picked":"SKIP","floor":13.0},{"not_picked":["Beam Cell","Compile Driver"],"picked":"Ball Lightning","floor":14.0},{"not_picked":["Fission","Buffer"],"picked":"Echo Form","floor":16.0},{"not_picked":["Coolheaded","Double Energy"],"picked":"Doom and Gloom","floor":18.0},{"not_picked":["Blizzard","Turbo+1"],"picked":"Cold Snap","floor":22.0},{"not_picked":["Chaos","Compile Driver"],"picked":"hubris:Ukulele","floor":24.0},{"not_picked":["Go for the Eyes","Blizzard+1"],"picked":"Force Field","floor":28.0},{"not_picked":["Ball Lightning+1","FTL"],"picked":"Cold Snap","floor":31},{"not_picked":["Biased Cognition","Meteor Strike"],"picked":"Creative AI","floor":33},{"not_picked":["Reinforced Body","Sweeping Beam"],"picked":"Chill","floor":35},{"not_picked":["Beam Cell","Sweeping Beam"],"picked":"Skim+1","floor":37},{"not_picked":["Compile Driver","Reprogram+1"],"picked":"Beam Cell+1","floor":39},{"not_picked":["Self Repair","Melter"],"picked":"Sweeping Beam+1","floor":42},{"not_picked":["hubris:SpiceAddiction","hubris:SpecializedCircuitry"],"picked":"Ball Lightning","floor":44},{"not_picked":["Turbo","Glacier+1"],"picked":"White Noise","floor":46},{"not_picked":["Reprogram","Chill+1","Fusion"],"picked":"SKIP","floor":47}],"player_experience":348749,"relics_obtained":[{"floor":7.0,"key":"hubris:BundleOfHerbs"},{"floor":9.0,"key":"Oddly Smooth Stone"},{"floor":10.0,"key":"Shuriken"},{"floor":13.0,"key":"hubris:SlimyHat"},{"floor":24.0,"key":"Orichalcum"},{"floor":26.0,"key":"Mercury Hourglass"},{"floor":28.0,"key":"hubris:TenFootPole"},{"floor":42,"key":"Mummified Hand"},{"floor":43,"key":"hubris:Spice"},{"floor":44,"key":"hubris:Spice"}],"event_choices":[{"damage_healed":0.0,"max_hp_gain":0.0,"max_hp_loss":0.0,"gold_gain":0.0,"event_name":"Accursed Blacksmith","player_choice":"Forge","floor":4.0,"gold_loss":0.0,"damage_taken":0.0,"cards_upgraded":["Zap"]},{"cards_removed":["Strike_B"],"damage_healed":0.0,"max_hp_gain":0.0,"max_hp_loss":0.0,"gold_gain":0.0,"event_name":"Purifier","player_choice":"Purged","floor":12.0,"gold_loss":0.0,"damage_taken":0.0},{"damage_healed":0.0,"max_hp_gain":0.0,"max_hp_loss":0.0,"gold_gain":0.0,"event_name":"Nest","player_choice":"Joined the Cult","floor":21.0,"gold_loss":0.0,"damage_taken":6.0,"cards_obtained":["RitualDagger"]},{"damage_healed":0.0,"max_hp_gain":0.0,"max_hp_loss":0.0,"gold_gain":0.0,"event_name":"Drug Dealer","player_choice":"Inject Mutagens","floor":30.0,"gold_loss":0.0,"damage_taken":0.0,"relics_obtained":["MutagenicStrength"]},{"cards_removed":["Defend_B"],"damage_healed":0,"gold_gain":0,"player_choice":"Purged","damage_taken":0,"max_hp_gain":0,"max_hp_loss":0,"event_name":"Purifier","floor":36,"gold_loss":0},{"cards_removed":["Dualcast"],"damage_healed":0,"gold_gain":0,"player_choice":"Removed Skill","damage_taken":0,"max_hp_gain":0,"max_hp_loss":0,"event_name":"Falling","floor":41,"gold_loss":0}],"is_beta":false,"boss_relics":[{"not_picked":["Velvet Choker","SlaversCollar"],"picked":"hubris:BlackHole"},{"not_picked":["conspire:RoyalGoblet","conspire:SpecialSausage"],"picked":"Inserter"}],"items_purged_floors":[20],"is_endless":false,"potions_floor_spawned":[1,13,14,16,18,24,33,35,39,44,46],"ascension_level":14}}