{"host":"ez9lh5a3k31ytd04","time":1614330293,"event":{"mods":["Act Like it!","Arknights","Aspiration","BaseMod","Conspire","Downfall","Energized Spire","Jedi Mod","Minty Spire (QoL Compilation)","Quarter Circle Forward PUNCH!","Quick Restart","Relic Filter Mod","Reliquary","Replay The Spire","Spicy Shops","StSLib","TestMod","noobMod","¡¾ÒÅÎï¿¨ÅÆ¡¿REMEMod"],"gold_per_floor":[118,137,137,212,227,256,256,289,313,313,59,88,88,112,112,221,221,238,661,661,1083,590,590,1016,456,683,724,16,16,441,441,441,956,956,986,1015,1036,1060,2659,2659,1927,1927,1927,1927,1959,1979,577,1019,1019,1019,1019,1019,146,591,471],"floor_reached":56,"language":"ZHS","playtime":3058,"items_purged":["Strike_R","Strike_R","Defend_R","Defend_R","Strike_R"],"score":1504,"play_id":"a66a7d34-fb2c-43e2-9d69-508573b1e81a","local_time":"20210226170453","is_ascension_mode":false,"campfire_choices":[{"data":"champ:StrikeOfGenius","floor":7,"key":"SMITH"},{"data":"Battle Trance","floor":13,"key":"SMITH"},{"floor":15,"key":"RECALL"},{"data":"Replay:Undeath\u0027s Touch","floor":23,"key":"SMITH"},{"data":"Pommel Strike","floor":29,"key":"SMITH"},{"data":"Bash","floor":32,"key":"SMITH"},{"data":"Flex","floor":40,"key":"SMITH"},{"data":"1","floor":42,"key":"LIFT"},{"data":"2","floor":49,"key":"LIFT"},{"data":"3","floor":52,"key":"LIFT"}],"circlet_count":0,"master_deck":["Strike_R+1","Defend_R+2","Defend_R+1","Bash+1","Pride","testmod-Lust","testmod-Wrath","testmod-Sloth","testmod-Envy","testmod-Greed","testmod-Gluttony","testmod-Gluttony","champ:StrikeOfGenius+1","Replay:Undeath\u0027s Touch+1","Uppercut+1","jedi:fear","Sever Soul+1","testmod-Gluttony","Clumsy","testmod-Gluttony","Battle Trance+1","Pommel Strike+1","Anger","Doubt","testmod-Gluttony","Doubt","testmod-Gluttony","Normality","testmod-Gluttony","Flex+1","Replay:Hysterical Blindness","testmod-Gluttony","Clumsy","testmod-Gluttony","testmod-Gluttony","Anger+1","Infernal Blade+1","Injury","testmod-Gluttony","CommonCold","testmod-Gluttony","Twin Strike","Replay:Undeath\u0027s Touch+1","Heavy Blade+1","jedi:fear+1","Normality","Normality","testmod-Gluttony","Doubt","testmod-Gluttony","Fire Breathing","Fire Breathing","Flex+1","Twin Strike","Feel No Pain","Second Wind+1","Second Wind+1","testmod-TemporaryDeletion","testmod-ShutDown","jedi:thedog","testmod-Gluttony","Parasite","testmod-Gluttony","Replay:Undeath\u0027s Touch","Flex+1","Spot Weakness+1","Secret Technique+1","Purity+1","Scrawl+1","ReplayTheSpireMod:Faulty Equipment+1","testmod-Gluttony"],"relics":["Burning Blood","testmod-TestBox","REME_ComplimentaryCards","ice","testmod-SevenDeadlySins","Du-Vu Doll","Darkstone Periapt","Blue Candle","NeowsBlessing","Replay:Bandana","testmod-InfectionSource","Lee\u0027s Waffle","Quantum Egg","Black Star","REME_DemonsWealth","reliquary:PurpleTingedLeaf","BargainBundle","Gambling Chip","Guide Book","ReplayTheSpireMod:Lightbulb","Toy Ornithopter","Frozen Eye","Toxic Egg 2","Meat on the Bone","Strawberry","Onion Ring","testmod-BlackFramedGlasses","Blue Doll","reliquary:Vitrine","REME_OnlineShoppingPlatform","aspiration:HiddenCompartment","conspire:SlowCooker","Ooze Armor","Replay:Wax Seal","Medical Kit","Girya","Dream Catcher","reliquary:IridiumChain","reliquary:FingerTrap","qcfpunch:Unceasing_Flame","Lantern","Simple Rune","Strange Spoon","qcfpunch:School_Backpack","Replay:Bottled Eggs","conspire:TreasureMap","ReplayTheSpireMod:ShopPack","reliquary:CitrusReamer","Replay:Baseball","jedi:archwizardhat","reliquary:Aerogel","Gremlin Food","REME_LimitBreaker","Pet Ghost"],"acts_visited":["Exordium","TheCity","TheBeyond","TheEnding"],"potions_floor_usage":[6,8,21,22,22,38,50,55,55,55,55,55,55,55],"damage_taken":[{"damage":0.0,"enemies":"2 Louse","floor":1.0,"turns":1.0},{"damage":0.0,"enemies":"Cultist","floor":2.0,"turns":2.0},{"damage":0,"enemies":"Small Slimes","floor":5,"turns":1},{"damage":25,"enemies":"3 Sentries","floor":6,"turns":5},{"damage":42,"enemies":"Gremlin Nob","floor":8,"turns":4},{"damage":22,"enemies":"3 Louse","floor":12,"turns":3},{"damage":23,"enemies":"Exordium Thugs","floor":14,"turns":5},{"damage":95,"enemies":"Hexaghost","floor":16,"turns":6},{"damage":23,"enemies":"Spheric Guardian","floor":18,"turns":4},{"damage":11,"enemies":"Chosen","floor":19,"turns":3},{"damage":20,"enemies":"3 Cultists","floor":21,"turns":4},{"damage":0,"enemies":"Snecko","floor":24,"turns":2},{"damage":19,"enemies":"conspire:SneckoGhost","floor":27,"turns":2},{"damage":15,"enemies":"Snake Plant","floor":30,"turns":2},{"damage":46,"enemies":"Champ","floor":33,"turns":4},{"damage":33,"enemies":"3 Shapes","floor":35,"turns":1},{"damage":28,"enemies":"3 Darklings","floor":36,"turns":4},{"damage":23,"enemies":"Sphere and 2 Shapes","floor":37,"turns":4},{"damage":14,"enemies":"Jaw Worm Horde","floor":38,"turns":3},{"damage":41,"enemies":"Writhing Mass","floor":45,"turns":2},{"damage":13,"enemies":"Sphere and 2 Shapes","floor":46,"turns":4},{"damage":4,"enemies":"4 Shapes","floor":48,"turns":2},{"damage":135,"enemies":"Awakened One","floor":50,"turns":5},{"damage":45,"enemies":"Shield and Spear","floor":54,"turns":3},{"damage":62,"enemies":"The Heart","floor":55,"turns":4}],"seed_played":"4785753976926916633","potions_obtained":[{"floor":5,"key":"Adrenaline Potion"},{"floor":6,"key":"SteroidPotion"},{"floor":8,"key":"FearPotion"},{"floor":12,"key":"LiquidBronze"},{"floor":19,"key":"jedi:hoardpotion"},{"floor":21,"key":"Fire Potion"}],"is_trial":false,"path_per_floor":["M","M","?","?","M","E","R","E","T","?","$","M","R","M","R","B",null,"M","M","?","M","$","R","M","$","T","E","$","R","M","?","R","B",null,"M","M","M","M","?","R","$","R","T","?","M","M","$","M","R","B",null,"R","$","E","B",null],"character_chosen":"IRONCLAD","items_purchased":["Lee\u0027s Waffle","Quantum Egg","reliquary:PurpleTingedLeaf","BargainBundle","Flex","Gambling Chip","Guide Book","ReplayTheSpireMod:Lightbulb","REME_GoldPotion","BloodPotion","FearPotion","Toy Ornithopter","Frozen Eye","jedi:unlimitedpower","Toxic Egg 2","Meat on the Bone","Blue Doll","reliquary:Vitrine","REME_OnlineShoppingPlatform","Infernal Blade+1","Replay:Wax Seal","Medical Kit","Girya","Dream Catcher","reliquary:IridiumChain","reliquary:FingerTrap","Fire Breathing","Flex+1","Twin Strike","Lantern","Simple Rune","Strange Spoon","qcfpunch:School_Backpack","Replay:Bottled Eggs","Second Wind+1","conspire:TreasureMap","testmod-TemporaryDeletion","testmod-ShutDown","ReplayTheSpireMod:ShopPack","reliquary:CitrusReamer","Replay:Baseball","jedi:archwizardhat","reliquary:Aerogel","Replay:Undeath\u0027s Touch","Flex+1","Spot Weakness+1","Gremlin Food"],"campfire_rested":0,"item_purchase_floors":[11,11,22,22,22,22,22,22,22,22,22,25,25,25,25,25,28,28,28,28,41,41,41,41,41,41,41,41,41,47,47,47,47,47,47,47,47,47,53,53,53,53,53,53,53,53,53],"current_hp_per_floor":[128,128,102,90,96,77,77,41,41,41,153,137,137,120,120,31,153,136,143,143,141,189,189,201,213,226,214,214,214,219,219,219,195,250,223,206,194,194,212,212,224,224,224,224,192,189,189,205,205,99,292,292,304,279,271],"gold":471,"neow_bonus":"THREE_ENEMY_KILL","is_daily":false,"chose_seed":false,"campfire_upgraded":6,"win_rate":0.0,"timestamp":1614330293,"path_taken":["M","M","?","?","?","E","R","E","T","?","$","M","R","?","R","BOSS","M","?","?","?","?","R","M","$","T","E","$","R","M","?","R","BOSS","M","M","M","M","?","R","$","R","T","?","M","M","$","M","R","BOSS","R","$","E","BOSS"],"items_purchased_type":["Relic","Relic","Relic","Relic","Card","Relic","Relic","Relic","Potion","Potion","Potion","Relic","Relic","Card","Relic","Relic","Relic","Relic","Relic","Card","Relic","Relic","Relic","Relic","Relic","Relic","Card","Card","Card","Relic","Relic","Relic","Relic","Relic","Card","Relic","Card","Card","Relic","Relic","Relic","Relic","Relic","Card","Card","Card","Relic"],"build_version":"2020-12-22","purchased_purges":5,"victory":true,"max_hp_per_floor":[128,128,128,128,128,128,128,128,128,128,153,153,153,153,153,153,153,153,165,165,177,189,189,201,213,226,226,226,226,238,238,238,250,250,250,250,250,250,268,268,280,280,280,280,280,280,280,292,292,292,292,292,304,316,316],"card_choices":[{"not_picked":["Headbutt","jedi:hate"],"picked":"Replay:Undeath\u0027s Touch","floor":1.0},{"not_picked":["Spot Weakness","Armaments"],"picked":"Uppercut","floor":2.0},{"not_picked":["ReplayTheSpireMod:Muscle Training","Cleave"],"picked":"jedi:fear","floor":5},{"not_picked":["Abandon","REME_TheLastStrike"],"picked":"Sever Soul","floor":6},{"not_picked":["Havoc","ReplayTheSpireMod:Strike From Hell","Shrug It Off"],"picked":"SKIP","floor":8},{"not_picked":["Pommel Strike","Wild Strike"],"picked":"Battle Trance","floor":12},{"not_picked":["conspire:Charge","ReplayTheSpireMod:Muscle Training"],"picked":"Pommel Strike","floor":14},{"not_picked":["Headbutt","True Grit","Replay:Hysterical Blindness"],"picked":"Anger","floor":18},{"not_picked":["conspire:ExplosiveBarrier","Perfected Strike","Bloodletting"],"picked":"Doubt","floor":19},{"not_picked":["ReplayReversal","Shockwave","Searing Blow"],"picked":"Doubt","floor":21},{"not_picked":["Spot Weakness+1","jedi:controlledanger","Clash+1"],"picked":"Replay:Hysterical Blindness","floor":24},{"not_picked":["Pommel Strike","jedi:harder+1","Pain"],"picked":"Anger+1","floor":27},{"not_picked":["Pommel Strike","Iron Wave","jedi:fear+1"],"picked":"Injury","floor":30},{"not_picked":["Brutality","Demonic Infusion+1","Feed"],"picked":"CommonCold","floor":33},{"not_picked":["Iron Wave","Flame Barrier+1","CommonCold"],"picked":"Twin Strike","floor":35},{"not_picked":["Rage+1","Intimidate+1","jedi:thedog"],"picked":"Replay:Undeath\u0027s Touch+1","floor":36},{"not_picked":["conspire:HitWhereItHurts","Clothesline+1","Overencumbered"],"picked":"Heavy Blade+1","floor":37},{"not_picked":["ReplayTheSpireMod:Strike From Hell","Flex+1","Spreading Infection"],"picked":"jedi:fear+1","floor":38},{"not_picked":["Thunderclap","ReplayTheSpireMod:Strike From Hell+1","jedi:BattleThirst"],"picked":"Feel No Pain","floor":45},{"not_picked":["Headbutt+1","Dropkick","Reckless Charge+1","downfall:Bewildered"],"picked":"SKIP","floor":46},{"not_picked":["Clash+1","Rampage+1","Run Through"],"picked":"jedi:thedog","floor":48},{"not_picked":["Crescendo+1","MentalFortress","Protect+1"],"picked":"SKIP","floor":48},{"not_picked":["Crescendo+1","MentalFortress","Protect+1"],"picked":"SKIP","floor":48},{"not_picked":["testmod-PulseDistributor","testmod-EnhanceArmerment","testmod-CardIndex"],"picked":"Secret Technique","floor":53},{"not_picked":["testmod-EternalityOfKhronos","REME_MagicPocketWatch","testmod-Automaton"],"picked":"Purity","floor":53},{"not_picked":["WaveOfTheHand+1","Protect+1"],"picked":"Scrawl+1","floor":54},{"not_picked":["Dual Wield+1","Body Slam","Disarm+1"],"picked":"ReplayTheSpireMod:Faulty Equipment+1","floor":54}],"player_experience":81539,"relics_obtained":[{"floor":6,"key":"Replay:Bandana"},{"floor":8,"key":"testmod-InfectionSource"},{"floor":26,"key":"Strawberry"},{"floor":27,"key":"Onion Ring"},{"floor":27,"key":"testmod-BlackFramedGlasses"},{"floor":31,"key":"aspiration:HiddenCompartment"},{"floor":43,"key":"qcfpunch:Unceasing_Flame"},{"floor":54,"key":"REME_LimitBreaker"},{"floor":54,"key":"Pet Ghost"}],"event_choices":[{"damage_healed":0.0,"max_hp_gain":0.0,"max_hp_loss":0.0,"gold_gain":0.0,"event_name":"Shining Light","player_choice":"Entered Light","floor":3.0,"gold_loss":0.0,"damage_taken":26.0,"cards_upgraded":["Defend_R","Defend_R"]},{"damage_healed":0,"gold_gain":75,"player_choice":"Touch","damage_taken":12,"max_hp_gain":0,"max_hp_loss":0,"event_name":"FaceTrader","floor":4,"gold_loss":0},{"damage_healed":0,"gold_gain":0,"player_choice":"Bought 0 Potions","damage_taken":0,"max_hp_gain":0,"max_hp_loss":0,"event_name":"The Woman in Blue","floor":10,"gold_loss":0},{"cards_removed":["Strike_R"],"damage_healed":0,"gold_gain":0,"player_choice":"Offered Basic","damage_taken":0,"max_hp_gain":0,"max_hp_loss":0,"event_name":"Bonfire Elementals","floor":20,"gold_loss":0},{"damage_healed":0,"gold_gain":999,"player_choice":"Gold","damage_taken":0,"max_hp_gain":0,"max_hp_loss":0,"event_name":"MindBloom","floor":39,"gold_loss":0,"cards_obtained":["Normality","Normality"]},{"damage_healed":0,"gold_gain":0,"player_choice":"0 cards matched","damage_taken":0,"max_hp_gain":0,"max_hp_loss":0,"event_name":"Match and Keep!","floor":44,"gold_loss":0,"cards_obtained":[]}],"is_beta":false,"boss_relics":[{"not_picked":["reliquary:BigHammer","energizedSpire:DecayingSkull"],"picked":"REME_DemonsWealth"},{"not_picked":["Replay:Grab Bag","SlaversCollar"],"picked":"Ooze Armor"}],"items_purged_floors":[22,25,28,41,53],"is_endless":false,"potions_floor_spawned":[5,6,8,12,19,21,33,36,37,45,54],"ascension_level":0}}