{"host":"jfbxozwcdml1wai5","time":1614325943,"event":{"mods":["BaseMod","Colored Map","Downfall","Minty Spire (QoL Compilation)","StSLib"],"gold_per_floor":[99,118,138,158,14,14,14,14,46,46,63,97,111,111,129,228,228,128,145,145,165,26,60,60,60,60,60,76,88,88,102,115,211,211,11,22,40,389,406,406,406,433,433,453,478,478,488,523,534,534,534,534],"floor_reached":50,"language":"ENG","playtime":2566,"items_purged":["downfall:Aged"],"score":675,"play_id":"8fe07de8-4306-48b5-96d0-7abd972ac4f1","local_time":"20210226015223","is_ascension_mode":true,"campfire_choices":[{"floor":1,"key":"RECALL"},{"data":"Slimebound:RollThrough","floor":6,"key":"SMITH"},{"data":"Slimebound:GoopTackle","floor":8,"key":"SMITH"},{"data":"Slimebound:OozeBath","floor":18,"key":"PURGE"},{"data":"Slimebound:TongueLash","floor":30,"key":"PURGE"},{"data":"Slimebound:CheckThePlaybook","floor":35,"key":"SMITH"},{"floor":40,"key":"REST"},{"data":"Writhe","floor":43,"key":"PURGE"},{"data":"Slimebound:SamplingLick","floor":46,"key":"SMITH"}],"circlet_count":0,"master_deck":["Slimebound:Tackle","Slimebound:Defend_Slimebound","Slimebound:Defend_Slimebound","Slimebound:Defend_Slimebound","Slimebound:Defend_Slimebound","Slimebound:Split","Slimebound:CorrosiveSpit","Slimebound:LivingWall","Slimebound:RollThrough+1","Slimebound:Nibble","Slimebound:GoopTackle+1","Slimebound:ComboTackle","Slimebound:RollThrough","Slimebound:SlimeSpikes","Slimebound:GoopSpray","Slimebound:Schlurp","Slimebound:CheckThePlaybook+1","Slimebound:GoopTackle","Slimebound:HungryTackle","Necronomicurse","Slimebound:Prepare+1","Slimebound:HauntingLick","Slimebound:SlimeSpikes+1","Slimebound:Recycling","Slimebound:Grow+1","Slimebound:Prepare","Slimebound:Schlurp+1","Slimebound:Nibble","Slimebound:SamplingLick+1","Slimebound:GoopSpray+1","Slimebound:LeechLife"],"relics":["Slimebound:AbsorbEndCombat","CaptainsWheel","Pantograph","Calipers","Slimebound:ScrapOozeRelic","Philosopher\u0027s Stone","downfall:HeartBlessingRed","Meat on the Bone","Art of War","Necronomicon","Empty Cage","downfall:HeartBlessingGreen","downfall:HeartBlessingBlue","Old Coin","Blood Vial","Pocketwatch","MealTicket","Toxic Egg 2"],"acts_visited":["Exordium","TheCity","TheBeyond"],"potions_floor_usage":[16,23,50,50],"damage_taken":[{"damage":15,"enemies":"Small Slimes","floor":2,"turns":4},{"damage":3,"enemies":"2 Louse","floor":3,"turns":3},{"damage":7,"enemies":"Jaw Worm","floor":4,"turns":6},{"damage":1,"enemies":"downfall:FleeingMerchant","floor":5,"turns":4},{"damage":14,"enemies":"Gremlin Nob","floor":9,"turns":3},{"damage":0,"enemies":"2 Fungi Beasts","floor":11,"turns":2},{"damage":11,"enemies":"3 Sentries","floor":12,"turns":6},{"damage":0,"enemies":"3 Louse","floor":13,"turns":2},{"damage":0,"enemies":"Large Slime","floor":15,"turns":3},{"damage":25,"enemies":"DF_ARCHETYPE_STREAMLINE","floor":16,"turns":7},{"damage":9,"enemies":"Shell Parasite","floor":19,"turns":3},{"damage":8,"enemies":"Chosen","floor":21,"turns":3},{"damage":0,"enemies":"downfall:FleeingMerchant","floor":22,"turns":4},{"damage":28,"enemies":"Book of Stabbing","floor":23,"turns":4},{"damage":0,"enemies":"Sentry and Sphere","floor":28,"turns":3},{"damage":14,"enemies":"Snake Plant","floor":29,"turns":3},{"damage":20,"enemies":"3 Cultists","floor":31,"turns":4},{"damage":29,"enemies":"Shelled Parasite and Fungi","floor":32,"turns":3},{"damage":19,"enemies":"WA_ARCHETYPE_CALM","floor":33,"turns":5},{"damage":21,"enemies":"3 Darklings","floor":36,"turns":3},{"damage":6,"enemies":"Orb Walker","floor":37,"turns":1},{"damage":31,"enemies":"2 Orb Walkers","floor":38,"turns":4},{"damage":45,"enemies":"Writhing Mass","floor":39,"turns":4},{"damage":27,"enemies":"Nemesis","floor":42,"turns":5},{"damage":7,"enemies":"4 Shapes","floor":44,"turns":4},{"damage":14,"enemies":"Reptomancer","floor":45,"turns":5},{"damage":12,"enemies":"Transient","floor":47,"turns":5},{"damage":0,"enemies":"Nemesis","floor":48,"turns":3},{"damage":6,"enemies":"Spire Growth","floor":49,"turns":3},{"damage":103,"enemies":"IC_BLOCK_ARCHETYPE","floor":50,"turns":8}],"seed_played":"-5694044183953614955","potions_obtained":[{"floor":2,"key":"EssenceOfSteel"},{"floor":13,"key":"BlessingOfTheForge"},{"floor":15,"key":"Weak Potion"},{"floor":19,"key":"DuplicationPotion"},{"floor":25,"key":"CultistPotion"},{"floor":28,"key":"Strength Potion"},{"floor":47,"key":"Slimebound:SlimedPotion"}],"is_trial":false,"path_per_floor":["R","M","M","M","$","R","T","R","E","?","M","E","M","?","M","B",null,"R","M","?","M","$","E","T","?","?","?","M","M","R","M","M","B",null,"R","M","M","?","M","R","T","E","R","M","E","R","M","E","M","B"],"character_chosen":"SLIMEBOUND","items_purchased":["Slimebound:ComboTackle","Slimebound:CheckThePlaybook","Slimebound:GoopTackle"],"campfire_rested":1,"item_purchase_floors":[5,22,22],"current_hp_per_floor":[65,52,51,46,51,51,51,51,43,43,45,36,40,40,42,43,65,65,58,58,54,58,36,36,36,20,20,32,38,38,34,25,35,65,75,62,58,45,18,40,40,33,33,48,44,44,42,52,56,0,0,0],"gold":534,"neow_bonus":"ONE_RARE_RELIC","is_daily":false,"chose_seed":false,"campfire_upgraded":4,"win_rate":0.0,"timestamp":1614325943,"path_taken":["R","M","M","M","$","R","T","R","E","?","M","E","M","?","M","BOSS","R","M","?","M","$","E","T","?","?","?","M","M","R","M","M","BOSS","R","M","M","?","M","R","T","E","R","M","E","R","M","E","M","BOSS"],"items_purchased_type":["Card","Card","Card"],"build_version":"2020-12-22","purchased_purges":1,"victory":false,"max_hp_per_floor":[65,65,65,65,65,65,65,65,65,65,65,65,65,65,65,65,65,65,65,65,65,65,65,65,65,65,65,65,65,65,65,65,65,65,75,75,75,75,75,75,75,75,75,75,75,75,75,75,75,75,75,75],"card_choices":[{"not_picked":["Slimebound:LeechingTouch","Slimebound:ComboTackle"],"picked":"Slimebound:LivingWall","floor":2},{"not_picked":["Slimebound:LivingWall","Slimebound:DivideAndConquer"],"picked":"Slimebound:RollThrough","floor":3},{"not_picked":["Slimebound:SpikyOuterGoop","Slimebound:LivingWall"],"picked":"Slimebound:Nibble","floor":4},{"not_picked":["Slimebound:SplitAcid","Slimebound:ItLooksTasty"],"picked":"Slimebound:GoopTackle","floor":5},{"not_picked":["Slimebound:PressTheAttack","Slimebound:Nibble","Slimebound:SlimeBrawl"],"picked":"SKIP","floor":9},{"not_picked":["Slimebound:SplitAcid","Slimebound:GoopTackle","Slimebound:LeechingTouch"],"picked":"SKIP","floor":11},{"not_picked":["Slimebound:SplitMire","Slimebound:Prepare"],"picked":"Slimebound:RollThrough","floor":12},{"not_picked":["Slimebound:ItLooksTasty","Slimebound:SlimeBrawl"],"picked":"Slimebound:SlimeSpikes","floor":13},{"not_picked":["Slimebound:LeechEnergy","Slimebound:RainOfGoop","Slimebound:SpikyOuterGoop"],"picked":"SKIP","floor":15},{"not_picked":["Slimebound:DuplicatedForm","Slimebound:SelfFormingGoo"],"picked":"Slimebound:OozeBath","floor":16},{"not_picked":["Slimebound:LeechingTouch","Slimebound:ItLooksTasty"],"picked":"Slimebound:GoopSpray","floor":19},{"not_picked":["Slimebound:LivingWall","Slimebound:LeechingTouch","Slimebound:SplitLeeching"],"picked":"SKIP","floor":21},{"not_picked":["Slimebound:LeechEnergy","Slimebound:PressTheAttack"],"picked":"Slimebound:Schlurp","floor":22},{"not_picked":["Slimebound:SlimeSpikes","Slimebound:ServeAndProtect"],"picked":"Slimebound:HungryTackle","floor":23},{"not_picked":["Slimebound:LeechEnergy","Slimebound:FinishingTackle"],"picked":"Slimebound:Prepare+1","floor":28},{"not_picked":["Slimebound:Replication","Slimebound:FinishingTackle"],"picked":"Slimebound:HauntingLick","floor":29},{"not_picked":["Slimebound:LeechingTouch","Slimebound:SlimeSpikes+1","Slimebound:GoopTackle"],"picked":"SKIP","floor":31},{"not_picked":["Slimebound:Nibble","Slimebound:CheckThePlaybook"],"picked":"Slimebound:SlimeSpikes+1","floor":32},{"not_picked":["Slimebound:DuplicatedForm","Slimebound:Teamwork"],"picked":"Slimebound:Recycling","floor":33},{"not_picked":["Slimebound:ItLooksTasty+1","Slimebound:Nibble"],"picked":"Slimebound:Grow+1","floor":36},{"not_picked":["Slimebound:ComboTackle+1","Slimebound:LivingWall+1"],"picked":"Slimebound:Prepare","floor":37},{"not_picked":["Slimebound:SlimeBarrage","Slimebound:SamplingLick"],"picked":"Slimebound:Schlurp+1","floor":39},{"not_picked":["Slimebound:GoopTackle","Slimebound:LeechEnergy+1","Slimebound:Schlurp"],"picked":"SKIP","floor":42},{"not_picked":["Slimebound:FirmFortitude","Slimebound:SplitLeeching"],"picked":"Slimebound:Nibble","floor":44},{"not_picked":["Slimebound:LeadByExample+1","Slimebound:HauntingLick+1"],"picked":"Slimebound:SamplingLick","floor":45},{"not_picked":["Slimebound:ComboTackle","Slimebound:SlimeSpikes","Slimebound:FinishingTackle"],"picked":"SKIP","floor":47},{"not_picked":["Slimebound:SpikyOuterGoop","Slimebound:SlimeBrawl+1"],"picked":"Slimebound:GoopSpray+1","floor":48},{"not_picked":["Slimebound:PressTheAttack","Slimebound:Equalize+1"],"picked":"Slimebound:LeechLife","floor":49}],"player_experience":609521,"relics_obtained":[{"floor":7,"key":"Pantograph"},{"floor":9,"key":"Calipers"},{"floor":12,"key":"Anchor"},{"floor":23,"key":"Art of War"},{"floor":26,"key":"Necronomicon"},{"floor":38,"key":"Old Coin"},{"floor":41,"key":"Blood Vial"},{"floor":42,"key":"Pocketwatch"},{"floor":45,"key":"MealTicket"},{"floor":48,"key":"Toxic Egg 2"}],"event_choices":[{"damage_healed":0,"gold_gain":0,"player_choice":"Fight","damage_taken":0,"max_hp_gain":0,"max_hp_loss":0,"event_name":"Mysterious Sphere","floor":38,"gold_loss":0}],"is_beta":false,"boss_relics":[{"not_picked":["Busted Crown","bronze:MakeshiftBattery"],"picked":"Philosopher\u0027s Stone"},{"not_picked":["Black Star","Snecko Eye"],"picked":"Empty Cage"}],"items_purged_floors":[5],"is_endless":false,"potions_floor_spawned":[2,13,15,19,28,29,38,39,45,47,49],"killed_by":"IC_BLOCK_ARCHETYPE","ascension_level":2}}