{"host":"spd19cimorv47raq","time":1614347816,"event":{"mods":["AchievementEnabler","BaseMod","Colored Map","DeckTracker","Keyboard Shortcuts","Minty Spire (QoL Compilation)","Quick Restart","StSLib","SuperFastMode"],"gold_per_floor":[18,30,41,56,68,68,100,100,100,117,132,150,150,100,100,204,204,216,227,326,345,270,270,301,301,326,359,14,14,28,44,44,140,140,153,167,185,185,195,224,224,252,277,39,39,39,39,15,15,15,15],"floor_reached":50,"language":"KOR","playtime":3308,"items_purged":[],"score":569,"play_id":"819dfcb7-e5ad-4997-bc41-cfec86a9579e","local_time":"20210226225656","is_ascension_mode":false,"campfire_choices":[{"data":"Dagger Spray","floor":6.0,"key":"SMITH"},{"data":"Predator","floor":8.0,"key":"SMITH"},{"data":"Terror","floor":13.0,"key":"SMITH"},{"data":"Footwork","floor":15.0,"key":"SMITH"},{"data":"Crippling Poison","floor":23.0,"key":"SMITH"},{"data":"After Image","floor":25.0,"key":"SMITH"},{"data":"Catalyst","floor":29.0,"key":"SMITH"},{"data":"Deadly Poison","floor":32.0,"key":"SMITH"},{"data":"A Thousand Cuts","floor":41.0,"key":"SMITH"},{"data":"Footwork","floor":45.0,"key":"SMITH"},{"data":"Well Laid Plans","floor":47.0,"key":"SMITH"},{"data":"Acrobatics","floor":49.0,"key":"SMITH"}],"circlet_count":0,"master_deck":["Strike_G","Strike_G","Strike_G","Defend_G","Defend_G","Defend_G","Defend_G","Defend_G","Survivor","Neutralize","Dagger Spray+1","Flechettes","Poisoned Stab","Predator+1","Backstab","Footwork+1","Well Laid Plans+1","Terror+1","Bullet Time","PiercingWail+1","Crippling Poison+1","Deflect+1","After Image+1","PiercingWail","Footwork+1","Deadly Poison+1","Catalyst+1","Catalyst+1","PiercingWail+1","A Thousand Cuts+1","PiercingWail+1","Deadly Poison+1","Acrobatics+1"],"relics":["Ring of the Snake","Pocketwatch","HornCleat","Letter Opener","Sozu","Turnip","Ancient Tea Set","Darkstone Periapt","Centennial Puzzle","Busted Crown","Mummified Hand","Blue Candle","Omamori","Pantograph"],"acts_visited":["Exordium","TheCity","TheBeyond"],"potions_floor_usage":[],"damage_taken":[{"damage":0.0,"enemies":"Small Slimes","floor":1.0,"turns":3.0},{"damage":1.0,"enemies":"Jaw Worm","floor":2.0,"turns":4.0},{"damage":0.0,"enemies":"Cultist","floor":3.0,"turns":3.0},{"damage":0.0,"enemies":"Exordium Wildlife","floor":4.0,"turns":3.0},{"damage":6.0,"enemies":"Large Slime","floor":5.0,"turns":5.0},{"damage":14.0,"enemies":"Gremlin Nob","floor":7.0,"turns":3.0},{"damage":2.0,"enemies":"3 Louse","floor":10.0,"turns":2.0},{"damage":0.0,"enemies":"Lots of Slimes","floor":11.0,"turns":1.0},{"damage":1.0,"enemies":"Red Slaver","floor":12.0,"turns":2.0},{"damage":2.0,"enemies":"Hexaghost","floor":16.0,"turns":9.0},{"damage":2.0,"enemies":"Shell Parasite","floor":18.0,"turns":3.0},{"damage":0.0,"enemies":"Chosen","floor":19.0,"turns":4.0},{"damage":0.0,"enemies":"3 Cultists","floor":21.0,"turns":4.0},{"damage":1.0,"enemies":"Gremlin Leader","floor":24.0,"turns":4.0},{"damage":8.0,"enemies":"Slavers","floor":27.0,"turns":5.0},{"damage":0.0,"enemies":"Shelled Parasite and Fungi","floor":30.0,"turns":4.0},{"damage":4.0,"enemies":"Snake Plant","floor":31.0,"turns":4.0},{"damage":6.0,"enemies":"Champ","floor":33.0,"turns":9.0},{"damage":0.0,"enemies":"Orb Walker","floor":35.0,"turns":3.0},{"damage":2.0,"enemies":"3 Darklings","floor":36.0,"turns":5.0},{"damage":9.0,"enemies":"Sphere and 2 Shapes","floor":37.0,"turns":6.0},{"damage":11.0,"enemies":"Writhing Mass","floor":39.0,"turns":7.0},{"damage":17.0,"enemies":"Reptomancer","floor":40.0,"turns":6.0},{"damage":1.0,"enemies":"Giant Head","floor":42.0,"turns":6.0},{"damage":0,"enemies":"Time Eater","floor":50,"turns":1}],"seed_played":"-855489441605664454","potions_obtained":[{"floor":1.0,"key":"CunningPotion"},{"floor":7.0,"key":"Regen Potion"},{"floor":11.0,"key":"DuplicationPotion"},{"floor":12.0,"key":"SpeedPotion"},{"floor":16.0,"key":"Strength Potion"}],"is_trial":false,"path_per_floor":["M","M","M","M","M","R","E","R","T","M","M","M","R","?","R","B",null,"M","M","?","M","?","R","E","R","T","E","$","R","M","M","R","B",null,"M","M","M","?","M","E","R","E","T","$","R","?","R","$","R","B"],"character_chosen":"THE_SILENT","items_purchased":["Footwork","Deadly Poison","Catalyst","Centennial Puzzle","Pantograph","Acrobatics"],"campfire_rested":0,"item_purchase_floors":[28,28,28,28,44,48],"current_hp_per_floor":[70,69,69,69,63,63,49,49,49,47,47,46,46,46,46,44,70,68,68,68,68,68,68,67,67,67,59,59,59,59,55,55,49,70,70,68,59,59,48,46,46,45,45,45,45,45,45,45,45,66,66],"gold":15,"neow_bonus":"ONE_RARE_RELIC","is_daily":false,"chose_seed":false,"campfire_upgraded":12,"win_rate":0.0,"timestamp":1614347816,"path_taken":["M","M","M","M","M","R","E","R","T","M","M","M","R","?","R","BOSS","M","M","?","M","?","R","E","R","T","E","?","R","M","?","R","BOSS","M","M","?","?","M","E","R","E","T","$","R","?","R","$","R","BOSS"],"items_purchased_type":["Card","Card","Card","Relic","Relic","Card"],"build_version":"2020-12-22","purchased_purges":0,"victory":false,"max_hp_per_floor":[70,70,70,70,70,70,70,70,70,70,70,70,70,70,70,70,70,70,70,70,70,70,70,70,70,70,70,70,70,70,70,70,70,70,70,70,70,66,66,66,66,66,66,66,66,66,66,66,66,66,66],"card_choices":[{"not_picked":["Catalyst","Choke"],"picked":"Dagger Spray","floor":1.0},{"not_picked":["Dagger Throw","Slice","Acrobatics"],"picked":"SKIP","floor":2.0},{"not_picked":["Dagger Spray","Setup"],"picked":"Flechettes","floor":3.0},{"not_picked":["Underhanded Strike","Sucker Punch"],"picked":"Poisoned Stab","floor":4.0},{"not_picked":["Choke","Finisher"],"picked":"Predator","floor":5.0},{"not_picked":["Eviscerate","Endless Agony"],"picked":"Backstab","floor":7.0},{"not_picked":["Dagger Throw","PiercingWail"],"picked":"Footwork","floor":10.0},{"not_picked":["Eviscerate","Masterful Stab"],"picked":"Well Laid Plans","floor":11.0},{"not_picked":["Expertise","Bane"],"picked":"Terror","floor":12.0},{"not_picked":["Phantasmal Killer","Tools of the Trade"],"picked":"Bullet Time","floor":16.0},{"not_picked":["Outmaneuver","Infinite Blades"],"picked":"PiercingWail+1","floor":18.0},{"not_picked":["Poisoned Stab","Concentrate"],"picked":"Crippling Poison","floor":19.0},{"not_picked":["Dagger Spray+1","Quick Slash"],"picked":"Deflect+1","floor":21.0},{"not_picked":["Dagger Throw","Dagger Spray"],"picked":"After Image","floor":24.0},{"not_picked":["Sucker Punch","Terror+1"],"picked":"PiercingWail","floor":27.0},{"not_picked":["Terror","Flying Knee+1"],"picked":"Catalyst+1","floor":30.0},{"not_picked":["Terror+1","Reflex+1"],"picked":"PiercingWail+1","floor":31.0},{"not_picked":["Bullet Time","Unload"],"picked":"A Thousand Cuts","floor":33.0},{"not_picked":["Crippling Poison"],"picked":"SKIP","floor":35.0},{"not_picked":["Flechettes+1"],"picked":"SKIP","floor":36.0},{"not_picked":[],"picked":"PiercingWail+1","floor":37.0},{"not_picked":[],"picked":"Deadly Poison+1","floor":39.0},{"not_picked":["Accuracy+1"],"picked":"SKIP","floor":40.0},{"not_picked":["Dagger Throw+1"],"picked":"SKIP","floor":42.0}],"player_experience":915204,"relics_obtained":[{"floor":7.0,"key":"HornCleat"},{"floor":9.0,"key":"Letter Opener"},{"floor":24.0,"key":"Turnip"},{"floor":26.0,"key":"Ancient Tea Set"},{"floor":27.0,"key":"Darkstone Periapt"},{"floor":40.0,"key":"Mummified Hand"},{"floor":42.0,"key":"Blue Candle"},{"floor":43.0,"key":"Omamori"}],"event_choices":[{"cards_removed":["Strike_G"],"damage_healed":0.0,"max_hp_gain":0.0,"max_hp_loss":0.0,"gold_gain":0.0,"event_name":"The Cleric","player_choice":"Card Removal","floor":14.0,"gold_loss":50.0,"damage_taken":0.0},{"damage_healed":0.0,"max_hp_gain":0.0,"max_hp_loss":0.0,"gold_gain":99.0,"event_name":"Nest","player_choice":"Stole From Cult","floor":20.0,"gold_loss":0.0,"damage_taken":0.0},{"cards_removed":["Strike_G"],"damage_healed":0.0,"max_hp_gain":0.0,"max_hp_loss":0.0,"gold_gain":0.0,"event_name":"Beggar","player_choice":"Gave Gold","floor":22.0,"gold_loss":75.0,"damage_taken":0.0},{"damage_healed":0.0,"max_hp_gain":0.0,"max_hp_loss":4.0,"gold_gain":0.0,"event_name":"Winding Halls","player_choice":"Max HP","floor":38.0,"gold_loss":0.0,"damage_taken":0.0},{"damage_healed":0.0,"max_hp_gain":0.0,"max_hp_loss":0.0,"gold_gain":0.0,"event_name":"SensoryStone","player_choice":"Memory 1","floor":46.0,"gold_loss":0.0,"damage_taken":0.0}],"is_beta":false,"boss_relics":[{"not_picked":["Calling Bell","Runic Dome"],"picked":"Sozu"},{"not_picked":["WristBlade","Cursed Key"],"picked":"Busted Crown"}],"items_purged_floors":[],"is_endless":false,"potions_floor_spawned":[1,7,11,12,16,19,24,27,36,39],"killed_by":"Time Eater","ascension_level":0}}