{"host":"ty2cix8xj6r3ad26","time":1614370245,"event":{"mods":["AchievementEnabler","BaseMod","BetterRewards","Minty Spire (QoL Compilation)","Quick Restart","StSLib","SuperFastMode"],"gold_per_floor":[114,132,132,76,96,96,129,149,175,175,200,200,212,9,9,86,86,105,105,105,124,49,84,94,109,163,197,47,47,47,122,122,198,198,214,39,56,75,91,91,106,106,106,141,157,157,4,16,16,16],"floor_reached":51,"language":"ENG","playtime":3168,"items_purged":["Strike_B","Strike_B","Dualcast","Defend_B","Go for the Eyes+1"],"score":1856,"play_id":"7baf4520-ab42-4b69-8a51-3526820af38b","local_time":"20210226221045","is_ascension_mode":true,"campfire_choices":[{"data":"Sunder","floor":6,"key":"SMITH"},{"data":"Gash","floor":10,"key":"SMITH"},{"data":"Strike_B","floor":12,"key":"PURGE"},{"data":"Defend_B","floor":15,"key":"PURGE"},{"data":"Scrape","floor":29,"key":"SMITH"},{"data":"Defend_B","floor":32,"key":"PURGE"},{"data":"Defend_B","floor":40,"key":"PURGE"},{"data":"Parasite","floor":42,"key":"PURGE"},{"data":"1","floor":46,"key":"LIFT"},{"data":"2","floor":49,"key":"LIFT"}],"circlet_count":0,"master_deck":["AscendersBane","Genetic Algorithm+1","Gash+1","Gash","Reprogram+1","Secret Technique+1","Blind+1","Hologram+1","Sunder+1","Reboot+1","White Noise+1","Steam+1","Seek+1","RitualDagger","Reinforced Body+1","Scrape+1","Buffer+1","Hologram+1","Gash+1"],"relics":["Cracked Core","TungstenRod","Lee\u0027s Waffle","Anchor","Toxic Egg 2","Toy Ornithopter","Tiny Chest","Blood Vial","Peace Pipe","Runic Dome","InkBottle","DataDisk","Frozen Egg 2","Strange Spoon","Letter Opener","Runic Pyramid","Akabeko","Girya","War Paint"],"acts_visited":["Exordium","TheCity","TheBeyond"],"potions_floor_usage":[7,8,11,11,24,27,39,50],"damage_taken":[{"damage":1,"enemies":"Jaw Worm","floor":1,"turns":4},{"damage":0,"enemies":"Cultist","floor":2,"turns":4},{"damage":0,"enemies":"2 Louse","floor":5,"turns":3},{"damage":14,"enemies":"Gremlin Nob","floor":7,"turns":5},{"damage":17,"enemies":"Large Slime","floor":8,"turns":8},{"damage":0,"enemies":"3 Sentries","floor":11,"turns":6},{"damage":0,"enemies":"Exordium Wildlife","floor":13,"turns":2},{"damage":0,"enemies":"Slime Boss","floor":16,"turns":6},{"damage":0,"enemies":"3 Byrds","floor":18,"turns":5},{"damage":0,"enemies":"Spheric Guardian","floor":21,"turns":1},{"damage":0,"enemies":"Gremlin Leader","floor":23,"turns":6},{"damage":0,"enemies":"Shelled Parasite and Fungi","floor":24,"turns":5},{"damage":0,"enemies":"3 Cultists","floor":25,"turns":5},{"damage":0,"enemies":"Slavers","floor":27,"turns":7},{"damage":0,"enemies":"Champ","floor":33,"turns":7},{"damage":0,"enemies":"3 Shapes","floor":35,"turns":2},{"damage":0,"enemies":"Orb Walker","floor":37,"turns":3},{"damage":0,"enemies":"Writhing Mass","floor":38,"turns":3},{"damage":0,"enemies":"3 Darklings","floor":39,"turns":3},{"damage":0,"enemies":"Jaw Worm Horde","floor":41,"turns":3},{"damage":0,"enemies":"Reptomancer","floor":44,"turns":3},{"damage":0,"enemies":"Maw","floor":45,"turns":4},{"damage":0,"enemies":"4 Shapes","floor":48,"turns":2},{"damage":7,"enemies":"Donu and Deca","floor":50,"turns":7}],"seed_played":"156523463969946592","potions_obtained":[{"floor":2,"key":"CultistPotion"},{"floor":7,"key":"Weak Potion"},{"floor":8,"key":"LiquidBronze"},{"floor":18,"key":"GamblersBrew"},{"floor":23,"key":"EssenceOfSteel"},{"floor":35,"key":"Fire Potion"},{"floor":39,"key":"Ancient Potion"},{"floor":44,"key":"Energy Potion"}],"is_trial":false,"path_per_floor":["M","M","?","?","M","R","E","M","T","R","E","R","M","$","R","B",null,"M","T","?","M","?","E","M","M","T","E","$","R","T","?","R","B",null,"M","$","M","M","M","R","M","R","T","E","M","R","$","M","R","B",null],"character_chosen":"DEFECT","items_purchased":["Genetic Algorithm","TungstenRod","Gash","Lee\u0027s Waffle","Gash","Anchor","Toxic Egg 2","Reprogram+1","Secret Technique+1","Blind+1","PowerPotion","Steam+1","Strange Spoon","War Paint"],"campfire_rested":0,"item_purchase_floors":[0,0,0,0,0,0,0,0,0,0,0,14,28,47],"current_hp_per_floor":[77,77,77,77,77,77,64,52,52,52,64,64,66,66,66,68,76,78,78,73,75,75,77,78,78,78,78,78,78,78,72,72,74,77,78,78,78,78,78,78,78,75,75,75,75,75,75,75,75,68],"gold":16,"neow_bonus":"","is_daily":false,"chose_seed":false,"campfire_upgraded":3,"win_rate":0.0,"timestamp":1614370245,"path_taken":["M","M","?","?","M","R","E","?","T","R","E","R","?","?","R","BOSS","M","?","?","M","?","E","?","M","T","E","$","R","?","?","R","BOSS","M","?","M","M","M","R","M","R","T","E","M","R","$","M","R","BOSS"],"items_purchased_type":["Card","Relic","Card","Relic","Card","Relic","Relic","Card","Card","Card","Potion","Card","Relic","Relic"],"build_version":"2020-12-22","purchased_purges":5,"victory":true,"max_hp_per_floor":[78,78,78,78,78,78,78,78,78,78,78,78,78,78,78,78,78,78,78,78,78,78,78,78,78,78,78,78,78,78,78,78,78,78,78,78,78,78,78,78,78,75,75,75,75,75,75,75,75,75],"card_choices":[{"not_picked":["Conserve Battery+1","Double Energy+1"],"picked":"Hologram+1","floor":1},{"not_picked":["Streamline","Blizzard"],"picked":"Sunder","floor":2},{"not_picked":["Streamline","Gash","Redo+1"],"picked":"SKIP","floor":5},{"not_picked":["Blizzard","Stack+1","Ball Lightning"],"picked":"SKIP","floor":7},{"not_picked":["Leap+1","Cold Snap","Force Field+1"],"picked":"SKIP","floor":8},{"not_picked":["FTL","Steam+1"],"picked":"Reboot+1","floor":11},{"not_picked":["Steam Power+1","Redo+1"],"picked":"White Noise+1","floor":13},{"not_picked":["Thunder Strike","Multi-Cast+1"],"picked":"Seek+1","floor":16},{"not_picked":["Turbo+1","Cold Snap+1","Leap+1"],"picked":"SKIP","floor":18},{"not_picked":["Rebound","Barrage","Auto Shields+1"],"picked":"SKIP","floor":21},{"not_picked":["BootSequence+1","Heatsinks"],"picked":"Reinforced Body+1","floor":23},{"not_picked":["Go for the Eyes","Sunder","Turbo+1"],"picked":"SKIP","floor":24},{"not_picked":["Fusion+1","Chaos+1","Ball Lightning"],"picked":"SKIP","floor":25},{"not_picked":["FTL","Turbo+1"],"picked":"Scrape","floor":27},{"not_picked":["Creative AI+1","Rainbow+1"],"picked":"Buffer+1","floor":33},{"not_picked":["Skim+1","Cold Snap+1"],"picked":"Go for the Eyes+1","floor":35},{"not_picked":["Barrage","Aggregate+1","Darkness+1"],"picked":"SKIP","floor":37},{"not_picked":["Self Repair+1","Double Energy+1"],"picked":"Hologram+1","floor":38},{"not_picked":["Stack+1","Steam+1","Rebound+1"],"picked":"SKIP","floor":39},{"not_picked":["Ball Lightning+1","Blizzard","Hologram+1"],"picked":"SKIP","floor":41},{"not_picked":["Multi-Cast+1","Melter+1"],"picked":"Gash+1","floor":44},{"not_picked":["Go for the Eyes","Glacier+1","Barrage"],"picked":"SKIP","floor":45},{"not_picked":["Go for the Eyes","Glacier+1","Barrage"],"picked":"SKIP","floor":45},{"not_picked":["Coolheaded+1","Recycle+1","Ball Lightning"],"picked":"SKIP","floor":48}],"player_experience":630078,"relics_obtained":[{"floor":7,"key":"Tiny Chest"},{"floor":9,"key":"Blood Vial"},{"floor":11,"key":"Peace Pipe"},{"floor":23,"key":"InkBottle"},{"floor":26,"key":"DataDisk"},{"floor":27,"key":"Frozen Egg 2"},{"floor":30,"key":"Letter Opener"},{"floor":43,"key":"Akabeko"},{"floor":44,"key":"Girya"}],"event_choices":[{"cards_removed":["Zap"],"damage_healed":0,"gold_gain":0,"player_choice":"Forget","damage_taken":0,"max_hp_gain":0,"max_hp_loss":0,"event_name":"Living Wall","floor":3,"gold_loss":0},{"damage_healed":0,"gold_gain":0,"player_choice":"Paid Gold","damage_taken":0,"relics_obtained":["Toy Ornithopter"],"max_hp_gain":0,"max_hp_loss":0,"event_name":"WeMeetAgain","floor":4,"gold_loss":56},{"damage_healed":0,"gold_gain":0,"player_choice":"Joined the Cult","damage_taken":6,"max_hp_gain":0,"max_hp_loss":0,"event_name":"Nest","floor":20,"gold_loss":0,"cards_obtained":["RitualDagger"]},{"cards_removed":["Strike_B"],"damage_healed":0,"gold_gain":0,"player_choice":"Gave Gold","damage_taken":0,"max_hp_gain":0,"max_hp_loss":0,"event_name":"Beggar","floor":22,"gold_loss":75},{"damage_healed":0,"gold_gain":75,"player_choice":"Touch","damage_taken":7,"max_hp_gain":0,"max_hp_loss":0,"event_name":"FaceTrader","floor":31,"gold_loss":0}],"is_beta":false,"boss_relics":[{"not_picked":["Inserter","Tiny House"],"picked":"Runic Dome"},{"not_picked":["Coffee Dripper","Snecko Eye"],"picked":"Runic Pyramid"}],"items_purged_floors":[0,0,0,14,36],"is_endless":false,"potions_floor_spawned":[2,7,8,18,23,35,39,44,48],"ascension_level":14}}