{"host":"bxn2em57qlx5u4i0","time":1614304050,"event":{"mods":["BaseMod","Colored Map","Colored Powertips","Highlight Path","Minty Spire (QoL Compilation)","Random Character Button","Relic Sorter","Relic Stats","StSLib","SuperFastMode"],"gold_per_floor":[112,262,262,27,38,38,69,99,159,171,196,225,237,280,292,304,304],"floor_reached":16,"language":"ENG","playtime":307,"items_purged":["Doubt"],"score":270,"play_id":"930ab67e-cf46-4695-8cb1-34652023718e","local_time":"20210225204730","is_ascension_mode":true,"campfire_choices":[{"data":"Quick Slash","floor":6,"key":"SMITH"},{"data":"Footwork","floor":10,"key":"SMITH"},{"data":"All Out Attack","floor":13,"key":"SMITH"},{"data":"Blade Dance","floor":15,"key":"SMITH"}],"circlet_count":0,"master_deck":["AscendersBane","Strike_G","Strike_G","Strike_G","Strike_G","Strike_G","Defend_G+1","Defend_G","Defend_G+1","Defend_G","Defend_G","Survivor","Neutralize","Quick Slash+1","PiercingWail","Footwork+1","Blade Dance+1","All Out Attack+1","Backstab"],"relics":["Ring of the Snake","NeowsBlessing","Sling","MawBank","Smiling Mask","War Paint"],"acts_visited":["Exordium"],"potions_floor_usage":[14],"damage_taken":[{"damage":0,"enemies":"2 Louse","floor":1,"turns":1},{"damage":0,"enemies":"Cultist","floor":5,"turns":1},{"damage":0,"enemies":"3 Sentries","floor":7,"turns":2},{"damage":0,"enemies":"Small Slimes","floor":8,"turns":4},{"damage":9,"enemies":"Exordium Thugs","floor":11,"turns":9},{"damage":2,"enemies":"Exordium Wildlife","floor":12,"turns":4},{"damage":9,"enemies":"Lagavulin","floor":14,"turns":4},{"damage":32,"enemies":"Hexaghost","floor":16,"turns":9}],"seed_played":"-8495499145425337143","potions_obtained":[{"floor":1,"key":"SpeedPotion"},{"floor":8,"key":"SteroidPotion"}],"is_trial":false,"path_per_floor":["M","?","?","$","M","R","E","M","T","R","M","M","R","E","R","B"],"character_chosen":"THE_SILENT","items_purchased":["Sling"],"campfire_rested":0,"item_purchase_floors":[4],"current_hp_per_floor":[59,59,50,50,50,50,50,50,50,50,41,39,39,30,30,0,0],"gold":304,"neow_bonus":"THREE_ENEMY_KILL","is_daily":false,"chose_seed":false,"campfire_upgraded":4,"win_rate":0.0,"timestamp":1614304050,"path_taken":["M","?","?","$","M","R","E","M","T","R","?","M","R","E","R","BOSS"],"items_purchased_type":["Relic"],"build_version":"2020-12-22","purchased_purges":1,"victory":false,"max_hp_per_floor":[66,66,66,66,66,66,66,66,66,66,66,66,66,66,66,66,66],"relic_stats":{"counters":[8,34],"War Paint":["Defend_G","Defend_G"],"MawBank":108,"Smiling Mask":0,"obtain_stats":[{"NeowsBlessing":0,"War Paint":14,"Sling":4,"MawBank":7,"Smiling Mask":9,"Ring of the Snake":0},{"NeowsBlessing":0,"War Paint":7,"Sling":1,"MawBank":3,"Smiling Mask":4,"Ring of the Snake":0},{"NeowsBlessing":0,"War Paint":25,"Sling":1,"MawBank":4,"Smiling Mask":8,"Ring of the Snake":0}],"Ring of the Snake":[16]},"card_choices":[{"not_picked":["Setup","Slice"],"picked":"Quick Slash","floor":1},{"not_picked":["Quick Slash","Heel Hook"],"picked":"PiercingWail","floor":5},{"not_picked":["PiercingWail","Eviscerate"],"picked":"Footwork","floor":7},{"not_picked":["Setup","Underhanded Strike"],"picked":"Blade Dance","floor":8},{"not_picked":["Acrobatics","PiercingWail"],"picked":"All Out Attack","floor":11},{"not_picked":["Outmaneuver","Dodge and Roll"],"picked":"Backstab","floor":12},{"not_picked":["Sucker Punch","Deflect","Bane"],"picked":"SKIP","floor":14}],"player_experience":3052106,"relics_obtained":[{"floor":7,"key":"MawBank"},{"floor":9,"key":"Smiling Mask"},{"floor":14,"key":"War Paint"}],"event_choices":[{"damage_healed":0,"gold_gain":150,"player_choice":"AGREE","damage_taken":0,"max_hp_gain":0,"max_hp_loss":0,"event_name":"Liars Game","floor":2,"gold_loss":0,"cards_obtained":["Doubt"]},{"damage_healed":0,"gold_gain":0,"player_choice":"Damaged","damage_taken":9,"max_hp_gain":0,"max_hp_loss":0,"event_name":"Wheel of Change","floor":3,"gold_loss":0}],"is_beta":false,"boss_relics":[],"items_purged_floors":[4],"is_endless":false,"potions_floor_spawned":[1,8,12],"killed_by":"Hexaghost","ascension_level":20}}