{"host":"njruw0b0uprlitpx","time":1614313397,"event":{"mods":["2.2 Compatiblity","Bartender","BaseMod","Better Altar","Better Match","Better Note","Better Sensory Stone","Better Skull","Better Third Choice","BetterRewards","Block Reminder","Colored Map","Colored Powertips","Curses Come First","Energized Spire","Jedi Mod","Keyboard Shortcuts","Minty Spire (QoL Compilation)","Quick Restart","Rare Cards Sparkle","Relic Stats","Replay The Spire","SacredBarkPlus","Spicy Shops","StSLib","SuperFastMode","The Blackbeard","The Mystic"],"gold_per_floor":[119,132,132,150,2,2,18,18,18,18,18,18,28,28,28,133,133,145,155,155,8,27,61,61,92,92,120,120,120],"floor_reached":28,"language":"ENG","playtime":1836,"items_purged":["Looming Evil"],"score":531,"play_id":"2c7383a1-0845-4548-8ede-fb36e7f39073","local_time":"20210225222317","is_ascension_mode":true,"campfire_choices":[{"data":"jedi:hex","floor":6,"key":"SMITH"},{"floor":8,"key":"REST"},{"data":"Static Discharge","floor":10,"key":"SMITH"},{"data":"jedi:blockon","floor":15,"key":"SMITH"},{"floor":24,"key":"REST"}],"circlet_count":0,"master_deck":["Strike_B","Strike_B","Strike_B","Defend_B","Defend_B","Defend_B","Defend_B","Zap","Dualcast","Static Discharge+1","Turbo","jedi:sharpshooter","jedi:BurstLightning","jedi:blockon+1","Moonsault_Kick","jedi:meditation+1","jedi:hex+1","Loop+1","Melter","ReplayRNGCard","jedi:BurstFrost+1","Recycle"],"relics":["Cracked Core","TungstenRod","Frozen Egg 2","ReplayTheSpireMod:CursedCoin","PreservedInsect","Replay:Bottled Steam","Busted Crown","Replay:Baseball","Lee\u0027s Waffle","Pantograph","CeramicFish","Golden Egg","Art of War"],"acts_visited":["Exordium","TheCity"],"potions_floor_usage":[19],"damage_taken":[{"damage":0,"enemies":"Small Slimes","floor":1,"turns":3},{"damage":0,"enemies":"Cultist","floor":2,"turns":3},{"damage":3,"enemies":"2 Louse","floor":4,"turns":3},{"damage":12,"enemies":"Large Slime","floor":7,"turns":6},{"damage":14,"enemies":"Exordium Thugs","floor":13,"turns":3},{"damage":16,"enemies":"The Guardian","floor":16,"turns":7},{"damage":19,"enemies":"2 Thieves","floor":18,"turns":3},{"damage":21,"enemies":"3 Byrds","floor":19,"turns":5},{"damage":34,"enemies":"Snake Plant","floor":22,"turns":3},{"damage":24,"enemies":"Book of Stabbing","floor":23,"turns":5},{"damage":32,"enemies":"Slavers","floor":25,"turns":4},{"damage":11,"enemies":"Book of Stabbing","floor":27,"turns":4},{"damage":46,"enemies":"Centurion and Healer","floor":28,"turns":5}],"seed_played":"-5818234045760787222","potions_obtained":[{"floor":4,"key":"SteroidPotion"},{"floor":7,"key":"SteroidPotion"},{"floor":12,"key":"FairyPotion"},{"floor":12,"key":"FearPotion"},{"floor":12,"key":"SpeedPotion"},{"floor":23,"key":"Strength Potion"}],"is_trial":false,"path_per_floor":["M","M","?","M","$","R","M","R","T","R","$","?","M","?","R","B",null,"M","M","T","$","M","E","R","E","T","E","M"],"character_chosen":"DEFECT","items_purchased":["Static Discharge","Turbo","Frozen Egg 2","jedi:sharpshooter","ReplayTheSpireMod:CursedCoin","PreservedInsect","jedi:hex","Lee\u0027s Waffle"],"campfire_rested":2,"item_purchase_floors":[0,0,0,0,5,5,5,21],"current_hp_per_floor":[68,68,68,65,65,65,53,75,75,75,75,75,61,61,61,45,68,49,28,28,82,48,24,48,16,16,5,0,0],"gold":120,"neow_bonus":"","is_daily":false,"chose_seed":false,"campfire_upgraded":3,"win_rate":0.0,"timestamp":1614313397,"path_taken":["M","M","?","M","$","R","?","R","T","R","$","?","?","?","R","BOSS","M","?","?","$","M","E","R","E","T","E","M"],"items_purchased_type":["Card","Card","Relic","Card","Relic","Relic","Card","Relic"],"build_version":"2020-12-22","purchased_purges":1,"victory":false,"max_hp_per_floor":[75,75,75,75,75,75,75,75,75,75,75,75,75,75,75,75,75,75,75,75,82,82,82,82,82,82,82,82,82],"relic_stats":{"Lee\u0027s Waffle":54,"Busted Crown":12,"counters":[28,120],"Pantograph":0,"CeramicFish":0,"PreservedInsect":395,"Art of War":[1],"obtain_stats":[{"Golden Egg":26,"aspiration:Lifesprig":43,"CeramicFish":25,"Bag of Preparation":28,"aspiration:RitualStick":25,"Replay:Rubber Ducky":9,"Dream Catcher":4,"Matryoshka":26,"jedi:paperlyon":17,"Pantograph":23,"jedi:paperfaux":3,"jedi:cryingmask":12,"Prayer Wheel":42,"Necronomicon":22,"Replay:Bottled Snecko":48,"Cracked Core":0,"Replay:Bottled Steam":9,"BargainBundle":48,"Lee\u0027s Waffle":21,"Golden Idol":2,"ReplayTheSpireMod:CursedCoin":3,"Quantum Egg":43,"Counterbalance":45,"jedi:purplefairy":0,"PreservedInsect":5,"energizedSpire:StickyHand":34,"Frozen Egg 2":0,"CaptainsWheel":31,"Replay:Baseball":20,"Busted Crown":17,"Art of War":27,"aspiration:HatOfInfinitePower":48,"Toy Ornithopter":28,"TungstenRod":0},{"Golden Egg":26,"aspiration:Lifesprig":13,"CeramicFish":26,"Bag of Preparation":8,"aspiration:RitualStick":8,"Replay:Rubber Ducky":2,"Dream Catcher":1,"Matryoshka":8,"jedi:paperlyon":6,"Pantograph":25,"jedi:paperfaux":1,"jedi:cryingmask":4,"Prayer Wheel":13,"Necronomicon":8,"Replay:Bottled Snecko":14,"Cracked Core":0,"Replay:Bottled Steam":19,"BargainBundle":14,"Lee\u0027s Waffle":23,"Golden Idol":1,"ReplayTheSpireMod:CursedCoin":1,"Quantum Egg":13,"Counterbalance":14,"jedi:purplefairy":0,"PreservedInsect":18,"energizedSpire:StickyHand":10,"Frozen Egg 2":15,"CaptainsWheel":9,"Replay:Baseball":23,"Busted Crown":21,"Art of War":27,"aspiration:HatOfInfinitePower":14,"Toy Ornithopter":8,"TungstenRod":15},{"Golden Egg":111,"aspiration:Lifesprig":56,"CeramicFish":111,"Bag of Preparation":36,"aspiration:RitualStick":36,"Replay:Rubber Ducky":5,"Dream Catcher":2,"Matryoshka":36,"jedi:paperlyon":28,"Pantograph":107,"jedi:paperfaux":2,"jedi:cryingmask":17,"Prayer Wheel":54,"Necronomicon":36,"Replay:Bottled Snecko":60,"Cracked Core":0,"Replay:Bottled Steam":81,"BargainBundle":60,"Lee\u0027s Waffle":99,"Golden Idol":2,"ReplayTheSpireMod:CursedCoin":2,"Quantum Egg":56,"Counterbalance":60,"jedi:purplefairy":0,"PreservedInsect":75,"energizedSpire:StickyHand":48,"Frozen Egg 2":66,"CaptainsWheel":40,"Replay:Baseball":99,"Busted Crown":91,"Art of War":115,"aspiration:HatOfInfinitePower":60,"Toy Ornithopter":36,"TungstenRod":66}],"TungstenRod":45},"card_choices":[{"not_picked":["Gash","Turbo"],"picked":"jedi:BurstLightning","floor":1},{"not_picked":["Stack","Fusion"],"picked":"jedi:blockon","floor":2},{"not_picked":["Scrape","Time Bomb"],"picked":"jedi:meditation+1","floor":4},{"not_picked":["Scrape","ReplayTheSpireMod:GoodbyeWorld+1"],"picked":"Loop+1","floor":7},{"not_picked":["Redo","Fusion"],"picked":"Melter","floor":13},{"not_picked":["jedi:gatheringstorm","Multi-Cast"],"picked":"ReplayRNGCard","floor":16},{"not_picked":[],"picked":"jedi:BurstFrost+1","floor":18},{"not_picked":["BasicCrystalCard"],"picked":"SKIP","floor":19},{"not_picked":[],"picked":"Recycle","floor":22},{"not_picked":["Rip and Tear+1"],"picked":"SKIP","floor":23},{"not_picked":["jedi:overflow"],"picked":"SKIP","floor":25},{"not_picked":["Turbo+1"],"picked":"SKIP","floor":27}],"player_experience":1400126,"relics_obtained":[{"floor":9,"key":"Replay:Bottled Steam"},{"floor":20,"key":"Replay:Baseball"},{"floor":23,"key":"Pantograph"},{"floor":25,"key":"CeramicFish"},{"floor":26,"key":"Golden Egg"},{"floor":27,"key":"Art of War"}],"event_choices":[{"damage_healed":0,"gold_gain":1,"player_choice":"4","damage_taken":0,"max_hp_gain":0,"max_hp_loss":0,"event_name":"betterStone:BetterStone","floor":3,"gold_loss":0,"cards_obtained":["Moonsault_Kick"]},{"damage_healed":0,"gold_gain":0,"player_choice":"Got Potions","damage_taken":0,"max_hp_gain":0,"max_hp_loss":0,"event_name":"Lab","floor":12,"gold_loss":0},{"cards_removed":["Strike_B"],"damage_healed":0,"gold_gain":0,"player_choice":"Purged","damage_taken":0,"max_hp_gain":0,"max_hp_loss":0,"event_name":"Purifier","floor":14,"gold_loss":0}],"is_beta":false,"boss_relics":[{"not_picked":["Tiny House","Replay:Bronze Core"],"picked":"Busted Crown"}],"items_purged_floors":[5],"is_endless":false,"potions_floor_spawned":[4,7,18,23,27],"killed_by":"Centurion and Healer","ascension_level":9}}