{"host":"8akdrwfmzu5ai7mr","time":1614313916,"event":{"mods":["100% Spire Juice","Act Like it!","BaseMod","Colored Powertips","Downfall","Gensokyo","Marisa£®ÏF”Í°°ƒß¿Ì…≥£©","Minty Spire (QoL Compilation)","Quick Restart","Reimu£®≤©¿ˆ¡È√Œ£©","Remilia£®¿Ÿ√◊¿Ú—«£©","Replay The Spire","StSLib","The Administrix","The Marked","The Runesmith","The Servant 0.9.4","Youmu£®ªÍ∆«—˝√Œ£©","°æ“≈ŒÔø®≈∆°øREMEMod"],"gold_per_floor":[111,130,305,305,323,355,355,381,381,395,410,425,425,7,7,110,110,124,124,124,124,137,163,163,183,207,207,220,234,265,278,278,380,380,400,400,400,613,624,624,1224,1224,1305,1305,1321,172,187,207,207,207],"floor_reached":51,"language":"ZHS","playtime":5976,"items_purged":["downfall:Bewildered"],"score":926,"play_id":"9838444c-4227-4b30-b18a-7b61cf5ddaa6","local_time":"20210226123156","is_ascension_mode":false,"campfire_choices":[{"data":"BatForm","floor":7,"key":"SMITH"},{"floor":15,"key":"REST"},{"floor":24,"key":"REST"},{"data":"TheWorld","floor":27,"key":"SMITH"},{"data":"TheWorld","floor":40,"key":"SMITH"},{"data":"Embodiment","floor":42,"key":"SMITH"},{"data":"BestPractice","floor":44,"key":"SMITH"},{"data":"RealityMarble","floor":49,"key":"SMITH"}],"circlet_count":0,"master_deck":["Strike_S","Strike_S","Strike_S","Defend_S","Defend_S","Defend_S","Defend_S","KidneyShot","Exchange","BatForm+1","SurpressingFire","Moondial","Sabotage","Initiator+1","Starlight","FastForward","Comet+1","Revamp","BestPractice","BestPractice","BottledTime","TheWorld+1","Rearm","Necronomicurse","Rewind","Defy","TheWorld+1","ShiftingGears","Manipulate+1","BestPractice+1","BestPractice","Sunlight","InstantArmor","TheWorld+1","Sickly","Luminosity+1","downfall:Haunted","downfall:Haunted","Embodiment+1","Sabotage+1","REME_EyeOfCthun+1","Desolation+1","Foresight+1","RealityMarble+1"],"relics":["Uniform","REME_ComplimentaryCards","NeowsBlessing","Anchor","Replay:Bottled Steam","Pen Nib","ReplayTheSpireMod:Ninjato","FossilizedHelix","Honey Jar","Ring of Hypnosis","Ring of Searing","Necronomicon","Blue Doll","Whetstone","PureWhite:ReiMu","REME_DemonsWealth","Darkstone Periapt","Molten Egg 2","Toolbox","RomanBracelet","Incense Burner"],"acts_visited":["Exordium","TheCity","TheBeyond"],"potions_floor_usage":[8,12,23,23,23,33,33,50,50],"damage_taken":[{"damage":0,"enemies":"Small Slimes","floor":1,"turns":1},{"damage":0,"enemies":"2 Louse","floor":2,"turns":1},{"damage":0,"enemies":"Jaw Worm","floor":5,"turns":1},{"damage":13,"enemies":"3 Sentries","floor":6,"turns":14},{"damage":5,"enemies":"Lagavulin","floor":8,"turns":7},{"damage":11,"enemies":"Exordium Thugs","floor":10,"turns":4},{"damage":0,"enemies":"Large Slime","floor":11,"turns":4},{"damage":0,"enemies":"2 Fungi Beasts","floor":12,"turns":3},{"damage":0,"enemies":"The Guardian","floor":16,"turns":12},{"damage":7,"enemies":"3 Byrds","floor":18,"turns":6},{"damage":0,"enemies":"Chosen","floor":22,"turns":4},{"damage":20,"enemies":"Slavers","floor":23,"turns":7},{"damage":0,"enemies":"Shelled Parasite and Fungi","floor":25,"turns":7},{"damage":1,"enemies":"3 Cultists","floor":28,"turns":4},{"damage":2,"enemies":"Chosen and Byrds","floor":29,"turns":4},{"damage":0,"enemies":"REME_1_Revenger","floor":30,"turns":6},{"damage":4,"enemies":"Shelled Parasite and Fungi","floor":31,"turns":5},{"damage":0,"enemies":"Collector","floor":33,"turns":9},{"damage":5,"enemies":"3 Shapes","floor":35,"turns":3},{"damage":4,"enemies":"Orb Walker","floor":38,"turns":2},{"damage":0,"enemies":"Jaw Worm Horde","floor":39,"turns":3},{"damage":14,"enemies":"3 Darklings","floor":45,"turns":3},{"damage":0,"enemies":"Transient","floor":47,"turns":5},{"damage":0,"enemies":"Jaw Worm Horde","floor":48,"turns":3},{"damage":11,"enemies":"Awakened One","floor":50,"turns":9}],"seed_played":"9050887014827374063","potions_obtained":[{"floor":1,"key":"LiquidMemories"},{"floor":2,"key":"CultistPotion"},{"floor":6,"key":"Weak Potion"},{"floor":8,"key":"Fire Potion"},{"floor":18,"key":"SpeedPotion"},{"floor":28,"key":"ZuzhouPotion:ReiMu"},{"floor":30,"key":"SpeedPotion"},{"floor":31,"key":"SpeedPotion"},{"floor":32,"key":"Fire Potion"},{"floor":32,"key":"Energy Potion"},{"floor":39,"key":"Adrenaline Potion"}],"is_trial":false,"path_per_floor":["M","M","?","?","M","E","R","E","T","M","M","M","?","$","R","B",null,"M","?","?","?","M","E","R","M","T","R","M","M","E","M","R","B",null,"M","?","?","M","M","R","?","R","T","R","M","$","M","M","R","B",null],"character_chosen":"THE_SERVANT","items_purchased":["BestPractice","FossilizedHelix","BottledTime","Toolbox","RomanBracelet","Incense Burner","REME_EyeOfCthun+1","BlessingOfTheForge","LiquidMemories","Desolation+1"],"campfire_rested":2,"item_purchase_floors":[14,14,14,46,46,46,46,46,46,46],"current_hp_per_floor":[65,65,65,40,40,27,27,22,22,11,11,11,4,4,23,23,65,58,47,47,31,31,11,32,32,32,32,31,29,29,25,25,25,70,65,65,65,61,61,61,79,79,79,79,65,65,65,65,65,54],"gold":207,"neow_bonus":"THREE_ENEMY_KILL","is_daily":false,"chose_seed":false,"campfire_upgraded":6,"win_rate":0.0,"timestamp":1614313916,"path_taken":["M","M","?","?","M","E","R","E","T","M","M","M","?","$","R","BOSS","M","?","?","?","M","E","R","M","T","R","?","M","E","M","R","BOSS","M","?","?","M","?","R","?","R","T","R","M","$","M","M","R","BOSS"],"items_purchased_type":["Card","Relic","Card","Relic","Relic","Relic","Card","Potion","Potion","Card"],"build_version":"2020-12-22","purchased_purges":1,"victory":true,"max_hp_per_floor":[65,65,65,65,65,65,65,65,65,65,65,65,65,65,65,65,65,65,70,70,70,70,70,70,70,70,70,70,70,70,70,70,70,70,70,70,70,70,70,70,88,88,88,88,88,88,88,88,88,88],"card_choices":[{"not_picked":["Spin","Rearm"],"picked":"SurpressingFire","floor":1},{"not_picked":["Rearm","Snipe"],"picked":"Moondial","floor":2},{"not_picked":["TimeWarp","DoubleEdge"],"picked":"Sabotage","floor":5},{"not_picked":["TimeWarp","Revamp"],"picked":"Initiator","floor":6},{"not_picked":["Read","DualDimension"],"picked":"Starlight","floor":8},{"not_picked":["DoubleEdge","Rearm"],"picked":"FastForward","floor":10},{"not_picked":["Foresight","Revamp"],"picked":"Comet","floor":11},{"not_picked":["ShiftingGears","Starlight"],"picked":"Revamp","floor":12},{"not_picked":["Solidify","Sunlight"],"picked":"TheWorld","floor":16},{"not_picked":["FastForward","Hightail","Moonlight"],"picked":"Rearm","floor":18},{"not_picked":["FastForward","BottledTime","Unruled+1"],"picked":"Rewind","floor":22},{"not_picked":["Replace+1","Revamp","Solidify"],"picked":"Defy","floor":23},{"not_picked":["ShatteredReality","Hightail+1","Rearm+1"],"picked":"TheWorld","floor":25},{"not_picked":["Starlight","Rearm","Alleviate"],"picked":"ShiftingGears","floor":28},{"not_picked":["DualDimension","Defy+1","Replace+1"],"picked":"Manipulate+1","floor":29},{"not_picked":["Rewind","DoubleEdge","DualDimension"],"picked":"BestPractice","floor":30},{"not_picked":["FastForward","Potential","Defy+1"],"picked":"BestPractice","floor":31},{"not_picked":["Solidify","Deny","Duplication"],"picked":"Sunlight","floor":33},{"not_picked":["Collapse+1","Read+1","Defy+1","Pain"],"picked":"InstantArmor","floor":35},{"not_picked":["Rewind+1","Replace","TimeTheft","Ricochet+1"],"picked":"Sickly","floor":38},{"not_picked":["Spin","Rearm","FanOfKnives","Looming Evil"],"picked":"Luminosity+1","floor":39},{"not_picked":["DoubleEdge+1","Comet+1","Starlight+1","Clumsy"],"picked":"Sabotage+1","floor":45},{"not_picked":["FastForward","DoubleEdge+1","BottledTime","Decay"],"picked":"Foresight+1","floor":47},{"not_picked":["FastForward+1","Luminosity","Moondial","Languid"],"picked":"RealityMarble","floor":48}],"player_experience":170495,"relics_obtained":[{"floor":6,"key":"Replay:Bottled Steam"},{"floor":8,"key":"Pen Nib"},{"floor":9,"key":"ReplayTheSpireMod:Ninjato"},{"floor":20,"key":"Ring of Hypnosis"},{"floor":20,"key":"Ring of Searing"},{"floor":21,"key":"Necronomicon"},{"floor":23,"key":"Blue Doll"},{"floor":26,"key":"Whetstone"},{"floor":30,"key":"PureWhite:ReiMu"},{"floor":43,"key":"Molten Egg 2"}],"event_choices":[{"damage_healed":0,"gold_gain":175,"player_choice":"AGREE","damage_taken":0,"max_hp_gain":0,"max_hp_loss":0,"event_name":"Liars Game","floor":3,"gold_loss":0,"cards_obtained":["Doubt"]},{"damage_healed":0,"gold_gain":0,"player_choice":"Success","damage_taken":25,"relics_obtained":["Anchor"],"max_hp_gain":0,"max_hp_loss":0,"event_name":"Scrap Ooze","floor":4,"gold_loss":0},{"cards_removed":["Doubt"],"damage_healed":0,"gold_gain":0,"player_choice":"Card Removal","damage_taken":7,"max_hp_gain":0,"max_hp_loss":0,"event_name":"Golden Wing","floor":13,"gold_loss":0},{"damage_healed":0,"gold_gain":0,"player_choice":"Shed Blood","damage_taken":16,"max_hp_gain":5,"max_hp_loss":0,"event_name":"Forgotten Altar","floor":19,"gold_loss":0},{"damage_healed":0,"gold_gain":0,"player_choice":"Obtained Book","damage_taken":16,"max_hp_gain":0,"max_hp_loss":0,"event_name":"Cursed Tome","floor":21,"gold_loss":0},{"cards_removed":["Strike_S"],"damage_healed":0,"gold_gain":0,"player_choice":"Removed Attack","damage_taken":0,"max_hp_gain":0,"max_hp_loss":0,"event_name":"Falling","floor":36,"gold_loss":0},{"damage_healed":0,"gold_gain":0,"player_choice":"Copied","damage_taken":0,"max_hp_gain":0,"max_hp_loss":0,"event_name":"Duplicator","floor":37,"gold_loss":0,"cards_obtained":["TheWorld"]}],"is_beta":false,"boss_relics":[{"not_picked":["Kintsugi","Sozu"],"picked":"Honey Jar"},{"not_picked":["SlaversCollar","Abe\u0027s Treasure"],"picked":"REME_DemonsWealth"}],"items_purged_floors":[46],"is_endless":false,"potions_floor_spawned":[1,2,6,8,18,28,30,31,39,47],"ascension_level":0}}