{"host":"zcytydgb505ghzux","time":1614306368,"event":{"mods":["Act Like it!","BaseMod","Colored Powertips","Downfall","Highlight Path","Infinite Spire","Jorbs\u0027s Wanderer Trilogy","Marisa????????","Minty Spire (QoL Compilation)","Replay The Spire","StSLib","The Construct","The Mystic","The Wild Card"],"gold_per_floor":[117,44,56,56,56,86,97,97,97,97,157,157,177,193,193,291,291,307,317,232,232,232,232,266,266,266,266,280,295,22,35,35,140,140,158,168,183,193,193,227,227,227,227,261,274,286,316,332,332,340],"floor_reached":51,"language":"ENG","playtime":2851,"items_purged":[],"score":859,"play_id":"b2d7aaec-e2a0-4311-9d47-3fac1cfb7da5","local_time":"20210225212608","is_ascension_mode":false,"campfire_choices":[{"data":"PropBag","floor":10,"key":"SMITH"},{"data":"infinitespire:Collect","floor":12,"key":"SMITH"},{"floor":23,"key":"REST"},{"floor":25,"key":"REST"},{"data":"MillisecondPulsars","floor":27,"key":"SMITH"},{"floor":32,"key":"REST"},{"floor":42,"key":"REST"},{"floor":49,"key":"REST"}],"circlet_count":0,"master_deck":["Strike_MRS","Strike_MRS","Defend_MRS","Defend_MRS","Defend_MRS","Defend_MRS","MasterSpark","UpSweep","GalacticHalo","AsteroidBelt","GrandCross","NonDirectionalLaser","infinitespire:Collect+1","PropBag+1","Singularity","DeepEcoloBomb","ShootingEcho","OrrerysSun","DarkMatter+1","JA","DoubleSpark+1","AsteroidBelt","MillisecondPulsars+1","MilkyWay","UnstableBomb+1","OortCloud+1","AlicesGift+1","AlicesGift+1","Pot Of Greed","Pot Of Greed","Pot Of Greed","FinalSpark+1","GalacticHalo+1","StarBarrage+1","SporeBomb+1","RefractionSpark+1","6A+1","MilkyWay+1"],"relics":["MiniHakkero","NeowsBlessing","FossilizedHelix","infinitespire:CursedDice","Shuriken","Black Star","Bag of Preparation","BewitchedHakkero","Blue Doll","Molten Egg 2","Replay:Bottled Flurry","Grinning Jar","infinitespire:Cupcake","infinitespire:FocusingShard","Orichalcum","ExperimentalFamiliar","Thread and Needle","Toxic Egg 2","Boot","infinitespire:Midas Blood"],"acts_visited":["Exordium","TheCity","TheBeyond"],"potions_floor_usage":[],"damage_taken":[{"damage":0,"enemies":"Jaw Worm","floor":1,"turns":1},{"damage":0,"enemies":"2 Louse","floor":3,"turns":1},{"damage":0,"enemies":"3 Sentries","floor":6,"turns":1},{"damage":0,"enemies":"Cultist","floor":7,"turns":2},{"damage":7,"enemies":"Lagavulin Event","floor":11,"turns":4},{"damage":0,"enemies":"Red Slaver","floor":13,"turns":2},{"damage":0,"enemies":"Large Slime","floor":14,"turns":3},{"damage":7,"enemies":"Fading Forest","floor":16,"turns":11},{"damage":2,"enemies":"Spheric Guardian","floor":18,"turns":3},{"damage":26,"enemies":"2 Thieves","floor":19,"turns":3},{"damage":32,"enemies":"Slavers","floor":24,"turns":4},{"damage":9,"enemies":"Snecko","floor":28,"turns":5},{"damage":13,"enemies":"Shelled Parasite and Fungi","floor":29,"turns":5},{"damage":0,"enemies":"3 Cultists","floor":31,"turns":3},{"damage":35,"enemies":"Collector","floor":33,"turns":7},{"damage":15,"enemies":"3 Darklings","floor":35,"turns":5},{"damage":0,"enemies":"3 Shapes","floor":36,"turns":3},{"damage":5,"enemies":"Writhing Mass","floor":37,"turns":6},{"damage":8,"enemies":"3 Darklings","floor":38,"turns":4},{"damage":0,"enemies":"Giant Head","floor":40,"turns":5},{"damage":11,"enemies":"Nemesis","floor":44,"turns":5},{"damage":0,"enemies":"4 Shapes","floor":45,"turns":4},{"damage":0,"enemies":"Maw","floor":46,"turns":4},{"damage":0,"enemies":"Giant Head","floor":47,"turns":3},{"damage":0,"enemies":"Writhing Mass","floor":48,"turns":4},{"damage":31,"enemies":"Time Eater","floor":50,"turns":9}],"seed_played":"5257275341925472888","potions_obtained":[{"floor":1,"key":"SpeedPotion"},{"floor":7,"key":"AttackPotion"},{"floor":14,"key":"Weak Potion"},{"floor":18,"key":"FairyPotion"},{"floor":40,"key":"Reflective Coating"},{"floor":46,"key":"Fire Potion"}],"is_trial":false,"path_per_floor":["M","$","M","?","?","E","M","$","T","R","?","R","M","M","R","B",null,"M","M","?","?","AVR","R","E","R","T","R","M","M","$","M","R","B",null,"M","M","M","M","?","E","AVR","R","T","E","M","M","E","M","R","B",null],"character_chosen":"MARISA","items_purchased":["AsteroidBelt","GrandCross","OortCloud","AlicesGift+1","Grinning Jar"],"campfire_rested":5,"item_purchase_floors":[2,2,30,30,30],"current_hp_per_floor":[75,75,75,58,58,58,58,58,58,58,51,51,51,51,73,68,75,73,47,47,47,47,69,37,59,59,59,50,37,37,37,59,24,75,60,60,55,47,47,47,47,69,69,58,58,58,58,58,75,44],"gold":340,"neow_bonus":"THREE_ENEMY_KILL","is_daily":false,"chose_seed":false,"campfire_upgraded":3,"win_rate":0.0,"timestamp":1614306368,"path_taken":["M","$","M","?","?","E","?","?","T","R","?","R","M","M","R","BOSS","M","M","?","?","AVR","R","E","R","T","R","?","M","?","?","R","BOSS","M","M","?","M","?","E","AVR","R","T","E","M","M","E","M","R","BOSS"],"items_purchased_type":["Card","Card","Card","Card","Relic"],"build_version":"2020-12-22","purchased_purges":0,"victory":true,"max_hp_per_floor":[75,75,75,75,75,75,75,75,75,75,75,75,75,75,75,75,75,75,75,75,75,75,75,75,75,75,75,75,75,75,75,75,75,75,75,75,75,75,75,75,75,75,75,75,75,75,75,75,75,75],"card_choices":[{"not_picked":["GravityBeat","WitchOfGreed"],"picked":"GalacticHalo","floor":1},{"not_picked":["ShootTheMoon","Acceleration"],"picked":"NonDirectionalLaser","floor":3},{"not_picked":["infinitespire:SealOfDarkness+","infinitespire:Gouge"],"picked":"infinitespire:Collect","floor":4},{"not_picked":["Occultation","DoubleSpark"],"picked":"Singularity","floor":6},{"not_picked":["EventHorizon","SporeBomb"],"picked":"DeepEcoloBomb","floor":7},{"not_picked":["GravityBeat","GasGiant"],"picked":"ShootingEcho","floor":11},{"not_picked":["ShootingEcho","Acceleration"],"picked":"OrrerysSun","floor":13},{"not_picked":["OpenUniverse","PowerUp"],"picked":"DarkMatter","floor":14},{"not_picked":["BlazingStar","AbsoluteMagnitude"],"picked":"JA","floor":16},{"not_picked":["OrrerysSun","Singularity"],"picked":"DoubleSpark+1","floor":18},{"not_picked":["ManaConvection+1","WitchOfGreed"],"picked":"AsteroidBelt","floor":19},{"not_picked":["EarthLightRay+1","UnstableBomb+1"],"picked":"MillisecondPulsars","floor":24},{"not_picked":["DC+1","Robbery+1"],"picked":"MilkyWay","floor":28},{"not_picked":["DoubleSpark+1","MagicChant"],"picked":"UnstableBomb+1","floor":29},{"not_picked":["GasGiant+1","EarthLightRay","BlazingStar+1"],"picked":"SKIP","floor":31},{"not_picked":["ManaRampage","BigCrunch"],"picked":"FinalSpark+1","floor":33},{"not_picked":["ShootingEcho+1","GravityBeat+1"],"picked":"GalacticHalo+1","floor":35},{"not_picked":["Orbital+1","ChargingUp+1"],"picked":"StarBarrage+1","floor":36},{"not_picked":["Acceleration+1","StarBarrage+1"],"picked":"SporeBomb+1","floor":37},{"not_picked":["SporeBomb+1","Acceleration","IllusionStar+1"],"picked":"SKIP","floor":38},{"not_picked":["ShootingEcho+1","MeteoricShower+1","SporeBomb+1"],"picked":"SKIP","floor":40},{"not_picked":["LuminesStrike+1","OneTimeOff+1","SuperNova"],"picked":"SKIP","floor":44},{"not_picked":["GrandCross+1","LuminesStrike+1","PropBag+1"],"picked":"SKIP","floor":45},{"not_picked":["WitchLeyline+1","ManaConvection+1"],"picked":"RefractionSpark+1","floor":46},{"not_picked":["IllusionStar+1","NonDirectionalLaser+1"],"picked":"6A+1","floor":47},{"not_picked":["StarlightTyphoon+1","NonDirectionalLaser+1"],"picked":"MilkyWay+1","floor":48}],"player_experience":96642,"relics_obtained":[{"floor":6,"key":"FossilizedHelix"},{"floor":9,"key":"infinitespire:CursedDice"},{"floor":11,"key":"Shuriken"},{"floor":24,"key":"Blue Doll"},{"floor":24,"key":"Molten Egg 2"},{"floor":26,"key":"Replay:Bottled Flurry"},{"floor":40,"key":"infinitespire:FocusingShard"},{"floor":40,"key":"Orichalcum"},{"floor":43,"key":"Thread and Needle"},{"floor":44,"key":"Toxic Egg 2"},{"floor":47,"key":"Boot"},{"floor":47,"key":"infinitespire:Midas Blood"}],"event_choices":[{"damage_healed":0,"gold_gain":0,"cards_transformed":["Strike_MRS"],"player_choice":"Transformed","damage_taken":0,"max_hp_gain":0,"max_hp_loss":0,"event_name":"Transmorgrifier","floor":5,"gold_loss":0,"cards_obtained":["PropBag"]},{"damage_healed":0,"gold_gain":0,"player_choice":"Searched \u00272\u0027 times","damage_taken":0,"max_hp_gain":0,"max_hp_loss":0,"event_name":"Dead Adventurer","floor":11,"gold_loss":0},{"damage_healed":0,"gold_gain":0,"player_choice":"Obtained Relic","damage_taken":0,"relics_obtained":["Bag of Preparation"],"max_hp_gain":0,"max_hp_loss":0,"event_name":"Addict","floor":20,"gold_loss":85},{"cards_removed":["Strike_MRS"],"damage_healed":0,"gold_gain":0,"player_choice":"Offered Basic","damage_taken":0,"max_hp_gain":0,"max_hp_loss":0,"event_name":"Bonfire Elementals","floor":21,"gold_loss":0},{"damage_healed":0,"gold_gain":0,"player_choice":"Upgraded","damage_taken":0,"max_hp_gain":0,"max_hp_loss":0,"event_name":"Upgrade Shrine","floor":39,"gold_loss":0,"cards_upgraded":["OortCloud"]}],"is_beta":false,"boss_relics":[{"not_picked":["ReplayTheSpireMod:DimensionalGlitch","Sozu"],"picked":"Black Star"},{"not_picked":["Abe\u0027s Treasure","bronze:MakeshiftBattery"],"picked":"infinitespire:Cupcake"}],"items_purged_floors":[],"is_endless":false,"potions_floor_spawned":[1,7,14,18,28,31,35,36,38,40,46],"ascension_level":0}}