{"host":"k73jsiy5lznhl6mk","time":1614309506,"event":{"mods":["BaseMod","Colored Map","Colored Powertips","Highlight Path","Infinite Spire","Ironclad Rager","Minty Spire (QoL Compilation)","Retaliation","Spicy Shops","StSLib","The Blue Laboratory","The Jungle","Uncapped"],"gold_per_floor":[12,23,38,38,38,38,38,38,38,38,50,50,78,353,353,353,353],"floor_reached":16,"language":"ENG","playtime":948,"items_purged":[],"score":123,"play_id":"04381bf9-9183-4a25-8a47-5a86a7fc3397","local_time":"20210225191826","is_ascension_mode":false,"campfire_choices":[{"data":"Carnage","floor":6,"key":"SMITH"},{"data":"Bash","floor":8,"key":"SMITH"},{"data":"Clothesline","floor":12,"key":"SMITH"},{"floor":15,"key":"REST"}],"circlet_count":0,"master_deck":["Bash+1","Parasite","Twin Strike","Twin Strike","Twin Strike+1","Twin Strike","Twin Strike","Iron Wave","Iron Wave","Iron Wave+1","Iron Wave","DDmod:SpikeMailSkill","Carnage+1","Sword Boomerang","Clothesline+1","DDmod:ScaleUpSkill","Regret"],"relics":["infinitespire:DarkRift","infinitespire:Cubic Diamond","Bottled Lightning","Pocketwatch"],"acts_visited":["Exordium"],"potions_floor_usage":[13,16],"damage_taken":[{"damage":6,"enemies":"Jaw Worm","floor":1,"turns":2},{"damage":3,"enemies":"Small Slimes","floor":2,"turns":2},{"damage":0,"enemies":"2 Louse","floor":3,"turns":2},{"damage":6,"enemies":"Lots of Slimes","floor":11,"turns":4},{"damage":0,"enemies":"Lagavulin","floor":13,"turns":2},{"damage":74,"enemies":"The Guardian","floor":16,"turns":10}],"seed_played":"2907463358793334060","potions_obtained":[{"floor":1,"key":"blueLaboratory:ConflagurationPotion"},{"floor":11,"key":"blueLaboratory:BubblePotion"}],"is_trial":false,"path_per_floor":["M","M","M","?","?","R","$","R","T","$","M","R","E","?","R","B"],"character_chosen":"IRONCLAD","items_purchased":[],"campfire_rested":1,"item_purchase_floors":[],"current_hp_per_floor":[51,54,60,46,46,46,46,46,46,46,50,50,50,50,71,0,0],"gold":353,"neow_bonus":"IRONCLAD_BERSERKER","is_daily":false,"chose_seed":false,"campfire_upgraded":3,"win_rate":0.0,"timestamp":1614309506,"path_taken":["M","M","M","?","?","R","$","R","T","$","M","R","E","?","R","BOSS"],"items_purchased_type":[],"build_version":"2020-12-22","purchased_purges":0,"victory":false,"max_hp_per_floor":[72,72,72,72,72,72,72,72,72,72,72,72,72,72,72,72,72],"card_choices":[{"not_picked":["Wild Strike","Clash"],"picked":"DDmod:SpikeMailSkill","floor":1},{"not_picked":["Clash","Blood for Blood"],"picked":"Carnage","floor":2},{"not_picked":["Iron Wave","Body Slam"],"picked":"Sword Boomerang","floor":3},{"not_picked":["Thunderclap","Perfected Strike"],"picked":"Clothesline","floor":11},{"not_picked":["DDmod:SpikedSkill","Combust"],"picked":"DDmod:ScaleUpSkill","floor":13}],"player_experience":437493,"relics_obtained":[{"floor":9,"key":"Bottled Lightning"},{"floor":13,"key":"Pocketwatch"}],"event_choices":[{"damage_healed":0,"gold_gain":0,"player_choice":"Entered Light","damage_taken":14,"max_hp_gain":0,"max_hp_loss":0,"event_name":"Shining Light","floor":4,"gold_loss":0,"cards_upgraded":["Iron Wave","Twin Strike"]},{"damage_healed":0,"gold_gain":275,"player_choice":"Desecrate","damage_taken":0,"max_hp_gain":0,"max_hp_loss":0,"event_name":"Golden Shrine","floor":14,"gold_loss":0,"cards_obtained":["Regret"]}],"is_beta":false,"boss_relics":[],"items_purged_floors":[],"is_endless":true,"potions_floor_spawned":[1,11],"killed_by":"The Guardian","ascension_level":0}}