{"host":"0kk91h4bq4kgfj0u","time":1614308686,"event":{"mods":["BaseMod","Bestiary","Block Reminder","Colored Map","Colored Powertips","Curses Come First","Highlight Path","Minty Spire (QoL Compilation)","Relic Stats","StSLib"],"gold_per_floor":[118,138,138,149,160,193,204,204,204,204,219,229,245,571,571,571,571],"floor_reached":16,"language":"ENG","playtime":834,"items_purged":[],"score":157,"play_id":"61d852b6-1604-482a-9184-08b643043452","local_time":"20210225220446","is_ascension_mode":true,"campfire_choices":[{"floor":8,"key":"REST"},{"floor":15,"key":"REST"}],"circlet_count":0,"master_deck":["Strike_G","Strike_G","Strike_G","Strike_G","Strike_G","Defend_G","Defend_G","Defend_G","Defend_G","Defend_G","Survivor","Neutralize","Deadly Poison","Heel Hook","Sucker Punch","Tactician","Leg Sweep","Blade Dance","Deflect","Cloak And Dagger","Flying Knee","Infinite Blades"],"relics":["Ring of the Snake","Ornamental Fan","Turnip","Old Coin"],"acts_visited":["Exordium"],"potions_floor_usage":[6,6,12,16,16,16],"damage_taken":[{"damage":5,"enemies":"Small Slimes","floor":1,"turns":5},{"damage":0,"enemies":"2 Louse","floor":2,"turns":3},{"damage":2,"enemies":"Jaw Worm","floor":4,"turns":4},{"damage":17,"enemies":"2 Fungi Beasts","floor":5,"turns":5},{"damage":19,"enemies":"Lagavulin","floor":6,"turns":6},{"damage":6,"enemies":"Exordium Wildlife","floor":7,"turns":5},{"damage":0,"enemies":"Lots of Slimes","floor":11,"turns":6},{"damage":0,"enemies":"Looter","floor":12,"turns":4},{"damage":0,"enemies":"2 Fungi Beasts","floor":13,"turns":5},{"damage":21,"enemies":"3 Sentries","floor":14,"turns":12},{"damage":48,"enemies":"The Guardian","floor":16,"turns":15}],"seed_played":"-1791080198720246089","potions_obtained":[{"floor":1,"key":"AttackPotion"},{"floor":4,"key":"EssenceOfSteel"},{"floor":7,"key":"EntropicBrew"},{"floor":11,"key":"Explosive Potion"},{"floor":14,"key":"Weak Potion"}],"is_trial":false,"path_per_floor":["M","M","?","M","M","E","M","R","T","?","M","M","M","E","R","B"],"character_chosen":"THE_SILENT","items_purchased":[],"campfire_rested":2,"item_purchase_floors":[],"current_hp_per_floor":[65,65,65,63,46,27,21,44,44,44,44,44,44,23,46,0,0],"gold":571,"neow_bonus":"TEN_PERCENT_HP_BONUS","is_daily":false,"chose_seed":false,"campfire_upgraded":0,"win_rate":0.0,"timestamp":1614308686,"path_taken":["M","M","?","M","M","E","M","R","T","?","M","?","M","E","R","BOSS"],"items_purchased_type":[],"build_version":"2020-12-22","purchased_purges":0,"victory":false,"max_hp_per_floor":[77,77,77,77,77,77,77,77,77,77,77,77,77,77,77,77,77],"relic_stats":{"counters":[11,70],"Ornamental Fan":[68],"Turnip":[0],"obtain_stats":[{"Ornamental Fan":6,"Turnip":9,"Ring of the Snake":0,"Old Coin":14},{"Ornamental Fan":5,"Turnip":6,"Ring of the Snake":0,"Old Coin":10},{"Ornamental Fan":23,"Turnip":28,"Ring of the Snake":0,"Old Coin":55}],"Ring of the Snake":[22]},"card_choices":[{"not_picked":["Predator","Leg Sweep"],"picked":"Deadly Poison","floor":1},{"not_picked":["Sucker Punch","Dagger Spray"],"picked":"Heel Hook","floor":2},{"not_picked":["Prepared","Burst"],"picked":"Sucker Punch","floor":4},{"not_picked":["Finisher","Accuracy"],"picked":"Tactician","floor":5},{"not_picked":["Reflex","Bouncing Flask"],"picked":"Leg Sweep","floor":6},{"not_picked":["Cloak And Dagger","Backflip"],"picked":"Blade Dance","floor":7},{"not_picked":["Skewer","Bane"],"picked":"Deflect","floor":11},{"not_picked":["Tactician","Blade Dance"],"picked":"Cloak And Dagger","floor":12},{"not_picked":["Bane","Heel Hook"],"picked":"Flying Knee","floor":13},{"not_picked":["Glass Knife","Deflect"],"picked":"Infinite Blades","floor":14}],"player_experience":927243,"relics_obtained":[{"floor":6,"key":"Ornamental Fan"},{"floor":9,"key":"Turnip"},{"floor":14,"key":"Old Coin"}],"event_choices":[{"damage_healed":0,"gold_gain":0,"player_choice":"Ignored","damage_taken":0,"max_hp_gain":0,"max_hp_loss":0,"event_name":"Golden Wing","floor":3,"gold_loss":0},{"damage_healed":0,"gold_gain":0,"player_choice":"Ignored","damage_taken":0,"max_hp_gain":0,"max_hp_loss":0,"event_name":"Liars Game","floor":10,"gold_loss":0}],"is_beta":false,"boss_relics":[],"items_purged_floors":[],"is_endless":false,"potions_floor_spawned":[1,4,7,11,14],"killed_by":"The Guardian","ascension_level":7}}