{"host":"pletss163z7s8pvv","time":1614302688,"event":{"mods":["AchievementEnabler","Act Like it!","AlwaysNeverKeys","BaseMod","Better Altar","Better Match","Better Note","Better Sensory Stone","Better Skull","Better Third Choice","BetterRewards","Bossed Relics","CapriCore","ChefMod","Colored Map","Colored Powertips","Conspire","Dio Mod","Displayed Cursed Tome","Energized Spire","Evolution","Gensokyo","GifTheSpireLib","Hallownest","Hermit","Ironclad Rager","Jedi Mod","Marisa????????","Marked Mod","Minty Spire (QoL Compilation)","Reliquary","Replay The Spire","Retaliation","Ruina","Spicy Shops","StS++","StSLib","The Administrix","The Alterego","The Animator","The Blue Laboratory","The Bug Knight","The Construct","The Cursed","The Disciple","The Forsaken","The Hierophant","The Necromancer","The Saiyan","The Vixen","The Wild Card","TheVacant","Transform Curses"],"gold_per_floor":[114,129,144,159,174,204,204,234,284,328,328,328,328,328,328,370,370,490,490,523,523,546,59,94,136,136,180,205,205,240,263,301,301,301,415,415,440,440,461,514,22,68,93,147,184,240,252,289,349,361,373,409],"floor_reached":53,"language":"ENG","playtime":2156,"items_purged":["Writhe"],"score":1161,"play_id":"084bb6e7-777e-4d4f-aa68-1c433dbf66cc","local_time":"20210225192448","daily_mods":["Chimera","Red Cards","Elite Swarm"],"is_ascension_mode":false,"campfire_choices":[{"floor":7,"key":"REST"},{"floor":11,"key":"REST"},{"data":"dioMod:DoubleTime","floor":14,"key":"SMITH"},{"data":"dioMod:GoodbyeJojo","floor":17,"key":"SMITH"},{"floor":26,"key":"REST"},{"floor":29,"key":"REST"},{"data":"dioMod:MudaMudaMuda","floor":34,"key":"SMITH"},{"data":"Replay:BasicMightCard","floor":47,"key":"SMITH"},{"data":"dioMod:SadisticLaugh","floor":51,"key":"SMITH"}],"circlet_count":0,"master_deck":["Bash","Survivor","Zap","Eruption","dioMod:LaserVision","dioMod:LaserVision","dioMod:LaserVision+1","dioMod:FlyAway","dioMod:FlyAway","dioMod:FlyAway","dioMod:TripleThreat","dioMod:GoodbyeJojo+1","dioMod:StreetSign","dioMod:StreetSign","dioMod:DoubleTime+1","dioMod:SevenPageMuda","dioMod:TheWalk","dioMod:TheWalk","Replay:BasicMightCard+1","dioMod:KonoDioDa","dioMod:PhantomBlood","CurseOfTheBell","dioMod:DaggerToss","dioMod:BloodShield","dioMod:BloodSplash","ruina:Smile","dioMod:SadisticLaugh","dioMod:TripleThreat","dioMod:TheWalk","dioMod:TheWalk","dioMod:Regeneration","dioMod:SadisticLaugh+1","dioMod:DominatingPresence+1","dioMod:DominatingPresence+1","dioMod:LaserVision+1","dioMod:MudaMudaMuda+1","dioMod:SevenPageMuda","dioMod:Muda","dioMod:Hiss+1","dioMod:Muda+1","dioMod:ComposedMuda","dioMod:GoodbyeJojo","dioMod:MudaMudaMuda","dioMod:Freeze","dioMod:BloodSuck","dioMod:TheWalk","dioMod:ZaWarudo","dioMod:RoadRoller","dioMod:DaggerToss","dioMod:HeavyLifting+1","dioMod:GoldVial"],"relics":["dioMod:VampireBlood","EVO:Axolotl","Vajra","Replay:Rubber Ducky","Replay:Bandana","Turnip","Counterbalance","Calling Bell","MealTicket","Replay:Accelerometer","Prayer Wheel","ruina:Goodbye","jedi:fakemustache","Pocketwatch","Regal Pillow","reliquary:Stiletto","HornCleat","Astrolabe","theForsaken:Lifeblossom","PreservedInsect","reliquary:Aerogel","MawBank","Replay:Bottled Eggs","Whetstone","Pondfish Scales","conspire:DeflatedDodgeball","Replay:Towering Pillar of Hats"],"acts_visited":["Exordium","Exordium","ruina:Briah"],"potions_floor_usage":[18,18,18,18,20,20,35,35,52,52,52],"damage_taken":[{"damage":0,"enemies":"Small Slimes","floor":1,"turns":2},{"damage":11,"enemies":"conspire:RoseBush","floor":2,"turns":2},{"damage":5,"enemies":"2 Louse","floor":3,"turns":2},{"damage":10,"enemies":"Looter","floor":4,"turns":3},{"damage":7,"enemies":"Blue Slaver","floor":5,"turns":2},{"damage":29,"enemies":"HollowMod:MossKnight","floor":6,"turns":8},{"damage":13,"enemies":"3 Sentries","floor":8,"turns":5},{"damage":8,"enemies":"Gremlin Nob","floor":10,"turns":3},{"damage":14,"enemies":"HollowMod:MossKnight","floor":16,"turns":2},{"damage":63,"enemies":"Hexaghost","floor":18,"turns":10},{"damage":11,"enemies":"ruina:Nosferatu","floor":20,"turns":2},{"damage":15,"enemies":"ruina:BadWolf","floor":22,"turns":4},{"damage":22,"enemies":"ruina:Woodsman","floor":24,"turns":3},{"damage":38,"enemies":"ruina:RoadHome","floor":25,"turns":3},{"damage":32,"enemies":"ruina:Mountain","floor":27,"turns":5},{"damage":15,"enemies":"ruina:KnightOfDespair","floor":30,"turns":4},{"damage":0,"enemies":"ruina:QueenOfHate","floor":31,"turns":1},{"damage":1,"enemies":"ruina:RoadHome","floor":32,"turns":1},{"damage":26,"enemies":"ruina:JesterOfNihil","floor":35,"turns":7},{"damage":0,"enemies":"Gensokyo:AncientGuardian","floor":37,"turns":3},{"damage":1,"enemies":"Gensokyo:3_Bats","floor":39,"turns":1},{"damage":23,"enemies":"conspire:MimicChest","floor":40,"turns":4},{"damage":0,"enemies":"Gensokyo:Kasen","floor":42,"turns":2},{"damage":1,"enemies":"Gensokyo:Marisa","floor":44,"turns":1},{"damage":0,"enemies":"Gensokyo:Kasen","floor":46,"turns":2},{"damage":1,"enemies":"Gensokyo:AtlasGolem","floor":48,"turns":2},{"damage":1,"enemies":"Gensokyo:Doremy","floor":49,"turns":2},{"damage":21,"enemies":"Gensokyo:Shinki","floor":52,"turns":5}],"seed_played":"4728103701414758894","potions_obtained":[{"floor":2,"key":"Strength Potion"},{"floor":3,"key":"blueLaboratory:PolymorphPotion"},{"floor":8,"key":"EntropicBrew"},{"floor":16,"key":"Strength Potion"},{"floor":18,"key":"jedi:StrikingPotion"},{"floor":25,"key":"blueLaboratory:PolymorphPotion"},{"floor":30,"key":"blueLaboratory:AbyssPotion"},{"floor":35,"key":"DDmod:CleansePotion"},{"floor":40,"key":"blueLaboratory:ArtificerPotion"},{"floor":49,"key":"blueLaboratory:EnragingPotion"}],"is_trial":false,"path_per_floor":["M","M","M","M","M","E","R","E","T","E","R","PTL","PTL","R","?","E","R","B",null,"M","?","M","$","M","E","R","E","T","R","M","M","E","?","R","B",null,"M","?","M","?","$","E","T","E","T","E","R","M","E","T","R","B",null],"character_chosen":"THE_DEFAULT","items_purchased":["ruina:Smile","jedi:fakemustache","dioMod:SadisticLaugh","PreservedInsect","dioMod:MudaMudaMuda","dioMod:Freeze","Strength Potion","blueLaboratory:FrostheartPotion","dioMod:BloodSuck"],"campfire_rested":4,"item_purchase_floors":[23,23,23,41,41,41,41,41,41],"current_hp_per_floor":[81,73,74,67,63,40,64,60,60,55,79,79,79,79,79,68,68,8,81,73,73,61,81,62,30,54,43,43,81,75,78,81,81,81,68,81,81,81,81,72,81,81,81,81,81,81,81,81,81,81,81,63],"gold":421,"neow_bonus":"","is_daily":true,"chose_seed":false,"campfire_upgraded":5,"win_rate":0.0,"timestamp":1614302688,"path_taken":["M","M","M","M","M","E","R","E","T","E","R","PTL","PTL","R","?","E","R","BOSS","M","?","M","$","M","E","R","E","T","R","M","M","E","?","R","BOSS","M","?","M","?","$","E","?","E","T","E","R","M","E","?","R","BOSS"],"items_purchased_type":["Card","Relic","Card","Relic","Card","Card","Potion","Potion","Card"],"build_version":"2020-12-22","purchased_purges":1,"victory":true,"max_hp_per_floor":[81,81,81,81,81,81,81,81,81,81,81,81,81,81,81,81,81,81,81,81,81,81,81,81,81,81,81,81,81,81,81,81,81,81,81,81,81,81,81,81,81,81,81,81,81,81,81,81,81,81,81,81],"card_choices":[{"not_picked":["dioMod:Roundabout","dioMod:SadisticLaugh"],"picked":"dioMod:TripleThreat","floor":1},{"not_picked":["dioMod:Muda","dioMod:BloodSplash"],"picked":"dioMod:GoodbyeJojo","floor":2},{"not_picked":["dioMod:FlyAway","dioMod:SecretPlan"],"picked":"dioMod:StreetSign","floor":3},{"not_picked":["dioMod:DaggerSpree","dioMod:DarkRebirth"],"picked":"dioMod:StreetSign","floor":4},{"not_picked":["dioMod:Muda","dioMod:WRYYY"],"picked":"dioMod:DoubleTime","floor":5},{"not_picked":["dioMod:KonoDioDa","dioMod:PhantomBlood"],"picked":"dioMod:SevenPageMuda","floor":6},{"not_picked":["dioMod:ZaWarudo","dioMod:SevenPageMuda"],"picked":"dioMod:TheWalk","floor":8},{"not_picked":["dioMod:MudaMudaMuda","dioMod:ZaWarudo"],"picked":"dioMod:TheWalk","floor":10},{"not_picked":["jedi:RedIncense","Metamorphosis"],"picked":"Replay:BasicMightCard","floor":15},{"not_picked":["dioMod:SevenPageMuda","dioMod:Despair"],"picked":"dioMod:KonoDioDa","floor":16},{"not_picked":["dioMod:UltimateSacrifice","dioMod:Refresh"],"picked":"dioMod:PhantomBlood","floor":18},{"not_picked":["dioMod:StreetSign","dioMod:Pluck"],"picked":"dioMod:DaggerToss","floor":20},{"not_picked":["dioMod:HeavyLifting","dioMod:WRYYY"],"picked":"dioMod:BloodShield","floor":20},{"not_picked":["dioMod:Roundabout+1","dioMod:CautiousMuda"],"picked":"dioMod:TheWalk","floor":22},{"not_picked":["dioMod:ComboFever","dioMod:DaggerSpree"],"picked":"dioMod:BloodSplash","floor":22},{"not_picked":["dioMod:SecretPlan","dioMod:WRYYY"],"picked":"dioMod:TripleThreat","floor":24},{"not_picked":["dioMod:VengefulMuda+1","dioMod:SadisticLaugh"],"picked":"dioMod:TheWalk","floor":24},{"not_picked":["dioMod:Refresh","dioMod:MudaMudaMuda"],"picked":"dioMod:TheWalk","floor":25},{"not_picked":["dioMod:GoldVial","dioMod:PathToHeaven"],"picked":"dioMod:Regeneration","floor":27},{"not_picked":["dioMod:StreetSign","dioMod:FlyAway"],"picked":"dioMod:SadisticLaugh","floor":30},{"not_picked":["dioMod:Muda+1","dioMod:HeavyLifting"],"picked":"dioMod:DominatingPresence","floor":30},{"not_picked":["dioMod:UltimateSacrifice","dioMod:BloodSplash"],"picked":"dioMod:DominatingPresence","floor":31},{"not_picked":["dioMod:StreetSign","dioMod:HeavyLifting"],"picked":"dioMod:LaserVision","floor":31},{"not_picked":["dioMod:UltimateSacrifice","dioMod:GoldVial"],"picked":"dioMod:MudaMudaMuda","floor":32},{"not_picked":["dioMod:GoldVial","dioMod:UltimateSacrifice"],"picked":"dioMod:SevenPageMuda","floor":35},{"not_picked":["dioMod:FlyAway","dioMod:Roundabout+1"],"picked":"dioMod:Muda","floor":37},{"not_picked":["dioMod:BloodSuck+1","dioMod:DarkRebirth+1"],"picked":"dioMod:Hiss+1","floor":37},{"not_picked":["dioMod:ComposedMuda+1","dioMod:LaserVision"],"picked":"dioMod:Muda+1","floor":39},{"not_picked":["dioMod:CautiousMuda","dioMod:SecretPlan"],"picked":"dioMod:ComposedMuda","floor":39},{"not_picked":["dioMod:ComposedMuda","dioMod:Pluck+1"],"picked":"dioMod:GoodbyeJojo","floor":40},{"not_picked":["dioMod:SevenPageMuda","dioMod:Despair"],"picked":"dioMod:TheWalk","floor":42},{"not_picked":["dioMod:TheWalk","dioMod:KonoDioDa"],"picked":"dioMod:ZaWarudo","floor":44},{"not_picked":["dioMod:PathToHeaven","dioMod:Despair"],"picked":"dioMod:RoadRoller","floor":46},{"not_picked":["dioMod:Muda+1","dioMod:StreetSign+1"],"picked":"dioMod:DaggerToss","floor":48},{"not_picked":["dioMod:Hiss","dioMod:SecretPlan"],"picked":"dioMod:HeavyLifting+1","floor":48},{"not_picked":["dioMod:UltimateSacrifice","dioMod:RoadRoller"],"picked":"dioMod:GoldVial","floor":49}],"player_experience":560562,"relics_obtained":[{"floor":6,"key":"Vajra"},{"floor":8,"key":"Replay:Rubber Ducky"},{"floor":9,"key":"Replay:Bandana"},{"floor":10,"key":"reliquary:FerryPass"},{"floor":16,"key":"Turnip"},{"floor":18,"key":"Counterbalance"},{"floor":19,"key":"MealTicket"},{"floor":19,"key":"Replay:Accelerometer"},{"floor":19,"key":"Prayer Wheel"},{"floor":25,"key":"Pocketwatch"},{"floor":27,"key":"Regal Pillow"},{"floor":28,"key":"reliquary:Stiletto"},{"floor":32,"key":"HornCleat"},{"floor":40,"key":"theForsaken:Lifeblossom"},{"floor":42,"key":"reliquary:Aerogel"},{"floor":43,"key":"MawBank"},{"floor":44,"key":"Replay:Bottled Eggs"},{"floor":45,"key":"Whetstone"},{"floor":46,"key":"Pondfish Scales"},{"floor":49,"key":"conspire:DeflatedDodgeball"},{"floor":50,"key":"Replay:Towering Pillar of Hats"}],"event_choices":[{"damage_healed":0,"gold_gain":1,"player_choice":"1","damage_taken":0,"max_hp_gain":0,"max_hp_loss":0,"event_name":"betterStone:BetterStone","floor":15,"gold_loss":0},{"damage_healed":0,"gold_gain":0,"player_choice":"Leave","damage_taken":0,"max_hp_gain":0,"max_hp_loss":0,"event_name":"conspire:Investor","floor":33,"gold_loss":0}],"is_beta":false,"boss_relics":[{"not_picked":["reliquary:Craggleroot","energizedSpire:NeverEndingSparkler"],"picked":"Calling Bell"},{"not_picked":["Abe\u0027s Treasure","ReplayTheSpireMod:DimensionalGlitch"],"picked":"Astrolabe"}],"items_purged_floors":[23],"is_endless":false,"potions_floor_spawned":[2,3,8,10,16,18,25,30,35,40,48,49],"ascension_level":0}}