{"host":"dtczkyto5vz790wa","time":1614331229,"event":{"mods":["BaseMod","Downfall","LagranYue(¿≠∏Ò¿ °§‘¬)","Minty Spire (QoL Compilation)","Replay The Spire","Shop Mod","StSLib"],"gold_per_floor":[119,138,138,138,13,48,59,84,84,84,101,120,120,193,193,291,291,311,324,340,242,252,252,268,302,380,380,399,399,409,442,442,541,541,551,565,583,410,421,421,421,421],"floor_reached":40,"language":"ZHS","playtime":2962,"items_purged":["Pain","Normality"],"score":517,"play_id":"3cd1ebd0-0ee0-4ff9-a548-d73fc4a9eaa9","local_time":"20210226172029","is_ascension_mode":false,"campfire_choices":[{"data":"Guardian:SentryBeam","floor":10.0,"key":"SMITH"},{"data":"Guardian:ChargeUp","floor":13.0,"key":"SMITH"},{"floor":15.0,"key":"REST"},{"data":"Guardian:PiercingHide","floor":23.0,"key":"SMITH"},{"floor":27.0,"key":"RECALL"},{"floor":32.0,"key":"REST"}],"circlet_count":1,"master_deck":["Guardian:Strike_Guardian","Guardian:Strike_Guardian","Guardian:Strike_Guardian","Guardian:Strike_Guardian","Guardian:Defend_Guardian","Guardian:Defend_Guardian","Guardian:Defend_Guardian","Guardian:Defend_Guardian","Guardian:CurlUp","Guardian:TwinSlam","Guardian:ChargeCore","Guardian:ChargeUp+1","Guardian:SentryBeam+1","Guardian:ChargeCore","Guardian:PiercingHide+1","Guardian:TimeBomb","Guardian:ChargeCore","Guardian:Emergency","Guardian:TemporalStrike","Guardian:Emergency","Guardian:ChargeCore","Guardian:TimeBomb","Guardian:BronzeOrb+1","Guardian:Incinerate","Guardian:BaubleBeam+1","Guardian:Reroute","Guardian:RevengeProtocol","Shame","Regret","Guardian:VentSteam+1","Guardian:Planning","Guardian:Suspension","Guardian:Gem_White","Guardian:Gem_Green","Guardian:Incinerate+1"],"relics":["Guardian:ModeShifter","NeowsBlessing","WarpedTongs","Meat on the Bone","Letter Opener","Circlet","Sozu","Ornamental Fan","Mercury Hourglass","Lantern","Calling Bell","Bag of Marbles","Darkstone Periapt","Peace Pipe"],"acts_visited":[],"potions_floor_usage":[],"damage_taken":[{"damage":0.0,"enemies":"Cultist","floor":1.0,"turns":1.0},{"damage":0.0,"enemies":"2 Louse","floor":2.0,"turns":1.0},{"damage":0.0,"enemies":"Gremlin Nob","floor":6.0,"turns":1.0},{"damage":0.0,"enemies":"Small Slimes","floor":7.0,"turns":2.0},{"damage":6.0,"enemies":"Lagavulin","floor":8.0,"turns":6.0},{"damage":3.0,"enemies":"Exordium Thugs","floor":11.0,"turns":4.0},{"damage":8.0,"enemies":"Exordium Wildlife","floor":12.0,"turns":5.0},{"damage":18.0,"enemies":"The Guardian","floor":16.0,"turns":10.0},{"damage":10.0,"enemies":"Shell Parasite","floor":18.0,"turns":5.0},{"damage":10.0,"enemies":"Spheric Guardian","floor":19.0,"turns":5.0},{"damage":4.0,"enemies":"Snecko","floor":20.0,"turns":4.0},{"damage":25.0,"enemies":"Shelled Parasite and Fungi","floor":22.0,"turns":5.0},{"damage":6.0,"enemies":"Centurion and Healer","floor":24.0,"turns":4.0},{"damage":14.0,"enemies":"Book of Stabbing","floor":25.0,"turns":4.0},{"damage":1.0,"enemies":"Snecko","floor":28.0,"turns":4.0},{"damage":1.0,"enemies":"Shelled Parasite and Fungi","floor":30.0,"turns":4.0},{"damage":22.0,"enemies":"Slavers","floor":31.0,"turns":3.0},{"damage":37.0,"enemies":"Collector","floor":33.0,"turns":9.0},{"damage":0.0,"enemies":"3 Shapes","floor":35.0,"turns":4.0},{"damage":32.0,"enemies":"3 Darklings","floor":36.0,"turns":5.0},{"damage":15.0,"enemies":"Transient","floor":37.0,"turns":5.0},{"damage":35.0,"enemies":"Maw","floor":39.0,"turns":9.0}],"seed_played":"-3181453675924442544","potions_obtained":[{"floor":1.0,"key":"SpeedPotion"},{"floor":6.0,"key":"LiquidBronze"},{"floor":8.0,"key":"SkillPotion"}],"is_trial":false,"path_per_floor":["M","M","?","?","$","E","M","E","T","R","M","M","R","?","R","B",null,"M","M","M","$","M","R","M","E","T","R","M","?","M","E","R","B",null,"M","M","M","$","M","R"],"character_chosen":"GUARDIAN","items_purchased":["Guardian:SentryBeam","Guardian:ChargeCore","Guardian:TimeBomb","Guardian:Gem_White","Guardian:Gem_Green"],"campfire_rested":2,"item_purchase_floors":[5,21,21,38,38],"current_hp_per_floor":[80,80,80,80,80,80,80,74,74,74,71,63,63,63,80,62,80,70,60,56,56,43,43,49,47,47,47,46,46,45,35,59,34,80,80,48,45,45,22,22,22,22],"gold":421,"neow_bonus":"THREE_ENEMY_KILL","is_daily":false,"chose_seed":false,"campfire_upgraded":3,"win_rate":0.0,"timestamp":1614331229,"path_taken":["M","?","?","?","$","E","M","E","T","R","?","M","R","?","R","BOSS","M","M","M","$","M","R","M","E","T","R","M","?","M","E","R","BOSS","M","M","M","$","M","R"],"items_purchased_type":["Card","Card","Card","Card","Card"],"build_version":"2020-12-22","purchased_purges":2,"victory":false,"max_hp_per_floor":[80,80,80,80,80,80,80,80,80,80,80,80,80,80,80,80,80,80,80,80,80,80,80,80,80,80,80,80,80,80,80,80,80,80,80,80,80,80,80,80,80,80],"card_choices":[{"not_picked":["Guardian:ArmoredProtocol","Guardian:WalkerClaw"],"picked":"Guardian:ChargeCore","floor":1.0},{"not_picked":["Guardian:Clone","Guardian:RollAttack"],"picked":"Guardian:ChargeUp","floor":2.0},{"not_picked":["Guardian:SpikerProtocol","Guardian:WalkerClaw"],"picked":"Guardian:ChargeCore","floor":6.0},{"not_picked":["Guardian:BronzeArmor","Guardian:EvasiveProtocol"],"picked":"Guardian:PiercingHide","floor":7.0},{"not_picked":["Guardian:Gem_Red","Guardian:RefractedBeam"],"picked":"Guardian:Gem_White","floor":8.0},{"not_picked":["Guardian:ChargeCore","Guardian:FloatingOrbs"],"picked":"Guardian:TimeBomb","floor":11.0},{"not_picked":["Guardian:Gem_Green","Guardian:Gem_White"],"picked":"Guardian:ChargeCore","floor":12.0},{"not_picked":["Guardian:AncientConstruct","Guardian:HyperBeam_Guardian"],"picked":"Guardian:Gem_Orange","floor":16.0},{"not_picked":["Guardian:Gem_White","Guardian:RollAttack"],"picked":"Guardian:Emergency","floor":18.0},{"not_picked":["Guardian:Gem_Cyan","Guardian:TimeBomb"],"picked":"Guardian:TemporalStrike","floor":19.0},{"not_picked":["Guardian:FloatingOrbs+1","Guardian:RefractedBeam"],"picked":"Guardian:Emergency","floor":20.0},{"not_picked":["Guardian:PolyBeam","Guardian:WalkerClaw"],"picked":"Guardian:BronzeOrb+1","floor":22.0},{"not_picked":["Guardian:VentSteam","Guardian:PrimingBeam"],"picked":"Guardian:Incinerate","floor":24.0},{"not_picked":["Guardian:BronzeArmor","Guardian:Repulse+1"],"picked":"Guardian:Gem_Synthetic","floor":25.0},{"not_picked":["Guardian:VentSteam","Guardian:WalkerClaw"],"picked":"Guardian:BaubleBeam+1","floor":28.0},{"not_picked":["Guardian:Gem_White","Guardian:BronzeArmor"],"picked":"Guardian:Gem_Cyan","floor":30.0},{"not_picked":["Guardian:SpikerProtocol+1","Guardian:DecasProtection"],"picked":"Guardian:Reroute","floor":31.0},{"not_picked":["Guardian:ConstructionForm","Guardian:HyperBeam_Guardian"],"picked":"Guardian:RevengeProtocol","floor":33.0},{"not_picked":["Guardian:Reroute","Guardian:DecasProtection+1"],"picked":"Guardian:VentSteam+1","floor":35.0},{"not_picked":["Guardian:RollAttack","Guardian:FloatingOrbs+1"],"picked":"Guardian:Planning","floor":36.0},{"not_picked":["Guardian:ArmoredProtocol+1","Guardian:PrimingBeam+1"],"picked":"Guardian:Suspension","floor":37.0},{"not_picked":["Guardian:PolyBeam","Guardian:BaubleBeam"],"picked":"Guardian:Incinerate+1","floor":39.0}],"player_experience":231563,"relics_obtained":[{"floor":6.0,"key":"Meat on the Bone"},{"floor":8.0,"key":"Letter Opener"},{"floor":9.0,"key":"Dodecahedron"},{"floor":25.0,"key":"Ornamental Fan"},{"floor":31.0,"key":"Lantern"},{"floor":34.0,"key":"Bag of Marbles"},{"floor":34.0,"key":"Darkstone Periapt"},{"floor":34.0,"key":"Peace Pipe"}],"event_choices":[{"damage_healed":0.0,"max_hp_gain":0.0,"max_hp_loss":0.0,"gold_gain":0.0,"event_name":"The Cleric","player_choice":"Leave","floor":3.0,"gold_loss":0.0,"damage_taken":0.0},{"damage_healed":0.0,"max_hp_gain":0.0,"max_hp_loss":0.0,"gold_gain":73.0,"event_name":"Golden Wing","player_choice":"Gained Gold","floor":14.0,"gold_loss":0.0,"damage_taken":0.0},{"damage_healed":0.0,"max_hp_gain":0.0,"max_hp_loss":0.0,"gold_gain":0.0,"event_name":"The Mausoleum","player_choice":"Opened","floor":29.0,"gold_loss":0.0,"damage_taken":0.0,"relics_obtained":["Mercury Hourglass"]}],"is_beta":false,"boss_relics":[{"not_picked":["Black Star","Runic Pyramid"],"picked":"Sozu"},{"not_picked":["Tiny House","Runic Dome"],"picked":"Calling Bell"}],"items_purged_floors":[5,38],"is_endless":false,"potions_floor_spawned":[1,6,8,16,20,24,25,36,37],"ascension_level":0}}