{"host":"x3tdtn2vw0frar62","time":1614375907,"event":{"mods":["100% Spire Juice","Aspiration","BaseMod","Better Note","Better Sensory Stone","Better Third Choice","BetterRewards","CatGirl Mod","Hermit","Hubris","LagranYue(???·?)","Marisa????????","Minty Spire (QoL Compilation)","Morshu Shopkeeper","Morshu Shopkeeper - ENHANCED","Practice Mode","Railgun Mod","Relic Stats","Reliquary","Remilia??????","Replay The Spire","Robot Space Explorer","Shade Mod","Shop Mod","Spicy Shops","Spire Arcade","StSLib","The Cursed","The Dragon Tamer","The Marked","The Runesmith","The Sage","The Senshi","The Servant 0.9.4"],"gold_per_floor":[111,126,126,47,64,64,64,97,120,138,167,167,167,185,185,309,309,322,336,336,356,356,356,390,316,341,422,422,435,455,470,470,601,601,622,332,356,356,212,212,212,248,248,272,272,303,327,385,385,385],"floor_reached":51,"language":"ENG","playtime":3388,"items_purged":["Normality"],"score":635,"play_id":"543b41d0-5589-449d-beb5-01787554d969","local_time":"20210226164507","is_ascension_mode":false,"campfire_choices":[{"data":"theCatGirl:BloodScent","floor":6.0,"key":"SMITH"},{"data":"theCatGirl:PlayAround","floor":12.0,"key":"SMITH"},{"floor":15.0,"key":"REST"},{"data":"theCatGirl:SearchBackpack","floor":23.0,"key":"SMITH"},{"floor":32.0,"key":"DIG"},{"data":"theCatGirl:Howl","floor":40.0,"key":"SMITH"}],"circlet_count":0,"master_deck":["theCatGirl:Strike","theCatGirl:Strike","theCatGirl:Strike","theCatGirl:Strike+1","theCatGirl:Defend","theCatGirl:Defend","theCatGirl:Defend","theCatGirl:ClawStrike+1","theCatGirl:Evasion","theCatGirl:BodyBlow+1","theCatGirl:BloodScent+1","theCatGirl:BloodScent+1","theCatGirl:PlayAround+1","theCatGirl:SearchBackpack+1","PowerUp+1","theCatGirl:Howl+1","theCatGirl:ElegantStrike"],"relics":["theCatGirl:TrainedRelic","Whetstone","reliquary:SilkGlove","Peace Pipe","Golden Idol","Coffee Dripper","Vajra","reliquary:WeakTea","Toolbox","reliquary:Stiletto","Mummified Hand","Eternal Feather","hubris:Stopwatch","LagranYue:MagicReflectiveArmorRelic","HandDrill","hubris:Icosahedron","Omamori","ReplayTheSpireMod:CursedCoin","MealTicket","Thread and Needle","ReplayTheSpireMod:Shallot","Prayer Wheel"],"acts_visited":["Exordium","TheCity","TheBeyond"],"potions_floor_usage":[50,50],"damage_taken":[{"damage":10.0,"enemies":"2 Louse","floor":1.0,"turns":3.0},{"damage":0.0,"enemies":"Small Slimes","floor":2.0,"turns":3.0},{"damage":1.0,"enemies":"Cultist","floor":5.0,"turns":3.0},{"damage":11.0,"enemies":"3 Sentries","floor":8.0,"turns":5.0},{"damage":0.0,"enemies":"Red Slaver","floor":10.0,"turns":2.0},{"damage":14.0,"enemies":"Lagavulin","floor":11.0,"turns":7.0},{"damage":15.0,"enemies":"Gremlin Gang","floor":14.0,"turns":4.0},{"damage":18.0,"enemies":"The Guardian","floor":16.0,"turns":7.0},{"damage":0.0,"enemies":"Spheric Guardian","floor":18.0,"turns":3.0},{"damage":2.0,"enemies":"Shell Parasite","floor":19.0,"turns":4.0},{"damage":20.0,"enemies":"Shelled Parasite and Fungi","floor":21.0,"turns":5.0},{"damage":26.0,"enemies":"Slavers","floor":24.0,"turns":4.0},{"damage":5.0,"enemies":"Snecko","floor":29.0,"turns":3.0},{"damage":0.0,"enemies":"Centurion and Healer","floor":30.0,"turns":2.0},{"damage":1.0,"enemies":"Snake Plant","floor":31.0,"turns":3.0},{"damage":10.0,"enemies":"Champ","floor":33.0,"turns":9.0},{"damage":10.0,"enemies":"Orb Walker","floor":35.0,"turns":3.0},{"damage":0.0,"enemies":"3 Darklings","floor":37.0,"turns":4.0},{"damage":0.0,"enemies":"Reptomancer","floor":42.0,"turns":5.0},{"damage":0.0,"enemies":"Sphere and 2 Shapes","floor":44.0,"turns":4.0},{"damage":3.0,"enemies":"Nemesis","floor":46.0,"turns":5.0},{"damage":0.0,"enemies":"Transient","floor":47.0,"turns":5.0},{"damage":39.0,"enemies":"2 Orb Walkers","floor":48.0,"turns":4.0},{"damage":8,"enemies":"Replay:Hell Engine","floor":50,"turns":7}],"seed_played":"668289987975287589","potions_obtained":[{"floor":1.0,"key":"LifebloodPotion"},{"floor":2.0,"key":"PowerPotion"},{"floor":5.0,"key":"EssenceOfSteel"},{"floor":11.0,"key":"Weak Potion"},{"floor":14.0,"key":"Venom Potion"},{"floor":19.0,"key":"SpeedPotion"},{"floor":21.0,"key":"Energy Potion"},{"floor":24.0,"key":"Block Potion"},{"floor":30.0,"key":"Cursed Concoction"},{"floor":33.0,"key":"Explosive Potion"},{"floor":44.0,"key":"ColorlessPotion"},{"floor":46.0,"key":"CultistPotion"},{"floor":47.0,"key":"Strength Potion"}],"is_trial":false,"path_per_floor":["M","M","?","$","M","R","?","E","T","M","E","R","?","M","R","B",null,"M","M","?","M","$","R","E","$","T","T","?","M","M","M","R","B",null,"M","$","M","?","$","R","$","E","T","M","?","E","M","?","R","B",null],"character_chosen":"THE_CATGIRL","items_purchased":["theCatGirl:BloodScent","Vajra","Fruit Juice","Toolbox","LagranYue:MagicReflectiveArmorRelic","HandDrill","Omamori","ReplayTheSpireMod:CursedCoin","MealTicket"],"campfire_rested":1,"item_purchase_floors":[4,22,22,25,36,36,39,39,39],"current_hp_per_floor":[67,67,67,67,66,66,66,55,55,55,41,41,22,7,30,12,77,77,75,75,55,43,43,17,17,17,17,17,12,12,11,11,1,85,75,75,75,75,75,84,85,85,85,85,85,82,82,43,77,69],"gold":385,"neow_bonus":"TEN_PERCENT_HP_BONUS","is_daily":false,"chose_seed":false,"campfire_upgraded":4,"win_rate":0.0,"timestamp":1614375907,"path_taken":["M","M","?","$","M","R","?","E","T","M","E","R","?","M","R","BOSS","M","M","?","?","?","R","E","$","T","?","?","M","M","M","R","BOSS","M","$","?","?","$","R","$","E","T","M","?","E","M","?","R","BOSS"],"items_purchased_type":["Card","Relic","Potion","Relic","Relic","Relic","Relic","Relic","Relic"],"build_version":"2020-12-22","purchased_purges":1,"victory":true,"max_hp_per_floor":[77,77,77,77,77,77,77,77,77,77,77,77,77,77,77,77,77,77,77,77,77,85,85,85,85,85,85,85,85,85,85,85,85,85,85,85,85,85,85,85,85,85,85,85,85,85,85,85,85,85],"relic_stats":{"Peace Pipe":0,"counters":[24,104],"Golden Idol":152,"Mummified Hand":[28],"Eternal Feather":18,"MealTicket":1,"Prayer Wheel":0,"HandDrill":[4],"Whetstone":["theCatGirl:Strike","theCatGirl:ClawStrike"],"obtain_stats":[{"theCatGirl:TrainedRelic":0,"reliquary:SilkGlove":9,"Golden Idol":13,"ReplayTheSpireMod:CursedCoin":39,"Vajra":22,"Eternal Feather":32,"Thread and Needle":42,"Omamori":39,"Whetstone":8,"reliquary:WeakTea":24,"LagranYue:MagicReflectiveArmorRelic":36,"Peace Pipe":11,"hubris:Icosahedron":38,"ReplayTheSpireMod:Shallot":46,"Mummified Hand":27,"hubris:Stopwatch":34,"Toolbox":25,"MealTicket":39,"Prayer Wheel":48,"reliquary:Stiletto":26,"Coffee Dripper":17,"HandDrill":36},{"theCatGirl:TrainedRelic":0,"reliquary:SilkGlove":4,"Golden Idol":6,"ReplayTheSpireMod:CursedCoin":18,"Vajra":11,"Eternal Feather":15,"Thread and Needle":19,"Omamori":18,"Whetstone":4,"reliquary:WeakTea":12,"LagranYue:MagicReflectiveArmorRelic":17,"Peace Pipe":6,"hubris:Icosahedron":18,"ReplayTheSpireMod:Shallot":21,"Mummified Hand":12,"hubris:Stopwatch":16,"Toolbox":12,"MealTicket":18,"Prayer Wheel":23,"reliquary:Stiletto":12,"Coffee Dripper":8,"HandDrill":17},{"theCatGirl:TrainedRelic":0,"reliquary:SilkGlove":14,"Golden Idol":23,"ReplayTheSpireMod:CursedCoin":74,"Vajra":46,"Eternal Feather":58,"Thread and Needle":79,"Omamori":74,"Whetstone":14,"reliquary:WeakTea":50,"LagranYue:MagicReflectiveArmorRelic":70,"Peace Pipe":23,"hubris:Icosahedron":74,"ReplayTheSpireMod:Shallot":88,"Mummified Hand":50,"hubris:Stopwatch":67,"Toolbox":50,"MealTicket":74,"Prayer Wheel":97,"reliquary:Stiletto":50,"Coffee Dripper":34,"HandDrill":70}]},"card_choices":[{"not_picked":["theCatGirl:FinishingMove","theCatGirl:DefensiveStance"],"picked":"theCatGirl:BodyBlow","floor":1.0},{"not_picked":["theCatGirl:AllIn","theCatGirl:UnrelentingAssault","theCatGirl:PoisedStrike"],"picked":"SKIP","floor":2.0},{"not_picked":["theCatGirl:TwoStep","theCatGirl:RecoveryBlow","theCatGirl:ScratchFlurry"],"picked":"SKIP","floor":5.0},{"not_picked":["theCatGirl:TrainWreck","theCatGirl:FumblingBlow"],"picked":"theCatGirl:PlayAround","floor":8.0},{"not_picked":["theCatGirl:ClenchYourTeeth","theCatGirl:FumblingBlow","theCatGirl:ScratchFlurry"],"picked":"SKIP","floor":10.0},{"not_picked":["theCatGirl:AccidentalSlap","theCatGirl:FinishingMove","theCatGirl:ThatWasntIt"],"picked":"SKIP","floor":11.0},{"not_picked":["theCatGirl:QuickStrike","theCatGirl:ClenchYourTeeth","theCatGirl:SpinningStrike"],"picked":"SKIP","floor":14.0},{"not_picked":["theCatGirl:BloodBath+1","theCatGirl:DefensiveStance"],"picked":"theCatGirl:SearchBackpack","floor":18.0},{"not_picked":["theCatGirl:FinishingMove","theCatGirl:AllIn","theCatGirl:EmergencyParry"],"picked":"SKIP","floor":19.0},{"not_picked":["theCatGirl:Slip","theCatGirl:ThatWasntIt","theCatGirl:KeepAlert"],"picked":"SKIP","floor":21.0},{"not_picked":["theCatGirl:ThatWasntIt","theCatGirl:Prepared","theCatGirl:SearchBackpack"],"picked":"SKIP","floor":24.0},{"not_picked":["theCatGirl:LearnByMistake","theCatGirl:Parry","theCatGirl:ShockedWitness"],"picked":"SKIP","floor":29.0},{"not_picked":["theCatGirl:PoisedStrike+1","theCatGirl:TwoStep","theCatGirl:KeepAlert"],"picked":"SKIP","floor":30.0},{"not_picked":["theCatGirl:Meow","theCatGirl:TryingMyBest","theCatGirl:DefensiveStance"],"picked":"SKIP","floor":31.0},{"not_picked":["theCatGirl:AccidentalHeadbutt","theCatGirl:PerfectBlock"],"picked":"theCatGirl:Howl","floor":33.0},{"not_picked":["theCatGirl:EmergencyParry+1","theCatGirl:BloodBath","theCatGirl:Parry+1"],"picked":"SKIP","floor":35.0},{"not_picked":["theCatGirl:PlayAround+1","theCatGirl:RecoveryBlow+1"],"picked":"theCatGirl:ElegantStrike","floor":37.0},{"not_picked":["theCatGirl:FinishingMove+1","theCatGirl:ScratchFlurry+1","theCatGirl:GoddessOfMisfortune"],"picked":"SKIP","floor":42.0},{"not_picked":["theCatGirl:ScratchFlurry+1","theCatGirl:RecoveryBlow+1","theCatGirl:Claws+1"],"picked":"SKIP","floor":44.0},{"not_picked":["theCatGirl:Insane","theCatGirl:SpinningStrike+1","theCatGirl:Growl"],"picked":"SKIP","floor":46.0},{"not_picked":["theCatGirl:ClenchYourTeeth","theCatGirl:AccidentalSlap","theCatGirl:LuckyBlow"],"picked":"SKIP","floor":47.0}],"player_experience":231417,"relics_obtained":[{"floor":8.0,"key":"Whetstone"},{"floor":9.0,"key":"reliquary:SilkGlove"},{"floor":11.0,"key":"Peace Pipe"},{"floor":24.0,"key":"reliquary:WeakTea"},{"floor":26.0,"key":"reliquary:Stiletto"},{"floor":27.0,"key":"Mummified Hand"},{"floor":32.0,"key":"Eternal Feather"},{"floor":42.0,"key":"Thread and Needle"},{"floor":46.0,"key":"ReplayTheSpireMod:Shallot"},{"floor":48.0,"key":"Prayer Wheel"}],"event_choices":[{"damage_healed":0.0,"max_hp_gain":0.0,"max_hp_loss":0.0,"gold_gain":0.0,"event_name":"Living Wall","player_choice":"Grow","floor":7.0,"gold_loss":0.0,"damage_taken":0.0,"cards_upgraded":["theCatGirl:BloodScent"]},{"damage_healed":0.0,"max_hp_gain":0.0,"max_hp_loss":0.0,"gold_gain":0.0,"event_name":"Golden Idol","player_choice":"Take Damage","floor":13.0,"gold_loss":0.0,"damage_taken":19.0,"relics_obtained":["Golden Idol"]},{"damage_healed":0.0,"max_hp_gain":0.0,"max_hp_loss":0.0,"gold_gain":0.0,"event_name":"Transmorgrifier","player_choice":"Ignored","floor":20.0,"gold_loss":0.0,"damage_taken":0.0},{"cards_removed":["theCatGirl:BloodScent"],"damage_healed":0.0,"max_hp_gain":0.0,"max_hp_loss":0.0,"gold_gain":0.0,"event_name":"betterNote:BetterNote","player_choice":"Take \u0026 Give","floor":28.0,"gold_loss":0.0,"damage_taken":0.0,"cards_obtained":["PowerUp"]},{"cards_removed":["theCatGirl:Defend"],"damage_healed":0.0,"max_hp_gain":0.0,"max_hp_loss":0.0,"gold_gain":0.0,"event_name":"Falling","player_choice":"Removed Skill","floor":45.0,"gold_loss":0.0,"damage_taken":0.0},{"damage_healed":0.0,"max_hp_gain":0.0,"max_hp_loss":0.0,"gold_gain":0.0,"event_name":"Mysterious Sphere","player_choice":"Fight","floor":48.0,"gold_loss":0.0,"damage_taken":0.0}],"is_beta":false,"boss_relics":[{"not_picked":["Runesmith:UraniumAnvil","reliquary:Ember"],"picked":"Coffee Dripper"},{"not_picked":["Replay:Drink Me","hubris:CrackedHourglass"],"picked":"hubris:Stopwatch"}],"items_purged_floors":[36],"is_endless":false,"potions_floor_spawned":[1,2,5,11,14,19,21,24,30,33,44,46,47],"ascension_level":0}}