{"host":"4par9lyhj7bf4dsa","time":1614297676,"event":{"mods":["AchievementEnabler","BaseMod","Colored Map","Minty Spire (QoL Compilation)","Relic Stats","StSLib"],"gold_per_floor":[209,209,221,50,63,63,77,104,104,132,132,146,166,194,194,271,271,288,304,20,20,20,20,54,54,54,54,79,94,94,109,109,183,183,195,209,0,0,16,16,50,50,50,50,50,80,99,112,112,112,112],"floor_reached":50,"language":"ENG","playtime":6059,"items_purged":["Strike_P","Strike_P","Strike_P"],"score":1073,"play_id":"979ed31a-d4be-4bf6-a212-39233f39fa92","local_time":"20210226110116","is_ascension_mode":true,"campfire_choices":[{"data":"Wallop","floor":6,"key":"SMITH"},{"data":"CutThroughFate","floor":11,"key":"SMITH"},{"data":"Adaptation","floor":15,"key":"SMITH"},{"data":"TalkToTheHand","floor":23,"key":"SMITH"},{"data":"TalkToTheHand","floor":27,"key":"SMITH"},{"floor":30,"key":"REST"},{"data":"Scrawl","floor":32,"key":"SMITH"},{"data":"1","floor":40,"key":"LIFT"},{"data":"2","floor":42,"key":"LIFT"},{"data":"3","floor":44,"key":"LIFT"},{"data":"DeusExMachina","floor":49,"key":"SMITH"}],"circlet_count":0,"master_deck":["AscendersBane","Strike_P","Defend_P","Defend_P","Defend_P","Defend_P","Eruption+1","Vigilance","FearNoEvil","BattleHymn","CutThroughFate+1","Wallop+1","CrushJoints","Tantrum","Adaptation+1","EmptyBody","DeusExMachina+1","SashWhip+1","JustLucky+1","TalkToTheHand+1","TalkToTheHand+1","Scrawl+1","Wallop+1","CurseOfTheBell","FollowUp+1","Wireheading+1","InnerPeace","ClearTheMind+1","CutThroughFate+1","Wallop+1"],"relics":["PureWater","Lantern","Question Card","Mango","StrikeDummy","Philosopher\u0027s Stone","Lee\u0027s Waffle","Blood Vial","Enchiridion","TeardropLocket","Toy Ornithopter","Calling Bell","Centennial Puzzle","Ornamental Fan","Dead Branch","Girya","PreservedInsect","Bottled Flame","Molten Egg 2"],"acts_visited":["Exordium","TheCity","TheBeyond"],"potions_floor_usage":[7,10,12,33,35,39,50],"damage_taken":[{"damage":0,"enemies":"Small Slimes","floor":1,"turns":2},{"damage":1,"enemies":"Cultist","floor":3,"turns":3},{"damage":12,"enemies":"Jaw Worm","floor":5,"turns":3},{"damage":0,"enemies":"3 Louse","floor":7,"turns":1},{"damage":0,"enemies":"Lagavulin","floor":8,"turns":4},{"damage":0,"enemies":"3 Sentries","floor":10,"turns":3},{"damage":7,"enemies":"Large Slime","floor":12,"turns":2},{"damage":0,"enemies":"Red Slaver","floor":13,"turns":1},{"damage":4,"enemies":"Gremlin Nob","floor":14,"turns":3},{"damage":15,"enemies":"The Guardian","floor":16,"turns":6},{"damage":0,"enemies":"Spheric Guardian","floor":18,"turns":1},{"damage":11,"enemies":"3 Byrds","floor":19,"turns":4},{"damage":6,"enemies":"Gremlin Leader","floor":24,"turns":4},{"damage":20,"enemies":"Slavers","floor":28,"turns":5},{"damage":4,"enemies":"Snake Plant","floor":29,"turns":2},{"damage":0,"enemies":"Chosen and Byrds","floor":31,"turns":2},{"damage":36,"enemies":"Collector","floor":33,"turns":6},{"damage":19,"enemies":"3 Darklings","floor":35,"turns":6},{"damage":0,"enemies":"3 Shapes","floor":36,"turns":2},{"damage":10,"enemies":"Sphere and 2 Shapes","floor":39,"turns":4},{"damage":0,"enemies":"Giant Head","floor":41,"turns":6},{"damage":6,"enemies":"Nemesis","floor":46,"turns":3},{"damage":0,"enemies":"Transient","floor":47,"turns":5},{"damage":0,"enemies":"Spire Growth","floor":48,"turns":2},{"damage":113,"enemies":"Time Eater","floor":50,"turns":7}],"seed_played":"-4387811234035723483","potions_obtained":[{"floor":3,"key":"SkillPotion"},{"floor":8,"key":"DuplicationPotion"},{"floor":14,"key":"FearPotion"},{"floor":18,"key":"GamblersBrew"},{"floor":33,"key":"AttackPotion"},{"floor":36,"key":"BottledMiracle"},{"floor":46,"key":"Weak Potion"}],"is_trial":false,"path_per_floor":["M","?","M","$","M","R","M","E","T","E","R","M","M","E","R","B",null,"M","M","$","?","?","R","E","?","T","R","E","M","R","M","R","B",null,"M","M","$","?","M","R","E","R","T","R","$","E","M","M","R","B"],"character_chosen":"WATCHER","items_purchased":["CutThroughFate","Explosive Potion","TalkToTheHand","Lee\u0027s Waffle","InnerPeace","AttackPotion"],"campfire_rested":1,"item_purchase_floors":[4,4,20,20,37,37],"current_hp_per_floor":[65,65,64,64,52,52,52,52,52,66,66,59,59,55,55,40,75,75,64,93,75,75,75,69,53,53,53,35,33,62,64,64,35,82,70,72,72,72,69,69,71,71,71,71,71,67,69,71,71,0,0],"gold":112,"neow_bonus":"HUNDRED_GOLD","is_daily":false,"chose_seed":false,"campfire_upgraded":7,"win_rate":0.0,"timestamp":1614297676,"path_taken":["M","?","M","$","M","R","M","E","T","E","R","M","M","E","R","BOSS","M","M","$","?","?","R","E","?","T","R","E","M","R","M","R","BOSS","M","M","$","?","?","R","E","R","T","R","$","E","M","M","R","BOSS"],"items_purchased_type":["Card","Potion","Card","Relic","Card","Potion"],"build_version":"2020-12-22","purchased_purges":3,"victory":false,"max_hp_per_floor":[72,72,72,72,72,72,72,72,72,86,86,86,86,86,86,86,86,86,86,93,98,98,98,98,98,98,98,98,98,98,98,98,98,98,98,98,98,98,98,98,98,98,98,98,98,98,98,98,98,98,98],"relic_stats":{"Blood Vial":24,"Lee\u0027s Waffle":29,"Centennial Puzzle":[10],"counters":[25,87],"Ornamental Fan":[132],"Dead Branch":[64],"PreservedInsect":50,"Question Card":20,"obtain_stats":[{"Girya":38,"Lantern":8,"Lee\u0027s Waffle":20,"Dead Branch":34,"Enchiridion":25,"Mango":10,"PreservedInsect":41,"TeardropLocket":26,"Question Card":9,"Blood Vial":24,"Calling Bell":34,"Centennial Puzzle":34,"Bottled Flame":43,"Ornamental Fan":34,"Philosopher\u0027s Stone":17,"Molten Egg 2":46,"PureWater":0,"StrikeDummy":14,"Toy Ornithopter":28},{"Girya":19,"Lantern":5,"Lee\u0027s Waffle":12,"Dead Branch":17,"Enchiridion":13,"Mango":6,"PreservedInsect":21,"TeardropLocket":13,"Question Card":5,"Blood Vial":13,"Calling Bell":17,"Centennial Puzzle":17,"Bottled Flame":21,"Ornamental Fan":17,"Philosopher\u0027s Stone":10,"Molten Egg 2":22,"PureWater":0,"StrikeDummy":9,"Toy Ornithopter":14},{"Girya":60,"Lantern":13,"Lee\u0027s Waffle":33,"Dead Branch":52,"Enchiridion":37,"Mango":16,"PreservedInsect":70,"TeardropLocket":37,"Question Card":13,"Blood Vial":37,"Calling Bell":52,"Centennial Puzzle":52,"Bottled Flame":70,"Ornamental Fan":52,"Philosopher\u0027s Stone":28,"Molten Egg 2":73,"PureWater":0,"StrikeDummy":22,"Toy Ornithopter":42}],"Toy Ornithopter":20},"card_choices":[{"not_picked":["Evaluate","Consecrate"],"picked":"FearNoEvil","floor":1},{"not_picked":["FearNoEvil","Halt"],"picked":"BattleHymn","floor":3},{"not_picked":["Halt","CrushJoints"],"picked":"Wallop","floor":5},{"not_picked":["FollowUp","FlyingSleeves"],"picked":"CrushJoints","floor":7},{"not_picked":["JustLucky","Sanctity","ReachHeaven"],"picked":"SKIP","floor":8},{"not_picked":["FlurryOfBlows","Sanctity","Protect"],"picked":"Tantrum","floor":10},{"not_picked":["Vengeance","Wish","ClearTheMind"],"picked":"Adaptation","floor":12},{"not_picked":["EmptyFist","Consecrate","Brilliance"],"picked":"EmptyBody","floor":13},{"not_picked":["CutThroughFate","FlyingSleeves","ForeignInfluence","InnerPeace"],"picked":"SKIP","floor":14},{"not_picked":["Blasphemy","DevaForm","MasterReality"],"picked":"DeusExMachina","floor":16},{"not_picked":["PathToVictory","BattleHymn","FollowUp+1"],"picked":"SashWhip+1","floor":18},{"not_picked":["ClearTheMind+1","FlyingSleeves","Crescendo"],"picked":"JustLucky+1","floor":19},{"not_picked":["PathToVictory","FlyingSleeves","Protect"],"picked":"Scrawl","floor":24},{"not_picked":["FollowUp","Swivel","Study"],"picked":"Wallop+1","floor":28},{"not_picked":["JustLucky","WheelKick","FlyingSleeves","FollowUp"],"picked":"SKIP","floor":29},{"not_picked":["Perseverance","WindmillStrike+1","BowlingBash","Establishment"],"picked":"SKIP","floor":31},{"not_picked":["ClearTheMind","Tantrum","DeceiveReality"],"picked":"FollowUp+1","floor":35},{"not_picked":["Evaluate","CutThroughFate","WheelKick"],"picked":"Wireheading+1","floor":36},{"not_picked":["PathToVictory+1","Halt","SignatureMove+1"],"picked":"ClearTheMind+1","floor":39},{"not_picked":["Conclude","SashWhip","Consecrate","Brilliance"],"picked":"SKIP","floor":41},{"not_picked":["ThirdEye","EmptyMind+1","Pray"],"picked":"CutThroughFate+1","floor":46},{"not_picked":["Protect","FlyingSleeves+1","ClearTheMind"],"picked":"Wallop+1","floor":47},{"not_picked":["FlyingSleeves+1","ThirdEye","Protect","PathToVictory"],"picked":"SKIP","floor":48}],"player_experience":1153570,"relics_obtained":[{"floor":8,"key":"Lantern"},{"floor":9,"key":"Question Card"},{"floor":10,"key":"Mango"},{"floor":14,"key":"StrikeDummy"},{"floor":24,"key":"Blood Vial"},{"floor":25,"key":"Enchiridion"},{"floor":26,"key":"TeardropLocket"},{"floor":28,"key":"Toy Ornithopter"},{"floor":34,"key":"Centennial Puzzle"},{"floor":34,"key":"Ornamental Fan"},{"floor":34,"key":"Dead Branch"},{"floor":38,"key":"Girya"},{"floor":41,"key":"PreservedInsect"},{"floor":43,"key":"Bottled Flame"},{"floor":46,"key":"Molten Egg 2"}],"event_choices":[{"damage_healed":0,"gold_gain":0,"player_choice":"Upgraded","damage_taken":0,"max_hp_gain":0,"max_hp_loss":0,"event_name":"Upgrade Shrine","floor":2,"gold_loss":0,"cards_upgraded":["Eruption"]},{"damage_healed":0,"gold_gain":0,"player_choice":"Shed Blood","damage_taken":23,"max_hp_gain":5,"max_hp_loss":0,"event_name":"Forgotten Altar","floor":21,"gold_loss":0},{"damage_healed":0,"gold_gain":0,"player_choice":"Read","damage_taken":0,"max_hp_gain":0,"max_hp_loss":0,"event_name":"The Library","floor":22,"gold_loss":0,"cards_obtained":["TalkToTheHand"]},{"damage_healed":0,"gold_gain":0,"player_choice":"Obtained Book","damage_taken":16,"max_hp_gain":0,"max_hp_loss":0,"event_name":"Cursed Tome","floor":25,"gold_loss":0},{"damage_healed":0,"gold_gain":0,"player_choice":"Relic","damage_taken":0,"max_hp_gain":0,"max_hp_loss":0,"event_name":"Wheel of Change","floor":38,"gold_loss":0}],"is_beta":false,"boss_relics":[{"not_picked":["Sozu","SlaversCollar"],"picked":"Philosopher\u0027s Stone"},{"not_picked":["Black Star","Fusion Hammer"],"picked":"Calling Bell"}],"items_purged_floors":[4,20,37],"is_endless":false,"potions_floor_spawned":[3,8,14,18,31,33,36,46,47],"killed_by":"Time Eater","ascension_level":13}}