{"host":"BK","time":1614300135,"event":{"mods":["BaseMod","Highlight Path","Minty Spire (QoL Compilation)","StSLib"],"gold_per_floor":[117,26,26,26,26,26,52,15,15,15,50,50,75,86,86,158,158,168,168,184,200,217,217,243,243,243,268,294,28,28,28,28,100,100,117,142,160,160,175,175,45,79,106,135,135,46,46,81,81,81,81,81],"floor_reached":51,"language":"ENG","playtime":2452,"items_purged":["Strike_G","Strike_G","Strike_G"],"score":1666,"play_id":"966e5028-b497-469c-bdad-d9915cfdc34b","local_time":"20210225174215","is_ascension_mode":true,"campfire_choices":[{"data":"Crippling Poison","floor":6.0,"key":"SMITH"},{"data":"Bouncing Flask","floor":12.0,"key":"SMITH"},{"data":"Dash","floor":15.0,"key":"SMITH"},{"floor":23,"key":"REST"},{"floor":25,"key":"REST"},{"floor":30,"key":"REST"},{"floor":32,"key":"REST"},{"floor":40,"key":"RECALL"},{"floor":45,"key":"REST"},{"floor":49,"key":"REST"}],"circlet_count":0,"master_deck":["AscendersBane","Strike_G","Defend_G","Defend_G","Defend_G","Defend_G","Defend_G","Survivor","Neutralize","Crippling Poison+1","Skewer+1","Dagger Throw+1","Bouncing Flask+1","Dash+1","Burst+1","Backflip+1","Blade Dance+1","Terror+1","Catalyst+1","Deflect+1","Acrobatics+1","Bullet Time+1","Noxious Fumes","Bullet Time+1","Eviscerate","Setup+1","Expertise+1","Accuracy","Cloak And Dagger+1","Adrenaline+1","Blur+1"],"relics":["Ring of the Snake","NeowsBlessing","Gambling Chip","Toxic Egg 2","Smiling Mask","Bag of Preparation","Fusion Hammer","Art of War","Red Mask","Black Star","Incense Burner","FossilizedHelix","Bronze Scales","Orichalcum","Torii","Ornamental Fan","Happy Flower","Bottled Lightning"],"acts_visited":["Exordium","TheCity","TheBeyond"],"potions_floor_usage":[16,35,42,44,50],"damage_taken":[{"damage":0.0,"enemies":"Cultist","floor":1.0,"turns":1.0},{"damage":0.0,"enemies":"Gremlin Nob","floor":7.0,"turns":1.0},{"damage":0.0,"enemies":"3 Sentries","floor":11.0,"turns":1.0},{"damage":15.0,"enemies":"Lagavulin","floor":13.0,"turns":5.0},{"damage":4.0,"enemies":"Jaw Worm","floor":14.0,"turns":2.0},{"damage":7,"enemies":"Hexaghost","floor":16,"turns":8},{"damage":12,"enemies":"Shell Parasite","floor":18,"turns":3},{"damage":3,"enemies":"3 Byrds","floor":20,"turns":4},{"damage":1,"enemies":"Shelled Parasite and Fungi","floor":21,"turns":3},{"damage":6,"enemies":"Centurion and Healer","floor":22,"turns":4},{"damage":15,"enemies":"Slavers","floor":24,"turns":3},{"damage":15,"enemies":"Gremlin Leader","floor":27,"turns":2},{"damage":22,"enemies":"Masked Bandits","floor":28,"turns":4},{"damage":43,"enemies":"Automaton","floor":33,"turns":8},{"damage":0,"enemies":"3 Shapes","floor":35,"turns":2},{"damage":0,"enemies":"Mind Bloom Boss Battle","floor":36,"turns":5},{"damage":8,"enemies":"3 Darklings","floor":37,"turns":2},{"damage":7,"enemies":"Jaw Worm Horde","floor":39,"turns":4},{"damage":9,"enemies":"Giant Head","floor":42,"turns":4},{"damage":0,"enemies":"Reptomancer","floor":44,"turns":3},{"damage":1,"enemies":"Nemesis","floor":48,"turns":4},{"damage":27,"enemies":"Donu and Deca","floor":50,"turns":7},{"damage":50,"enemies":"Awakened One","floor":51,"turns":9}],"seed_played":"-5895550769509068159","potions_obtained":[{"floor":1.0,"key":"Swift Potion"},{"floor":14.0,"key":"DuplicationPotion"},{"floor":16,"key":"Ancient Potion"},{"floor":33,"key":"Fruit Juice"},{"floor":35,"key":"SkillPotion"},{"floor":48,"key":"LiquidMemories"}],"is_trial":false,"path_per_floor":["M","$","?","?","?","R","E","$","T","$","E","R","E","M","R","B",null,"M","?","M","M","M","R","E","R","T","E","?","$","R","?","R","B",null,"M","?","M","?","M","R","$","E","T","E","R","$","?","E","R","B","B"],"character_chosen":"THE_SILENT","items_purchased":["Skewer","Dagger Throw","Bouncing Flask","Bullet Time+1","Noxious Fumes","Accuracy","Blur+1"],"campfire_rested":6,"item_purchase_floors":[2,2,8,29,29,41,46],"current_hp_per_floor":[59,59,39,39,44,44,44,44,44,44,44,44,29,25,25,18,58,46,46,43,42,36,57,42,63,63,48,26,26,47,47,68,25,60,65,65,57,57,50,50,50,41,41,41,63,63,63,62,76,49,0,0],"gold":81,"neow_bonus":"THREE_ENEMY_KILL","is_daily":false,"chose_seed":false,"campfire_upgraded":3,"win_rate":0.0,"timestamp":1614300135,"path_taken":["M","$","?","?","?","R","E","$","T","?","E","R","E","M","R","BOSS","M","?","M","M","M","R","E","R","T","E","?","$","R","?","R","BOSS","M","?","M","?","?","R","$","E","T","E","R","$","?","E","R","BOSS","BOSS"],"items_purchased_type":["Card","Card","Card","Card","Card","Card","Card"],"build_version":"2020-12-18","purchased_purges":3,"victory":false,"max_hp_per_floor":[66,66,66,66,71,71,71,71,71,71,71,71,71,71,71,71,71,71,71,71,71,71,71,71,71,71,71,71,71,71,71,71,71,71,76,76,76,76,76,76,76,76,76,76,76,76,76,76,76,76,76,76],"card_choices":[{"not_picked":["Calculated Gamble","Prepared"],"picked":"Crippling Poison","floor":1.0},{"not_picked":["Dagger Throw","Skewer","Envenom"],"picked":"SKIP","floor":7.0},{"not_picked":["Reflex+1","Deflect+1","A Thousand Cuts"],"picked":"SKIP","floor":11.0},{"not_picked":["Deadly Poison+1","Well Laid Plans"],"picked":"Dash","floor":13.0},{"not_picked":["Quick Slash","Outmaneuver+1"],"picked":"Underhanded Strike","floor":14.0},{"not_picked":["Wraith Form v2","Night Terror+1"],"picked":"Burst+1","floor":16},{"not_picked":["Deflect+1","Flying Knee"],"picked":"Backflip+1","floor":18},{"not_picked":["Dodge and Roll+1","Choke"],"picked":"Blade Dance+1","floor":20},{"not_picked":["Backstab","Underhanded Strike"],"picked":"Terror+1","floor":21},{"not_picked":["Dagger Throw","Distraction+1"],"picked":"Catalyst+1","floor":22},{"not_picked":["Poisoned Stab","Cloak And Dagger+1","Flying Knee"],"picked":"SKIP","floor":24},{"not_picked":["Choke","Bouncing Flask+1"],"picked":"Deflect+1","floor":27},{"not_picked":["Tactician+1","Crippling Poison+1"],"picked":"Acrobatics+1","floor":28},{"not_picked":["Grand Finale","Tools of the Trade"],"picked":"Bullet Time+1","floor":33},{"not_picked":["Masterful Stab","All Out Attack","Slice"],"picked":"SKIP","floor":35},{"not_picked":["All Out Attack","Infinite Blades"],"picked":"Eviscerate","floor":36},{"not_picked":["Underhanded Strike","Slice"],"picked":"Setup+1","floor":37},{"not_picked":["Backflip+1","Acrobatics+1","Underhanded Strike"],"picked":"SKIP","floor":39},{"not_picked":["Dodge and Roll+1","Flechettes"],"picked":"Cloak And Dagger+1","floor":42},{"not_picked":["Tactician+1","Dagger Spray"],"picked":"Adrenaline+1","floor":44},{"not_picked":["Quick Slash","Deadly Poison+1","Skewer"],"picked":"SKIP","floor":48}],"player_experience":2621298,"relics_obtained":[{"floor":7.0,"key":"Gambling Chip"},{"floor":9.0,"key":"Toxic Egg 2"},{"floor":11.0,"key":"Smiling Mask"},{"floor":13.0,"key":"Bag of Preparation"},{"floor":24,"key":"Art of War"},{"floor":28,"key":"Red Mask"},{"floor":36,"key":"Incense Burner"},{"floor":42,"key":"FossilizedHelix"},{"floor":42,"key":"Bronze Scales"},{"floor":43,"key":"Orichalcum"},{"floor":44,"key":"Torii"},{"floor":44,"key":"Ornamental Fan"},{"floor":48,"key":"Happy Flower"},{"floor":48,"key":"Bottled Lightning"}],"event_choices":[{"damage_healed":0.0,"max_hp_gain":0.0,"max_hp_loss":0.0,"gold_gain":0.0,"event_name":"Shining Light","player_choice":"Entered Light","floor":3.0,"gold_loss":0.0,"damage_taken":20.0,"cards_upgraded":["Dagger Throw","Skewer"]},{"damage_healed":0.0,"max_hp_gain":0.0,"max_hp_loss":0.0,"gold_gain":0.0,"event_name":"Liars Game","player_choice":"Ignored","floor":4.0,"gold_loss":0.0,"damage_taken":0.0},{"damage_healed":0.0,"max_hp_gain":5.0,"max_hp_loss":0.0,"gold_gain":0.0,"event_name":"Big Fish","player_choice":"Donut","floor":5.0,"gold_loss":0.0,"damage_taken":0.0},{"damage_healed":0,"gold_gain":0,"player_choice":"Ignored","damage_taken":0,"max_hp_gain":0,"max_hp_loss":0,"event_name":"The Mausoleum","floor":19,"gold_loss":0},{"damage_healed":0,"gold_gain":0,"player_choice":"Fought Bandits","damage_taken":0,"max_hp_gain":0,"max_hp_loss":0,"event_name":"Masked Bandits","floor":28,"gold_loss":0},{"damage_healed":0,"gold_gain":0,"player_choice":"Fight","damage_taken":0,"max_hp_gain":0,"max_hp_loss":0,"event_name":"MindBloom","floor":36,"gold_loss":0},{"damage_healed":0,"gold_gain":0,"cards_transformed":["Strike_G"],"player_choice":"Transformed","damage_taken":0,"max_hp_gain":0,"max_hp_loss":0,"event_name":"Transmorgrifier","floor":38,"gold_loss":0,"cards_obtained":["Expertise"]},{"cards_removed":["Underhanded Strike"],"damage_healed":0,"gold_gain":0,"player_choice":"Removed Attack","damage_taken":0,"max_hp_gain":0,"max_hp_loss":0,"event_name":"Falling","floor":47,"gold_loss":0}],"is_beta":true,"boss_relics":[{"not_picked":["HoveringKite","Sozu"],"picked":"Fusion Hammer"},{"not_picked":["Coffee Dripper","Runic Dome"],"picked":"Black Star"}],"items_purged_floors":[29,41,46],"is_endless":false,"potions_floor_spawned":[1,14,16,18,21,28,33,35,37,48],"killed_by":"Awakened One","ascension_level":20}}