{"host":"jxmsv4d84jcvxth5","time":1614299665,"event":{"mods":["AchievementEnabler","BaseMod","Colored Map","Minty Spire (QoL Compilation)","Relic Stats","StSLib"],"gold_per_floor":[119,131,0,19,0,0,12,40,108,108,137,1,1,18,18,90,90,102,119,119,119,129,129,161,161,161,187,462,337,350,366,366,366,366],"floor_reached":33,"language":"ENG","playtime":2058,"items_purged":["Regret"],"score":550,"play_id":"7bde7b86-b120-4f87-be54-fe695dae85a3","local_time":"20210225193425","is_ascension_mode":true,"campfire_choices":[{"data":"Skewer","floor":6.0,"key":"SMITH"},{"floor":10.0,"key":"REST"},{"floor":15.0,"key":"REST"},{"floor":23.0,"key":"REST"},{"floor":25.0,"key":"REST"},{"floor":32,"key":"REST"}],"circlet_count":0,"master_deck":["AscendersBane","Survivor","Neutralize","Escape Plan","Finisher","Skewer+1","Leg Sweep","Infinite Blades","Footwork","Adrenaline","Dagger Spray","Envenom","A Thousand Cuts","Glass Knife","Bullet Time","Noxious Fumes","Dodge and Roll","Quick Slash","Masterful Stab","Backstab","Dodge and Roll","Deflect","Crippling Poison"],"relics":["Busted Crown","Tingsha","Ninja Scroll","Art of War","Pandora\u0027s Box","Enchiridion","Red Mask","White Beast Statue","Pocketwatch"],"acts_visited":["Exordium","TheCity"],"potions_floor_usage":[30,31,33,33],"damage_taken":[{"damage":11.0,"enemies":"Jaw Worm","floor":1.0,"turns":6.0},{"damage":0.0,"enemies":"Cultist","floor":2.0,"turns":5.0},{"damage":1.0,"enemies":"Small Slimes","floor":4.0,"turns":3.0},{"damage":0.0,"enemies":"Looter","floor":5.0,"turns":5.0},{"damage":2.0,"enemies":"3 Louse","floor":7.0,"turns":4.0},{"damage":22.0,"enemies":"Lagavulin","floor":8.0,"turns":7.0},{"damage":29.0,"enemies":"Gremlin Nob","floor":11.0,"turns":4.0},{"damage":8.0,"enemies":"Gremlin Gang","floor":14.0,"turns":5.0},{"damage":8.0,"enemies":"The Guardian","floor":16.0,"turns":9.0},{"damage":6.0,"enemies":"Chosen","floor":18.0,"turns":5.0},{"damage":5.0,"enemies":"3 Byrds","floor":19.0,"turns":4.0},{"damage":3.0,"enemies":"Snecko","floor":22.0,"turns":5.0},{"damage":0.0,"enemies":"Masked Bandits","floor":24.0,"turns":2.0},{"damage":31,"enemies":"Book of Stabbing","floor":27,"turns":6},{"damage":8,"enemies":"Cultist and Chosen","floor":30,"turns":5},{"damage":6,"enemies":"3 Cultists","floor":31,"turns":4},{"damage":69,"enemies":"Champ","floor":33,"turns":9}],"seed_played":"1908951948457755461","potions_obtained":[{"floor":1.0,"key":"PowerPotion"},{"floor":8.0,"key":"SpeedPotion"},{"floor":11.0,"key":"AttackPotion"},{"floor":13.0,"key":"EssenceOfSteel"},{"floor":16.0,"key":"LiquidMemories"},{"floor":19.0,"key":"Block Potion"},{"floor":22.0,"key":"Poison Potion"},{"floor":27,"key":"Regen Potion"},{"floor":30,"key":"Fire Potion"},{"floor":31,"key":"SneckoOil"}],"is_trial":false,"path_per_floor":["M","M","$","M","M","R","M","E","T","R","E","$","?","M","R","B",null,"M","M","?","?","M","R","?","R","T","E","?","$","M","M","R","B"],"character_chosen":"THE_SILENT","items_purchased":["Skewer","Leg Sweep","Footwork","PowerPotion","Deflect"],"campfire_rested":5,"item_purchase_floors":[3,3,12,12,29],"current_hp_per_floor":[48,48,48,47,47,47,45,23,23,42,13,13,13,5,24,16,54,48,43,22,22,19,38,38,57,57,26,26,26,32,26,45,0,0],"gold":366,"neow_bonus":"BOSS_RELIC","is_daily":false,"chose_seed":false,"campfire_upgraded":1,"win_rate":0.0,"timestamp":1614299665,"path_taken":["M","M","$","M","M","R","M","E","T","R","E","$","?","M","R","BOSS","M","M","?","?","M","R","?","R","T","E","?","$","?","M","R","BOSS"],"items_purchased_type":["Card","Card","Card","Potion","Card"],"build_version":"2020-12-22","purchased_purges":1,"victory":false,"max_hp_per_floor":[66,66,66,66,66,66,66,66,66,66,66,66,66,66,66,66,66,66,66,66,66,66,66,66,66,66,66,66,66,66,66,66,66,66],"relic_stats":{"Busted Crown":32,"counters":[17,88],"Tingsha":[40],"Pandora\u0027s Box":["Dagger Spray","Flechettes","All Out Attack","Envenom","A Thousand Cuts","Glass Knife","Bullet Time","Noxious Fumes","Dodge and Roll","Quick Slash"],"Art of War":[3],"obtain_stats":[{"Busted Crown":0,"Ninja Scroll":9,"Enchiridion":20,"Tingsha":8,"Pandora\u0027s Box":17,"Art of War":11,"Red Mask":24,"White Beast Statue":26,"Ring of the Snake":0,"Pocketwatch":27},{"Busted Crown":0,"Ninja Scroll":6,"Enchiridion":11,"Tingsha":6,"Pandora\u0027s Box":9,"Art of War":7,"Red Mask":13,"White Beast Statue":13,"Ring of the Snake":0,"Pocketwatch":14},{"Busted Crown":0,"Ninja Scroll":30,"Enchiridion":57,"Tingsha":30,"Pandora\u0027s Box":48,"Art of War":34,"Red Mask":64,"White Beast Statue":64,"Ring of the Snake":0,"Pocketwatch":70}],"Pocketwatch":[9]},"card_choices":[{"not_picked":[],"picked":"Escape Plan","floor":1.0},{"not_picked":[],"picked":"Finisher","floor":2.0},{"not_picked":["Acrobatics"],"picked":"SKIP","floor":4.0},{"not_picked":["Concentrate"],"picked":"SKIP","floor":5.0},{"not_picked":[],"picked":"Infinite Blades","floor":7.0},{"not_picked":["Eviscerate"],"picked":"SKIP","floor":8.0},{"not_picked":["Bane"],"picked":"SKIP","floor":11.0},{"not_picked":["Bane"],"picked":"SKIP","floor":14.0},{"not_picked":[],"picked":"Adrenaline","floor":16.0},{"not_picked":["Predator"],"picked":"SKIP","floor":18.0},{"not_picked":["Flying Knee"],"picked":"SKIP","floor":19.0},{"not_picked":["Bane"],"picked":"SKIP","floor":22.0},{"not_picked":[],"picked":"Dodge and Roll","floor":24.0},{"not_picked":["Masterful Stab"],"picked":"SKIP","floor":27},{"not_picked":["Reflex"],"picked":"SKIP","floor":30},{"not_picked":[],"picked":"Crippling Poison","floor":31}],"player_experience":1598523,"relics_obtained":[{"floor":8.0,"key":"Tingsha"},{"floor":9.0,"key":"Ninja Scroll"},{"floor":11.0,"key":"Art of War"},{"floor":20.0,"key":"Enchiridion"},{"floor":24.0,"key":"Red Mask"},{"floor":26.0,"key":"White Beast Statue"},{"floor":27,"key":"Pocketwatch"}],"event_choices":[{"damage_healed":0.0,"max_hp_gain":0.0,"max_hp_loss":0.0,"gold_gain":0.0,"event_name":"Lab","player_choice":"Got Potions","floor":13.0,"gold_loss":0.0,"damage_taken":0.0},{"damage_healed":0.0,"max_hp_gain":0.0,"max_hp_loss":0.0,"gold_gain":0.0,"event_name":"Cursed Tome","player_choice":"Obtained Book","floor":20.0,"gold_loss":0.0,"damage_taken":21.0},{"damage_healed":0.0,"max_hp_gain":0.0,"max_hp_loss":0.0,"gold_gain":0.0,"cards_transformed":["Flechettes","All Out Attack"],"event_name":"Drug Dealer","player_choice":"Became Test Subject","floor":21.0,"gold_loss":0.0,"damage_taken":0.0,"cards_obtained":["Masterful Stab","Backstab"]},{"damage_healed":0.0,"max_hp_gain":0.0,"max_hp_loss":0.0,"gold_gain":0.0,"event_name":"Masked Bandits","player_choice":"Fought Bandits","floor":24.0,"gold_loss":0.0,"damage_taken":0.0},{"damage_healed":0,"gold_gain":275,"player_choice":"Desecrate","damage_taken":0,"max_hp_gain":0,"max_hp_loss":0,"event_name":"Golden Shrine","floor":28,"gold_loss":0,"cards_obtained":["Regret"]}],"is_beta":false,"boss_relics":[{"not_picked":["SacredBark","Cursed Key"],"picked":"Pandora\u0027s Box"}],"items_purged_floors":[29],"is_endless":false,"potions_floor_spawned":[1,8,11,16,19,22,27,30,31],"killed_by":"Champ","ascension_level":20}}