{"host":"m6rwrrl4vtok99e8","time":1614347069,"event":{"mods":["100% Spire Juice","ATMod(??Mod)","Act Like it!","Aspiration","BaseMod","Colored Powertips","Downfall","Energized Spire","GungeonMod","Hermit","Koishi","LagranYue(???·?)","Library of Ruina","Library of Ruina Extra","Lobotomy","Marisa????????","Minty Spire (QoL Compilation)","Pale of the Ancients","Quick Restart","Relic Stats","Reliquary","Remilia??????","Replay The Spire","Spicy Shops","StSLib","TestMod","The Servant 0.9.4","Waifu the Spire","??????REMEMod"],"gold_per_floor":[19,35,35,53,53,53,53,53,53,453,482,496,173,190,190,285,285,295,295,295,345,345,345,375,394,394,429,440,460,559,576,576,576,576],"floor_reached":33,"language":"ZHS","playtime":1101,"items_purged":["LightAttack"],"score":387,"play_id":"139a392e-adaa-4817-9fba-fccd3d7e6ff6","local_time":"20210226214429","is_ascension_mode":false,"campfire_choices":[{"data":"AT_EmpoweredMortalDraw","floor":6.0,"key":"SMITH"},{"data":"FocusedStrikes","floor":8.0,"key":"SMITH"},{"floor":15,"key":"REST"},{"data":"ViolentFlame","floor":23,"key":"SMITH"},{"floor":32,"key":"REST"}],"circlet_count":0,"master_deck":["Dodge","LightAttack","LightAttack","LightDefense","LightDefense","LightDefense","ChargeAndCover","FocusedStrikes+1","AT_EmpoweredMortalDraw+1","REME_CRH","ViolentFlame+1","FieryDragonSlash","SenseQuarry","BiAn+1","LeRegole+1","Observe+1","SunsetBlade+1","ViolentFlame+1","HighSpeedStabbing+1"],"relics":["PageOfLibrarian","testmod-TestBox","REME_ComplimentaryCards","LagranYue:RandomDrawCardRelic","testmod-CrystalShield","AT_LudenTempest","Replay:Wax Seal","TungstenRod","aspiration:FrozenJewel","Toxic Egg 2","reliquary:ThirdArm","Pet Ghost","Blue Doll"],"acts_visited":["Exordium","TheCity"],"potions_floor_usage":[21,31,33],"damage_taken":[{"damage":0.0,"enemies":"Small Slimes","floor":1.0,"turns":2.0},{"damage":0.0,"enemies":"Jaw Worm","floor":2.0,"turns":2.0},{"damage":0.0,"enemies":"2 Louse","floor":4.0,"turns":1.0},{"damage":0.0,"enemies":"Lagavulin","floor":11.0,"turns":2.0},{"damage":0.0,"enemies":"Large Slime","floor":12.0,"turns":2.0},{"damage":0,"enemies":"Looter","floor":14,"turns":2},{"damage":6,"enemies":"The Guardian","floor":16,"turns":4},{"damage":15,"enemies":"Shell Parasite","floor":18,"turns":3},{"damage":6,"enemies":"Chosen","floor":21,"turns":3},{"damage":0,"enemies":"Gremlin Leader","floor":24,"turns":3},{"damage":0,"enemies":"Snecko","floor":25,"turns":2},{"damage":5,"enemies":"Replay:Snechameleon","floor":27,"turns":3},{"damage":0,"enemies":"Sentry and Sphere","floor":28,"turns":1},{"damage":25,"enemies":"Centurion and Healer","floor":29,"turns":4},{"damage":0,"enemies":"Chosen and Byrds","floor":31,"turns":2},{"damage":0,"enemies":"RedHoodMercenary","floor":33,"turns":3}],"seed_played":"-3334217136022417413","potions_obtained":[{"floor":2.0,"key":"Adrenaline Potion"},{"floor":4.0,"key":"Fire Potion"},{"floor":14,"key":"Languid Potion"},{"floor":16,"key":"REME_GoldPotion"},{"floor":21,"key":"Dexterity Potion"},{"floor":24,"key":"Energy Potion"}],"is_trial":false,"path_per_floor":["M","M","?","M","$","R","$","R","T","?","E","M","$","M","R","B",null,"M","?","?","M","?","R","E","M","T","E","M","M","?","M","R","B"],"character_chosen":"Librarian","items_purchased":["Toxic Egg 2"],"campfire_rested":2,"item_purchase_floors":[13],"current_hp_per_floor":[60,60,57,57,57,57,57,57,57,57,57,57,57,57,84,65,65,50,50,50,44,44,44,44,44,44,39,39,14,14,14,41,41,41],"gold":576,"neow_bonus":"ONE_RARE_RELIC","is_daily":false,"chose_seed":false,"campfire_upgraded":3,"win_rate":0.0,"timestamp":1614347069,"path_taken":["M","M","?","M","$","R","$","R","T","?","E","M","?","M","R","BOSS","M","?","?","M","?","R","E","M","T","E","M","?","?","M","R","BOSS"],"items_purchased_type":["Relic"],"build_version":"2020-12-22","purchased_purges":1,"victory":false,"max_hp_per_floor":[93,68,68,68,68,68,68,93,93,93,93,93,93,93,93,65,65,78,78,78,84,84,93,93,93,93,93,93,93,93,93,93,93,93],"relic_stats":{"counters":[16,39],"obtain_stats":[{"AT_ATBox":0,"testmod-TestBox":0,"LagranYue:RandomDrawCardRelic":0,"Blue Doll":27,"DemoMod:GlassGuonStoneRelic":2,"reliquary:ThirdArm":17,"aspiration:FrozenJewel":11,"Pet Ghost":24,"PageOfLibrarian":0,"testmod-CrystalShield":0,"AT_LudenTempest":0,"Replay:Wax Seal":3,"Toxic Egg 2":13,"TungstenRod":9,"REME_ComplimentaryCards":0},{"AT_ATBox":0,"testmod-TestBox":0,"LagranYue:RandomDrawCardRelic":0,"Blue Doll":12,"DemoMod:GlassGuonStoneRelic":2,"reliquary:ThirdArm":7,"aspiration:FrozenJewel":4,"Pet Ghost":10,"PageOfLibrarian":0,"testmod-CrystalShield":0,"AT_LudenTempest":0,"Replay:Wax Seal":2,"Toxic Egg 2":5,"TungstenRod":3,"REME_ComplimentaryCards":0},{"AT_ATBox":0,"testmod-TestBox":0,"LagranYue:RandomDrawCardRelic":0,"Blue Doll":29,"DemoMod:GlassGuonStoneRelic":4,"reliquary:ThirdArm":15,"aspiration:FrozenJewel":7,"Pet Ghost":24,"PageOfLibrarian":0,"testmod-CrystalShield":0,"AT_LudenTempest":0,"Replay:Wax Seal":4,"Toxic Egg 2":9,"TungstenRod":5,"REME_ComplimentaryCards":0}],"TungstenRod":12},"card_choices":[{"not_picked":["MindWhip","FieryWaltz","GroundSmash","DesperateStruggle","AsThePrescriptOrders","MultiBlock","Quickness","YouOnlyLiveOnce"],"picked":"ViolentFlame","floor":1.0},{"not_picked":["Collision","CombatPreparation","YoureAHindrance","Thirst","Crush","Thrust","Pound","Parry","SmokingPipe"],"picked":"SKIP","floor":2.0},{"not_picked":["ChopItOff","FeelinGood","BayonetCombat","SharpSwipe","GrazeTheGrass","KeepItFresh","Standoff","Faith"],"picked":"FieryDragonSlash","floor":4.0},{"not_picked":["Crush","TendonChords","SuppressingShot","Endure","BlowItUp","BurningFlash","KeepItFresh","Struggle"],"picked":"SenseQuarry","floor":11.0},{"not_picked":["Diversion","FleetEdge","Parry2","StructuralAnalysis","RapidGashes","UpbeatPerformance","Juggling","IngredientHunt","GreatSerpentsImpact"],"picked":"SKIP","floor":12.0},{"not_picked":["UnavoidableGaze+1","MultiHit","ClassAndRespect","TasteMyFlamingBat","SnakesPrey","EnergyCycle","Rewind+1","SerpentSwordTechnique+1"],"picked":"BiAn+1","floor":14},{"not_picked":["RipSpace","TrashDisposal"],"picked":"LeRegole+1","floor":16},{"not_picked":["NightInTheBackstreets+1","TimeForALittleTest+1","Overcharge+1","BindingArms","SerpentSwordTechnique+1","EnergyStrike+1","RhinoRam","ToWhereThePrescriptPoints+1","Multislash+1"],"picked":"SKIP","floor":18},{"not_picked":["Multislash","ScatteringSlash+1","Pound","GuidanceOfTheGears+1","BackAttack+1","SerpentSwordTechnique+1","EnergyShield+1","Thrust"],"picked":"SunsetBlade+1","floor":21},{"not_picked":["Eject+1","SpearedSweep","Diversion","RepressedFlesh","ClassAndRespect","StayCalm+1","SunsetBlade","AlloutWar+1","Pound"],"picked":"SKIP","floor":24},{"not_picked":["VenomousFangs","BindingArms+1","Outburst+1","ConcentratedFire+1","SnakesPrey","QuickAttack","GreatSerpentsImpact","EnergyStrike","ViolentFlame+1"],"picked":"SKIP","floor":25},{"not_picked":["HighKick+1","Wallop_lor","YourShield+1","UnavoidableGaze+1","NightInTheBackstreets","BlindFaith+1","TendonChords","Pound"],"picked":"ViolentFlame+1","floor":27},{"not_picked":["HardRehearsal","StrikeDown+1","TheWillOfTheCity+1","SummaryJudgment+1","TendonChords+1","ClassAndRespect","MindWhip","FierceCharge+1","HandleRequest+1"],"picked":"SKIP","floor":28},{"not_picked":["WillProduceFineSilk+1","WillOfThePrescript+1","GuidanceOfTheGears+1","BladeWhirl+1","VioletBlade","FleetEdge","InkOver","Leap_lor","NightInTheBackstreets"],"picked":"SKIP","floor":29},{"not_picked":["Multislash","Pound+1","BackAttack+1","AbsorbImpact+1","DarkCloud","Diversion","FierceOnslaught","MindPrepared"],"picked":"HighSpeedStabbing+1","floor":31}],"player_experience":53393,"relics_obtained":[{"floor":9.0,"key":"TungstenRod"},{"floor":11.0,"key":"aspiration:FrozenJewel"},{"floor":24,"key":"Pet Ghost"},{"floor":27,"key":"Blue Doll"}],"event_choices":[{"damage_healed":0.0,"max_hp_gain":0.0,"max_hp_loss":0.0,"gold_gain":0.0,"event_name":"Scrap Ooze","player_choice":"Success","floor":3.0,"gold_loss":0.0,"damage_taken":3.0,"relics_obtained":["Replay:Wax Seal"]},{"damage_healed":0.0,"max_hp_gain":0.0,"max_hp_loss":0.0,"gold_gain":400.0,"event_name":"??????","player_choice":"Sell","floor":10.0,"relics_lost":["AT_ATBox"],"gold_loss":0.0,"damage_taken":0.0},{"damage_healed":0,"gold_gain":0,"player_choice":"Ignored","damage_taken":0,"max_hp_gain":0,"max_hp_loss":0,"event_name":"Vampires","floor":19,"gold_loss":0},{"damage_healed":0,"gold_gain":0,"player_choice":"Read","damage_taken":0,"max_hp_gain":0,"max_hp_loss":0,"event_name":"The Library","floor":20,"gold_loss":0,"cards_obtained":["Observe"]},{"cards_removed":["LightDefense"],"damage_healed":0,"gold_gain":0,"player_choice":"Elegance","damage_taken":0,"max_hp_gain":0,"max_hp_loss":0,"event_name":"Back to Basics","floor":22,"gold_loss":0},{"damage_healed":0,"gold_gain":99,"player_choice":"Stole From Cult","damage_taken":0,"max_hp_gain":0,"max_hp_loss":0,"event_name":"Nest","floor":30,"gold_loss":0}],"is_beta":false,"boss_relics":[{"not_picked":["Astrolabe","Coffee Dripper"],"picked":"reliquary:ThirdArm"}],"items_purged_floors":[13],"is_endless":false,"potions_floor_spawned":[2,4,14,16,18,21,24,27],"killed_by":"RedHoodMercenary","ascension_level":0}}