{"host":"Christian","time":1614364225,"event":{"mods":["BaseMod","Bestiary","Block Reminder","DeckTracker","Minty Spire (QoL Compilation)","Relic Stats","StSLib"],"gold_per_floor":[127,64,88,110,122,134,162,174,236,248,279,317,402,120,120,197,197,207,207,221,236,236,236,249,249,249,249,164,164,164,164],"floor_reached":30,"language":"ENG","playtime":1783,"items_purged":["Strike_G"],"score":456,"play_id":"66132927-176c-47f3-bb92-f766a449d280","local_time":"20210226123025","is_ascension_mode":true,"campfire_choices":[{"data":"Bane","floor":6.0,"key":"SMITH"},{"floor":8.0,"key":"REST"},{"data":"Deadly Poison","floor":15,"key":"SMITH"},{"floor":23,"key":"REST"},{"data":"Well Laid Plans","floor":25,"key":"SMITH"},{"floor":27,"key":"REST"}],"circlet_count":0,"master_deck":["AscendersBane","Strike_G+1","Strike_G+1","Defend_G+1","Defend_G+1","Defend_G+1","Defend_G+1","Defend_G+1","Survivor","Neutralize+1","Deadly Poison+1","Bane+1","Predator","Flechettes","Blur","Catalyst","Venomology","Bane+1","Well Laid Plans+1"],"relics":["Ring of the Snake","MawBank","Toy Ornithopter","Bronze Scales","Anchor","Runic Dome","Mummified Hand","Peace Pipe"],"acts_visited":["Exordium","TheCity"],"potions_floor_usage":[16,18,20,20,21,24,24,30],"damage_taken":[{"damage":0.0,"enemies":"Jaw Worm","floor":1.0,"turns":6.0},{"damage":4.0,"enemies":"2 Louse","floor":3.0,"turns":6.0},{"damage":10.0,"enemies":"Small Slimes","floor":4.0,"turns":6.0},{"damage":7.0,"enemies":"Exordium Wildlife","floor":7.0,"turns":4.0},{"damage":0.0,"enemies":"Large Slime","floor":11.0,"turns":4.0},{"damage":28.0,"enemies":"3 Sentries","floor":12.0,"turns":11.0},{"damage":1,"enemies":"The Guardian","floor":16,"turns":10},{"damage":20,"enemies":"Spheric Guardian","floor":18,"turns":7},{"damage":5,"enemies":"Shell Parasite","floor":20,"turns":5},{"damage":9,"enemies":"Centurion and Healer","floor":21,"turns":6},{"damage":36,"enemies":"Cultist and Chosen","floor":24,"turns":6},{"damage":69,"enemies":"Slavers","floor":30,"turns":5}],"seed_played":"-8191627258809589458","potions_obtained":[{"floor":1.0,"key":"GamblersBrew"},{"floor":7.0,"key":"CultistPotion"},{"floor":11.0,"key":"SkillPotion"},{"floor":18,"key":"DuplicationPotion"},{"floor":20,"key":"SpeedPotion"}],"is_trial":false,"path_per_floor":["M","?","M","M","?","R","M","R","T","?","M","E","?","$","R","B",null,"M","?","M","M","?","R","M","R","T","R","?","?","E"],"character_chosen":"THE_SILENT","items_purchased":["Anchor","Dexterity Potion"],"campfire_rested":3,"item_purchase_floors":[14,14],"current_hp_per_floor":[59,59,55,45,25,25,18,37,37,37,37,14,14,14,14,18,54,39,21,26,22,22,43,17,17,17,38,38,38,0,0],"gold":164,"neow_bonus":"RANDOM_COMMON_RELIC","is_daily":false,"chose_seed":false,"campfire_upgraded":3,"win_rate":0.0,"timestamp":1614364225,"path_taken":["M","?","M","M","?","R","M","R","T","?","?","E","?","$","R","BOSS","M","?","M","M","?","R","M","R","T","R","?","?","E"],"items_purchased_type":["Relic","Potion"],"build_version":"2020-12-18","purchased_purges":1,"victory":false,"max_hp_per_floor":[66,66,66,66,66,66,66,66,66,66,66,66,66,66,66,66,66,66,71,71,71,71,71,71,71,71,71,71,71,71,71],"relic_stats":{"Peace Pipe":0,"counters":[12,76],"Mummified Hand":[1],"Bronze Scales":[111],"MawBank":168,"obtain_stats":[{"Peace Pipe":28,"Runic Dome":17,"Anchor":14,"Mummified Hand":26,"Bronze Scales":12,"MawBank":0,"Toy Ornithopter":9,"Ring of the Snake":0},{"Peace Pipe":11,"Runic Dome":7,"Anchor":6,"Mummified Hand":11,"Bronze Scales":6,"MawBank":0,"Toy Ornithopter":4,"Ring of the Snake":0},{"Peace Pipe":71,"Runic Dome":47,"Anchor":37,"Mummified Hand":71,"Bronze Scales":37,"MawBank":0,"Toy Ornithopter":22,"Ring of the Snake":0}],"Toy Ornithopter":45,"Ring of the Snake":[24]},"card_choices":[{"not_picked":["Escape Plan","Underhanded Strike"],"picked":"Deadly Poison","floor":1.0},{"not_picked":["Cloak And Dagger","Escape Plan"],"picked":"Bane","floor":3.0},{"not_picked":["Blade Dance","Sucker Punch"],"picked":"Predator","floor":4.0},{"not_picked":["Slice","Backflip"],"picked":"Flechettes","floor":7.0},{"not_picked":["Setup","Infinite Blades"],"picked":"Blur","floor":11.0},{"not_picked":["Outmaneuver","Poisoned Stab"],"picked":"Catalyst","floor":12.0},{"not_picked":["Storm of Steel","Doppelganger"],"picked":"Venomology","floor":16},{"not_picked":["Underhanded Strike","Blade Dance"],"picked":"Bane+1","floor":18},{"not_picked":["Terror+1","Blade Dance+1"],"picked":"Well Laid Plans","floor":20},{"not_picked":["Flying Knee","Eviscerate","Flechettes"],"picked":"SKIP","floor":21},{"not_picked":["Choke","Caltrops","Outmaneuver"],"picked":"SKIP","floor":24}],"player_experience":119417,"relics_obtained":[{"floor":9.0,"key":"Toy Ornithopter"},{"floor":12.0,"key":"Bronze Scales"},{"floor":26,"key":"Mummified Hand"}],"event_choices":[{"cards_removed":["Strike_G"],"damage_healed":0.0,"max_hp_gain":0.0,"max_hp_loss":0.0,"gold_gain":0.0,"event_name":"The Cleric","player_choice":"Card Removal","floor":2.0,"gold_loss":75.0,"damage_taken":0.0},{"damage_healed":0.0,"max_hp_gain":0.0,"max_hp_loss":0.0,"gold_gain":0.0,"event_name":"Shining Light","player_choice":"Entered Light","floor":5.0,"gold_loss":0.0,"damage_taken":20.0,"cards_upgraded":["Neutralize","Strike_G"]},{"cards_removed":["Strike_G"],"damage_healed":0.0,"max_hp_gain":0.0,"max_hp_loss":0.0,"gold_gain":0.0,"event_name":"Living Wall","player_choice":"Forget","floor":10.0,"gold_loss":0.0,"damage_taken":0.0},{"damage_healed":0,"gold_gain":73,"player_choice":"Gained Gold","damage_taken":0,"max_hp_gain":0,"max_hp_loss":0,"event_name":"Golden Wing","floor":13,"gold_loss":0},{"damage_healed":0,"gold_gain":0,"player_choice":"Shed Blood","damage_taken":23,"max_hp_gain":5,"max_hp_loss":0,"event_name":"Forgotten Altar","floor":19,"gold_loss":0},{"damage_healed":0,"gold_gain":0,"player_choice":"Simplicity","damage_taken":0,"max_hp_gain":0,"max_hp_loss":0,"event_name":"Back to Basics","floor":22,"gold_loss":0,"cards_upgraded":["Strike_G","Defend_G","Defend_G","Defend_G","Defend_G","Defend_G"]},{"damage_healed":0,"gold_gain":0,"player_choice":"Obtained Relic","damage_taken":0,"relics_obtained":["Peace Pipe"],"max_hp_gain":0,"max_hp_loss":0,"event_name":"Addict","floor":28,"gold_loss":85},{"damage_healed":0,"gold_gain":0,"player_choice":"Ignored","damage_taken":0,"max_hp_gain":0,"max_hp_loss":0,"event_name":"Cursed Tome","floor":29,"gold_loss":0}],"is_beta":true,"boss_relics":[{"not_picked":["Calling Bell","Tiny House"],"picked":"Runic Dome"}],"items_purged_floors":[14],"is_endless":false,"potions_floor_spawned":[1,7,11,18,20],"killed_by":"Slavers","ascension_level":20}}