{"host":"s0nrlal5fls38heo","time":1614345945,"event":{"mods":["AchievementEnabler","BaseMod","Better Vampires","Colored Powertips","Dark Map","Displayed Cursed Tome","Downfall","Faster Ascension Climbing","GifTheSpireLib","Minty Spire (QoL Compilation)","Permanent Neow","Rare Cards Sparkle","Relic Filter Mod","Relic Stats","StSLib"],"gold_per_floor":[99,117,129,129,129,129,129,129],"floor_reached":6,"language":"ENG","playtime":137,"items_purged":[],"score":58,"play_id":"441ba19d-c4e0-48e2-ae07-f9305e837ec3","local_time":"20210226142545","is_ascension_mode":true,"campfire_choices":[{"data":"Guardian:TwinSlam","floor":1,"key":"SMITH"}],"circlet_count":0,"master_deck":["AscendersBane","Guardian:Strike_Guardian","Guardian:Strike_Guardian","Guardian:Strike_Guardian","Guardian:Strike_Guardian","Guardian:Defend_Guardian","Guardian:Defend_Guardian+1","Guardian:Defend_Guardian","Guardian:Defend_Guardian+1","Guardian:CurlUp","Guardian:TwinSlam+1","Guardian:Recover+1","Guardian:PrimingBeam","downfall:Malfunctioning"],"relics":["Guardian:StasisSlotReductionRelic"],"acts_visited":["Exordium"],"potions_floor_usage":[],"damage_taken":[{"damage":1,"enemies":"Cultist","floor":2,"turns":4},{"damage":7,"enemies":"Jaw Worm","floor":3,"turns":4},{"damage":34,"enemies":"Gremlin Nob","floor":6,"turns":6}],"seed_played":"-7598911016064559964","potions_obtained":[{"floor":3,"key":"Dexterity Potion"}],"is_trial":false,"path_per_floor":["R","M","M","?","?","E"],"character_chosen":"GUARDIAN","items_purchased":[],"campfire_rested":0,"item_purchase_floors":[],"current_hp_per_floor":[65,64,57,57,57,23,23,23],"gold":129,"neow_bonus":"BOSS_RELIC","is_daily":false,"chose_seed":false,"campfire_upgraded":1,"win_rate":0.0,"timestamp":1614345945,"path_taken":["R","M","M","?","?","E"],"items_purchased_type":[],"build_version":"2020-12-22","purchased_purges":0,"victory":false,"max_hp_per_floor":[72,72,72,72,72,72,72,72],"relic_stats":{"counters":[3,14],"obtain_stats":[{"Guardian:StasisSlotReductionRelic":0,"Guardian:ModeShifter":0},{"Guardian:StasisSlotReductionRelic":0,"Guardian:ModeShifter":0},{"Guardian:StasisSlotReductionRelic":0,"Guardian:ModeShifter":0}]},"card_choices":[{"not_picked":["Guardian:CrystalBeam","Guardian:Reroute"],"picked":"Guardian:Recover","floor":2},{"not_picked":["Guardian:Emergency","Guardian:TemporalStrike"],"picked":"Guardian:PrimingBeam","floor":3}],"player_experience":91652,"relics_obtained":[],"event_choices":[],"is_beta":false,"boss_relics":[],"items_purged_floors":[],"is_endless":false,"potions_floor_spawned":[3],"killed_by":"Gremlin Nob","ascension_level":14}}