{"host":"y2ptgajoxt8nh64w","time":1614328249,"event":{"mods":["10 clothes from DAL","100% Spire Juice","AchievementEnabler","Act Like it!","Arknights","BaseMod","Better Vampires","CapriCore","Colored Map","Colored Powertips","Conspire","DeckTracker","Energized Spire","Friendly Minions","Gensokyo","GifTheSpireLib","Hallownest","Highlight Path","Koishi","Marisa（F雨　魔理沙）","Minty Spire (QoL Compilation)","Quick Restart","Rare Cards Sparkle","Reimu（博丽灵梦）","Relic Stats","Remilia（蕾米莉亚）","Ring Of Destiny","RumiaBox-露米娅的神秘盒子","Ryuuou龙王","StSLib","The Immortal","The Servant 0.9.4","Waifu the Spire","WarShipGirlsR/战舰少女R mod","Wide Potions","Youmu（魂魄妖梦）","【功能Mod】混沌之环修复补丁","【功能Mod】聪明的最终Boss","【遗物卡牌】REMEMod","老伊莉雅"],"gold_per_floor":[119,130,130,130,30,30,57,57,57,57,73,83,94,94,94,191,191,203,203,183,197,26,26,37,37,37,65,65,84,95,95,95,95],"floor_reached":31,"language":"ZHS","playtime":1588,"items_purged":["MokouMod:Strike"],"score":255,"play_id":"1848dc06-6c37-4b4f-8ea1-8e99d11c3044","local_time":"20210226163049","is_ascension_mode":false,"campfire_choices":[{"data":"MokouMod:InfernalWave","floor":6,"key":"SMITH"},{"floor":8,"key":"REST"},{"data":"Moonworks:MetallicMonocoque","floor":10,"key":"SMITH"},{"data":"MokouMod:Firecracker","floor":15,"key":"SMITH"},{"data":"MokouMod:BurningDraft","floor":23,"key":"SMITH"},{"floor":25,"key":"REST"},{"floor":28,"key":"REST"}],"circlet_count":0,"master_deck":["MokouMod:Strike","MokouMod:Strike","MokouMod:Strike","MokouMod:Strike","MokouMod:Defend","MokouMod:Defend","MokouMod:Defend","MokouMod:Defend","MokouMod:HeatSpark","Moonworks:MetallicMonocoque+1","MokouMod:InfernalWave+1","MokouMod:Ember","Ghostly","MokouMod:Geothermal","MokouMod:Afterburner","MokouMod:Firecracker+1","MokouMod:IgnitionBlast","MokouMod:Ventilation","MokouMod:BurningDraft+1","MokouMod:ScorchedEarth","MokouMod:SacredFire","Finesse","MokouMod:FlickeringFlame","Injury","MokouMod:HeatFactory+1"],"relics":["MokouMod:PhoenixFeather","REME_ComplimentaryCards","REME_LimitBreaker","energizedSpire:CursedPentagram","GodSword4","RuthlessExorcism:ReiMu","Ccalipers"],"acts_visited":["Exordium","TheCity"],"potions_floor_usage":[16,16,27,31,31],"damage_taken":[{"damage":5,"enemies":"2 Louse","floor":1,"turns":3},{"damage":10,"enemies":"Jaw Worm","floor":2,"turns":3},{"damage":41,"enemies":"3 Sentries","floor":7,"turns":8},{"damage":5,"enemies":"Small Slimes","floor":11,"turns":3},{"damage":7,"enemies":"2 Fungi Beasts","floor":12,"turns":4},{"damage":13,"enemies":"Red Slaver","floor":13,"turns":2},{"damage":37,"enemies":"Hexaghost","floor":16,"turns":11},{"damage":18,"enemies":"Spheric Guardian","floor":18,"turns":6},{"damage":22,"enemies":"2 Thieves","floor":21,"turns":5},{"damage":24,"enemies":"Cultist and Chosen","floor":24,"turns":8},{"damage":75,"enemies":"Gremlin Leader","floor":27,"turns":7},{"damage":10,"enemies":"Centurion and Healer","floor":29,"turns":6},{"damage":28,"enemies":"Chosen and Byrds","floor":30,"turns":7},{"damage":11,"enemies":"Slavers","floor":31,"turns":3}],"seed_played":"6604833171262854141","potions_obtained":[{"floor":7,"key":"FearPotion"},{"floor":11,"key":"ZuzhouPotion:ReiMu"},{"floor":13,"key":"SpeedPotion"},{"floor":18,"key":"Weak Potion"},{"floor":29,"key":"ZuzhouPotion:ReiMu"},{"floor":30,"key":"Block Potion"}],"is_trial":false,"path_per_floor":["M","M","?","?","?","R","E","R","T","R","M","M","M","?","R","B",null,"M","?","?","M","$","R","M","R","T","E","R","M","M","E"],"character_chosen":"MKU","items_purchased":["Finesse"],"campfire_rested":3,"item_purchase_floors":[22],"current_hp_per_floor":[77,67,72,72,72,72,31,57,57,57,52,45,32,32,32,16,87,69,69,69,47,47,47,23,49,49,21,47,37,9,0,0,0],"gold":95,"neow_bonus":"TEN_PERCENT_HP_BONUS","is_daily":false,"chose_seed":false,"campfire_upgraded":4,"win_rate":0.0,"timestamp":1614328249,"path_taken":["M","M","?","?","?","R","E","R","T","R","M","M","M","?","R","BOSS","M","?","?","M","$","R","M","R","T","E","R","M","?","E"],"items_purchased_type":["Card"],"build_version":"2020-12-22","purchased_purges":1,"victory":false,"max_hp_per_floor":[82,82,87,87,87,87,87,87,87,87,87,87,87,87,87,87,87,87,87,87,87,87,87,87,87,87,87,87,87,87,87,87,87],"relic_stats":{"counters":[14,76],"obtain_stats":[{"energizedSpire:CursedPentagram":17,"Ccalipers":27,"MokouMod:PhoenixFeather":0,"REME_LimitBreaker":7,"GodSword4":19,"REME_ComplimentaryCards":0,"RuthlessExorcism:ReiMu":26},{"energizedSpire:CursedPentagram":7,"Ccalipers":11,"MokouMod:PhoenixFeather":0,"REME_LimitBreaker":3,"GodSword4":8,"REME_ComplimentaryCards":0,"RuthlessExorcism:ReiMu":10},{"energizedSpire:CursedPentagram":34,"Ccalipers":60,"MokouMod:PhoenixFeather":0,"REME_LimitBreaker":14,"GodSword4":40,"REME_ComplimentaryCards":0,"RuthlessExorcism:ReiMu":53}]},"card_choices":[{"not_picked":["MokouMod:ScorchingColumn","MokouMod:EternalBurstReactor"],"picked":"MokouMod:InfernalWave","floor":1},{"not_picked":["MokouMod:FlickeringFlame","MokouMod:RoaringFlare"],"picked":"MokouMod:Ember","floor":2},{"not_picked":["MokouMod:Ember","MokouMod:GuidingSmoke"],"picked":"MokouMod:Geothermal","floor":7},{"not_picked":["MokouMod:Scorch","MokouMod:SearingShot"],"picked":"MokouMod:Afterburner","floor":11},{"not_picked":["MokouMod:Refresh","MokouMod:HeartofFire"],"picked":"MokouMod:Firecracker","floor":12},{"not_picked":["MokouMod:Singe","MokouMod:IllusoryBattlefield"],"picked":"MokouMod:IgnitionBlast","floor":13},{"not_picked":["MokouMod:RadiantBlade","MokouMod:SearingBlow"],"picked":"MokouMod:Ventilation","floor":16},{"not_picked":["MokouMod:IndiscriminateIgnition","MokouMod:IllusoryBattlefield"],"picked":"MokouMod:BurningDraft","floor":18},{"not_picked":[],"picked":"MokouMod:ScorchedEarth","floor":20},{"not_picked":[],"picked":"MokouMod:SacredFire","floor":20},{"not_picked":["MokouMod:Burn+1","MokouMod:Refresh","MokouMod:ResonanceReactor"],"picked":"SKIP","floor":21},{"not_picked":["MokouMod:Trailblazer","MokouMod:AdaptivePyromancy","MokouMod:ResonanceReactor"],"picked":"SKIP","floor":24},{"not_picked":["MokouMod:Ember","MokouMod:ResonatingAura","MokouMod:IgnitionBlast+1"],"picked":"SKIP","floor":27},{"not_picked":["MokouMod:Overheat","MokouMod:Wildfire+1"],"picked":"MokouMod:FlickeringFlame","floor":29},{"not_picked":["MokouMod:HeartofFire+1","MokouMod:IcarusDive"],"picked":"MokouMod:HeatFactory+1","floor":30}],"player_experience":22650,"relics_obtained":[{"floor":7,"key":"REME_LimitBreaker"},{"floor":26,"key":"RuthlessExorcism:ReiMu"},{"floor":27,"key":"Ccalipers"}],"event_choices":[{"damage_healed":0,"gold_gain":0,"player_choice":"Donut","damage_taken":0,"max_hp_gain":5,"max_hp_loss":0,"event_name":"Big Fish","floor":3,"gold_loss":0},{"damage_healed":0,"gold_gain":0,"player_choice":"Ignored","damage_taken":0,"max_hp_gain":0,"max_hp_loss":0,"event_name":"Liars Game","floor":4,"gold_loss":0},{"damage_healed":0,"gold_gain":0,"player_choice":"Argue","damage_taken":0,"max_hp_gain":0,"max_hp_loss":0,"event_name":"conspire:LoneGhost","floor":5,"gold_loss":0},{"damage_healed":0,"gold_gain":0,"player_choice":"Leave","damage_taken":0,"max_hp_gain":0,"max_hp_loss":0,"event_name":"conspire:Investor","floor":14,"gold_loss":0},{"damage_healed":0,"gold_gain":0,"player_choice":"Opened","damage_taken":0,"relics_obtained":["GodSword4"],"max_hp_gain":0,"max_hp_loss":0,"event_name":"The Mausoleum","floor":19,"gold_loss":0}],"is_beta":false,"boss_relics":[{"not_picked":["energizedSpire:EnergizedDie","energizedSpire:SpiderWeb"],"picked":"energizedSpire:CursedPentagram"}],"items_purged_floors":[22],"is_endless":false,"potions_floor_spawned":[7,11,13,18,24,29,30],"killed_by":"Slavers","ascension_level":0}}