{"host":"ihhmze8k3dygjpvp","time":1614358884,"event":{"mods":["10 clothes from DAL","Act Like it!","BaseMod","Colored Map","Hallownest","Highlight Path","Minty Spire (QoL Compilation)","MostiFishMod","Pale of the Ancients","Quick Restart","RumiaBox-露米娅的神秘盒子","Shop Mod","Spicy Shops","StSLib","TestMod","[IsaacMod]以撒尖塔","【功能Mod】混沌之环修复补丁","【功能Mod】聪明的最终Boss"],"gold_per_floor":[225,253,303,322,57,87,101,101,101],"floor_reached":8,"language":"ZHS","playtime":326,"items_purged":["Strike_B"],"score":145,"play_id":"a0d73e95-ba60-45da-b46f-f00cdc4cc0dc","local_time":"20210227010124","is_ascension_mode":true,"campfire_choices":[],"circlet_count":0,"master_deck":["Strike_B","Strike_B","Strike_B","Defend_B","Defend_B","Defend_B","Defend_B","Zap+1","Dualcast","Conserve Battery+1","Amplify+1","Distribution+1","Coolheaded","Thunder Strike","Defragment+1","Ball Lightning"],"relics":["Cracked Core","testmod-TestBox","HushsDoor","DaveBox","Civilization","testmod-BloodSacrificeSpiritualization","BloodDonationBag","SynthV:TestCard","AddBug","SecretRecord","SecretRecord","SecretRecord"],"acts_visited":["Exordium"],"potions_floor_usage":[6],"damage_taken":[{"damage":8,"enemies":"2 Louse","floor":1,"turns":2},{"damage":8,"enemies":"Cultist","floor":2,"turns":2},{"damage":23,"enemies":"Hiden Room Battle","floor":3,"turns":5},{"damage":9,"enemies":"Jaw Worm","floor":4,"turns":2},{"damage":0,"enemies":"Lagavulin","floor":6,"turns":3},{"damage":10,"enemies":"Exordium Wildlife","floor":7,"turns":2},{"damage":10,"enemies":"3 Sentries","floor":8,"turns":1}],"seed_played":"908759035246222337","potions_obtained":[{"floor":3,"key":"SkillPotion"},{"floor":6,"key":"PowerPotion"},{"floor":7,"key":"SteroidPotion"}],"is_trial":false,"path_per_floor":["M","M","?","M","$","E","M","E"],"character_chosen":"DEFECT","items_purchased":["Thunder Strike"],"campfire_rested":0,"item_purchase_floors":[5],"current_hp_per_floor":[56,46,13,9,9,14,9,0,0],"gold":101,"neow_bonus":"TEN_PERCENT_HP_BONUS","is_daily":false,"chose_seed":false,"campfire_upgraded":0,"win_rate":0.0,"timestamp":1614358884,"path_taken":["M","M","?","M","$","E","M","E"],"items_purchased_type":["Card"],"build_version":"2020-12-22","purchased_purges":1,"victory":false,"max_hp_per_floor":[84,87,92,97,97,102,107,107,107],"card_choices":[{"not_picked":["Go for the Eyes","Reprogram"],"picked":"Conserve Battery","floor":1},{"not_picked":["Cancel","Chill","Rebound","Undo"],"picked":"Amplify","floor":2},{"not_picked":["MostiFishMod:PushDownKick","Rip and Tear","Go for the Eyes","Steam Power"],"picked":"Distribution","floor":3},{"not_picked":["Streamline","Gash","Bomb","Stack"],"picked":"Coolheaded","floor":4},{"not_picked":["Double Energy","Buffer","MostiFishMod:ReadyAimFire","Doom and Gloom"],"picked":"Defragment","floor":6},{"not_picked":["Cold Snap","Sunder","Genetic Algorithm","Streamline"],"picked":"Ball Lightning","floor":7}],"player_experience":41592,"relics_obtained":[{"floor":1,"key":"SynthV:TestCard"},{"floor":1,"key":"AddBug"},{"floor":3,"key":"SecretRecord"},{"floor":3,"key":"MagicDraw4"},{"floor":3,"key":"testmod-TurbochargingSystem"},{"floor":6,"key":"Orichalcum"},{"floor":7,"key":"SecretRecord"}],"event_choices":[{"damage_healed":0,"gold_gain":0,"player_choice":"Fight","damage_taken":0,"max_hp_gain":0,"max_hp_loss":0,"event_name":"HidenRoomEvent","floor":3,"gold_loss":0}],"is_beta":false,"boss_relics":[],"items_purged_floors":[5],"is_endless":false,"potions_floor_spawned":[3,6,7],"killed_by":"3 Sentries","ascension_level":3}}