{"host":"yassvrowvc2yfwp2","time":1614320392,"event":{"mods":["2.2 Compatiblity","Act Like it!","BaseMod","Better Note","Curses Come First","Dota2Spire","Downfall","HololiveMod","Jorbs\u0027s Wanderer Trilogy","Minty Spire (QoL Compilation)","Prisma Mod","Rare Cards Sparkle","Reimu£®≤©¿ˆ¡È√Œ£©","Replay The Spire","Say the Spire","Spicy Shops","StSLib","The Bug Knight","The Cursed","The Servant 0.9.4"],"gold_per_floor":[14,28,81,100,116,116,116,116,168,168,203,54,65,100,100,197,197,208,13,30,55,55,89,105,119,199,227,227,256,276,303,303,406,406,419,433,483,497,497,528,528,547,547,547,576,626,660,660,660,660],"floor_reached":51,"language":"ZHS","playtime":2314,"items_purged":["ReplayTheSpireMod:Splinters"],"score":1275,"play_id":"4b3c69cd-efce-48e7-82ac-e1b1eb2ba283","local_time":"20210226141952","is_ascension_mode":true,"campfire_choices":[{"data":"PrismaMod:MiyuUncommonDexBuff","floor":6,"key":"SMITH"},{"data":"PrismaMod:MiyuCheapChannelDefend","floor":10,"key":"SMITH"},{"data":"PrismaMod:MiyuDefendChannelDefend","floor":15,"key":"SMITH"},{"data":"Apotheosis","floor":28,"key":"SMITH"},{"floor":32,"key":"DIG"},{"data":"PrismaMod:MiyuUncommonDexBuff","floor":41,"key":"SMITH"},{"data":"PrismaMod:MiyuOrbIncreasePerm","floor":44,"key":"SMITH"},{"data":"PrismaMod:MiyuUberDefend","floor":49,"key":"SMITH"}],"circlet_count":0,"master_deck":["PrismaMod:MiyuCommonDefend","PrismaMod:MiyuCommonDefend+1","PrismaMod:MiyuCommonDefend+1","PrismaMod:MiyuCommonAttack","PrismaMod:MiyuCommonAttack+1","PrismaMod:MiyuCommonAttack","PrismaMod:MiyuCommonAttack","PrismaMod:MiyuCheapChannelAttack","PrismaMod:MiyuCheapChannelDefend+1","PrismaMod:MiyuAttackChannelAttack","PrismaMod:MiyuUncommonDexBuff+1","PrismaMod:MiyuCheapDexBuff","PrismaMod:MiyuDefenseRemoval","PrismaMod:MiyuDevil","PrismaMod:MiyuChannelAttackEvoke+1","PrismaMod:MiyuDefendChannelDefend+1","PrismaMod:MiyuEvokeAllAttack","PrismaMod:MiyuCheapPlate","Apotheosis+1","PrismaMod:MiyuUberAOEAttack+1","PrismaMod:MiyuUncommonDexBuff+1","PrismaMod:MiyuUncommonDexBuff","PrismaMod:MiyuCarnivalDefend","PrismaMod:MiyuUberDefend+1","PrismaMod:MiyuDefenseAbsorbMinor","PrismaMod:MiyuChristmas+1","PrismaMod:MiyuCarnivalDefend","PrismaMod:MiyuCheapChannelAttack+1","PrismaMod:MiyuUncommonStrBuff+1","PrismaMod:MiyuOrbIncreasePerm+1","PrismaMod:MiyuCheapPlate+1","PrismaMod:MiyuUncommonStrBuff+1","PrismaMod:MiyuCarnivalAttack"],"relics":["PrismaMod:PrismaSapphire","PureWhite:ReiMu","Dota2Spire:LinkenSphere","Chameleon Ring","War Paint","Pear","Dota2Spire:Vanguard","Dota2Spire:EtherealBlade","Dota2Spire:Bloodstone","ReplayTheSpireMod:CursedCoin","Matryoshka","MealTicket","Dota2Spire:Dagon","Durian","Gremlin Horn","HollowMod:PaleOreRelic","Dota2Spire:MaskOfMadness","expansioncontent:StudyCardRelic","Replay:Kaleidoscope","Whetstone","Dota2Spire:UrnOfShadows","Divine Protection","Quantum Egg","Dota2Spire:AssaultCuirass","Replay:PocketPolymizer"],"acts_visited":["Exordium","TheCity","TheBeyond"],"potions_floor_usage":[29,50,50,50],"damage_taken":[{"damage":0,"enemies":"Jaw Worm","floor":1,"turns":4},{"damage":0,"enemies":"2 Louse","floor":2,"turns":3},{"damage":0,"enemies":"Cultist","floor":4,"turns":4},{"damage":3,"enemies":"Red Slaver","floor":5,"turns":4},{"damage":0,"enemies":"3 Sentries","floor":11,"turns":6},{"damage":0,"enemies":"Looter","floor":13,"turns":2},{"damage":0,"enemies":"Lagavulin","floor":14,"turns":6},{"damage":0,"enemies":"Fading Forest","floor":16,"turns":11},{"damage":0,"enemies":"3 Byrds","floor":18,"turns":4},{"damage":1,"enemies":"2 Thieves","floor":20,"turns":4},{"damage":9,"enemies":"Gremlin Leader","floor":23,"turns":6},{"damage":0,"enemies":"3 Cultists","floor":24,"turns":5},{"damage":0,"enemies":"Centurion and Healer","floor":25,"turns":5},{"damage":0,"enemies":"Book of Stabbing","floor":27,"turns":5},{"damage":8,"enemies":"Gremlin Leader","floor":29,"turns":6},{"damage":0,"enemies":"Snecko","floor":30,"turns":5},{"damage":0,"enemies":"Book of Stabbing","floor":31,"turns":5},{"damage":0,"enemies":"Automaton","floor":33,"turns":8},{"damage":0,"enemies":"3 Shapes","floor":35,"turns":3},{"damage":0,"enemies":"3 Darklings","floor":36,"turns":4},{"damage":16,"enemies":"Mind Bloom Boss Battle","floor":37,"turns":7},{"damage":0,"enemies":"Transient","floor":38,"turns":5},{"damage":21,"enemies":"Giant Head","floor":40,"turns":10},{"damage":0,"enemies":"Maw","floor":42,"turns":6},{"damage":0,"enemies":"Nemesis","floor":45,"turns":4},{"damage":0,"enemies":"2 Orb Walkers","floor":46,"turns":5},{"damage":0,"enemies":"Giant Head","floor":47,"turns":7},{"damage":28,"enemies":"Time Eater","floor":50,"turns":8}],"seed_played":"-7816740182038763043","potions_obtained":[{"floor":1,"key":"PowerPotion"},{"floor":3,"key":"Adrenaline Potion"},{"floor":4,"key":"GamblersBrew"},{"floor":13,"key":"Dexterity Potion"},{"floor":29,"key":"Milkshake"}],"is_trial":false,"path_per_floor":["M","M","?","M","M","R","?","T","T","R","E","$","M","E","R","B",null,"M","$","M","$","?","E","M","M","T","E","R","E","M","E","R","B",null,"M","M","?","M","?","E","R","M","T","R","E","?","E","?","R","B",null],"character_chosen":"MIYU","items_purchased":["Dota2Spire:Vanguard","Apotheosis","ReplayTheSpireMod:CursedCoin","PrismaMod:MiyuUncommonDexBuff"],"campfire_rested":0,"item_purchase_floors":[12,19,21,21],"current_hp_per_floor":[75,75,75,75,72,72,65,65,65,65,75,75,75,75,75,75,85,85,85,84,84,84,75,75,75,75,80,80,72,72,72,72,72,90,90,90,74,74,74,53,53,90,90,90,90,90,90,90,90,68],"gold":660,"neow_bonus":"ONE_RARE_RELIC","is_daily":false,"chose_seed":false,"campfire_upgraded":7,"win_rate":0.0,"timestamp":1614320392,"path_taken":["M","M","?","M","M","R","?","?","T","R","E","$","?","E","R","BOSS","M","?","M","$","?","E","M","M","T","E","R","E","M","E","R","BOSS","M","M","?","M","?","E","R","?","T","R","E","?","E","?","R","BOSS"],"items_purchased_type":["Relic","Card","Relic","Card"],"build_version":"2020-12-22","purchased_purges":1,"victory":true,"max_hp_per_floor":[75,75,75,75,75,75,75,75,75,75,85,85,85,85,85,85,85,85,85,85,85,85,85,85,85,85,90,90,90,90,90,90,90,90,90,90,90,90,90,90,90,90,90,90,90,90,90,90,90,90],"card_choices":[{"not_picked":["PrismaMod:MiyuUberAttack","PrismaMod:MiyuCheapChannelRandom"],"picked":"PrismaMod:MiyuAttackChannelAttack","floor":1},{"not_picked":["PrismaMod:MiyuCommonAOEAttack","PrismaMod:MiyuCheapStrBuff"],"picked":"PrismaMod:MiyuUncommonDexBuff","floor":2},{"not_picked":["PrismaMod:MiyuUncommonAttack","PrismaMod:MiyuCheapStrBuff"],"picked":"PrismaMod:MiyuCheapDexBuff","floor":3},{"not_picked":["PrismaMod:MiyuDefenseExplosion","PrismaMod:MiyuEvokeCheapDefend"],"picked":"PrismaMod:MiyuDefenseRemoval","floor":4},{"not_picked":["PrismaMod:MiyuChristmas","PrismaMod:MiyuCarnivalAttack"],"picked":"PrismaMod:MiyuDevil","floor":5},{"not_picked":["PrismaMod:MiyuCheapChannelAttack","PrismaMod:MiyuCommonAOEAttack"],"picked":"PrismaMod:MiyuChannelAttackEvoke","floor":11},{"not_picked":["PrismaMod:MiyuDefenseRemoval","PrismaMod:MiyuChristmas","PrismaMod:MiyuCheapEvoke"],"picked":"SKIP","floor":13},{"not_picked":["PrismaMod:MiyuUncommonAOEAttack","PrismaMod:MiyuCheapEvoke"],"picked":"PrismaMod:MiyuDefendChannelDefend","floor":14},{"not_picked":["PrismaMod:MiyuEvokeAllDefend","PrismaMod:MiyuChannelDefendEvoke"],"picked":"PrismaMod:MiyuEvokeAllAttack","floor":16},{"not_picked":["PrismaMod:MiyuCheapAttack2","PrismaMod:MiyuEvokeBuffDex"],"picked":"PrismaMod:MiyuCheapPlate","floor":18},{"not_picked":["PrismaMod:MiyuCheapChannelAttack+1","PrismaMod:MiyuMaid"],"picked":"PrismaMod:MiyuUberAOEAttack+1","floor":20},{"not_picked":["PrismaMod:MiyuMaid","PrismaMod:MiyuCarnivalAttack"],"picked":"PrismaMod:MiyuUncommonDexBuff","floor":23},{"not_picked":["PrismaMod:MiyuCheapEvoke","PrismaMod:MiyuCheapAttack1"],"picked":"PrismaMod:MiyuCarnivalDefend","floor":24},{"not_picked":["PrismaMod:MiyuCheapChannelHeal","PrismaMod:MiyuCarnivalAttack","PrismaMod:MiyuCheapChannelVul+1"],"picked":"SKIP","floor":25},{"not_picked":["PrismaMod:MiyuCheapEvoke+1","PrismaMod:MiyuEvokeBuffDex"],"picked":"PrismaMod:MiyuUberDefend","floor":27},{"not_picked":["PrismaMod:MiyuEvokeCheapAttack","PrismaMod:MiyuEvokeBuffStr"],"picked":"PrismaMod:MiyuDefenseAbsorbMinor","floor":29},{"not_picked":["PrismaMod:MiyuCheapAttack2","PrismaMod:MiyuUberAttack"],"picked":"PrismaMod:MiyuChristmas+1","floor":30},{"not_picked":["PrismaMod:MiyuCheapEvoke+1","PrismaMod:MiyuEvokeAll","PrismaMod:MiyuEvokeCheapAttack+1"],"picked":"SKIP","floor":31},{"not_picked":["PrismaMod:MiyuDefenseAbsorbMinor","PrismaMod:MiyuEvokeAllDefend"],"picked":"PrismaMod:MiyuCarnivalDefend","floor":33},{"not_picked":["PrismaMod:MiyuCheapChannelVul+1","PrismaMod:MiyuMaid","PrismaMod:MiyuDefenseExplosion+1"],"picked":"SKIP","floor":35},{"not_picked":["PrismaMod:MiyuAttackChannelWeak","PrismaMod:MiyuCheapEvoke+1"],"picked":"PrismaMod:MiyuCheapChannelAttack+1","floor":36},{"not_picked":["PrismaMod:MiyuCheapChannelVul+1","PrismaMod:MiyuCarnivalAttack+1"],"picked":"PrismaMod:MiyuUncommonStrBuff","floor":37},{"not_picked":["PrismaMod:MiyuUberAOEAttack+1","PrismaMod:MiyuEvokeCheapAttack+1","PrismaMod:MiyuEvokeAll"],"picked":"SKIP","floor":38},{"not_picked":["PrismaMod:MiyuUberAOEAttack","PrismaMod:MiyuUncommonAOEAttack","PrismaMod:MiyuCheapAttack2+1"],"picked":"SKIP","floor":40},{"not_picked":["PrismaMod:MiyuEvokeBuffDex+1","PrismaMod:MiyuCheapChannelVul+1"],"picked":"PrismaMod:MiyuOrbIncreasePerm","floor":42},{"not_picked":["PrismaMod:MiyuUncommonAOEAttack","PrismaMod:MiyuAttackChannelAttack+1"],"picked":"PrismaMod:MiyuCheapPlate+1","floor":45},{"not_picked":["PrismaMod:MiyuCarnivalAttack","PrismaMod:MiyuCheapChannelWeak"],"picked":"PrismaMod:MiyuUncommonStrBuff+1","floor":47}],"player_experience":2220095,"relics_obtained":[{"floor":3,"key":"Dota2Spire:LinkenSphere"},{"floor":8,"key":"Chameleon Ring"},{"floor":9,"key":"War Paint"},{"floor":11,"key":"Pear"},{"floor":14,"key":"Dota2Spire:EtherealBlade"},{"floor":23,"key":"Matryoshka"},{"floor":26,"key":"MealTicket"},{"floor":26,"key":"Dota2Spire:Dagon"},{"floor":27,"key":"Durian"},{"floor":29,"key":"Gremlin Horn"},{"floor":31,"key":"HollowMod:PaleOreRelic"},{"floor":32,"key":"Dota2Spire:MaskOfMadness"},{"floor":37,"key":"Replay:Kaleidoscope"},{"floor":40,"key":"Whetstone"},{"floor":43,"key":"Dota2Spire:UrnOfShadows"},{"floor":43,"key":"Divine Protection"},{"floor":45,"key":"Quantum Egg"},{"floor":46,"key":"Dota2Spire:AssaultCuirass"},{"floor":47,"key":"Replay:PocketPolymizer"}],"event_choices":[{"cards_removed":["PrismaMod:MiyuCommonDefend"],"damage_healed":0,"gold_gain":0,"player_choice":"Card Removal","damage_taken":7,"max_hp_gain":0,"max_hp_loss":0,"event_name":"Golden Wing","floor":7,"gold_loss":0},{"damage_healed":0,"gold_gain":0,"player_choice":"Fight","damage_taken":0,"max_hp_gain":0,"max_hp_loss":0,"event_name":"MindBloom","floor":37,"gold_loss":0},{"damage_healed":0,"gold_gain":0,"player_choice":"Upgraded","damage_taken":0,"max_hp_gain":0,"max_hp_loss":0,"event_name":"Upgrade Shrine","floor":39,"gold_loss":0,"cards_upgraded":["PrismaMod:MiyuUncommonStrBuff"]},{"damage_healed":0,"gold_gain":0,"player_choice":"Fight","damage_taken":0,"max_hp_gain":0,"max_hp_loss":0,"event_name":"Mysterious Sphere","floor":46,"gold_loss":0},{"cards_removed":["PrismaMod:MiyuCommonAttack"],"damage_healed":0,"gold_gain":0,"player_choice":"Removed Attack","damage_taken":0,"max_hp_gain":0,"max_hp_loss":0,"event_name":"Falling","floor":48,"gold_loss":0}],"is_beta":false,"boss_relics":[{"not_picked":["PrismaMod:PrismaSapphireUpgrade","Astrolabe"],"picked":"Dota2Spire:Bloodstone"},{"not_picked":["Pandora\u0027s Box","Replay:Ancient Bell"],"picked":"expansioncontent:StudyCardRelic"}],"items_purged_floors":[21],"is_endless":false,"potions_floor_spawned":[1,4,11,13,16,23,27,29,30,31,35,38,40,46],"ascension_level":2}}