{"host":"x8s7139x96bc3le0","time":1614373853,"event":{"mods":["AchievementEnabler","BaseMod","Bestiary","Minty Spire (QoL Compilation)","Relic Stats","ojb\u0027s Better Paths Mod","ojb\u0027s Info Mod"],"gold_per_floor":[112,4,0,0,12,45,45,60,129,163,183,198,230,230,230,307,307,321,339,339,339],"floor_reached":20,"language":"ENG","playtime":897,"items_purged":[],"score":372,"play_id":"df446539-f36a-4315-a991-c43e87b57afe","local_time":"20210226221053","is_ascension_mode":true,"campfire_choices":[{"data":"Burst","floor":7,"key":"SMITH"},{"floor":15,"key":"REST"}],"circlet_count":0,"master_deck":["AscendersBane","Survivor","Neutralize","Poisoned Stab","Dagger Throw","Deadly Poison","Corpse Explosion","Burst+1","Leg Sweep","Blade Dance","Deadly Poison","Noxious Fumes","Dash","Venomology","Blade Dance","Malaise","A Thousand Cuts","Venomology","Storm of Steel","Grand Finale","Calculated Gamble","Setup","Poisoned Stab","Accuracy","Grand Finale","Dash","Crippling Poison+1"],"relics":["Ring of the Snake","NeowsBlessing","Juzu Bracelet","Matryoshka","Bird Faced Urn","Bottled Tornado","Pandora\u0027s Box"],"acts_visited":["Exordium","TheCity"],"potions_floor_usage":[10,13,16,18,18,19,19,20,20,20],"damage_taken":[{"damage":0,"enemies":"Small Slimes","floor":1,"turns":1},{"damage":0,"enemies":"2 Louse","floor":5,"turns":1},{"damage":0,"enemies":"3 Sentries","floor":6,"turns":1},{"damage":6,"enemies":"Cultist","floor":8,"turns":3},{"damage":16,"enemies":"Gremlin Nob","floor":10,"turns":3},{"damage":4,"enemies":"Looter","floor":11,"turns":3},{"damage":5,"enemies":"2 Fungi Beasts","floor":12,"turns":3},{"damage":15,"enemies":"3 Sentries","floor":13,"turns":5},{"damage":17,"enemies":"Slime Boss","floor":16,"turns":6},{"damage":4,"enemies":"Spheric Guardian","floor":18,"turns":4},{"damage":20,"enemies":"Shell Parasite","floor":19,"turns":7},{"damage":49,"enemies":"Snake Plant","floor":20,"turns":5}],"seed_played":"1709506836541167388","potions_obtained":[{"floor":1,"key":"CunningPotion"},{"floor":6,"key":"PowerPotion"},{"floor":10,"key":"SteroidPotion"},{"floor":16,"key":"Poison Potion"},{"floor":18,"key":"PowerPotion"}],"is_trial":false,"path_per_floor":["M","$","?","?","M","E","R","M","T","E","M","M","E","?","R","B",null,"M","M","M"],"character_chosen":"THE_SILENT","items_purchased":["Dagger Throw","Deadly Poison"],"campfire_rested":1,"item_purchase_floors":[2,2],"current_hp_per_floor":[59,59,59,59,59,59,59,53,53,37,33,28,17,17,36,21,55,55,41,0,0],"gold":339,"neow_bonus":"THREE_ENEMY_KILL","is_daily":false,"chose_seed":false,"campfire_upgraded":1,"win_rate":0.0,"timestamp":1614373853,"path_taken":["M","$","?","?","M","E","R","M","T","E","M","M","E","?","R","BOSS","M","M","M"],"items_purchased_type":["Card","Card"],"build_version":"2020-12-22","purchased_purges":0,"victory":false,"max_hp_per_floor":[66,66,66,66,66,66,66,66,66,66,66,66,66,66,66,66,66,66,66,66,66],"relic_stats":{"counters":[12,42],"Bird Faced Urn":[18],"Pandora\u0027s Box":["A Thousand Cuts","Venomology","Storm of Steel","Grand Finale","Calculated Gamble","Setup","Poisoned Stab","Accuracy","Grand Finale","Dash"],"Juzu Bracelet":0,"obtain_stats":[{"Matryoshka":9,"NeowsBlessing":0,"Bird Faced Urn":10,"Pandora\u0027s Box":17,"Juzu Bracelet":6,"Bottled Tornado":13,"Ring of the Snake":0},{"Matryoshka":4,"NeowsBlessing":0,"Bird Faced Urn":5,"Pandora\u0027s Box":9,"Juzu Bracelet":3,"Bottled Tornado":8,"Ring of the Snake":0},{"Matryoshka":6,"NeowsBlessing":0,"Bird Faced Urn":9,"Pandora\u0027s Box":26,"Juzu Bracelet":3,"Bottled Tornado":20,"Ring of the Snake":0}],"Ring of the Snake":[24]},"card_choices":[{"not_picked":["Bouncing Flask","Prepared"],"picked":"Poisoned Stab","floor":1},{"not_picked":["Dagger Spray","Backflip"],"picked":"Corpse Explosion","floor":5},{"not_picked":["Prepared","Deadly Poison"],"picked":"Burst","floor":6},{"not_picked":["Backflip","Cloak And Dagger"],"picked":"Leg Sweep","floor":8},{"not_picked":["Dodge and Roll","Concentrate"],"picked":"Blade Dance","floor":10},{"not_picked":["Blur","Underhanded Strike"],"picked":"Deadly Poison","floor":11},{"not_picked":["Expertise","Well Laid Plans"],"picked":"Noxious Fumes","floor":12},{"not_picked":["Flechettes","Skewer"],"picked":"Dash","floor":13},{"not_picked":["Doppelganger","Night Terror"],"picked":"Malaise","floor":16},{"not_picked":["Flying Knee+1","Dagger Spray"],"picked":"Crippling Poison+1","floor":18},{"not_picked":["Poisoned Stab","Flying Knee","Sucker Punch"],"picked":"SKIP","floor":19}],"player_experience":894231,"relics_obtained":[{"floor":6,"key":"Juzu Bracelet"},{"floor":9,"key":"Matryoshka"},{"floor":10,"key":"Bird Faced Urn"},{"floor":13,"key":"Bottled Tornado"}],"event_choices":[{"damage_healed":0,"gold_gain":0,"player_choice":"Left Gold","damage_taken":0,"max_hp_gain":0,"max_hp_loss":0,"event_name":"World of Goop","floor":3,"gold_loss":4},{"damage_healed":0,"gold_gain":0,"player_choice":"Ignored","damage_taken":0,"max_hp_gain":0,"max_hp_loss":0,"event_name":"Liars Game","floor":4,"gold_loss":0},{"damage_healed":0,"gold_gain":0,"player_choice":"2 cards matched","damage_taken":0,"max_hp_gain":0,"max_hp_loss":0,"event_name":"Match and Keep!","floor":14,"gold_loss":0,"cards_obtained":["Venomology","Blade Dance"]}],"is_beta":false,"boss_relics":[{"not_picked":["Sozu","Runic Dome"],"picked":"Pandora\u0027s Box"}],"items_purged_floors":[],"is_endless":false,"potions_floor_spawned":[1,6,8,10,16,18],"killed_by":"Snake Plant","ascension_level":14}}