{"host":"yx5rao87132cy5xq","time":1614373433,"event":{"mods":["2.2 Compatiblity","AchievementEnabler","BaseMod","Bestiary","Colored Map","Colored Powertips","Highlight Path","Minty Spire (QoL Compilation)","Quick Restart","Relic Stats","Slay-I","SuperFastMode"],"gold_per_floor":[110,123,123,135,7,7,40,40,65,65,95,95,111,122,122,222,222,234,246,260,175,125,125,155,168,168,168,201,201,217,236,236,337,387,401,1400,1400,1015,1015,1046,721,736,786,803,817,118,118,118,118,118],"floor_reached":51,"language":"ENG","playtime":3704,"items_purged":["Defend_G","Normality","Strike_G","Strike_G"],"score":869,"play_id":"656e2d4d-6711-410e-b6d6-107c9df6d4a3","local_time":"20210226220353","is_ascension_mode":true,"campfire_choices":[{"data":"Neutralize","floor":6.0,"key":"SMITH"},{"data":"Cloak And Dagger","floor":8.0,"key":"SMITH"},{"data":"Infinite Blades","floor":12.0,"key":"SMITH"},{"data":"After Image","floor":15.0,"key":"SMITH"},{"floor":23.0,"key":"REST"},{"floor":27.0,"key":"REST"},{"floor":32.0,"key":"REST"},{"floor":49,"key":"REST"}],"circlet_count":0,"master_deck":["Strike_G","Strike_G","Defend_G","Defend_G","Defend_G","Defend_G","Survivor","Neutralize+1","Underhanded Strike","Bane","Cloak And Dagger+1","Infinite Blades+1","Dramatic Entrance","Quick Slash","Footwork","After Image+1","Footwork","Die Die Die","Backstab","A Thousand Cuts","Dodge and Roll+1","Deadly Poison+1","Malaise","PiercingWail+1","Distraction+1","Apotheosis","Enlightenment","Blade Dance","Footwork","Blade Dance","Mayhem","PiercingWail"],"relics":["Ring of the Snake","Bag of Marbles","Omamori","WarpedTongs","Smiling Mask","Fusion Hammer","Ninja Scroll","Pantograph","Pocketwatch","Bottled Flame","Tiny House","War Paint","Nunchaku","Ancient Tea Set","Toy Ornithopter","Thread and Needle","Happy Flower"],"acts_visited":["Exordium","TheCity","TheBeyond"],"potions_floor_usage":[50,50],"damage_taken":[{"damage":1.0,"enemies":"Small Slimes","floor":1.0,"turns":4.0},{"damage":5.0,"enemies":"Cultist","floor":2.0,"turns":4.0},{"damage":0.0,"enemies":"Jaw Worm","floor":4.0,"turns":3.0},{"damage":27.0,"enemies":"Lagavulin","floor":7.0,"turns":8.0},{"damage":8.0,"enemies":"3 Sentries","floor":11.0,"turns":7.0},{"damage":0.0,"enemies":"Blue Slaver","floor":13.0,"turns":3.0},{"damage":0.0,"enemies":"Large Slime","floor":14.0,"turns":1.0},{"damage":7.0,"enemies":"The Guardian","floor":16.0,"turns":13.0},{"damage":0.0,"enemies":"Chosen","floor":18.0,"turns":4.0},{"damage":7.0,"enemies":"2 Thieves","floor":19.0,"turns":4.0},{"damage":20.0,"enemies":"Snake Plant","floor":20.0,"turns":5.0},{"damage":4.0,"enemies":"Slavers","floor":24.0,"turns":6.0},{"damage":5.0,"enemies":"3 Cultists","floor":25.0,"turns":4.0},{"damage":8.0,"enemies":"Book of Stabbing","floor":28.0,"turns":6.0},{"damage":1.0,"enemies":"Centurion and Healer","floor":30.0,"turns":2.0},{"damage":0.0,"enemies":"Snecko","floor":31.0,"turns":3.0},{"damage":21.0,"enemies":"Automaton","floor":33.0,"turns":14.0},{"damage":0.0,"enemies":"Orb Walker","floor":35.0,"turns":2.0},{"damage":32.0,"enemies":"Nemesis","floor":40.0,"turns":8.0},{"damage":0.0,"enemies":"3 Shapes","floor":42.0,"turns":3.0},{"damage":1.0,"enemies":"Writhing Mass","floor":44.0,"turns":9.0},{"damage":31,"enemies":"Transient","floor":45,"turns":5},{"damage":24,"enemies":"Awakened One","floor":50,"turns":13}],"seed_played":"7574035984937109508","potions_obtained":[{"floor":1.0,"key":"Explosive Potion"},{"floor":2.0,"key":"SteroidPotion"},{"floor":3.0,"key":"GhostInAJar"},{"floor":3.0,"key":"Explosive Potion"},{"floor":4.0,"key":"Block Potion"},{"floor":13.0,"key":"SteroidPotion"},{"floor":20.0,"key":"Dexterity Potion"},{"floor":25.0,"key":"EssenceOfSteel"},{"floor":28.0,"key":"Dexterity Potion"},{"floor":33.0,"key":"BlessingOfTheForge"},{"floor":34.0,"key":"Swift Potion"},{"floor":35.0,"key":"Poison Potion"},{"floor":42.0,"key":"DuplicationPotion"},{"floor":45,"key":"SmokeBomb"}],"is_trial":false,"path_per_floor":["M","M","?","M","$","R","E","R","T","?","E","R","M","M","R","B",null,"M","M","M","?","$","R","E","M","T","R","E","?","M","M","R","B",null,"M","?","?","$","?","E","$","M","T","M","M","$","?","?","R","B",null],"character_chosen":"THE_SILENT","items_purchased":["Infinite Blades","Dramatic Entrance","War Paint","Apotheosis","Ancient Tea Set","Blade Dance","AttackPotion","Footwork","Thread and Needle","Mayhem","PiercingWail","Happy Flower"],"campfire_rested":4,"item_purchase_floors":[5,5,38,38,41,41,41,41,46,46,46,46],"current_hp_per_floor":[76,71,71,71,71,71,44,44,44,44,36,36,36,36,36,29,65,65,58,38,38,38,61,57,52,52,75,67,67,66,66,77,56,77,77,77,77,77,77,45,45,45,45,49,18,18,18,18,41,52],"gold":118,"neow_bonus":"TEN_PERCENT_HP_BONUS","is_daily":false,"chose_seed":false,"campfire_upgraded":4,"win_rate":0.0,"timestamp":1614373433,"path_taken":["M","M","?","M","?","R","E","R","T","?","E","R","M","M","R","BOSS","M","M","M","?","$","R","E","M","T","R","E","?","M","M","R","BOSS","M","?","?","$","?","E","$","M","T","M","M","$","?","?","R","BOSS"],"items_purchased_type":["Card","Card","Relic","Card","Relic","Card","Potion","Card","Relic","Card","Card","Relic"],"build_version":"2020-12-22","purchased_purges":4,"victory":true,"max_hp_per_floor":[77,77,77,77,77,77,77,77,77,77,77,77,77,77,77,77,77,77,77,77,77,77,77,77,77,77,77,77,77,77,77,77,77,82,82,82,82,82,82,82,82,82,82,82,82,82,82,78,78,78],"relic_stats":{"Nunchaku":[12],"Happy Flower":[4],"counters":[23,131],"Pantograph":25,"War Paint":["PiercingWail","Dodge and Roll"],"Smiling Mask":250,"obtain_stats":[{"Tiny House":34,"Happy Flower":46,"Thread and Needle":46,"Omamori":9,"War Paint":38,"Smiling Mask":11,"Ancient Tea Set":41,"WarpedTongs":10,"Bottled Flame":28,"Nunchaku":40,"Ninja Scroll":21,"Pantograph":24,"Fusion Hammer":17,"Bag of Marbles":7,"Toy Ornithopter":43,"Ring of the Snake":0,"Pocketwatch":26},{"Tiny House":17,"Happy Flower":22,"Thread and Needle":22,"Omamori":4,"War Paint":18,"Smiling Mask":5,"Ancient Tea Set":19,"WarpedTongs":4,"Bottled Flame":14,"Nunchaku":19,"Ninja Scroll":11,"Pantograph":12,"Fusion Hammer":8,"Bag of Marbles":4,"Toy Ornithopter":20,"Ring of the Snake":0,"Pocketwatch":13},{"Tiny House":91,"Happy Flower":118,"Thread and Needle":118,"Omamori":19,"War Paint":93,"Smiling Mask":26,"Ancient Tea Set":101,"WarpedTongs":19,"Bottled Flame":72,"Nunchaku":101,"Ninja Scroll":56,"Pantograph":62,"Fusion Hammer":43,"Bag of Marbles":19,"Toy Ornithopter":104,"Ring of the Snake":0,"Pocketwatch":66}],"Toy Ornithopter":15,"Ring of the Snake":[46],"WarpedTongs":[106],"Pocketwatch":[30]},"card_choices":[{"not_picked":["Distraction","Eviscerate"],"picked":"Underhanded Strike","floor":1.0},{"not_picked":["Expertise","Outmaneuver"],"picked":"Bane","floor":2.0},{"not_picked":["Backflip","Dodge and Roll"],"picked":"Cloak And Dagger","floor":4.0},{"not_picked":["Distraction","Backflip"],"picked":"Quick Slash","floor":7.0},{"not_picked":["Underhanded Strike","Concentrate"],"picked":"Footwork","floor":11.0},{"not_picked":["Backflip","Dagger Throw"],"picked":"After Image","floor":13.0},{"not_picked":["Crippling Poison","Choke"],"picked":"Footwork","floor":14.0},{"not_picked":["Wraith Form v2","Grand Finale"],"picked":"Die Die Die","floor":16.0},{"not_picked":["Underhanded Strike","Prepared","Flying Knee"],"picked":"SKIP","floor":18.0},{"not_picked":["Infinite Blades","Prepared+1"],"picked":"Backstab","floor":19.0},{"not_picked":["Masterful Stab","Quick Slash","Crippling Poison"],"picked":"SKIP","floor":20.0},{"not_picked":["Deflect","Reflex+1","Bane"],"picked":"SKIP","floor":24.0},{"not_picked":["Prepared","Outmaneuver"],"picked":"A Thousand Cuts","floor":25.0},{"not_picked":["PiercingWail","Masterful Stab+1"],"picked":"Dodge and Roll","floor":28.0},{"not_picked":["Sucker Punch","Endless Agony"],"picked":"Deadly Poison+1","floor":30.0},{"not_picked":["Setup","Masterful Stab","Choke"],"picked":"SKIP","floor":31.0},{"not_picked":["Bullet Time","A Thousand Cuts"],"picked":"Malaise","floor":33.0},{"not_picked":["Cloak And Dagger","Underhanded Strike"],"picked":"PiercingWail","floor":34.0},{"not_picked":["PiercingWail","Dagger Throw+1"],"picked":"Distraction+1","floor":35.0},{"not_picked":["Sadistic Nature","Mind Blast"],"picked":"Enlightenment","floor":39.0},{"not_picked":["Dagger Throw","Crippling Poison","Prepared+1"],"picked":"SKIP","floor":40.0},{"not_picked":["Backstab","Well Laid Plans"],"picked":"Blade Dance","floor":42.0},{"not_picked":["Deflect","Acrobatics","Eviscerate+1"],"picked":"SKIP","floor":44.0},{"not_picked":["Bullet Time","Underhanded Strike","Backflip"],"picked":"SKIP","floor":45}],"player_experience":1215712,"relics_obtained":[{"floor":7.0,"key":"Bag of Marbles"},{"floor":9.0,"key":"Omamori"},{"floor":11.0,"key":"Smiling Mask"},{"floor":24.0,"key":"Pantograph"},{"floor":26.0,"key":"Pocketwatch"},{"floor":28.0,"key":"Bottled Flame"},{"floor":40.0,"key":"Nunchaku"},{"floor":43.0,"key":"Toy Ornithopter"}],"event_choices":[{"damage_healed":0.0,"max_hp_gain":0.0,"max_hp_loss":0.0,"gold_gain":0.0,"event_name":"Lab","player_choice":"Got Potions","floor":3.0,"gold_loss":0.0,"damage_taken":0.0},{"damage_healed":0.0,"max_hp_gain":0.0,"max_hp_loss":0.0,"gold_gain":0.0,"event_name":"Accursed Blacksmith","player_choice":"Rummage","floor":10.0,"gold_loss":0.0,"damage_taken":0.0,"relics_obtained":["WarpedTongs"],"cards_obtained":["Pain"]},{"damage_healed":0.0,"max_hp_gain":0.0,"max_hp_loss":0.0,"gold_gain":0.0,"event_name":"Addict","player_choice":"Obtained Relic","floor":21.0,"gold_loss":85.0,"damage_taken":0.0,"relics_obtained":["Ninja Scroll"]},{"damage_healed":0.0,"max_hp_gain":0.0,"max_hp_loss":0.0,"gold_gain":0.0,"event_name":"Vampires","player_choice":"Ignored","floor":29.0,"gold_loss":0.0,"damage_taken":0.0},{"damage_healed":0.0,"max_hp_gain":0.0,"max_hp_loss":0.0,"gold_gain":999.0,"event_name":"MindBloom","player_choice":"Gold","floor":36.0,"gold_loss":0.0,"damage_taken":0.0,"cards_obtained":["Normality","Normality"]},{"cards_removed":["Strike_G"],"damage_healed":0.0,"max_hp_gain":0.0,"max_hp_loss":0.0,"gold_gain":0.0,"event_name":"Falling","player_choice":"Removed Attack","floor":37.0,"gold_loss":0.0,"damage_taken":0.0},{"damage_healed":0.0,"max_hp_gain":0.0,"max_hp_loss":0.0,"gold_gain":0.0,"event_name":"SensoryStone","player_choice":"Memory 1","floor":39.0,"gold_loss":0.0,"damage_taken":0.0},{"damage_healed":0,"gold_gain":0,"player_choice":"Ignored","damage_taken":0,"max_hp_gain":0,"max_hp_loss":0,"event_name":"Mysterious Sphere","floor":47,"gold_loss":0},{"damage_healed":0,"gold_gain":0,"player_choice":"Max HP","damage_taken":0,"max_hp_gain":0,"max_hp_loss":4,"event_name":"Winding Halls","floor":48,"gold_loss":0}],"is_beta":false,"boss_relics":[{"not_picked":["Snecko Eye","WristBlade"],"picked":"Fusion Hammer"},{"not_picked":["Black Star","Runic Pyramid"],"picked":"Tiny House"}],"items_purged_floors":[22,38,41,46],"is_endless":false,"potions_floor_spawned":[1,2,4,13,20,25,28,33,35,42,45],"ascension_level":5}}