{"host":"2yqfi47fogfu1ic4","time":1614353712,"event":{"mods":["AchievementEnabler","BaseMod","Colored Map","Colored Powertips","Highlight Path","Minty Spire (QoL Compilation)","Permanent Neow","Relic Stats","StSLib"],"gold_per_floor":[111,186,186,186,196,196,210,210,210,251,17,55,75,119,119,200,227,254,272,290,240,254,254,254,274,299,313,356,384,384,384,384,384,384],"floor_reached":33,"language":"DEU","playtime":2120,"items_purged":[],"score":624,"play_id":"29069f08-3372-4d3e-97d9-d4c4bf452546","local_time":"20210226163512","is_ascension_mode":true,"campfire_choices":[{"data":"Corpse Explosion","floor":6.0,"key":"SMITH"},{"data":"Dagger Spray","floor":8.0,"key":"SMITH"},{"data":"Catalyst","floor":15.0,"key":"SMITH"},{"data":"Venomology","floor":24.0,"key":"SMITH"},{"floor":30,"key":"REST"},{"data":"Footwork","floor":32,"key":"SMITH"}],"circlet_count":0,"master_deck":["AscendersBane","Defend_G","Defend_G","Defend_G+1","Defend_G","Survivor","Neutralize","Corpse Explosion+1","Poisoned Stab","After Image","Backstab","Dagger Spray+1","Backflip","Catalyst+1","Venomology+1","Wraith Form v2+1","Venomology","Dagger Throw+1","Dash+1","PiercingWail","Bane","Footwork+1","Bouncing Flask","After Image","Crippling Poison+1"],"relics":["Ring of the Snake","Question Card","CeramicFish","Bag of Marbles","Regal Pillow","Unceasing Top","Astrolabe","Darkstone Periapt"],"acts_visited":["Exordium","TheCity"],"potions_floor_usage":[27,27,28,31,33,33,33],"damage_taken":[{"damage":0.0,"enemies":"2 Louse","floor":1.0,"turns":1.0},{"damage":2.0,"enemies":"Small Slimes","floor":5.0,"turns":3.0},{"damage":0.0,"enemies":"Jaw Worm","floor":7.0,"turns":4.0},{"damage":30.0,"enemies":"Gremlin Nob","floor":10.0,"turns":4.0},{"damage":0.0,"enemies":"3 Sentries","floor":12.0,"turns":2.0},{"damage":0.0,"enemies":"3 Louse","floor":13.0,"turns":6.0},{"damage":2.0,"enemies":"Lagavulin","floor":14.0,"turns":8.0},{"damage":11.0,"enemies":"Hexaghost","floor":16.0,"turns":7.0},{"damage":0.0,"enemies":"2 Thieves","floor":18.0,"turns":2.0},{"damage":0.0,"enemies":"3 Byrds","floor":19.0,"turns":4.0},{"damage":1.0,"enemies":"Cultist and Chosen","floor":22.0,"turns":4.0},{"damage":20.0,"enemies":"Shelled Parasite and Fungi","floor":25.0,"turns":11.0},{"damage":20,"enemies":"Chosen and Byrds","floor":27,"turns":4},{"damage":3,"enemies":"Slavers","floor":28,"turns":4},{"damage":0,"enemies":"3 Cultists","floor":29,"turns":2},{"damage":0,"enemies":"Centurion and Healer","floor":31,"turns":2},{"damage":67,"enemies":"Champ","floor":33,"turns":12}],"seed_played":"1509568389875765833","potions_obtained":[{"floor":7.0,"key":"FairyPotion"},{"floor":10.0,"key":"Dexterity Potion"},{"floor":12.0,"key":"Block Potion"},{"floor":22.0,"key":"Energy Potion"},{"floor":27,"key":"Ancient Potion"}],"is_trial":false,"path_per_floor":["M","?","?","?","M","R","M","R","T","E","$","E","M","E","R","B",null,"M","M","?","?","M","?","R","M","T","M","E","M","R","M","R","B"],"character_chosen":"THE_SILENT","items_purchased":["Catalyst","Bag of Marbles"],"campfire_rested":1,"item_purchase_floors":[11,11],"current_hp_per_floor":[59,48,30,30,28,28,28,28,28,18,18,18,33,31,31,20,50,50,50,50,50,49,49,49,29,29,9,6,6,39,39,39,0,0],"gold":384,"neow_bonus":"THREE_RARE_CARDS","is_daily":false,"chose_seed":false,"campfire_upgraded":5,"win_rate":0.0,"timestamp":1614353712,"path_taken":["M","?","?","?","M","R","M","R","T","E","$","E","M","E","R","BOSS","M","M","?","?","?","?","R","M","T","?","E","M","R","M","R","BOSS"],"items_purchased_type":["Card","Relic"],"build_version":"2020-12-22","purchased_purges":0,"victory":false,"max_hp_per_floor":[60,60,60,60,60,60,60,60,60,60,60,60,60,60,60,60,60,60,60,60,60,60,60,60,60,60,60,60,60,60,60,60,60,60],"relic_stats":{"Darkstone Periapt":0,"Regal Pillow":15,"counters":[17,80],"CeramicFish":126,"Astrolabe":["Dagger Throw","Dash","Choke"],"Question Card":13,"obtain_stats":[{"Darkstone Periapt":28,"Regal Pillow":12,"CeramicFish":10,"Astrolabe":17,"Bag of Marbles":11,"Question Card":9,"Unceasing Top":14,"Ring of the Snake":0},{"Darkstone Periapt":14,"Regal Pillow":5,"CeramicFish":4,"Astrolabe":8,"Bag of Marbles":4,"Question Card":3,"Unceasing Top":7,"Ring of the Snake":0},{"Darkstone Periapt":64,"Regal Pillow":14,"CeramicFish":12,"Astrolabe":35,"Bag of Marbles":12,"Question Card":8,"Unceasing Top":28,"Ring of the Snake":0}],"Unceasing Top":[0],"Ring of the Snake":[34]},"card_choices":[{"not_picked":["Malaise","Bullet Time"],"picked":"Corpse Explosion","floor":0.0},{"not_picked":["PiercingWail","Sucker Punch"],"picked":"Poisoned Stab","floor":1.0},{"not_picked":["Flechettes","PiercingWail"],"picked":"Backstab","floor":5.0},{"not_picked":["PiercingWail","Deflect"],"picked":"Dagger Spray","floor":7.0},{"not_picked":["Dodge and Roll","Outmaneuver","Bane"],"picked":"Backflip","floor":10.0},{"not_picked":["Dodge and Roll","Blade Dance","Outmaneuver"],"picked":"Venomology","floor":12.0},{"not_picked":["Blade Dance","Underhanded Strike","Dagger Throw","Quick Slash"],"picked":"SKIP","floor":13.0},{"not_picked":["Blade Dance","Underhanded Strike","Dagger Throw","Quick Slash"],"picked":"SKIP","floor":13.0},{"not_picked":["Choke","Prepared","Cloak And Dagger"],"picked":"Wraith Form v2","floor":14.0},{"not_picked":["Unload","Storm of Steel","Glass Knife"],"picked":"Venomology","floor":16.0},{"not_picked":["Skewer","Dagger Spray","Acrobatics"],"picked":"PiercingWail","floor":18.0},{"not_picked":["Poisoned Stab","Quick Slash","Riddle With Holes","Setup"],"picked":"SKIP","floor":19.0},{"not_picked":["Blade Dance","Dodge and Roll","Cloak And Dagger+1","Predator"],"picked":"SKIP","floor":22.0},{"not_picked":["Riddle With Holes","Expertise","Backflip+1"],"picked":"Bouncing Flask","floor":25.0},{"not_picked":["Accuracy","Noxious Fumes","Dagger Spray","All Out Attack"],"picked":"SKIP","floor":27},{"not_picked":["Bane","Grand Finale","Dodge and Roll"],"picked":"After Image","floor":28},{"not_picked":["Poisoned Stab","Acrobatics","Accuracy"],"picked":"Crippling Poison+1","floor":29}],"player_experience":2000197,"relics_obtained":[{"floor":9.0,"key":"Question Card"},{"floor":10.0,"key":"CeramicFish"},{"floor":12.0,"key":"Regal Pillow"},{"floor":14.0,"key":"Unceasing Top"},{"floor":28,"key":"Darkstone Periapt"}],"event_choices":[{"damage_healed":0.0,"max_hp_gain":0.0,"max_hp_loss":0.0,"gold_gain":75.0,"event_name":"World of Goop","player_choice":"Gather Gold","floor":2.0,"gold_loss":0.0,"damage_taken":11.0},{"damage_healed":0.0,"max_hp_gain":0.0,"max_hp_loss":0.0,"gold_gain":0.0,"event_name":"Shining Light","player_choice":"Entered Light","floor":3.0,"gold_loss":0.0,"damage_taken":18.0,"cards_upgraded":["Strike_G","Defend_G"]},{"damage_healed":0.0,"max_hp_gain":0.0,"max_hp_loss":0.0,"gold_gain":0.0,"cards_transformed":["Strike_G"],"event_name":"Living Wall","player_choice":"Change","floor":4.0,"gold_loss":0.0,"damage_taken":0.0,"cards_obtained":["After Image"]},{"damage_healed":0.0,"max_hp_gain":0.0,"max_hp_loss":0.0,"gold_gain":0.0,"cards_transformed":["Defend_G","Strike_G"],"event_name":"Drug Dealer","player_choice":"Became Test Subject","floor":20.0,"gold_loss":0.0,"damage_taken":0.0,"cards_obtained":["Bane","Footwork"]},{"damage_healed":0.0,"max_hp_gain":0.0,"max_hp_loss":0.0,"gold_gain":0.0,"event_name":"Designer","player_choice":"Upgrade","floor":21.0,"gold_loss":50.0,"damage_taken":0.0,"cards_upgraded":["Wraith Form v2"]},{"cards_removed":["Choke"],"damage_healed":0.0,"max_hp_gain":0.0,"max_hp_loss":0.0,"gold_gain":0.0,"event_name":"Purifier","player_choice":"Purged","floor":23.0,"gold_loss":0.0,"damage_taken":0.0}],"is_beta":false,"boss_relics":[{"not_picked":["Ectoplasm","Pandora\u0027s Box"],"picked":"Astrolabe"}],"items_purged_floors":[],"is_endless":false,"potions_floor_spawned":[7,10,12,22,25,27,31],"killed_by":"Champ","ascension_level":20}}