{"host":"prxrhpgaxnj4om9r","time":1614324560,"event":{"mods":["AchievementEnabler","BaseMod","Colored Map","DeckTracker","Keyboard Shortcuts","Minty Spire (QoL Compilation)"],"gold_per_floor":[111,121,135,145,155,155,155,187,211,225,225,240,240,252,252,350,350,367,124,139,139,152,185,185,201,228,228,228,228,228,228],"floor_reached":30,"language":"KOR","playtime":1103,"items_purged":[],"score":354,"play_id":"b40e854a-4194-4d3f-846b-60c034478877","local_time":"20210226162920","is_ascension_mode":false,"campfire_choices":[{"data":"Judgement","floor":6.0,"key":"SMITH"},{"data":"Crescendo","floor":15.0,"key":"SMITH"}],"circlet_count":0,"master_deck":["Strike_P","Strike_P","Strike_P","Defend_P","Defend_P","Eruption+1","Vigilance","BowlingBash","ThirdEye","Evaluate","Judgement+1","Crescendo+1","SandsOfTime","Consecrate","SignatureMove","WaveOfTheHand","EmptyBody","Blasphemy","WheelKick","Evaluate+1","Ghostly","Ghostly","Ghostly","Ghostly","Ghostly","SignatureMove+1","EmptyFist","Prostrate","Decay"],"relics":["HolyWater","Shuriken","Oddly Smooth Stone","Mummified Hand","Dream Catcher","Juzu Bracelet"],"acts_visited":["Exordium","TheCity"],"potions_floor_usage":[22,23],"damage_taken":[{"damage":0.0,"enemies":"Small Slimes","floor":1.0,"turns":3.0},{"damage":0.0,"enemies":"Cultist","floor":2.0,"turns":2.0},{"damage":0.0,"enemies":"Jaw Worm","floor":3.0,"turns":4.0},{"damage":0.0,"enemies":"Red Slaver","floor":4.0,"turns":2.0},{"damage":0.0,"enemies":"Looter","floor":5.0,"turns":2.0},{"damage":0.0,"enemies":"Lagavulin","floor":8.0,"turns":2.0},{"damage":12.0,"enemies":"Exordium Wildlife","floor":10.0,"turns":2.0},{"damage":0.0,"enemies":"Large Slime","floor":12.0,"turns":3.0},{"damage":29.0,"enemies":"Exordium Thugs","floor":14.0,"turns":2.0},{"damage":0.0,"enemies":"Slime Boss","floor":16.0,"turns":8.0},{"damage":0.0,"enemies":"Shell Parasite","floor":18.0,"turns":1.0},{"damage":0.0,"enemies":"Spheric Guardian","floor":20.0,"turns":2.0},{"damage":5,"enemies":"3 Cultists","floor":22,"turns":5},{"damage":17,"enemies":"Slavers","floor":23,"turns":7},{"damage":1,"enemies":"Centurion and Healer","floor":25,"turns":6},{"damage":1,"enemies":"Colosseum Slavers","floor":30,"turns":4},{"damage":21,"enemies":"Colosseum Nobs","floor":30,"turns":2}],"seed_played":"102766215476475182","potions_obtained":[{"floor":1.0,"key":"Dexterity Potion"},{"floor":2.0,"key":"DistilledChaos"},{"floor":4.0,"key":"Fire Potion"},{"floor":14.0,"key":"StancePotion"},{"floor":16.0,"key":"BottledMiracle"},{"floor":20,"key":"FearPotion"}],"is_trial":false,"path_per_floor":["M","M","M","M","M","R","?","E","T","M","?","M","?","M","R","B",null,"M","$","M","?","M","E","?","M","T","?","?","?","?"],"character_chosen":"WATCHER","items_purchased":["Mummified Hand"],"campfire_rested":0,"item_purchase_floors":[19],"current_hp_per_floor":[72,72,72,72,72,72,65,65,65,53,53,53,53,24,24,24,72,72,72,72,36,31,14,14,13,13,4,4,4,0,0],"gold":228,"neow_bonus":"UPGRADE_CARD","is_daily":false,"chose_seed":false,"campfire_upgraded":2,"win_rate":0.0,"timestamp":1614324560,"path_taken":["M","M","M","M","M","R","?","E","T","M","?","?","?","M","R","BOSS","M","$","M","?","M","E","?","M","T","?","?","?","?"],"items_purchased_type":["Relic"],"build_version":"2020-12-22","purchased_purges":0,"victory":false,"max_hp_per_floor":[72,72,72,72,72,72,72,72,72,72,72,72,72,72,72,72,72,72,72,72,36,36,36,36,36,36,36,36,36,36,36],"card_choices":[{"not_picked":["Perseverance","Prostrate"],"picked":"BowlingBash","floor":1.0},{"not_picked":["JustLucky","FlyingSleeves"],"picked":"ThirdEye","floor":2.0},{"not_picked":["Wireheading","CutThroughFate"],"picked":"Evaluate","floor":3.0},{"not_picked":["Fasting2","BowlingBash"],"picked":"Judgement","floor":4.0},{"not_picked":["SashWhip","Conclude"],"picked":"Crescendo","floor":5.0},{"not_picked":["CrushJoints","CutThroughFate"],"picked":"SandsOfTime","floor":8.0},{"not_picked":["Blasphemy","Prostrate"],"picked":"Consecrate","floor":10.0},{"not_picked":["FlurryOfBlows","Tantrum"],"picked":"SignatureMove","floor":12.0},{"not_picked":["Crescendo","Evaluate"],"picked":"EmptyBody","floor":14.0},{"not_picked":["MasterReality","Establishment"],"picked":"Blasphemy","floor":16.0},{"not_picked":["CutThroughFate","FollowUp"],"picked":"WheelKick","floor":18.0},{"not_picked":["Prostrate","Wireheading"],"picked":"Evaluate+1","floor":20},{"not_picked":["Collect+1","PathToVictory"],"picked":"SignatureMove+1","floor":22},{"not_picked":["Wish","Prostrate"],"picked":"EmptyFist","floor":23},{"not_picked":["SashWhip+1","EmptyBody"],"picked":"Prostrate","floor":25}],"player_experience":670120,"relics_obtained":[{"floor":8.0,"key":"Shuriken"},{"floor":9.0,"key":"Oddly Smooth Stone"},{"floor":23,"key":"Dream Catcher"}],"event_choices":[{"cards_removed":["Defend_P"],"damage_healed":0.0,"max_hp_gain":0.0,"max_hp_loss":0.0,"gold_gain":0.0,"event_name":"Golden Wing","player_choice":"Card Removal","floor":7.0,"gold_loss":0.0,"damage_taken":7.0},{"cards_removed":["Defend_P"],"damage_healed":0.0,"max_hp_gain":0.0,"max_hp_loss":0.0,"gold_gain":0.0,"event_name":"Purifier","player_choice":"Purged","floor":11.0,"gold_loss":0.0,"damage_taken":0.0},{"damage_healed":0.0,"max_hp_gain":0.0,"max_hp_loss":0.0,"gold_gain":0.0,"cards_transformed":["Strike_P"],"event_name":"Transmorgrifier","player_choice":"Transformed","floor":13.0,"gold_loss":0.0,"damage_taken":0.0,"cards_obtained":["WaveOfTheHand"]},{"damage_healed":0,"gold_gain":0,"player_choice":"Became a Ghost","damage_taken":0,"max_hp_gain":0,"max_hp_loss":36,"event_name":"Ghosts","floor":21,"gold_loss":0,"cards_obtained":["Ghostly","Ghostly","Ghostly","Ghostly","Ghostly"]},{"damage_healed":0,"gold_gain":0,"player_choice":"Opened","damage_taken":0,"relics_obtained":["Juzu Bracelet"],"max_hp_gain":0,"max_hp_loss":0,"event_name":"The Mausoleum","floor":24,"gold_loss":0},{"damage_healed":0,"gold_gain":0,"player_choice":"Stopped","damage_taken":9,"max_hp_gain":0,"max_hp_loss":0,"event_name":"Cursed Tome","floor":27,"gold_loss":0},{"damage_healed":0,"gold_gain":0,"player_choice":"Ignored","damage_taken":0,"max_hp_gain":0,"max_hp_loss":0,"event_name":"Beggar","floor":28,"gold_loss":0},{"damage_healed":0,"gold_gain":0,"player_choice":"Smashed Altar","damage_taken":0,"max_hp_gain":0,"max_hp_loss":0,"event_name":"Forgotten Altar","floor":29,"gold_loss":0,"cards_obtained":["Decay"]},{"damage_healed":0,"gold_gain":0,"player_choice":"Fight","damage_taken":0,"max_hp_gain":0,"max_hp_loss":0,"event_name":"Colosseum","floor":30,"gold_loss":0},{"damage_healed":0,"gold_gain":0,"player_choice":"Fought Nobs","damage_taken":0,"max_hp_gain":0,"max_hp_loss":0,"event_name":"Colosseum","floor":30,"gold_loss":0}],"is_beta":false,"boss_relics":[{"not_picked":["Tiny House","Cursed Key"],"picked":"HolyWater"}],"items_purged_floors":[],"is_endless":false,"potions_floor_spawned":[1,2,4,14,16,20],"killed_by":"Colosseum Nobs","ascension_level":0}}