{"host":"qkcfkaplhifbw24p","time":1614356971,"event":{"mods":["BaseMod","Colored Map","Colored Powertips","Hermit","Minty Spire (QoL Compilation)","Quick Restart","Rare Cards Sparkle","StSLib","SuperFastMode"],"gold_per_floor":[152,191,291,350,401,401,486,486,532,532,532,46,46,73,73,171,171,187,187,200,275,312,312,312,347,400,420,600,600,82,118,118,221,221,234,234,234,234,269,625,625,660,672,684,244,244,244,256,256,256,256,256,39,73,73,73],"floor_reached":55,"language":"ENG","playtime":1815,"items_purged":["Strike_B","Strike_B","Strike_B"],"score":706,"play_id":"65b5feb9-f27d-4b39-924e-69435c76893f","local_time":"20210226112931","is_ascension_mode":false,"campfire_choices":[{"data":"HandOfGreed","floor":6,"key":"SMITH"},{"data":"Hologram","floor":8,"key":"SMITH"},{"floor":11,"key":"REST"},{"data":"Defragment","floor":13,"key":"SMITH"},{"data":"Master of Strategy","floor":15,"key":"SMITH"},{"data":"Amplify","floor":23,"key":"SMITH"},{"data":"Biased Cognition","floor":29,"key":"SMITH"},{"data":"Apotheosis","floor":32,"key":"SMITH"},{"data":"Creative AI","floor":41,"key":"SMITH"},{"floor":44,"key":"RECALL"},{"data":"Heatsinks","floor":47,"key":"SMITH"},{"data":"Storm","floor":49,"key":"SMITH"},{"data":"Force Field","floor":52,"key":"SMITH"}],"circlet_count":0,"master_deck":["Defend_B","Defend_B","Defend_B","Defend_B","Zap","Dualcast","HandOfGreed+1","Beam Cell+1","Gash","Hologram+1","Storm+1","Defragment+1","Master of Strategy+1","Leap","Amplify+1","Heatsinks+1","Force Field+1","Biased Cognition+1","Force Field+1","Apotheosis+1","Creative AI+1","Storm+1","Self Repair+1","Heatsinks+1","Glacier","Creative AI+1","Capacitor"],"relics":["FrozenCore","Mummified Hand","Bronze Scales","Lee\u0027s Waffle","Vajra","Pantograph","Inserter","Old Coin","MawBank","Turnip","DollysMirror","TheAbacus","Pen Nib"],"acts_visited":["Exordium","TheCity","TheBeyond","TheEnding"],"potions_floor_usage":[7,33,55,55,55],"damage_taken":[{"damage":7,"enemies":"Small Slimes","floor":1,"turns":4},{"damage":0,"enemies":"Cultist","floor":2,"turns":2},{"damage":6,"enemies":"2 Louse","floor":4,"turns":4},{"damage":5,"enemies":"Large Slime","floor":5,"turns":6},{"damage":12,"enemies":"3 Sentries","floor":7,"turns":6},{"damage":6,"enemies":"Gremlin Nob","floor":14,"turns":3},{"damage":28,"enemies":"The Guardian","floor":16,"turns":7},{"damage":11,"enemies":"2 Thieves","floor":18,"turns":3},{"damage":8,"enemies":"3 Byrds","floor":20,"turns":2},{"damage":8,"enemies":"Snake Plant","floor":22,"turns":3},{"damage":3,"enemies":"Chosen and Byrds","floor":25,"turns":5},{"damage":0,"enemies":"Sentry and Sphere","floor":27,"turns":3},{"damage":0,"enemies":"3 Cultists","floor":31,"turns":4},{"damage":21,"enemies":"Collector","floor":33,"turns":7},{"damage":8,"enemies":"Orb Walker","floor":35,"turns":3},{"damage":0,"enemies":"3 Shapes","floor":39,"turns":4},{"damage":13,"enemies":"Giant Head","floor":40,"turns":4},{"damage":25,"enemies":"Nemesis","floor":42,"turns":5},{"damage":0,"enemies":"3 Darklings","floor":48,"turns":4},{"damage":18,"enemies":"Time Eater","floor":50,"turns":6},{"damage":10,"enemies":"Shield and Spear","floor":54,"turns":2},{"damage":80,"enemies":"The Heart","floor":55,"turns":3}],"seed_played":"4059474472581154778","potions_obtained":[{"floor":1,"key":"Ancient Potion"},{"floor":4,"key":"DuplicationPotion"},{"floor":7,"key":"SneckoOil"},{"floor":18,"key":"ColorlessPotion"},{"floor":22,"key":"Dexterity Potion"},{"floor":24,"key":"EssenceOfDarkness"},{"floor":24,"key":"FocusPotion"},{"floor":48,"key":"EssenceOfSteel"}],"is_trial":false,"path_per_floor":["M","M","?","M","M","R","E","R","T","?","R","$","R","E","R","B",null,"M","?","M","?","M","R","?","M","T","M","?","R","$","M","R","B",null,"M","?","?","?","M","E","R","E","T","R","$","?","R","M","R","B",null,"R","$","E","B"],"character_chosen":"DEFECT","items_purchased":["Defragment","Master of Strategy","Lee\u0027s Waffle","Pantograph","Apotheosis","Glacier","DollysMirror","CultistPotion","Capacitor","TheAbacus"],"campfire_rested":1,"item_purchase_floors":[12,12,12,30,30,45,45,45,53,53],"current_hp_per_floor":[47,47,47,41,36,36,24,24,24,9,31,82,82,76,76,48,82,71,71,63,55,47,47,47,44,44,44,25,25,25,25,25,29,82,74,74,64,64,64,51,51,46,46,46,46,46,46,56,56,78,78,78,78,68,0,0],"gold":73,"neow_bonus":"RANDOM_COLORLESS_2","is_daily":false,"chose_seed":false,"campfire_upgraded":11,"win_rate":0.0,"timestamp":1614356971,"path_taken":["M","M","?","?","M","R","E","R","T","?","R","$","R","E","R","BOSS","M","?","M","?","?","R","?","M","T","?","?","R","$","M","R","BOSS","M","?","?","?","M","E","R","E","T","R","$","?","R","?","R","BOSS","R","$","E","BOSS"],"items_purchased_type":["Card","Card","Relic","Relic","Card","Card","Relic","Potion","Card","Relic"],"build_version":"2020-12-22","purchased_purges":3,"victory":false,"max_hp_per_floor":[75,75,75,75,75,75,75,75,75,75,75,82,82,82,82,82,82,82,82,82,82,82,82,82,82,82,82,82,82,82,82,82,82,82,82,82,82,78,78,78,78,78,78,78,78,78,78,78,78,78,78,78,78,78,78,78],"card_choices":[{"not_picked":["Violence","Mayhem"],"picked":"HandOfGreed","floor":0},{"not_picked":["Streamline","Redo"],"picked":"Beam Cell","floor":1},{"not_picked":["Double Energy","Compile Driver","Beam Cell"],"picked":"SKIP","floor":2},{"not_picked":["Coolheaded","Scrape"],"picked":"Gash","floor":4},{"not_picked":["Beam Cell","Turbo"],"picked":"Hologram","floor":5},{"not_picked":["Redo","Fusion"],"picked":"Storm","floor":7},{"not_picked":["Barrage","Cold Snap"],"picked":"Leap","floor":14},{"not_picked":["Machine Learning","Core Surge"],"picked":"Amplify","floor":16},{"not_picked":["Gash","Redo+1","Darkness"],"picked":"SKIP","floor":18},{"not_picked":["Streamline+1","Coolheaded"],"picked":"Heatsinks+1","floor":20},{"not_picked":["Reinforced Body","Leap+1"],"picked":"Force Field","floor":22},{"not_picked":["Leap","Sweeping Beam"],"picked":"Biased Cognition","floor":25},{"not_picked":["Ball Lightning","Storm+1"],"picked":"Force Field+1","floor":27},{"not_picked":["Genetic Algorithm","Hello World","Go for the Eyes"],"picked":"SKIP","floor":31},{"not_picked":["Seek","Core Surge"],"picked":"Creative AI","floor":33},{"not_picked":["Blizzard","Melter"],"picked":"Storm","floor":35},{"not_picked":["Skim+1","Coolheaded+1","Compile Driver+1"],"picked":"SKIP","floor":39},{"not_picked":["Steam Power+1","Turbo"],"picked":"Self Repair+1","floor":40},{"not_picked":["Double Energy","Sweeping Beam"],"picked":"Heatsinks","floor":42},{"not_picked":["Cold Snap","Chill+1","Leap"],"picked":"SKIP","floor":48},{"not_picked":["Reprogram+1","Redo","Genetic Algorithm+1"],"picked":"SKIP","floor":54}],"player_experience":1448588,"relics_obtained":[{"floor":7,"key":"Mummified Hand"},{"floor":9,"key":"Bronze Scales"},{"floor":14,"key":"Vajra"},{"floor":40,"key":"Old Coin"},{"floor":42,"key":"MawBank"},{"floor":43,"key":"Turnip"},{"floor":54,"key":"Pen Nib"}],"event_choices":[{"damage_healed":0,"gold_gain":100,"player_choice":"Pray","damage_taken":0,"max_hp_gain":0,"max_hp_loss":0,"event_name":"Golden Shrine","floor":3,"gold_loss":0},{"damage_healed":0,"gold_gain":0,"player_choice":"Entered Light","damage_taken":15,"max_hp_gain":0,"max_hp_loss":0,"event_name":"Shining Light","floor":10,"gold_loss":0,"cards_upgraded":["Storm","Beam Cell"]},{"damage_healed":0,"gold_gain":0,"player_choice":"Ignored","damage_taken":0,"max_hp_gain":0,"max_hp_loss":0,"event_name":"Ghosts","floor":19,"gold_loss":0},{"damage_healed":0,"gold_gain":75,"player_choice":"Touch","damage_taken":8,"max_hp_gain":0,"max_hp_loss":0,"event_name":"FaceTrader","floor":21,"gold_loss":0},{"damage_healed":0,"gold_gain":0,"player_choice":"Got Potions","damage_taken":0,"max_hp_gain":0,"max_hp_loss":0,"event_name":"Lab","floor":24,"gold_loss":0},{"damage_healed":0,"gold_gain":180,"player_choice":"GOLD GOLD ","damage_taken":19,"max_hp_gain":0,"max_hp_loss":0,"event_name":"Knowing Skull","floor":28,"potions_obtained":[],"gold_loss":0,"cards_obtained":[]},{"damage_healed":0,"gold_gain":0,"player_choice":"Ignored","damage_taken":0,"max_hp_gain":0,"max_hp_loss":0,"event_name":"Tomb of Lord Red Mask","floor":36,"gold_loss":0},{"damage_healed":0,"gold_gain":0,"player_choice":"Memory 3","damage_taken":10,"max_hp_gain":0,"max_hp_loss":0,"event_name":"SensoryStone","floor":37,"gold_loss":0},{"damage_healed":0,"gold_gain":0,"player_choice":"Max HP","damage_taken":0,"max_hp_gain":0,"max_hp_loss":4,"event_name":"Winding Halls","floor":38,"gold_loss":0},{"cards_removed":["Strike_B"],"damage_healed":0,"gold_gain":0,"player_choice":"Purged","damage_taken":0,"max_hp_gain":0,"max_hp_loss":0,"event_name":"Purifier","floor":46,"gold_loss":0}],"is_beta":false,"boss_relics":[{"not_picked":["Velvet Choker","Astrolabe"],"picked":"FrozenCore"},{"not_picked":["Runic Pyramid","Busted Crown"],"picked":"Inserter"}],"items_purged_floors":[12,30,45],"is_endless":false,"potions_floor_spawned":[1,4,7,18,22,27,48,54],"killed_by":"The Heart","ascension_level":0}}