{"host":"f1ushweh0apu4zea","time":1614348928,"event":{"mods":["AchievementEnabler","Act Like it!","BaseMod","Colored Map","DeckTracker","Hermit","KOR Keyword Fix","Minty Spire (QoL Compilation)","Ruina","StSLib","everything is the same but u backflip on backflip"],"gold_per_floor":[117,62,137,156,156,156,189,189,189,218,3,21,35,66,66,137,137,155,155,170,16,30,30,46,64,89,89,124,139,139,167,167,239,239,258,272,272,297,297,328,347,362,362,362,393,49,49,66,66,66,66,66,66,66,91,91],"floor_reached":57,"language":"KOR","playtime":5314,"items_purged":["Strike_G"],"score":2850,"play_id":"66128c2f-c38d-44b4-bbec-6dff420ee3af","local_time":"20210226231528","is_ascension_mode":true,"campfire_choices":[{"data":"Neutralize","floor":6.0,"key":"SMITH"},{"data":"After Image","floor":8.0,"key":"SMITH"},{"data":"Underhanded Strike","floor":15.0,"key":"SMITH"},{"data":"Dagger Throw","floor":23.0,"key":"SMITH"},{"floor":30.0,"key":"REST"},{"floor":32.0,"key":"REST"},{"floor":44,"key":"RECALL"},{"data":"Riddle With Holes","floor":49,"key":"SMITH"},{"data":"Survivor","floor":53,"key":"SMITH"}],"circlet_count":0,"master_deck":["AscendersBane","Defend_G","Defend_G","Defend_G","Defend_G","Defend_G","Survivor+1","Neutralize+1","Flechettes+1","Dagger Throw+1","After Image+1","Concentrate+1","Acrobatics+1","PiercingWail+1","Underhanded Strike+1","Escape Plan+1","Night Terror+1","Masterful Stab+1","Crippling Poison+1","Prepared+1","Acrobatics+1","Terror+1","Tactician+1","Backflip+1","Burst+1","Dodge and Roll+1","Madness+1","Madness+1","Riddle With Holes+1","Acrobatics+1"],"relics":["Ring of the Snake","NeowsBlessing","Orichalcum","White Beast Statue","Toxic Egg 2","OrangePellets","Happy Flower","Astrolabe","Pen Nib","Mercury Hourglass","Coffee Dripper","Lizard Tail","Art of War","Meat on the Bone","Eternal Feather","Tingsha","Strawberry"],"acts_visited":["Exordium","ruina:Briah","TheBeyond","TheEnding"],"potions_floor_usage":[56,56],"damage_taken":[{"damage":0.0,"enemies":"Jaw Worm","floor":1.0,"turns":1.0},{"damage":0.0,"enemies":"2 Louse","floor":4.0,"turns":1.0},{"damage":0.0,"enemies":"Lagavulin","floor":7.0,"turns":1.0},{"damage":24.0,"enemies":"Gremlin Nob","floor":10.0,"turns":5.0},{"damage":0.0,"enemies":"Small Slimes","floor":12.0,"turns":3.0},{"damage":0.0,"enemies":"Red Slaver","floor":13.0,"turns":3.0},{"damage":6.0,"enemies":"3 Sentries","floor":14.0,"turns":7.0},{"damage":8.0,"enemies":"Slime Boss","floor":16.0,"turns":10.0},{"damage":4.0,"enemies":"ruina:BadWolf","floor":18.0,"turns":7.0},{"damage":0.0,"enemies":"ruina:Nosferatu","floor":20.0,"turns":4.0},{"damage":0.0,"enemies":"ruina:KingOfGreed","floor":22.0,"turns":4.0},{"damage":18.0,"enemies":"ruina:KnightOfDespair","floor":24.0,"turns":4.0},{"damage":0.0,"enemies":"ruina:3_Scarecrows","floor":25.0,"turns":5.0},{"damage":23.0,"enemies":"ruina:Mountain","floor":28.0,"turns":9.0},{"damage":0.0,"enemies":"ruina:QueenOfHate","floor":29.0,"turns":2.0},{"damage":0.0,"enemies":"ruina:ServantOfWrath","floor":31.0,"turns":4.0},{"damage":25.0,"enemies":"ruina:JesterOfNihil","floor":33.0,"turns":6.0},{"damage":0.0,"enemies":"3 Darklings","floor":35.0,"turns":4.0},{"damage":0.0,"enemies":"Orb Walker","floor":36.0,"turns":2.0},{"damage":0.0,"enemies":"Mind Bloom Boss Battle","floor":38.0,"turns":4.0},{"damage":0,"enemies":"Giant Head","floor":40,"turns":5},{"damage":17,"enemies":"Writhing Mass","floor":41,"turns":4},{"damage":0,"enemies":"4 Shapes","floor":42,"turns":2},{"damage":0,"enemies":"Reptomancer","floor":45,"turns":3},{"damage":0,"enemies":"Spire Growth","floor":48,"turns":3},{"damage":12,"enemies":"Awakened One","floor":50,"turns":6},{"damage":11,"enemies":"Donu and Deca","floor":51,"turns":9},{"damage":42,"enemies":"Shield and Spear","floor":55,"turns":8},{"damage":34,"enemies":"The Heart","floor":56,"turns":10}],"seed_played":"-564525104599603711","potions_obtained":[{"floor":1.0,"key":"Regen Potion"},{"floor":7.0,"key":"GamblersBrew"},{"floor":10.0,"key":"SpeedPotion"},{"floor":12.0,"key":"BlessingOfTheForge"},{"floor":13.0,"key":"EssenceOfSteel"},{"floor":14.0,"key":"Fire Potion"},{"floor":16.0,"key":"Strength Potion"},{"floor":18.0,"key":"FearPotion"},{"floor":20.0,"key":"SteroidPotion"},{"floor":24.0,"key":"EssenceOfSteel"},{"floor":25.0,"key":"ColorlessPotion"},{"floor":28.0,"key":"Dexterity Potion"},{"floor":29.0,"key":"BlessingOfTheForge"},{"floor":31.0,"key":"CunningPotion"},{"floor":33.0,"key":"FearPotion"},{"floor":36.0,"key":"DistilledChaos"},{"floor":38.0,"key":"PowerPotion"}],"is_trial":false,"path_per_floor":["M","$","?","M","?","R","E","R","T","E","$","M","M","E","R","B",null,"M","?","M","$","M","R","M","M","T","?","E","M","R","E","R","B",null,"M","M","?","?","?","E","M","M","T","R","E","$","?","M","R","B","B",null,"R","$","E","B",null],"character_chosen":"THE_SILENT","items_purchased":["Dagger Throw","Acrobatics+1","OrangePellets","Terror+1","Tingsha"],"campfire_rested":2,"item_purchase_floors":[2,11,11,21,46],"current_hp_per_floor":[59,59,48,48,48,48,48,48,48,36,36,36,36,30,30,22,55,51,51,51,51,51,51,33,33,33,33,10,10,29,29,48,23,55,55,55,43,43,43,43,26,26,26,26,38,38,38,38,56,44,45,61,66,66,43,21],"gold":91,"neow_bonus":"THREE_ENEMY_KILL","is_daily":false,"chose_seed":false,"campfire_upgraded":6,"win_rate":0.0,"timestamp":1614348928,"path_taken":["M","$","?","M","?","R","E","R","T","E","$","M","M","E","R","BOSS","M","?","?","?","M","R","M","M","T","?","E","M","R","E","R","BOSS","M","M","?","?","?","E","?","M","T","R","E","$","?","M","R","BOSS","BOSS","R","$","E","BOSS"],"items_purchased_type":["Card","Card","Relic","Card","Relic"],"build_version":"2020-12-22","purchased_purges":1,"victory":true,"max_hp_per_floor":[66,66,66,66,66,66,66,66,66,66,66,66,66,66,66,66,66,66,66,66,66,66,66,66,66,66,66,66,66,66,66,66,66,66,66,66,66,66,66,66,66,66,66,66,66,66,66,66,66,66,66,66,66,66,73,73],"card_choices":[{"not_picked":["Poisoned Stab","Flying Knee"],"picked":"Flechettes","floor":1.0},{"not_picked":["Flying Knee","Deadly Poison"],"picked":"Infinite Blades","floor":4.0},{"not_picked":["Caltrops","Predator"],"picked":"After Image","floor":7.0},{"not_picked":["Escape Plan+1","Heel Hook"],"picked":"Concentrate+1","floor":10.0},{"not_picked":["Slice","Noxious Fumes"],"picked":"PiercingWail+1","floor":12.0},{"not_picked":["Flying Knee","Outmaneuver+1"],"picked":"Underhanded Strike","floor":13.0},{"not_picked":["Poisoned Stab","Flechettes"],"picked":"Escape Plan+1","floor":14.0},{"not_picked":["Doppelganger+1","Glass Knife"],"picked":"Night Terror+1","floor":16.0},{"not_picked":["Poisoned Stab","Backstab"],"picked":"Prepared+1","floor":18.0},{"not_picked":["Prepared+1","Bouncing Flask+1"],"picked":"Acrobatics+1","floor":20.0},{"not_picked":["Underhanded Strike","Blade Dance+1","Acrobatics+1"],"picked":"SKIP","floor":22.0},{"not_picked":["Phantasmal Killer+1","Setup+1"],"picked":"Tactician+1","floor":24.0},{"not_picked":["Dodge and Roll+1","Endless Agony","Finisher"],"picked":"SKIP","floor":25.0},{"not_picked":["Phantasmal Killer+1","Deadly Poison+1"],"picked":"Backflip+1","floor":28.0},{"not_picked":["Choke+1","Poisoned Stab","Deadly Poison+1"],"picked":"SKIP","floor":29.0},{"not_picked":["Bouncing Flask+1","Bane","Heel Hook"],"picked":"SKIP","floor":31.0},{"not_picked":["A Thousand Cuts","Night Terror+1"],"picked":"Burst+1","floor":33.0},{"not_picked":["Underhanded Strike","Sucker Punch","Dodge and Roll+1"],"picked":"SKIP","floor":35.0},{"not_picked":["Underhanded Strike","Sucker Punch"],"picked":"Dodge and Roll+1","floor":35.0},{"not_picked":["PiercingWail+1","Blade Dance+1","Bane"],"picked":"SKIP","floor":36.0},{"not_picked":["Riddle With Holes","Backflip+1","Underhanded Strike"],"picked":"SKIP","floor":40},{"not_picked":["Deadly Poison+1","Dodge and Roll+1"],"picked":"Acrobatics+1","floor":41},{"not_picked":["Dagger Throw","Burst+1","Quick Slash"],"picked":"SKIP","floor":42},{"not_picked":["Prepared+1","Skewer","Backflip+1"],"picked":"SKIP","floor":45},{"not_picked":["Bane","Quick Slash","Catalyst+1"],"picked":"SKIP","floor":48},{"not_picked":["Acrobatics+1","PiercingWail+1","Flying Knee"],"picked":"SKIP","floor":55}],"player_experience":1374395,"relics_obtained":[{"floor":7.0,"key":"Orichalcum"},{"floor":9.0,"key":"White Beast Statue"},{"floor":10.0,"key":"Toxic Egg 2"},{"floor":14.0,"key":"Happy Flower"},{"floor":28.0,"key":"Pen Nib"},{"floor":31.0,"key":"Mercury Hourglass"},{"floor":38.0,"key":"Lizard Tail"},{"floor":40,"key":"Art of War"},{"floor":43,"key":"Meat on the Bone"},{"floor":45,"key":"Eternal Feather"},{"floor":55,"key":"Strawberry"}],"event_choices":[{"damage_healed":0.0,"max_hp_gain":0.0,"max_hp_loss":0.0,"gold_gain":75.0,"event_name":"World of Goop","player_choice":"Gather Gold","floor":3.0,"gold_loss":0.0,"damage_taken":11.0},{"damage_healed":0.0,"max_hp_gain":0.0,"max_hp_loss":0.0,"gold_gain":0.0,"event_name":"Living Wall","player_choice":"Grow","floor":5.0,"gold_loss":0.0,"damage_taken":0.0,"cards_upgraded":["Flechettes"]},{"damage_healed":0.0,"max_hp_gain":0.0,"max_hp_loss":0.0,"gold_gain":0.0,"event_name":"Winding Halls","player_choice":"Embrace Madness","floor":37.0,"gold_loss":0.0,"damage_taken":12.0,"cards_obtained":["Madness","Madness"]},{"damage_healed":0.0,"max_hp_gain":0.0,"max_hp_loss":0.0,"gold_gain":0.0,"event_name":"MindBloom","player_choice":"Fight","floor":38.0,"gold_loss":0.0,"damage_taken":0.0},{"damage_healed":0,"gold_gain":0,"cards_transformed":["Poisoned Stab"],"player_choice":"Transformed","damage_taken":0,"max_hp_gain":0,"max_hp_loss":0,"event_name":"Transmorgrifier","floor":39,"gold_loss":0,"cards_obtained":["Riddle With Holes"]},{"cards_removed":["Infinite Blades"],"damage_healed":0,"gold_gain":0,"player_choice":"Removed Power","damage_taken":0,"max_hp_gain":0,"max_hp_loss":0,"event_name":"Falling","floor":47,"gold_loss":0}],"is_beta":false,"boss_relics":[{"not_picked":["Velvet Choker","Runic Pyramid"],"picked":"Astrolabe"},{"not_picked":["Ring of the Serpent","Runic Dome"],"picked":"Coffee Dripper"}],"items_purged_floors":[21],"is_endless":false,"potions_floor_spawned":[1,7,10,12,13,14,16,18,20,22,24,25,28,29,31,33,35,36,38,40,41,42,45,48,55],"ascension_level":20}}