{"host":"rsbhidffjle4v6w5","time":1614352868,"event":{"mods":["Act Like it!","Ascension Reborn","BaseMod","Better Note","Better Third Choice","BetterRewards","Block Reminder","Colored Map","Hermit","Minty Spire (QoL Compilation)","Quick Restart","Replay The Spire","Ruina","StSLib"],"gold_per_floor":[118,131,131,148,148,176,176,245,245,261,311,311,341,351,351,527,527,527],"floor_reached":17,"language":"ENG","playtime":598,"items_purged":[],"score":167,"play_id":"35aa9bcc-17f7-417e-b429-68631e223346","local_time":"20210226182108","is_ascension_mode":true,"campfire_choices":[{"floor":7.0,"key":"RECALL"},{"data":"hermit:GoldenBullet","floor":12.0,"key":"SMITH"},{"floor":15,"key":"REST"}],"circlet_count":0,"master_deck":["hermit:Strike_Hermit+1","hermit:Strike_Hermit+1","hermit:Strike_Hermit+1","hermit:Defend_Hermit+1","hermit:Defend_Hermit+1","hermit:Defend_Hermit+1","hermit:Defend_Hermit+1","hermit:Snapshot+1","hermit:Covet+1","AscMod:ascendersbane","hermit:Roulette","hermit:Deadeye","hermit:GoldenBullet+1","hermit:WideOpen","hermit:DeadOrAlive","hermit:BlackWind"],"relics":["hermit:Momento","SsserpentHead","Blue Candle","ReplayTheSpireMod:TigerMarble","Darkstone Periapt","Busted Crown"],"acts_visited":["Exordium","ruina:Briah"],"potions_floor_usage":[16],"damage_taken":[{"damage":0.0,"enemies":"2 Louse","floor":1.0,"turns":3.0},{"damage":0.0,"enemies":"Cultist","floor":2.0,"turns":3.0},{"damage":0.0,"enemies":"Small Slimes","floor":4.0,"turns":2.0},{"damage":6.0,"enemies":"3 Sentries","floor":6.0,"turns":8.0},{"damage":8.0,"enemies":"Blue Slaver","floor":8.0,"turns":4.0},{"damage":2.0,"enemies":"Lots of Slimes","floor":10.0,"turns":3.0},{"damage":20.0,"enemies":"Lagavulin","floor":13.0,"turns":5.0},{"damage":0,"enemies":"Exordium Wildlife","floor":14,"turns":3},{"damage":33,"enemies":"Hexaghost","floor":16,"turns":8}],"seed_played":"7938165463624223330","potions_obtained":[{"floor":2.0,"key":"DuplicationPotion"},{"floor":10.0,"key":"SpeedPotion"},{"floor":14,"key":"Dexterity Potion"}],"is_trial":false,"path_per_floor":["M","M","?","M","?","E","R","M","T","M","?","R","E","M","R","B",null],"character_chosen":"HERMIT","items_purchased":[],"campfire_rested":1,"item_purchase_floors":[],"current_hp_per_floor":[75,75,75,75,75,69,69,61,61,59,33,33,21,21,45,12,82,82],"gold":527,"neow_bonus":"TEN_PERCENT_HP_BONUS","is_daily":false,"chose_seed":false,"campfire_upgraded":1,"win_rate":0.0,"timestamp":1614352868,"path_taken":["M","M","?","M","?","E","R","?","T","M","?","R","E","M","R","BOSS"],"items_purchased_type":[],"build_version":"2020-12-22","purchased_purges":0,"victory":false,"max_hp_per_floor":[82,82,82,82,82,82,82,82,82,82,82,82,82,82,82,82,82,82],"card_choices":[{"not_picked":["hermit:Coalescence","hermit:Headshot","hermit:Brawl"],"picked":"SKIP","floor":1.0},{"not_picked":["hermit:LowProfile","hermit:TakeAim"],"picked":"hermit:Roulette","floor":2.0},{"not_picked":["hermit:Horror","hermit:Headshot"],"picked":"hermit:Deadeye","floor":4.0},{"not_picked":["hermit:BodyArmor","hermit:Snipe"],"picked":"hermit:GoldenBullet","floor":6.0},{"not_picked":["hermit:Feint","hermit:Misfire","hermit:Ricochet"],"picked":"SKIP","floor":8.0},{"not_picked":["hermit:ItchyTrigger","hermit:Malice"],"picked":"hermit:WideOpen","floor":10.0},{"not_picked":["hermit:Coalescence","hermit:BigShot"],"picked":"hermit:DeadOrAlive","floor":13.0},{"not_picked":["hermit:LowProfile","hermit:Misfire","hermit:Ricochet"],"picked":"SKIP","floor":14},{"not_picked":["hermit:Purgatory","hermit:Adapt"],"picked":"hermit:BlackWind","floor":16}],"player_experience":1179081,"relics_obtained":[{"floor":6.0,"key":"Blue Candle"},{"floor":13.0,"key":"Darkstone Periapt"}],"event_choices":[{"damage_healed":0.0,"max_hp_gain":0.0,"max_hp_loss":0.0,"gold_gain":0.0,"event_name":"FaceTrader","player_choice":"Trade","floor":5.0,"gold_loss":0.0,"damage_taken":0.0,"relics_obtained":["SsserpentHead"]},{"damage_healed":0.0,"max_hp_gain":0.0,"max_hp_loss":0.0,"gold_gain":0.0,"event_name":"betterThird:BetterScrap","player_choice":"Relic ","floor":11.0,"gold_loss":0.0,"damage_taken":26.0,"cards_obtained":["Melter"]}],"is_beta":false,"boss_relics":[{"not_picked":["Ectoplasm","Painkiller Herb"],"picked":"Busted Crown"}],"items_purged_floors":[],"is_endless":false,"potions_floor_spawned":[2,10,14],"ascension_level":0}}