{"host":"1vy6j31128f61x2z","time":1614371304,"event":{"mods":["AchievementEnabler","BaseMod","Colored Powertips","Curses Come First","Minty Spire (QoL Compilation)","Permanent Neow","Random Character Button","Relic Stats","StSLib"],"gold_per_floor":[110,285,385,398,473,506,506,288,288,563,574,600,613,613,613,718,718,731,339,145,163,253,287,287,314,314,345,345,345,397,409,409,509,559,569,274,274,320,333,366,377,10,89,121,121,131,131,131,131,131],"floor_reached":51,"language":"ENG","playtime":2424,"items_purged":["Doubt","Strike_B","Strike_B+1","Strike_B+1"],"score":1235,"play_id":"ba814053-8e2b-44c9-b82b-0b61808e8ff9","local_time":"20210226152824","is_ascension_mode":true,"campfire_choices":[{"data":"Genetic Algorithm","floor":7,"key":"SMITH"},{"data":"Go for the Eyes","floor":15,"key":"SMITH"},{"data":"Consume","floor":32,"key":"SMITH"},{"floor":45,"key":"REST"},{"data":"Defragment","floor":47,"key":"SMITH"},{"floor":49,"key":"REST"}],"circlet_count":0,"master_deck":["Defend_B+1","Defend_B+1","Defend_B+1","Defend_B+1","Zap+1","Dualcast+1","Genetic Algorithm+1","Cold Snap","Leap","Conserve Battery","Consume+1","Go for the Eyes+1","Rainbow","Ball Lightning","Self Repair","Genetic Algorithm+1","Coolheaded","Cold Snap","Doom and Gloom","Steam+1","Beam Cell","J.A.X.+1","Streamline+1","Echo Form","Streamline+1","Capacitor","Lockon","Leap+1","Steam Power+1","Rip and Tear+1","Defragment+1","Skim+1","Fission+1","Leap+1","Sunder"],"relics":["Cracked Core","NeowsBlessing","Omamori","War Paint","Ornamental Fan","Lizard Tail","Velvet Choker","Membership Card","Nunchaku","Juzu Bracelet","DollysMirror","Strawberry","Toxic Egg 2","Toy Ornithopter","Incense Burner","Pear","Blood Vial","Tiny House","Turnip","Pocketwatch","Pen Nib","Cables","Gremlin Horn","Bottled Lightning","Sundial"],"acts_visited":["Exordium","TheCity","TheBeyond"],"potions_floor_usage":[12,16,25,33,38,38,50,50],"damage_taken":[{"damage":0,"enemies":"2 Louse","floor":1,"turns":1},{"damage":0,"enemies":"Jaw Worm","floor":4,"turns":1},{"damage":0,"enemies":"Gremlin Nob","floor":6,"turns":1},{"damage":0,"enemies":"Cultist","floor":11,"turns":4},{"damage":4,"enemies":"3 Sentries","floor":12,"turns":9},{"damage":0,"enemies":"3 Louse","floor":13,"turns":4},{"damage":12,"enemies":"The Guardian","floor":16,"turns":16},{"damage":2,"enemies":"Spheric Guardian","floor":18,"turns":5},{"damage":14,"enemies":"2 Thieves","floor":21,"turns":5},{"damage":45,"enemies":"Gremlin Leader","floor":23,"turns":9},{"damage":26,"enemies":"Slavers","floor":25,"turns":7},{"damage":2,"enemies":"Book of Stabbing","floor":27,"turns":7},{"damage":2,"enemies":"Snecko","floor":31,"turns":8},{"damage":23,"enemies":"Collector","floor":33,"turns":9},{"damage":12,"enemies":"3 Shapes","floor":35,"turns":8},{"damage":29,"enemies":"2 Orb Walkers","floor":38,"turns":7},{"damage":9,"enemies":"Orb Walker","floor":39,"turns":4},{"damage":21,"enemies":"Nemesis","floor":40,"turns":9},{"damage":14,"enemies":"Jaw Worm Horde","floor":41,"turns":6},{"damage":32,"enemies":"Giant Head","floor":44,"turns":8},{"damage":16,"enemies":"3 Darklings","floor":46,"turns":6},{"damage":36,"enemies":"Donu and Deca","floor":50,"turns":9}],"seed_played":"-3831722942838859579","potions_obtained":[{"floor":6,"key":"EssenceOfSteel"},{"floor":13,"key":"CultistPotion"},{"floor":14,"key":"FearPotion"},{"floor":14,"key":"BlessingOfTheForge"},{"floor":16,"key":"LiquidMemories"},{"floor":25,"key":"Explosive Potion"},{"floor":34,"key":"BlessingOfTheForge"},{"floor":39,"key":"DistilledChaos"},{"floor":41,"key":"SpeedPotion"},{"floor":44,"key":"Regen Potion"}],"is_trial":false,"path_per_floor":["M","?","?","M","?","E","R","$","T","?","M","E","M","?","R","B",null,"M","$","$","M","?","E","?","E","T","E","?","?","T","M","R","B",null,"M","$","?","?","M","E","M","$","T","E","R","M","R","?","R","B",null],"character_chosen":"DEFECT","items_purchased":["War Paint","Membership Card","Self Repair","Nunchaku","Juzu Bracelet","DollysMirror","Strawberry","Coolheaded","Cold Snap","Capacitor","Turnip","Lockon","Leap+1","Cables","Skim+1","Gremlin Horn"],"campfire_rested":2,"item_purchase_floors":[8,19,19,19,19,20,20,20,20,36,36,36,36,42,42,42],"current_hp_per_floor":[68,68,68,68,57,57,57,57,57,57,57,53,53,53,53,41,67,65,65,72,65,53,15,15,41,41,56,56,56,56,63,63,54,88,92,92,92,75,82,77,65,65,65,35,64,57,57,57,86,84],"gold":131,"neow_bonus":"THREE_ENEMY_KILL","is_daily":false,"chose_seed":false,"campfire_upgraded":4,"win_rate":0.0,"timestamp":1614371304,"path_taken":["M","?","?","?","?","E","R","$","T","?","M","E","?","?","R","BOSS","M","?","$","M","?","E","?","E","T","E","?","?","?","M","R","BOSS","M","$","?","?","M","E","M","$","T","E","R","M","R","?","R","BOSS"],"items_purchased_type":["Relic","Relic","Card","Relic","Relic","Relic","Relic","Card","Card","Card","Relic","Card","Card","Relic","Card","Relic"],"build_version":"2020-12-22","purchased_purges":4,"victory":true,"max_hp_per_floor":[75,75,75,75,75,75,75,75,75,75,75,75,75,75,75,75,75,75,75,82,82,82,82,82,82,82,92,92,92,92,92,92,92,97,97,97,97,97,97,97,97,97,97,97,97,97,97,97,97,97],"relic_stats":{"Gremlin Horn":[3,3],"counters":[22,143],"Pen Nib":[5],"Juzu Bracelet":2,"War Paint":["Defend_B","Zap"],"Cables":[20,8,6,6,0],"Blood Vial":20,"Lizard Tail":41,"Nunchaku":[17],"Ornamental Fan":[96],"Sundial":[0],"Turnip":[0],"obtain_stats":[{"Tiny House":34,"Gremlin Horn":42,"Juzu Bracelet":19,"Incense Burner":26,"Blood Vial":30,"Lizard Tail":12,"Nunchaku":19,"DollysMirror":20,"Sundial":44,"Strawberry":20,"Toxic Egg 2":23,"Cracked Core":0,"Pear":27,"NeowsBlessing":0,"Velvet Choker":17,"Pen Nib":40,"Omamori":6,"War Paint":8,"Cables":42,"Ornamental Fan":9,"Turnip":36,"Membership Card":19,"Bottled Lightning":43,"Toy Ornithopter":25,"Pocketwatch":38},{"Tiny House":14,"Gremlin Horn":19,"Juzu Bracelet":8,"Incense Burner":11,"Blood Vial":12,"Lizard Tail":5,"Nunchaku":8,"DollysMirror":8,"Sundial":20,"Strawberry":8,"Toxic Egg 2":10,"Cracked Core":0,"Pear":12,"NeowsBlessing":0,"Velvet Choker":7,"Pen Nib":18,"Omamori":3,"War Paint":3,"Cables":19,"Ornamental Fan":3,"Turnip":15,"Membership Card":8,"Bottled Lightning":19,"Toy Ornithopter":11,"Pocketwatch":16},{"Tiny House":86,"Gremlin Horn":120,"Juzu Bracelet":41,"Incense Burner":62,"Blood Vial":69,"Lizard Tail":16,"Nunchaku":41,"DollysMirror":41,"Sundial":128,"Strawberry":41,"Toxic Egg 2":55,"Cracked Core":0,"Pear":69,"NeowsBlessing":0,"Velvet Choker":36,"Pen Nib":114,"Omamori":3,"War Paint":3,"Cables":120,"Ornamental Fan":3,"Turnip":94,"Membership Card":41,"Bottled Lightning":120,"Toy Ornithopter":62,"Pocketwatch":101}],"Toy Ornithopter":25,"Pocketwatch":[18]},"card_choices":[{"not_picked":["Rebound","Streamline"],"picked":"Genetic Algorithm","floor":1},{"not_picked":["Steam","Tempest"],"picked":"Cold Snap","floor":4},{"not_picked":["Redo","Rebound"],"picked":"Leap","floor":6},{"not_picked":["BootSequence","Hologram"],"picked":"Conserve Battery","floor":11},{"not_picked":["Force Field","Turbo"],"picked":"Consume","floor":12},{"not_picked":["Rebound","Blizzard"],"picked":"Go for the Eyes","floor":13},{"not_picked":["Creative AI","Hyperbeam"],"picked":"Rainbow","floor":16},{"not_picked":["Hello World+1","Turbo+1"],"picked":"Ball Lightning","floor":18},{"not_picked":["Compile Driver","Genetic Algorithm+1"],"picked":"Doom and Gloom","floor":21},{"not_picked":["Fusion+1","Streamline","Compile Driver"],"picked":"SKIP","floor":23},{"not_picked":["Sweeping Beam","Blizzard"],"picked":"Steam+1","floor":25},{"not_picked":["Stack+1","Storm"],"picked":"Beam Cell","floor":27},{"not_picked":["Blizzard","Steam+1"],"picked":"Streamline+1","floor":31},{"not_picked":["Rainbow+1","All For One"],"picked":"Echo Form","floor":33},{"not_picked":["Auto Shields+1","Sweeping Beam"],"picked":"Redo+1","floor":34},{"not_picked":["Go for the Eyes+1","Auto Shields+1"],"picked":"Streamline+1","floor":35},{"not_picked":["Streamline+1","Steam+1"],"picked":"Steam Power+1","floor":38},{"not_picked":["Sunder","Auto Shields+1"],"picked":"Rip and Tear+1","floor":39},{"not_picked":["Streamline+1","Rebound+1"],"picked":"Defragment","floor":40},{"not_picked":["Sunder+1","Force Field+1","Beam Cell"],"picked":"SKIP","floor":41},{"not_picked":["Steam+1","Ball Lightning"],"picked":"Fission+1","floor":44},{"not_picked":["Self Repair+1","Double Energy+1"],"picked":"Leap+1","floor":46}],"player_experience":152085,"relics_obtained":[{"floor":6,"key":"Omamori"},{"floor":9,"key":"Ornamental Fan"},{"floor":12,"key":"Lizard Tail"},{"floor":23,"key":"Toxic Egg 2"},{"floor":25,"key":"Toy Ornithopter"},{"floor":26,"key":"Incense Burner"},{"floor":27,"key":"Pear"},{"floor":30,"key":"Blood Vial"},{"floor":38,"key":"Pocketwatch"},{"floor":40,"key":"Pen Nib"},{"floor":43,"key":"Bottled Lightning"},{"floor":44,"key":"Sundial"}],"event_choices":[{"damage_healed":0,"gold_gain":175,"player_choice":"AGREE","damage_taken":0,"max_hp_gain":0,"max_hp_loss":0,"event_name":"Liars Game","floor":2,"gold_loss":0,"cards_obtained":["Doubt"]},{"damage_healed":0,"gold_gain":100,"player_choice":"Gold","damage_taken":0,"max_hp_gain":0,"max_hp_loss":0,"event_name":"Wheel of Change","floor":3,"gold_loss":0},{"damage_healed":0,"gold_gain":75,"player_choice":"Gather Gold","damage_taken":11,"max_hp_gain":0,"max_hp_loss":0,"event_name":"World of Goop","floor":5,"gold_loss":0},{"damage_healed":0,"gold_gain":275,"player_choice":"Desecrate","damage_taken":0,"max_hp_gain":0,"max_hp_loss":0,"event_name":"Golden Shrine","floor":10,"gold_loss":0,"cards_obtained":["Regret"]},{"damage_healed":0,"gold_gain":0,"player_choice":"Got Potions","damage_taken":0,"max_hp_gain":0,"max_hp_loss":0,"event_name":"Lab","floor":14,"gold_loss":0},{"damage_healed":0,"gold_gain":90,"player_choice":"GOLD ","damage_taken":12,"max_hp_gain":0,"max_hp_loss":0,"event_name":"Knowing Skull","floor":22,"potions_obtained":[],"gold_loss":0,"cards_obtained":[]},{"damage_healed":0,"gold_gain":0,"player_choice":"Simplicity","damage_taken":0,"max_hp_gain":0,"max_hp_loss":0,"event_name":"Back to Basics","floor":24,"gold_loss":0,"cards_upgraded":["Strike_B","Strike_B","Strike_B","Defend_B","Defend_B","Defend_B"]},{"damage_healed":0,"gold_gain":0,"player_choice":"Ignored","damage_taken":0,"max_hp_gain":0,"max_hp_loss":0,"event_name":"Vampires","floor":28,"gold_loss":0},{"damage_healed":0,"gold_gain":0,"player_choice":"Obtain J.A.X.","damage_taken":0,"max_hp_gain":0,"max_hp_loss":0,"event_name":"Drug Dealer","floor":29,"gold_loss":0,"cards_obtained":["J.A.X."]},{"cards_removed":["Redo"],"damage_healed":0,"gold_gain":0,"player_choice":"Removed Skill","damage_taken":0,"max_hp_gain":0,"max_hp_loss":0,"event_name":"Falling","floor":37,"gold_loss":0},{"damage_healed":0,"gold_gain":0,"player_choice":"Fight","damage_taken":0,"max_hp_gain":0,"max_hp_loss":0,"event_name":"Mysterious Sphere","floor":38,"gold_loss":0},{"damage_healed":0,"gold_gain":0,"cards_transformed":["Strike_B"],"player_choice":"Transformed","damage_taken":0,"max_hp_gain":0,"max_hp_loss":0,"event_name":"Transmorgrifier","floor":48,"gold_loss":0,"cards_obtained":["Sunder"]}],"is_beta":false,"boss_relics":[{"not_picked":["Empty Cage","Pandora\u0027s Box"],"picked":"Velvet Choker"},{"not_picked":["Runic Dome","Philosopher\u0027s Stone"],"picked":"Tiny House"}],"items_purged_floors":[8,19,36,42],"is_endless":false,"potions_floor_spawned":[6,13,16,18,21,25,35,39,41,44],"ascension_level":7}}