{"host":"eksvfr80mef7di1h","time":1614373913,"event":{"mods":["AchievementEnabler","BaseMod","Colored Map","Minty Spire (QoL Compilation)","StSLib","SuperFastMode"],"gold_per_floor":[119,133,145,155,167,167,197,147,198,213,213,242,252,264,264,366,366,291,291,168,168,168,83,83,83,83,83,83,83,83,83,83,83,83,83,83,83,83,83,83,83,83,83,83,83,83,83,83,83,83],"floor_reached":51,"language":"ENG","playtime":1646,"items_purged":[],"score":933,"play_id":"c705eb97-dc7e-4fb4-afba-3ae639719c91","local_time":"20210226221153","is_ascension_mode":false,"campfire_choices":[{"data":"Cloak And Dagger","floor":6,"key":"SMITH"},{"data":"Blade Dance","floor":11,"key":"SMITH"},{"data":"After Image","floor":15,"key":"SMITH"},{"data":"Burst","floor":25,"key":"SMITH"},{"data":"Blade Dance","floor":29,"key":"SMITH"},{"data":"Blade Dance","floor":32,"key":"SMITH"},{"data":"A Thousand Cuts","floor":40,"key":"SMITH"},{"data":"Apotheosis","floor":49,"key":"SMITH"}],"circlet_count":0,"master_deck":["Strike_G+1","Strike_G+1","Strike_G+1","Strike_G+1","Defend_G+1","Defend_G+1","Defend_G+1","Defend_G+1","Defend_G+1","Survivor","Neutralize+1","After Image+1","Slice","Cloak And Dagger+1","Blade Dance+1","Footwork","Backflip","Footwork","Burst+1","Blade Dance+1","Escape Plan","Dodge and Roll+1","Blur","Blade Dance+1","Adrenaline","Backflip","Dagger Spray+1","A Thousand Cuts+1","Parasite","Deflect","Accuracy","Blade Dance","Quick Slash","Apotheosis+1"],"relics":["Ring of the Snake","Whetstone","Shuriken","Ectoplasm","Enchiridion","Art of War","Happy Flower","Letter Opener","Sozu","StoneCalendar","Pantograph","Ice Cream","Kunai","Frozen Egg 2"],"acts_visited":["Exordium","TheCity","TheBeyond"],"potions_floor_usage":[12,14,28,50],"damage_taken":[{"damage":0,"enemies":"2 Louse","floor":1,"turns":3},{"damage":0,"enemies":"Jaw Worm","floor":2,"turns":5},{"damage":0,"enemies":"Small Slimes","floor":3,"turns":4},{"damage":0,"enemies":"Looter","floor":4,"turns":3},{"damage":1,"enemies":"Exordium Wildlife","floor":5,"turns":8},{"damage":3,"enemies":"2 Fungi Beasts","floor":10,"turns":4},{"damage":0,"enemies":"Lagavulin","floor":12,"turns":5},{"damage":0,"enemies":"Blue Slaver","floor":13,"turns":1},{"damage":0,"enemies":"Lots of Slimes","floor":14,"turns":4},{"damage":20,"enemies":"Slime Boss","floor":16,"turns":7},{"damage":6,"enemies":"2 Thieves","floor":18,"turns":5},{"damage":0,"enemies":"3 Byrds","floor":21,"turns":4},{"damage":0,"enemies":"Centurion and Healer","floor":22,"turns":6},{"damage":12,"enemies":"Slavers","floor":27,"turns":6},{"damage":0,"enemies":"3 Cultists","floor":28,"turns":5},{"damage":0,"enemies":"Sentry and Sphere","floor":30,"turns":4},{"damage":0,"enemies":"Cultist and Chosen","floor":31,"turns":4},{"damage":0,"enemies":"Champ","floor":33,"turns":8},{"damage":0,"enemies":"3 Shapes","floor":35,"turns":2},{"damage":0,"enemies":"3 Darklings","floor":36,"turns":3},{"damage":0,"enemies":"2 Orb Walkers","floor":37,"turns":3},{"damage":0,"enemies":"4 Shapes","floor":38,"turns":4},{"damage":0,"enemies":"Writhing Mass","floor":39,"turns":6},{"damage":12,"enemies":"Reptomancer","floor":41,"turns":5},{"damage":0,"enemies":"Mind Bloom Boss Battle","floor":42,"turns":5},{"damage":0,"enemies":"Giant Head","floor":44,"turns":5},{"damage":0,"enemies":"Spire Growth","floor":46,"turns":3},{"damage":0,"enemies":"Time Eater","floor":50,"turns":12}],"seed_played":"-6484645848768032706","potions_obtained":[{"floor":2,"key":"Poison Potion"},{"floor":3,"key":"SpeedPotion"},{"floor":10,"key":"Fire Potion"},{"floor":16,"key":"Swift Potion"},{"floor":18,"key":"SmokeBomb"},{"floor":21,"key":"SteroidPotion"}],"is_trial":false,"path_per_floor":["M","M","M","M","M","R","?","?","T","M","R","E","M","M","R","B",null,"M","?","$","M","M","?","?","R","T","E","M","R","M","M","R","B",null,"M","M","?","M","M","R","E","?","T","E","?","M","?","?","R","B",null],"character_chosen":"THE_SILENT","items_purchased":["Blade Dance","Escape Plan"],"campfire_rested":0,"item_purchase_floors":[20,20],"current_hp_per_floor":[63,63,63,63,62,62,62,62,62,59,59,59,59,59,59,39,63,57,41,41,41,41,41,41,41,41,29,29,29,29,29,29,29,63,63,63,63,63,63,63,51,63,63,63,60,60,60,60,60,60],"gold":83,"neow_bonus":"THREE_RARE_CARDS","is_daily":false,"chose_seed":false,"campfire_upgraded":8,"win_rate":0.0,"timestamp":1614373913,"path_taken":["M","M","M","M","M","R","?","?","T","M","R","E","M","M","R","BOSS","M","?","$","M","M","?","?","R","T","E","M","R","M","M","R","BOSS","M","M","?","M","M","R","E","?","T","E","?","M","?","?","R","BOSS"],"items_purchased_type":["Card","Card"],"build_version":"2020-12-22","purchased_purges":0,"victory":true,"max_hp_per_floor":[63,63,63,63,63,63,63,63,63,63,63,63,63,63,63,63,63,63,63,63,63,63,63,63,63,63,63,63,63,63,63,63,63,63,63,63,63,63,63,63,63,63,63,63,60,60,60,60,60,60],"card_choices":[{"not_picked":["Unload","Die Die Die"],"picked":"After Image","floor":0},{"not_picked":["Outmaneuver","Skewer"],"picked":"Slice","floor":1},{"not_picked":["Prepared","Dagger Throw"],"picked":"Cloak And Dagger","floor":2},{"not_picked":["Poisoned Stab","Flying Knee"],"picked":"Blade Dance","floor":3},{"not_picked":["Underhanded Strike","Outmaneuver","Poisoned Stab"],"picked":"SKIP","floor":4},{"not_picked":["Deflect","Bouncing Flask"],"picked":"Footwork","floor":5},{"not_picked":["Flechettes","Bane","Terror"],"picked":"SKIP","floor":10},{"not_picked":["Dodge and Roll","Deadly Poison"],"picked":"Backflip","floor":12},{"not_picked":["Well Laid Plans","Acrobatics"],"picked":"Backflip","floor":13},{"not_picked":["Phantasmal Killer","Terror"],"picked":"Footwork","floor":14},{"not_picked":["Phantasmal Killer","Corpse Explosion"],"picked":"Burst","floor":16},{"not_picked":["Flying Knee","Deadly Poison","Outmaneuver"],"picked":"SKIP","floor":18},{"not_picked":["Prepared","PiercingWail","Backflip+1"],"picked":"SKIP","floor":21},{"not_picked":["Prepared","Sucker Punch"],"picked":"Dodge and Roll+1","floor":22},{"not_picked":["Backflip","Distraction+1"],"picked":"Blur","floor":27},{"not_picked":["Noxious Fumes","Endless Agony"],"picked":"Blade Dance","floor":28},{"not_picked":["Flying Knee","Dagger Throw","Caltrops"],"picked":"SKIP","floor":30},{"not_picked":["Flying Knee","Outmaneuver+1","Calculated Gamble"],"picked":"SKIP","floor":31},{"not_picked":["Bullet Time","Night Terror"],"picked":"Adrenaline","floor":33},{"not_picked":["Flying Knee+1","Sucker Punch+1","Calculated Gamble+1"],"picked":"SKIP","floor":35},{"not_picked":["Flying Knee","Dodge and Roll+1"],"picked":"Backflip","floor":36},{"not_picked":["Backflip","Sucker Punch+1"],"picked":"Dagger Spray+1","floor":37},{"not_picked":["Slice","PiercingWail+1"],"picked":"A Thousand Cuts","floor":38},{"not_picked":["Distraction","Outmaneuver"],"picked":"Deflect","floor":39},{"not_picked":["Catalyst","Backflip","Poisoned Stab"],"picked":"SKIP","floor":41},{"not_picked":["Outmaneuver+1","Noxious Fumes+1"],"picked":"Accuracy","floor":42},{"not_picked":["Underhanded Strike","Finisher+1"],"picked":"Blade Dance","floor":44},{"not_picked":["Backflip","Well Laid Plans+1"],"picked":"Quick Slash","floor":46},{"not_picked":["Mayhem+1","Dramatic Entrance"],"picked":"Apotheosis","floor":48}],"player_experience":190621,"relics_obtained":[{"floor":9,"key":"Whetstone"},{"floor":12,"key":"Shuriken"},{"floor":19,"key":"Enchiridion"},{"floor":26,"key":"Happy Flower"},{"floor":27,"key":"Letter Opener"},{"floor":37,"key":"StoneCalendar"},{"floor":41,"key":"Pantograph"},{"floor":42,"key":"Ice Cream"},{"floor":43,"key":"Kunai"},{"floor":44,"key":"Frozen Egg 2"}],"event_choices":[{"damage_healed":0,"gold_gain":30,"player_choice":"Searched \u00271\u0027 times","damage_taken":0,"max_hp_gain":0,"max_hp_loss":0,"event_name":"Dead Adventurer","floor":7,"gold_loss":0},{"cards_removed":["Strike_G"],"damage_healed":0,"gold_gain":0,"player_choice":"Card Removal","damage_taken":0,"max_hp_gain":0,"max_hp_loss":0,"event_name":"The Cleric","floor":8,"gold_loss":50},{"damage_healed":0,"gold_gain":0,"player_choice":"Obtained Book","damage_taken":16,"max_hp_gain":0,"max_hp_loss":0,"event_name":"Cursed Tome","floor":19,"gold_loss":0},{"damage_healed":0,"gold_gain":0,"player_choice":"Obtained Relic","damage_taken":0,"relics_obtained":["Art of War"],"max_hp_gain":0,"max_hp_loss":0,"event_name":"Addict","floor":23,"gold_loss":85},{"damage_healed":0,"gold_gain":0,"player_choice":"Simplicity","damage_taken":0,"max_hp_gain":0,"max_hp_loss":0,"event_name":"Back to Basics","floor":24,"gold_loss":0,"cards_upgraded":["Strike_G","Strike_G","Strike_G","Defend_G","Defend_G","Defend_G","Defend_G","Defend_G"]},{"damage_healed":0,"gold_gain":0,"player_choice":"Fight","damage_taken":0,"max_hp_gain":0,"max_hp_loss":0,"event_name":"Mysterious Sphere","floor":37,"gold_loss":0},{"damage_healed":0,"gold_gain":0,"player_choice":"Fight","damage_taken":0,"max_hp_gain":0,"max_hp_loss":0,"event_name":"MindBloom","floor":42,"gold_loss":0},{"damage_healed":0,"gold_gain":0,"player_choice":"Max HP","damage_taken":0,"max_hp_gain":0,"max_hp_loss":3,"event_name":"Winding Halls","floor":45,"gold_loss":0},{"cards_removed":["Backflip"],"damage_healed":0,"gold_gain":0,"player_choice":"Removed Skill","damage_taken":0,"max_hp_gain":0,"max_hp_loss":0,"event_name":"Falling","floor":47,"gold_loss":0},{"damage_healed":0,"gold_gain":0,"player_choice":"Memory 1","damage_taken":0,"max_hp_gain":0,"max_hp_loss":0,"event_name":"SensoryStone","floor":48,"gold_loss":0}],"is_beta":false,"boss_relics":[{"not_picked":["HoveringKite","SlaversCollar"],"picked":"Ectoplasm"},{"not_picked":["Cursed Key","Tiny House"],"picked":"Sozu"}],"items_purged_floors":[],"is_endless":false,"potions_floor_spawned":[2,3,10,16,18,21,27,35,37,39,41],"ascension_level":0}}