{"host":"2ty4h143nj8vwezc","time":1614324080,"event":{"mods":["BaseMod","Colored Map","Googly Eyes","Highlight Path","Minty Spire (QoL Compilation)","Quick Restart","StSLib"],"gold_per_floor":[115,115,115,115,126,126,158,158,158,177,194,194,194],"floor_reached":12,"language":"ENG","playtime":322,"items_purged":[],"score":144,"play_id":"6d89e400-a123-41e2-abdb-d351b1b07277","local_time":"20210226022120","is_ascension_mode":true,"campfire_choices":[{"floor":6,"key":"REST"},{"floor":8,"key":"REST"}],"circlet_count":0,"master_deck":["AscendersBane","Strike_B","Strike_B","Strike_B","Defend_B","Defend_B","Defend_B","Zap","Dualcast","Clumsy","Sunder+1","Doom and Gloom","Go for the Eyes","Go for the Eyes","Conserve Battery","Skim","Streamline"],"relics":["Cracked Core","InkBottle","Incense Burner","Bottled Lightning"],"acts_visited":["Exordium"],"potions_floor_usage":[],"damage_taken":[{"damage":7,"enemies":"Jaw Worm","floor":1,"turns":3},{"damage":0,"enemies":"Cultist","floor":5,"turns":2},{"damage":30,"enemies":"3 Sentries","floor":7,"turns":5},{"damage":2,"enemies":"Small Slimes","floor":10,"turns":2},{"damage":25,"enemies":"Gremlin Gang","floor":11,"turns":3},{"damage":28,"enemies":"Gremlin Nob","floor":12,"turns":3}],"seed_played":"-8684100521819109179","potions_obtained":[{"floor":11,"key":"PotionOfCapacity"}],"is_trial":false,"path_per_floor":["M","?","?","?","M","R","E","R","T","M","M","E"],"character_chosen":"DEFECT","items_purchased":[],"campfire_rested":2,"item_purchase_floors":[],"current_hp_per_floor":[57,57,39,39,39,60,30,51,51,49,24,0,0],"gold":194,"neow_bonus":"TRANSFORM_TWO_CARDS","is_daily":false,"chose_seed":false,"campfire_upgraded":0,"win_rate":0.0,"timestamp":1614324080,"path_taken":["M","?","?","?","?","R","E","R","T","M","?","E"],"items_purchased_type":[],"build_version":"2020-12-22","purchased_purges":0,"victory":false,"max_hp_per_floor":[71,71,71,71,71,71,71,71,71,71,71,71,71],"card_choices":[{"not_picked":["Stack","Sweeping Beam"],"picked":"Go for the Eyes","floor":1},{"not_picked":["Stack","Coolheaded"],"picked":"Go for the Eyes","floor":5},{"not_picked":["Hyperbeam","Defragment"],"picked":"Conserve Battery","floor":7},{"not_picked":["Gash","Compile Driver"],"picked":"Skim","floor":10},{"not_picked":["Steam","Compile Driver"],"picked":"Streamline","floor":11}],"player_experience":490707,"relics_obtained":[{"floor":7,"key":"Incense Burner"},{"floor":9,"key":"Bottled Lightning"}],"event_choices":[{"damage_healed":0,"gold_gain":0,"player_choice":"Grow","damage_taken":0,"max_hp_gain":0,"max_hp_loss":0,"event_name":"Living Wall","floor":2,"gold_loss":0,"cards_upgraded":["Sunder"]},{"damage_healed":0,"gold_gain":0,"player_choice":"Success","damage_taken":18,"relics_obtained":["InkBottle"],"max_hp_gain":0,"max_hp_loss":0,"event_name":"Scrap Ooze","floor":3,"gold_loss":0},{"damage_healed":0,"gold_gain":0,"player_choice":"Ignored","damage_taken":0,"max_hp_gain":0,"max_hp_loss":0,"event_name":"Shining Light","floor":4,"gold_loss":0}],"is_beta":false,"boss_relics":[],"items_purged_floors":[],"is_endless":false,"potions_floor_spawned":[11],"killed_by":"Gremlin Nob","ascension_level":17}}