{"host":"31s8hzukbhz1k6i6","time":1614306052,"event":{"mods":["AchievementEnabler","BaseMod","Bestiary","Colored Map","Filter the Spire","Minty Spire (QoL Compilation)","Relic Stats"],"gold_per_floor":[116,136,146,161,174,174,174,174],"floor_reached":7,"language":"ENG","playtime":459,"items_purged":[],"score":90,"play_id":"bdfb090e-22d4-4f38-a71f-dae4f5092fd9","local_time":"20210225182052","is_ascension_mode":true,"campfire_choices":[{"data":"Blade Dance","floor":6,"key":"SMITH"}],"circlet_count":0,"master_deck":["AscendersBane","Strike_G","Strike_G","Strike_G","Strike_G","Strike_G","Defend_G","Defend_G","Defend_G","Defend_G","Defend_G","Survivor","Neutralize","Slice","Backstab","Deflect","Blade Dance+1","Dagger Spray"],"relics":["Ring of the Snake","Nunchaku"],"acts_visited":["Exordium"],"potions_floor_usage":[4],"damage_taken":[{"damage":0,"enemies":"Cultist","floor":1,"turns":5},{"damage":13,"enemies":"Jaw Worm","floor":2,"turns":7},{"damage":0,"enemies":"Small Slimes","floor":3,"turns":5},{"damage":7,"enemies":"Exordium Wildlife","floor":4,"turns":5},{"damage":1,"enemies":"3 Louse","floor":5,"turns":3},{"damage":52,"enemies":"Gremlin Nob","floor":7,"turns":4}],"seed_played":"-2950159769589212957","potions_obtained":[{"floor":3,"key":"DistilledChaos"}],"is_trial":false,"path_per_floor":["M","M","M","M","M","R","E"],"character_chosen":"THE_SILENT","items_purchased":[],"campfire_rested":0,"item_purchase_floors":[],"current_hp_per_floor":[59,46,46,39,38,38,0,0],"gold":174,"neow_bonus":"RANDOM_COMMON_RELIC","is_daily":false,"chose_seed":false,"campfire_upgraded":1,"win_rate":0.0,"timestamp":1614306052,"path_taken":["M","?","M","M","M","R","E"],"items_purchased_type":[],"build_version":"2020-12-22","purchased_purges":0,"victory":false,"max_hp_per_floor":[66,66,66,66,66,66,66,66],"relic_stats":{"Nunchaku":[7],"counters":[6,29],"obtain_stats":[{"Nunchaku":0,"Ring of the Snake":0},{"Nunchaku":0,"Ring of the Snake":0},{"Nunchaku":0,"Ring of the Snake":0}],"Ring of the Snake":[12]},"card_choices":[{"not_picked":["Sucker Punch","Deflect"],"picked":"Slice","floor":1},{"not_picked":["All Out Attack","Setup"],"picked":"Backstab","floor":2},{"not_picked":["PiercingWail","Slice"],"picked":"Deflect","floor":3},{"not_picked":["Prepared","Doppelganger"],"picked":"Blade Dance","floor":4},{"not_picked":["Distraction","PiercingWail"],"picked":"Dagger Spray","floor":5}],"player_experience":241176,"relics_obtained":[],"event_choices":[],"is_beta":false,"boss_relics":[],"items_purged_floors":[],"is_endless":false,"potions_floor_spawned":[3],"killed_by":"Gremlin Nob","ascension_level":20}}