{"host":"gfxjwtol062e9znw","time":1614335601,"event":{"mods":["BaseMod","Colored Map","Minty Spire (QoL Compilation)","Rare Cards Sparkle","StSLib"],"gold_per_floor":[111,126,142,92,111,111,141,141,141,176,188,188,188,203,203,301,301,314,314,54,67,67,67,93,4,50,77,77,96,106,126,126,223,223,240,240,253,14,28,28,56,56,102,125,19,38,48,58,58,58,58],"floor_reached":50,"language":"ENG","playtime":6001,"items_purged":["Strike_G","Madness"],"score":842,"play_id":"e0a8463b-c3bd-4b13-b158-8f9d210d76cd","local_time":"20210226213321","is_ascension_mode":true,"campfire_choices":[{"floor":6.0,"key":"REST"},{"data":"Glass Knife","floor":8.0,"key":"SMITH"},{"floor":15.0,"key":"REST"},{"floor":23.0,"key":"REST"},{"floor":28.0,"key":"REST"},{"floor":32.0,"key":"REST"},{"floor":40.0,"key":"REST"},{"floor":42.0,"key":"REST"},{"floor":49,"key":"REST"}],"circlet_count":0,"master_deck":["AscendersBane","Strike_G","Strike_G","Strike_G","Strike_G","Defend_G","Defend_G","Defend_G","Survivor","Neutralize","Glass Knife+1","All Out Attack","PiercingWail","Dodge and Roll","Skewer","Quick Slash","Venomology","Well Laid Plans","Phantasmal Killer","Backstab+1","Necronomicurse","Calculated Gamble","Glass Knife+1","Backstab+1","PiercingWail","Footwork","Terror","Night Terror","Madness","Backflip","Adrenaline","Escape Plan","Deflect","Bullet Time"],"relics":["Ring of the Snake","The Courier","Pocketwatch","Lizard Tail","Molten Egg 2","SlaversCollar","Necronomicon","Toy Ornithopter","DollysMirror","Pen Nib","Snake Skull","Lantern","Fusion Hammer","Lee\u0027s Waffle","Mummified Hand","MawBank"],"acts_visited":["Exordium","TheCity","TheBeyond"],"potions_floor_usage":[47,47,47,48,48],"damage_taken":[{"damage":0.0,"enemies":"2 Louse","floor":1.0,"turns":3.0},{"damage":7.0,"enemies":"Small Slimes","floor":2.0,"turns":3.0},{"damage":2.0,"enemies":"Jaw Worm","floor":3.0,"turns":3.0},{"damage":8.0,"enemies":"3 Louse","floor":5.0,"turns":2.0},{"damage":12.0,"enemies":"Gremlin Nob","floor":7.0,"turns":3.0},{"damage":26.0,"enemies":"Lagavulin","floor":10.0,"turns":5.0},{"damage":2.0,"enemies":"Blue Slaver","floor":11.0,"turns":3.0},{"damage":4.0,"enemies":"Exordium Wildlife","floor":14.0,"turns":3.0},{"damage":9.0,"enemies":"Slime Boss","floor":16.0,"turns":7.0},{"damage":15.0,"enemies":"2 Thieves","floor":18.0,"turns":4.0},{"damage":0.0,"enemies":"Spheric Guardian","floor":21.0,"turns":1.0},{"damage":8.0,"enemies":"Slavers","floor":24.0,"turns":5.0},{"damage":29.0,"enemies":"Gremlin Leader","floor":27.0,"turns":5.0},{"damage":0.0,"enemies":"Snecko","floor":29.0,"turns":2.0},{"damage":6.0,"enemies":"Cultist and Chosen","floor":30.0,"turns":4.0},{"damage":5.0,"enemies":"3 Cultists","floor":31.0,"turns":3.0},{"damage":63.0,"enemies":"Collector","floor":33.0,"turns":4.0},{"damage":5.0,"enemies":"Orb Walker","floor":35.0,"turns":2.0},{"damage":29.0,"enemies":"3 Darklings","floor":37.0,"turns":7.0},{"damage":53.0,"enemies":"Sphere and 2 Shapes","floor":39.0,"turns":5.0},{"damage":48.0,"enemies":"Nemesis","floor":41.0,"turns":7.0},{"damage":15.0,"enemies":"Jaw Worm Horde","floor":44.0,"turns":5.0},{"damage":5.0,"enemies":"Spire Growth","floor":46.0,"turns":4.0},{"damage":78,"enemies":"Writhing Mass","floor":47,"turns":5},{"damage":23,"enemies":"Maw","floor":48,"turns":6},{"damage":74,"enemies":"Time Eater","floor":50,"turns":4}],"seed_played":"3951897644639928870","potions_obtained":[{"floor":1.0,"key":"Energy Potion"},{"floor":7.0,"key":"PowerPotion"},{"floor":14.0,"key":"FearPotion"},{"floor":16.0,"key":"SpeedPotion"},{"floor":18.0,"key":"AttackPotion"},{"floor":30.0,"key":"Explosive Potion"},{"floor":37.0,"key":"Fire Potion"},{"floor":46.0,"key":"PowerPotion"},{"floor":47,"key":"SpeedPotion"}],"is_trial":false,"path_per_floor":["M","M","M","?","M","R","E","R","T","E","M","?","?","M","R","B",null,"M","?","$","M","?","R","E","$","T","E","R","M","M","M","R","B",null,"M","?","M","$","M","R","E","R","T","M","$","M","M","M","R","B"],"character_chosen":"THE_SILENT","items_purchased":["Calculated Gamble","Toy Ornithopter","DollysMirror","Footwork","Lee\u0027s Waffle","Adrenaline","Explosive Potion"],"campfire_rested":8,"item_purchase_floors":[20,20,20,25,38,38,45],"current_hp_per_floor":[63,56,54,54,46,67,55,55,55,29,27,15,15,11,32,23,58,43,27,27,32,19,41,43,43,43,19,41,41,45,45,67,14,60,55,46,32,82,39,63,20,44,44,29,29,34,41,28,52,0,0],"gold":58,"neow_bonus":"TRANSFORM_CARD","is_daily":false,"chose_seed":false,"campfire_upgraded":1,"win_rate":0.0,"timestamp":1614335601,"path_taken":["M","M","M","?","M","R","E","R","T","E","M","?","?","M","R","BOSS","M","?","$","M","?","R","E","?","T","E","R","M","M","M","R","BOSS","M","?","M","$","M","R","E","R","T","M","$","M","M","M","R","BOSS"],"items_purchased_type":["Card","Relic","Relic","Card","Relic","Card","Potion"],"build_version":"2020-12-22","purchased_purges":2,"victory":false,"max_hp_per_floor":[70,70,70,70,70,70,70,70,70,70,70,70,70,70,70,70,70,70,70,70,70,75,75,75,75,75,75,75,75,75,75,75,75,75,75,75,75,82,82,82,82,82,82,82,82,82,82,82,82,82,82],"card_choices":[{"not_picked":["Choke","Eviscerate"],"picked":"All Out Attack","floor":1.0},{"not_picked":["Concentrate","Underhanded Strike"],"picked":"PiercingWail","floor":2.0},{"not_picked":["Prepared","Acrobatics"],"picked":"Dodge and Roll","floor":3.0},{"not_picked":["Reflex","Poisoned Stab"],"picked":"Skewer","floor":5.0},{"not_picked":["Endless Agony","Tactician"],"picked":"Quick Slash","floor":7.0},{"not_picked":["Poisoned Stab","Crippling Poison"],"picked":"Venomology","floor":10.0},{"not_picked":["PiercingWail","Reflex"],"picked":"Well Laid Plans","floor":11.0},{"not_picked":["Underhanded Strike+1","Poisoned Stab+1","Acrobatics"],"picked":"SKIP","floor":14.0},{"not_picked":["A Thousand Cuts","Tools of the Trade"],"picked":"Phantasmal Killer","floor":16.0},{"not_picked":["Poisoned Stab+1","Flying Knee+1"],"picked":"Backstab+1","floor":18.0},{"not_picked":["Terror","Caltrops+1"],"picked":"Backstab+1","floor":21.0},{"not_picked":["Dodge and Roll","Underhanded Strike+1"],"picked":"PiercingWail","floor":24.0},{"not_picked":["Deadly Poison","Blade Dance","Acrobatics+1"],"picked":"SKIP","floor":27.0},{"not_picked":["Flechettes+1","Concentrate"],"picked":"Terror","floor":29.0},{"not_picked":["Blade Dance","Choke+1","Noxious Fumes"],"picked":"SKIP","floor":30.0},{"not_picked":["Concentrate","Blade Dance","Bane+1"],"picked":"SKIP","floor":31.0},{"not_picked":["Tools of the Trade","Malaise"],"picked":"Night Terror","floor":33.0},{"not_picked":["Flying Knee+1","Outmaneuver","Dagger Spray+1"],"picked":"SKIP","floor":35.0},{"not_picked":["Blur","PiercingWail"],"picked":"Backflip","floor":37.0},{"not_picked":["Blade Dance","Infinite Blades"],"picked":"Escape Plan","floor":39.0},{"not_picked":["Bouncing Flask","Skewer+1","Poisoned Stab+1"],"picked":"SKIP","floor":41.0},{"not_picked":["Dodge and Roll","Acrobatics"],"picked":"Deflect","floor":44.0},{"not_picked":["Quick Slash+1","Outmaneuver+1","Finisher+1"],"picked":"SKIP","floor":46.0},{"not_picked":["PiercingWail","Riddle With Holes+1"],"picked":"Bullet Time","floor":47},{"not_picked":["Blade Dance","Cloak And Dagger","Dodge and Roll"],"picked":"SKIP","floor":48}],"player_experience":210534,"relics_obtained":[{"floor":7.0,"key":"The Courier"},{"floor":9.0,"key":"Pocketwatch"},{"floor":10.0,"key":"Lizard Tail"},{"floor":19.0,"key":"Necronomicon"},{"floor":24.0,"key":"Pen Nib"},{"floor":26.0,"key":"Snake Skull"},{"floor":27.0,"key":"Lantern"},{"floor":41.0,"key":"Mummified Hand"},{"floor":43.0,"key":"MawBank"}],"event_choices":[{"cards_removed":["Defend_G"],"damage_healed":0.0,"max_hp_gain":0.0,"max_hp_loss":0.0,"gold_gain":0.0,"event_name":"The Cleric","player_choice":"Card Removal","floor":4.0,"gold_loss":50.0,"damage_taken":0.0},{"damage_healed":0.0,"max_hp_gain":0.0,"max_hp_loss":0.0,"gold_gain":0.0,"event_name":"Scrap Ooze","player_choice":"Success","floor":12.0,"gold_loss":0.0,"damage_taken":12.0,"relics_obtained":["Molten Egg 2"]},{"damage_healed":0.0,"max_hp_gain":0.0,"max_hp_loss":0.0,"gold_gain":0.0,"event_name":"Golden Idol","player_choice":"Ignored","floor":13.0,"gold_loss":0.0,"damage_taken":0.0},{"damage_healed":0.0,"max_hp_gain":0.0,"max_hp_loss":0.0,"gold_gain":0.0,"event_name":"Cursed Tome","player_choice":"Obtained Book","floor":19.0,"gold_loss":0.0,"damage_taken":16.0},{"damage_healed":0.0,"max_hp_gain":5.0,"max_hp_loss":0.0,"gold_gain":0.0,"event_name":"Forgotten Altar","player_choice":"Shed Blood","floor":22.0,"gold_loss":0.0,"damage_taken":18.0},{"damage_healed":0.0,"max_hp_gain":0.0,"max_hp_loss":0.0,"gold_gain":0.0,"event_name":"Winding Halls","player_choice":"Embrace Madness","floor":36.0,"gold_loss":0.0,"damage_taken":9.0,"cards_obtained":["Madness","Madness"]}],"is_beta":false,"boss_relics":[{"not_picked":["Velvet Choker","Tiny House"],"picked":"SlaversCollar"},{"not_picked":["Ring of the Serpent","Pandora\u0027s Box"],"picked":"Fusion Hammer"}],"items_purged_floors":[25,45],"is_endless":false,"potions_floor_spawned":[1,7,14,16,18,29,30,37,46,47],"killed_by":"Time Eater","ascension_level":12}}