{"host":"siagz6a7l016lv9o","time":1614301185,"event":{"mods":["AchievementEnabler","BaseMod","Colored Map","Downfall","Minty Spire (QoL Compilation)","Permanent Neow","Quick Restart","StSLib"],"gold_per_floor":[110,129,143,156,156,186,198,232,259,259,278,25,25,37,37,133,133,144,159,173,173,272,297,297,297,320,320,235,253,58,92,92,192,192,203,203,65,65,78,78,107,107,107,133,144,155,182,197,197,197],"floor_reached":51,"language":"ENG","playtime":3590,"items_purged":["Strike_P","Strike_P","Strike_P"],"score":812,"play_id":"9963ebb4-33c2-42cc-b861-8ca0017b4d71","local_time":"20210226015945","is_ascension_mode":false,"campfire_choices":[{"data":"Judgement","floor":10.0,"key":"SMITH"},{"data":"Weave","floor":13.0,"key":"SMITH"},{"data":"Weave","floor":15.0,"key":"SMITH"},{"data":"TalkToTheHand","floor":24.0,"key":"SMITH"},{"data":"Nirvana","floor":27.0,"key":"SMITH"},{"data":"WaveOfTheHand","floor":32.0,"key":"SMITH"},{"data":"Fasting2","floor":40,"key":"SMITH"},{"data":"Purity","floor":42,"key":"SMITH"},{"data":"Defend_P","floor":49,"key":"SMITH"}],"circlet_count":0,"master_deck":["Strike_P","Defend_P+1","Defend_P","Defend_P","Defend_P+1","Eruption","Vigilance","Judgement+1","ThirdEye+1","CutThroughFate","JustLucky","Weave+1","Weave+1","JustLucky","Fasting2+1","WaveOfTheHand+1","TalkToTheHand+1","Nirvana+1","ThirdEye+1","DeusExMachina","JustLucky+1","Purity+1","Panacea"],"relics":["PureWater","Dream Catcher","Meat on the Bone","Nunchaku","Centennial Puzzle","War Paint","Runic Pyramid","MutagenicStrength","Smiling Mask","Toy Ornithopter","Bag of Preparation","Melange","Calipers","Philosopher\u0027s Stone","Mercury Hourglass","Bird Faced Urn","Lizard Tail","Sundial"],"acts_visited":["Exordium","TheCity","TheBeyond"],"potions_floor_usage":[50,50,50],"damage_taken":[{"damage":0.0,"enemies":"Cultist","floor":1.0,"turns":3.0},{"damage":2.0,"enemies":"2 Louse","floor":2.0,"turns":3.0},{"damage":0.0,"enemies":"Jaw Worm","floor":3.0,"turns":2.0},{"damage":2.0,"enemies":"Blue Slaver","floor":4.0,"turns":4.0},{"damage":2.0,"enemies":"3 Sentries","floor":6.0,"turns":7.0},{"damage":0.0,"enemies":"3 Louse","floor":7.0,"turns":3.0},{"damage":6.0,"enemies":"Lagavulin","floor":8.0,"turns":3.0},{"damage":0.0,"enemies":"Looter","floor":11.0,"turns":2.0},{"damage":0.0,"enemies":"2 Fungi Beasts","floor":14.0,"turns":3.0},{"damage":30.0,"enemies":"Hexaghost","floor":16.0,"turns":10.0},{"damage":0.0,"enemies":"Chosen","floor":18.0,"turns":3.0},{"damage":0.0,"enemies":"Shell Parasite","floor":19.0,"turns":4.0},{"damage":6.0,"enemies":"Centurion and Healer","floor":20.0,"turns":4.0},{"damage":13.0,"enemies":"Book of Stabbing","floor":23.0,"turns":4.0},{"damage":0.0,"enemies":"Cultist and Chosen","floor":29.0,"turns":4.0},{"damage":4.0,"enemies":"Slavers","floor":31.0,"turns":5.0},{"damage":0.0,"enemies":"Collector","floor":33.0,"turns":7.0},{"damage":3.0,"enemies":"3 Shapes","floor":35.0,"turns":2.0},{"damage":0,"enemies":"Orb Walker","floor":39,"turns":2},{"damage":4,"enemies":"Reptomancer","floor":41,"turns":7},{"damage":2,"enemies":"Nemesis","floor":44,"turns":3},{"damage":0,"enemies":"Transient","floor":45,"turns":5},{"damage":0,"enemies":"Spire Growth","floor":46,"turns":3},{"damage":17,"enemies":"Reptomancer","floor":47,"turns":7},{"damage":3,"enemies":"Writhing Mass","floor":48,"turns":5},{"damage":20,"enemies":"Time Eater","floor":50,"turns":8}],"seed_played":"-3959344578282068415","potions_obtained":[{"floor":4.0,"key":"DistilledChaos"},{"floor":6.0,"key":"sneckomod:MuddlingPotion"},{"floor":11.0,"key":"Block Potion"},{"floor":19.0,"key":"PowerPotion"},{"floor":23.0,"key":"Dexterity Potion"},{"floor":31.0,"key":"Strength Potion"},{"floor":41,"key":"BottledMiracle"},{"floor":47,"key":"Dexterity Potion"}],"is_trial":false,"path_per_floor":["M","M","M","M","?","E","M","E","T","R","M","$","R","M","R","B",null,"M","M","M","?","?","E","R","?","T","R","?","M","$","E","R","B",null,"M","?","$","?","M","R","E","R","T","E","M","M","E","M","R","B",null],"character_chosen":"WATCHER","items_purchased":["War Paint","JustLucky","Melange","Panacea"],"campfire_rested":0,"item_purchase_floors":[12,12,30,37],"current_hp_per_floor":[72,70,70,68,50,48,48,42,42,42,42,42,42,42,42,24,72,72,72,66,66,66,53,53,53,53,53,53,53,53,49,49,49,72,69,69,69,68,68,68,64,64,64,64,68,68,53,54,54,48],"gold":197,"neow_bonus":"ONE_RANDOM_RARE_CARD","is_daily":false,"chose_seed":false,"campfire_upgraded":9,"win_rate":0.0,"timestamp":1614301185,"path_taken":["M","M","M","?","?","E","M","E","T","R","M","?","R","M","R","BOSS","M","M","M","?","?","E","R","?","T","R","?","M","$","E","R","BOSS","BOSS","M","?","?","?","M","R","E","R","T","E","M","M","E","M","R","BOSS"],"items_purchased_type":["Relic","Card","Relic","Card"],"build_version":"2020-12-22","purchased_purges":3,"victory":true,"max_hp_per_floor":[72,72,72,72,72,72,72,72,72,72,72,72,72,72,72,72,72,72,72,72,72,72,72,72,72,72,72,72,72,72,72,72,72,72,72,72,72,68,68,68,68,68,68,68,68,68,68,68,68,68],"card_choices":[{"not_picked":["Crescendo","FollowUp"],"picked":"ThirdEye","floor":1.0},{"not_picked":["Collect","SashWhip"],"picked":"CutThroughFate","floor":2.0},{"not_picked":["CrushJoints","Crescendo"],"picked":"JustLucky","floor":3.0},{"not_picked":["Study","FlurryOfBlows","Vengeance"],"picked":"SKIP","floor":4.0},{"not_picked":["CutThroughFate","FollowUp"],"picked":"Weave","floor":6.0},{"not_picked":["SashWhip","JustLucky","CrushJoints"],"picked":"SKIP","floor":7.0},{"not_picked":["BattleHymn","Halt"],"picked":"Weave","floor":8.0},{"not_picked":["Collect","Crescendo","BattleHymn"],"picked":"SKIP","floor":11.0},{"not_picked":["Swivel","FlurryOfBlows","Establishment"],"picked":"SKIP","floor":14.0},{"not_picked":["BowlingBash","Halt+1"],"picked":"Fasting2","floor":18.0},{"not_picked":["ClearTheMind","Crescendo"],"picked":"WaveOfTheHand","floor":19.0},{"not_picked":["Evaluate","WaveOfTheHand+1","Collect+1"],"picked":"SKIP","floor":20.0},{"not_picked":["WreathOfFlame","EmptyFist"],"picked":"TalkToTheHand","floor":23.0},{"not_picked":["Halt","FlurryOfBlows","Protect"],"picked":"SKIP","floor":29.0},{"not_picked":["FlyingSleeves","Evaluate"],"picked":"ThirdEye+1","floor":31.0},{"not_picked":["Brilliance","Establishment"],"picked":"DeusExMachina","floor":33.0},{"not_picked":["ThirdEye","LikeWater+1"],"picked":"JustLucky+1","floor":35.0},{"not_picked":["CutThroughFate+1","InnerPeace","Tantrum+1"],"picked":"SKIP","floor":39},{"not_picked":["Wallop","Swivel","WheelKick"],"picked":"SKIP","floor":41},{"not_picked":["Conclude","LikeWater+1","SandsOfTime"],"picked":"SKIP","floor":44},{"not_picked":["Protect+1","PathToVictory+1","Crescendo+1"],"picked":"SKIP","floor":45},{"not_picked":["Crescendo+1","Halt+1","CrushJoints+1"],"picked":"SKIP","floor":46},{"not_picked":["Conclude+1","DeusExMachina","Adaptation+1"],"picked":"SKIP","floor":47},{"not_picked":["Conclude+1","DeusExMachina","Adaptation+1"],"picked":"SKIP","floor":47},{"not_picked":["Halt+1","CrushJoints","FearNoEvil"],"picked":"SKIP","floor":48}],"player_experience":21806,"relics_obtained":[{"floor":6.0,"key":"Meat on the Bone"},{"floor":8.0,"key":"Nunchaku"},{"floor":9.0,"key":"Centennial Puzzle"},{"floor":23.0,"key":"Smiling Mask"},{"floor":26.0,"key":"Toy Ornithopter"},{"floor":31.0,"key":"Calipers"},{"floor":41,"key":"Mercury Hourglass"},{"floor":43,"key":"Bird Faced Urn"},{"floor":44,"key":"Lizard Tail"},{"floor":47,"key":"Sundial"}],"event_choices":[{"damage_healed":0.0,"max_hp_gain":0.0,"max_hp_loss":0.0,"gold_gain":0.0,"event_name":"Scrap Ooze","player_choice":"Success","floor":5.0,"gold_loss":0.0,"damage_taken":18.0,"relics_obtained":["Dream Catcher"]},{"damage_healed":0.0,"max_hp_gain":0.0,"max_hp_loss":0.0,"gold_gain":0.0,"event_name":"Drug Dealer","player_choice":"Inject Mutagens","floor":21.0,"gold_loss":0.0,"damage_taken":0.0,"relics_obtained":["MutagenicStrength"]},{"damage_healed":0.0,"max_hp_gain":0.0,"max_hp_loss":0.0,"gold_gain":99.0,"event_name":"Nest","player_choice":"Stole From Cult","floor":22.0,"gold_loss":0.0,"damage_taken":0.0},{"damage_healed":0.0,"max_hp_gain":0.0,"max_hp_loss":0.0,"gold_gain":0.0,"event_name":"The Library","player_choice":"Read","floor":25.0,"gold_loss":0.0,"damage_taken":0.0,"cards_obtained":["Nirvana"]},{"damage_healed":0.0,"max_hp_gain":0.0,"max_hp_loss":0.0,"gold_gain":0.0,"event_name":"Addict","player_choice":"Obtained Relic","floor":28.0,"gold_loss":85.0,"damage_taken":0.0,"relics_obtained":["Bag of Preparation"]},{"damage_healed":0.0,"max_hp_gain":0.0,"max_hp_loss":0.0,"gold_gain":0.0,"event_name":"Match and Keep!","player_choice":"1 cards matched","floor":36.0,"gold_loss":0.0,"damage_taken":0.0,"cards_obtained":["Purity"]},{"damage_healed":0,"gold_gain":0,"player_choice":"Max HP","damage_taken":0,"max_hp_gain":0,"max_hp_loss":4,"event_name":"Winding Halls","floor":38,"gold_loss":0}],"is_beta":false,"boss_relics":[{"not_picked":["HolyWater","Velvet Choker"],"picked":"Runic Pyramid"},{"not_picked":["SacredBark","Tiny House"],"picked":"Philosopher\u0027s Stone"}],"items_purged_floors":[12,30,37],"is_endless":false,"potions_floor_spawned":[4,6,11,19,23,31,41,47],"ascension_level":0}}