{"host":"7vsti54a9aip3o1e","time":1614380349,"event":{"mods":["AchievementEnabler","BaseMod","Colored Map","Colored Powertips","Highlight Path","Minty Spire (QoL Compilation)","Quick Restart","Rare Cards Sparkle","SuperFastMode"],"gold_per_floor":[113,263,263,276,53,53,94,94,94,127,146,169,189,214,214,309,309,324,337,87,87,112,112,137,137,162,162,175,175,190,211,211,304,304,320,31,45,1044,222,266,290,290,290,623,6,6,6,33,33,33],"floor_reached":51,"language":"ENG","playtime":1736,"items_purged":["Doubt","Strike_B","Normality","Normality"],"score":1311,"play_id":"a9170a03-84ff-457d-aaff-0e3f7d7cb3f0","local_time":"20210226175909","is_ascension_mode":true,"campfire_choices":[{"data":"Dualcast","floor":6.0,"key":"SMITH"},{"data":"Genetic Algorithm","floor":8.0,"key":"SMITH"},{"floor":15.0,"key":"REST"},{"data":"Zap","floor":23.0,"key":"SMITH"},{"data":"Machine Learning","floor":25.0,"key":"SMITH"},{"data":"Glacier","floor":29.0,"key":"SMITH"},{"floor":32.0,"key":"REST"},{"floor":42.0,"key":"REST"},{"data":"J.A.X.","floor":47.0,"key":"SMITH"},{"floor":49,"key":"REST"}],"circlet_count":0,"master_deck":["AscendersBane","Strike_B+1","Defend_B","Defend_B","Defend_B","Defend_B","Zap+1","Dualcast+1","Go for the Eyes+1","Genetic Algorithm+1","Ball Lightning+1","Melter+1","Scrape+1","Gash+1","All For One+1","Streamline+1","Machine Learning+1","J.A.X.+1","Glacier+1","Rebound+1","Gash+1","Capacitor","Flash of Steel+1","Scrape+1","Gash+1","FTL+1","Reboot"],"relics":["Cracked Core","NeowsBlessing","Runic Capacitor","Anchor","Molten Egg 2","InkBottle","Sozu","Eternal Feather","PreservedInsect","Empty Cage","DollysMirror","Lantern","Sundial","OrangePellets","Whetstone","Pen Nib","Bottled Flame","Frozen Eye","Regal Pillow"],"acts_visited":["Exordium","TheCity","TheBeyond"],"potions_floor_usage":[],"damage_taken":[{"damage":0.0,"enemies":"Jaw Worm","floor":1.0,"turns":1.0},{"damage":0.0,"enemies":"2 Louse","floor":4.0,"turns":1.0},{"damage":0.0,"enemies":"3 Sentries","floor":7.0,"turns":1.0},{"damage":38.0,"enemies":"Lagavulin","floor":10.0,"turns":9.0},{"damage":0.0,"enemies":"Small Slimes","floor":11.0,"turns":3.0},{"damage":0.0,"enemies":"Blue Slaver","floor":12.0,"turns":2.0},{"damage":0.0,"enemies":"2 Fungi Beasts","floor":13.0,"turns":3.0},{"damage":0.0,"enemies":"Lots of Slimes","floor":14.0,"turns":3.0},{"damage":19.0,"enemies":"Slime Boss","floor":16.0,"turns":9.0},{"damage":0.0,"enemies":"Spheric Guardian","floor":18.0,"turns":3.0},{"damage":11.0,"enemies":"2 Thieves","floor":19.0,"turns":3.0},{"damage":17.0,"enemies":"Centurion and Healer","floor":22.0,"turns":6.0},{"damage":3.0,"enemies":"Snecko","floor":24.0,"turns":5.0},{"damage":14.0,"enemies":"3 Cultists","floor":28.0,"turns":5.0},{"damage":6.0,"enemies":"Centurion and Healer","floor":30.0,"turns":6.0},{"damage":14.0,"enemies":"Shelled Parasite and Fungi","floor":31.0,"turns":4.0},{"damage":51.0,"enemies":"Collector","floor":33.0,"turns":9.0},{"damage":10.0,"enemies":"Orb Walker","floor":35.0,"turns":4.0},{"damage":9.0,"enemies":"3 Shapes","floor":37.0,"turns":7.0},{"damage":34.0,"enemies":"Reptomancer","floor":40.0,"turns":7.0},{"damage":0.0,"enemies":"Sphere and 2 Shapes","floor":41.0,"turns":5.0},{"damage":14,"enemies":"Nemesis","floor":48,"turns":3},{"damage":56,"enemies":"Awakened One","floor":50,"turns":7}],"seed_played":"7784904627346099947","potions_obtained":[{"floor":1.0,"key":"EssenceOfSteel"},{"floor":7.0,"key":"FearPotion"},{"floor":13.0,"key":"BlessingOfTheForge"},{"floor":16.0,"key":"Swift Potion"}],"is_trial":false,"path_per_floor":["M","?","?","M","$","R","E","R","T","E","M","M","M","M","R","B",null,"M","M","$","?","M","R","M","R","T","?","M","R","M","M","R","B",null,"M","$","M","?","$","E","M","R","T","?","$","?","R","E","R","B",null],"character_chosen":"DEFECT","items_purchased":["Runic Capacitor","Eternal Feather","DollysMirror","Capacitor","Flash of Steel+1","Lantern","Sundial","OrangePellets","Scrape+1","FTL+1","Bottled Flame","Frozen Eye"],"campfire_rested":4,"item_purchase_floors":[5,20,36,36,39,39,39,39,39,45,45,45],"current_hp_per_floor":[64,64,40,40,40,40,40,40,40,2,2,2,2,2,23,4,54,54,43,43,43,26,38,35,47,47,47,33,45,39,25,58,7,55,45,45,36,36,36,2,2,38,38,38,38,38,53,39,71,15],"gold":33,"neow_bonus":"THREE_ENEMY_KILL","is_daily":false,"chose_seed":false,"campfire_upgraded":6,"win_rate":0.0,"timestamp":1614380349,"path_taken":["M","?","?","M","$","R","E","R","T","E","M","M","M","M","R","BOSS","M","M","$","?","M","R","M","R","T","?","M","R","M","M","R","BOSS","M","$","M","?","$","E","M","R","T","?","$","?","R","E","R","BOSS"],"items_purchased_type":["Relic","Relic","Relic","Card","Card","Relic","Relic","Relic","Card","Card","Relic","Relic"],"build_version":"2020-12-22","purchased_purges":4,"victory":true,"max_hp_per_floor":[71,71,71,71,71,71,71,71,71,71,71,71,71,71,71,71,71,71,71,71,71,71,71,71,71,71,71,71,71,71,71,71,71,71,71,71,71,71,71,71,71,71,71,71,71,71,71,71,71,71],"card_choices":[{"not_picked":["Storm","Recycle"],"picked":"Steam","floor":1.0},{"not_picked":["Sunder","Chill"],"picked":"Go for the Eyes","floor":4.0},{"not_picked":["Turbo","BootSequence"],"picked":"Genetic Algorithm","floor":7.0},{"not_picked":["Sweeping Beam+1","Chaos","Chill"],"picked":"SKIP","floor":10.0},{"not_picked":["Steam","Undo"],"picked":"Ball Lightning+1","floor":11.0},{"not_picked":["Barrage+1","Reinforced Body"],"picked":"Melter+1","floor":12.0},{"not_picked":["Tempest","Heatsinks"],"picked":"Scrape+1","floor":13.0},{"not_picked":["Loop","Barrage+1"],"picked":"Gash+1","floor":14.0},{"not_picked":["Machine Learning","Amplify"],"picked":"All For One+1","floor":16.0},{"not_picked":["Consume","Conserve Battery"],"picked":"Streamline+1","floor":18.0},{"not_picked":["Go for the Eyes+1","Cold Snap+1","Barrage+1"],"picked":"SKIP","floor":19.0},{"not_picked":["Rip and Tear+1","Steam","Turbo"],"picked":"SKIP","floor":22.0},{"not_picked":["BootSequence","Darkness"],"picked":"Machine Learning","floor":24.0},{"not_picked":["Barrage+1","Compile Driver+1"],"picked":"Glacier","floor":28.0},{"not_picked":["Streamline+1","Rip and Tear+1","Coolheaded"],"picked":"SKIP","floor":30.0},{"not_picked":["Coolheaded","Static Discharge","Conserve Battery"],"picked":"SKIP","floor":31.0},{"not_picked":["Turbo","Steam"],"picked":"Rebound+1","floor":35.0},{"not_picked":["Cold Snap+1","Rip and Tear+1","Steam Power+1"],"picked":"SKIP","floor":37.0},{"not_picked":["Ball Lightning+1","Go for the Eyes+1","Rebound+1"],"picked":"SKIP","floor":40.0},{"not_picked":["Melter+1","Cold Snap+1"],"picked":"Gash+1","floor":41.0},{"not_picked":["Redo+1","Sweeping Beam+1"],"picked":"Reboot","floor":48}],"player_experience":572696,"relics_obtained":[{"floor":7.0,"key":"Anchor"},{"floor":9.0,"key":"Molten Egg 2"},{"floor":10.0,"key":"InkBottle"},{"floor":26.0,"key":"PreservedInsect"},{"floor":40.0,"key":"Whetstone"},{"floor":43.0,"key":"Pen Nib"},{"floor":48,"key":"Regal Pillow"}],"event_choices":[{"damage_healed":0.0,"max_hp_gain":0.0,"max_hp_loss":0.0,"gold_gain":150.0,"event_name":"Liars Game","player_choice":"AGREE","floor":2.0,"gold_loss":0.0,"damage_taken":0.0,"cards_obtained":["Doubt"]},{"damage_healed":0.0,"max_hp_gain":0.0,"max_hp_loss":0.0,"gold_gain":0.0,"event_name":"Golden Idol","player_choice":"Take Damage","floor":3.0,"gold_loss":0.0,"damage_taken":24.0,"relics_obtained":["Golden Idol"]},{"damage_healed":0.0,"max_hp_gain":0.0,"max_hp_loss":0.0,"gold_gain":0.0,"event_name":"The Mausoleum","player_choice":"Ignored","floor":21.0,"gold_loss":0.0,"damage_taken":0.0},{"damage_healed":0.0,"max_hp_gain":0.0,"max_hp_loss":0.0,"gold_gain":0.0,"event_name":"Drug Dealer","player_choice":"Obtain J.A.X.","floor":27.0,"gold_loss":0.0,"damage_taken":0.0,"cards_obtained":["J.A.X."]},{"damage_healed":0.0,"max_hp_gain":0.0,"max_hp_loss":0.0,"gold_gain":999.0,"event_name":"MindBloom","player_choice":"Gold","floor":38.0,"gold_loss":0.0,"damage_taken":0.0,"cards_obtained":["Normality","Normality"]},{"damage_healed":0.0,"max_hp_gain":0.0,"max_hp_loss":0.0,"gold_gain":333.0,"event_name":"The Moai Head","player_choice":"Gave Idol","floor":44.0,"relics_lost":["Golden Idol"],"gold_loss":0.0,"damage_taken":0.0},{"cards_removed":["Steam"],"damage_healed":0.0,"max_hp_gain":0.0,"max_hp_loss":0.0,"gold_gain":0.0,"event_name":"Falling","player_choice":"Removed Skill","floor":46.0,"gold_loss":0.0,"damage_taken":0.0}],"is_beta":false,"boss_relics":[{"not_picked":["Runic Dome","Pandora\u0027s Box"],"picked":"Sozu"},{"not_picked":["Cursed Key","SacredBark"],"picked":"Empty Cage"}],"items_purged_floors":[5,36,39,45],"is_endless":false,"potions_floor_spawned":[1,7,13,16,18,24,28,30,33,35,41,48],"ascension_level":15}}