{"host":"kpqqzux92dvteh9a","time":1614337640,"event":{"mods":["AchievementEnabler","BaseMod","Colored Map","DeckTracker","Keyboard Shortcuts","Minty Spire (QoL Compilation)","Permanent Neow","Quick Restart","Random Character Button","Rare Cards Sparkle","StSLib","SuperFastMode"],"gold_per_floor":[118,136,147,166,178,209,226,242,242,257,272,272,290,323,323,428,428,383,383,298,298,298],"floor_reached":21,"language":"KOR","playtime":883,"items_purged":[],"score":258,"play_id":"46b837f6-2622-4c57-9c69-40b85df4fff9","local_time":"20210226200720","is_ascension_mode":true,"campfire_choices":[{"data":"Eruption","floor":12.0,"key":"SMITH"},{"floor":15.0,"key":"REST"}],"circlet_count":0,"master_deck":["Strike_P","Strike_P+1","Strike_P","Strike_P","Defend_P","Defend_P","Defend_P","Defend_P","Eruption+1","Vigilance","Conclude","EmptyBody","FlyingSleeves","FollowUp","SashWhip+1","CutThroughFate","Adaptation","EmptyBody+1","Evaluate+1","ConjureBlade+1","Crescendo+1","ClearTheMind+1"],"relics":["PureWater","Pear","Toxic Egg 2","Whetstone","Ectoplasm","Eternal Feather"],"acts_visited":["Exordium","TheCity"],"potions_floor_usage":[],"damage_taken":[{"damage":0.0,"enemies":"Cultist","floor":1.0,"turns":2.0},{"damage":4.0,"enemies":"Jaw Worm","floor":2.0,"turns":2.0},{"damage":0.0,"enemies":"Small Slimes","floor":3.0,"turns":2.0},{"damage":1.0,"enemies":"Blue Slaver","floor":4.0,"turns":4.0},{"damage":9.0,"enemies":"Lots of Slimes","floor":5.0,"turns":2.0},{"damage":0.0,"enemies":"Gremlin Nob","floor":6.0,"turns":2.0},{"damage":21.0,"enemies":"Exordium Wildlife","floor":7.0,"turns":5.0},{"damage":0.0,"enemies":"Large Slime","floor":8.0,"turns":3.0},{"damage":0.0,"enemies":"2 Fungi Beasts","floor":10.0,"turns":1.0},{"damage":9.0,"enemies":"Blue Slaver","floor":11.0,"turns":3.0},{"damage":1.0,"enemies":"Exordium Wildlife","floor":13.0,"turns":3.0},{"damage":2.0,"enemies":"3 Sentries","floor":14.0,"turns":4.0},{"damage":2.0,"enemies":"Hexaghost","floor":16.0,"turns":7.0},{"damage":15.0,"enemies":"2 Thieves","floor":18.0,"turns":4.0},{"damage":19.0,"enemies":"Chosen","floor":19.0,"turns":4.0},{"damage":67,"enemies":"Snecko","floor":21,"turns":5}],"seed_played":"-1525081111582596330","potions_obtained":[{"floor":1.0,"key":"Explosive Potion"},{"floor":2.0,"key":"StancePotion"},{"floor":4.0,"key":"Strength Potion"},{"floor":7.0,"key":"SkillPotion"},{"floor":10.0,"key":"EntropicBrew"},{"floor":16.0,"key":"Strength Potion"}],"is_trial":false,"path_per_floor":["M","M","M","M","M","E","M","M","T","M","M","R","M","E","R","B",null,"M","M","?","M"],"character_chosen":"WATCHER","items_purchased":[],"campfire_rested":1,"item_purchase_floors":[],"current_hp_per_floor":[72,68,68,67,58,68,47,47,47,47,38,38,37,35,59,57,82,67,48,48,0,0],"gold":298,"neow_bonus":"THREE_CARDS","is_daily":false,"chose_seed":false,"campfire_upgraded":1,"win_rate":0.0,"timestamp":1614337640,"path_taken":["M","M","M","M","M","E","M","M","T","?","M","R","M","E","R","BOSS","M","?","?","M"],"items_purchased_type":[],"build_version":"2020-12-22","purchased_purges":0,"victory":false,"max_hp_per_floor":[72,72,72,72,72,82,82,82,82,82,82,82,82,82,82,82,82,82,82,82,82,82],"card_choices":[{"not_picked":["WindmillStrike","FlyingSleeves"],"picked":"Conclude","floor":0.0},{"not_picked":["Weave","ThirdEye"],"picked":"EmptyBody","floor":1.0},{"not_picked":["PathToVictory","Protect"],"picked":"FlyingSleeves","floor":2.0},{"not_picked":["Perseverance","Halt","Prostrate"],"picked":"SKIP","floor":3.0},{"not_picked":["PathToVictory","Halt","WindmillStrike"],"picked":"SKIP","floor":4.0},{"not_picked":["Worship","Perseverance"],"picked":"FollowUp","floor":5.0},{"not_picked":["DeceiveReality","Weave","ForeignInfluence"],"picked":"SKIP","floor":6.0},{"not_picked":["Wallop","ConjureBlade"],"picked":"SashWhip","floor":7.0},{"not_picked":["Vengeance","Nirvana"],"picked":"CutThroughFate","floor":8.0},{"not_picked":["SashWhip","FollowUp"],"picked":"Adaptation","floor":10.0},{"not_picked":["Prostrate+1","MasterReality"],"picked":"EmptyBody+1","floor":11.0},{"not_picked":["ForeignInfluence+1","Study"],"picked":"Evaluate+1","floor":13.0},{"not_picked":["CutThroughFate","Collect+1","Wireheading"],"picked":"SKIP","floor":14.0},{"not_picked":["Ragnarok","LessonLearned"],"picked":"ConjureBlade+1","floor":16.0},{"not_picked":["Adaptation","DeceiveReality+1"],"picked":"Crescendo+1","floor":18.0},{"not_picked":["Prostrate+1","FollowUp"],"picked":"ClearTheMind+1","floor":19.0}],"player_experience":261455,"relics_obtained":[{"floor":6.0,"key":"Pear"},{"floor":9.0,"key":"Toxic Egg 2"},{"floor":14.0,"key":"Whetstone"}],"event_choices":[{"damage_healed":0.0,"max_hp_gain":0.0,"max_hp_loss":0.0,"gold_gain":0.0,"event_name":"Addict","player_choice":"Obtained Relic","floor":20.0,"gold_loss":85.0,"damage_taken":0.0,"relics_obtained":["Eternal Feather"]}],"is_beta":false,"boss_relics":[{"not_picked":["Fusion Hammer","Astrolabe"],"picked":"Ectoplasm"}],"items_purged_floors":[],"is_endless":false,"potions_floor_spawned":[1,2,4,7,10,16],"killed_by":"Snecko","ascension_level":3}}