{"host":"2hea6pl5vmah38iy","time":1614323608,"event":{"mods":["AchievementEnabler","BaseMod","Colored Map","DeckTracker","Keyboard Shortcuts","Minty Spire (QoL Compilation)","Rare Cards Sparkle","StSLib","SuperFastMode","everything is the same but u backflip on backflip"],"gold_per_floor":[112,122,122,136,148,183,183,194,219,236,236,19,19,50,50,122,122,140,140,153,153,153,153,26,44,44,61,72,72,91,108,108,182,182,199,69,69,0,11,38,38,52,78,95,95,120,120,165,165,165,165,165,165,27,59,59],"floor_reached":57,"language":"KOR","playtime":3613,"items_purged":["Strike_R","Strike_R"],"score":2798,"play_id":"8f0233c1-dc60-4e54-80b1-8685642821e2","local_time":"20210226161328","is_ascension_mode":true,"campfire_choices":[{"floor":7.0,"key":"REST"},{"floor":11.0,"key":"REST"},{"floor":15.0,"key":"RECALL"},{"data":"Barricade","floor":23.0,"key":"SMITH"},{"floor":32.0,"key":"REST"},{"floor":41.0,"key":"REST"},{"floor":45.0,"key":"REST"},{"floor":49.0,"key":"REST"},{"data":"Evolve","floor":53.0,"key":"SMITH"}],"circlet_count":0,"master_deck":["AscendersBane","Strike_R","Defend_R","Defend_R","Defend_R","Defend_R","Bash","Apotheosis+1","Dropkick","Power Through","Sever Soul","Shrug It Off","Body Slam","Shockwave","Barricade+1","Shrug It Off","Burning Pact","Cleave","Hemokinesis","Offering","Dark Embrace","Battle Trance","Evolve+1","Impervious","Second Wind","Disarm","Finesse","Finesse","Master of Strategy"],"relics":["Burning Blood","Ginger","Juzu Bracelet","Membership Card","Bag of Preparation","Philosopher\u0027s Stone","Blue Candle","Mark of Pain","OrangePellets","Red Mask","Centennial Puzzle","Blood Vial","Charon\u0027s Ashes","Sundial","Bag of Marbles"],"acts_visited":["Exordium","TheCity","TheBeyond","TheEnding"],"potions_floor_usage":[56],"damage_taken":[{"damage":19.0,"enemies":"2 Louse","floor":1.0,"turns":4.0},{"damage":6.0,"enemies":"Cultist","floor":2.0,"turns":3.0},{"damage":8.0,"enemies":"Jaw Worm","floor":4.0,"turns":4.0},{"damage":10.0,"enemies":"Exordium Wildlife","floor":5.0,"turns":8.0},{"damage":36.0,"enemies":"3 Sentries","floor":6.0,"turns":7.0},{"damage":18.0,"enemies":"3 Louse","floor":8.0,"turns":3.0},{"damage":7.0,"enemies":"2 Fungi Beasts","floor":10.0,"turns":4.0},{"damage":19.0,"enemies":"Lagavulin","floor":14.0,"turns":6.0},{"damage":27.0,"enemies":"The Guardian","floor":16.0,"turns":10.0},{"damage":4.0,"enemies":"2 Thieves","floor":18.0,"turns":4.0},{"damage":17.0,"enemies":"Shell Parasite","floor":20.0,"turns":5.0},{"damage":6.0,"enemies":"Centurion and Healer","floor":25.0,"turns":5.0},{"damage":15.0,"enemies":"Snake Plant","floor":27.0,"turns":5.0},{"damage":14.0,"enemies":"Snecko","floor":28.0,"turns":5.0},{"damage":6.0,"enemies":"Shelled Parasite and Fungi","floor":30.0,"turns":5.0},{"damage":6.0,"enemies":"Centurion and Healer","floor":31.0,"turns":4.0},{"damage":14.0,"enemies":"Collector","floor":33.0,"turns":7.0},{"damage":6.0,"enemies":"Orb Walker","floor":35.0,"turns":2.0},{"damage":16.0,"enemies":"3 Shapes","floor":39.0,"turns":4.0},{"damage":45.0,"enemies":"Nemesis","floor":40.0,"turns":5.0},{"damage":24.0,"enemies":"Sphere and 2 Shapes","floor":42.0,"turns":6.0},{"damage":6.0,"enemies":"4 Shapes","floor":44.0,"turns":3.0},{"damage":6.0,"enemies":"Giant Head","floor":46.0,"turns":4.0},{"damage":23.0,"enemies":"2 Orb Walkers","floor":48.0,"turns":3.0},{"damage":15.0,"enemies":"Time Eater","floor":50.0,"turns":5.0},{"damage":6.0,"enemies":"Donu and Deca","floor":51.0,"turns":5.0},{"damage":48.0,"enemies":"Shield and Spear","floor":55.0,"turns":5.0},{"damage":37,"enemies":"The Heart","floor":56,"turns":7}],"seed_played":"-1314566728840654208","potions_obtained":[{"floor":2.0,"key":"Weak Potion"},{"floor":5.0,"key":"BlessingOfTheForge"},{"floor":16.0,"key":"Fire Potion"},{"floor":25.0,"key":"Energy Potion"},{"floor":27.0,"key":"Swift Potion"},{"floor":31.0,"key":"Regen Potion"},{"floor":33.0,"key":"DuplicationPotion"},{"floor":42.0,"key":"Regen Potion"},{"floor":46.0,"key":"Fire Potion"},{"floor":55.0,"key":"BloodPotion"}],"is_trial":false,"path_per_floor":["M","M","?","M","M","E","R","M","T","M","R","$","?","E","R","B",null,"M","?","M","T","?","R","$","M","T","M","M","?","M","M","R","B",null,"M","$","?","?","M","E","R","M","T","M","R","E","?","?","R","B","B",null,"R","$","E","B",null],"character_chosen":"IRONCLAD","items_purchased":["Membership Card","Shrug It Off","Body Slam","Offering","OrangePellets","Sundial"],"campfire_rested":6,"item_purchase_floors":[12,12,12,24,36,54],"current_hp_per_floor":[55,55,55,53,49,19,39,27,27,26,46,46,46,33,33,12,54,56,56,45,45,45,45,45,45,45,36,28,28,28,28,48,40,61,61,61,61,61,51,24,44,26,26,40,60,62,52,37,57,50,52,64,64,64,37,8],"gold":59,"neow_bonus":"RANDOM_COLORLESS_2","is_daily":false,"chose_seed":false,"campfire_upgraded":2,"win_rate":0.0,"timestamp":1614323608,"path_taken":["M","M","?","?","M","E","R","M","T","M","R","$","?","E","R","BOSS","M","?","M","?","?","R","$","M","T","M","M","?","M","M","R","BOSS","M","$","?","?","M","E","R","M","T","M","R","E","?","?","R","BOSS","BOSS","R","$","E","BOSS"],"items_purchased_type":["Relic","Card","Card","Card","Relic","Relic"],"build_version":"2020-12-22","purchased_purges":2,"victory":true,"max_hp_per_floor":[68,68,68,68,68,68,68,68,68,68,68,68,68,68,68,68,68,68,68,68,68,68,68,68,68,68,68,68,68,68,68,68,68,68,68,68,68,68,68,68,68,68,68,68,68,68,68,68,68,68,68,68,68,68,68,68],"card_choices":[{"not_picked":["Magnetism","Secret Weapon"],"picked":"Apotheosis","floor":0.0},{"not_picked":["Wild Strike","Combust"],"picked":"Dropkick","floor":1.0},{"not_picked":["Flex","Heavy Blade"],"picked":"Power Through","floor":2.0},{"not_picked":["Clothesline","Clash","Iron Wave"],"picked":"SKIP","floor":4.0},{"not_picked":["Warcry","True Grit"],"picked":"Sever Soul","floor":5.0},{"not_picked":["Flame Barrier","Rupture","Juggernaut"],"picked":"SKIP","floor":6.0},{"not_picked":["Wild Strike","Power Through","Headbutt"],"picked":"SKIP","floor":8.0},{"not_picked":["Dual Wield","True Grit","Spot Weakness"],"picked":"SKIP","floor":10.0},{"not_picked":["Headbutt","Clash"],"picked":"Shockwave","floor":14.0},{"not_picked":["Limit Break","Exhume"],"picked":"Barricade","floor":16.0},{"not_picked":["Havoc","Thunderclap"],"picked":"Shrug It Off","floor":18.0},{"not_picked":["Thunderclap+1","Heavy Blade"],"picked":"Burning Pact","floor":20.0},{"not_picked":["Cleave","Wild Strike"],"picked":"Dark Embrace","floor":25.0},{"not_picked":["Spot Weakness","Clash","Clothesline"],"picked":"SKIP","floor":27.0},{"not_picked":["Twin Strike","Headbutt"],"picked":"Battle Trance","floor":28.0},{"not_picked":["Hemokinesis","Body Slam","Shrug It Off"],"picked":"SKIP","floor":30.0},{"not_picked":["Body Slam","Flex+1","Wild Strike"],"picked":"SKIP","floor":31.0},{"not_picked":["Exhume","Corruption"],"picked":"Impervious","floor":33.0},{"not_picked":["Evolve","Dropkick"],"picked":"Sentinel","floor":35.0},{"not_picked":["Iron Wave","Inflame"],"picked":"Second Wind","floor":39.0},{"not_picked":["Headbutt","Infernal Blade","Rampage"],"picked":"SKIP","floor":40.0},{"not_picked":["Uppercut","Power Through"],"picked":"Disarm","floor":42.0},{"not_picked":["Battle Trance+1","Reckless Charge","Wild Strike"],"picked":"SKIP","floor":44.0},{"not_picked":["Flex+1","True Grit","Warcry"],"picked":"SKIP","floor":46.0},{"not_picked":["PanicButton","Transmutation"],"picked":"Finesse","floor":47.0},{"not_picked":["Madness","Chrysalis"],"picked":"Finesse","floor":47.0},{"not_picked":["Madness","Discovery"],"picked":"Master of Strategy","floor":47.0},{"not_picked":["Shrug It Off","Demon Form","Armaments"],"picked":"SKIP","floor":55.0}],"player_experience":620099,"relics_obtained":[{"floor":6.0,"key":"Ginger"},{"floor":9.0,"key":"Juzu Bracelet"},{"floor":14.0,"key":"Bag of Preparation"},{"floor":26.0,"key":"Blue Candle"},{"floor":40.0,"key":"Centennial Puzzle"},{"floor":43.0,"key":"Blood Vial"},{"floor":48.0,"key":"Charon\u0027s Ashes"},{"floor":55.0,"key":"Bag of Marbles"}],"event_choices":[{"damage_healed":0.0,"max_hp_gain":0.0,"max_hp_loss":0.0,"gold_gain":0.0,"event_name":"Upgrade Shrine","player_choice":"Upgraded","floor":3.0,"gold_loss":0.0,"damage_taken":0.0,"cards_upgraded":["Apotheosis"]},{"damage_healed":0.0,"max_hp_gain":0.0,"max_hp_loss":0.0,"gold_gain":0.0,"event_name":"Liars Game","player_choice":"Ignored","floor":13.0,"gold_loss":0.0,"damage_taken":0.0},{"damage_healed":0.0,"max_hp_gain":0.0,"max_hp_loss":0.0,"gold_gain":0.0,"event_name":"Ghosts","player_choice":"Ignored","floor":19.0,"gold_loss":0.0,"damage_taken":0.0},{"damage_healed":0.0,"max_hp_gain":0.0,"max_hp_loss":0.0,"gold_gain":0.0,"cards_transformed":["Strike_R","Strike_R"],"event_name":"Drug Dealer","player_choice":"Became Test Subject","floor":22.0,"gold_loss":0.0,"damage_taken":0.0,"cards_obtained":["Cleave","Hemokinesis"]},{"damage_healed":0.0,"max_hp_gain":0.0,"max_hp_loss":0.0,"gold_gain":0.0,"event_name":"The Library","player_choice":"Read","floor":29.0,"gold_loss":0.0,"damage_taken":0.0,"cards_obtained":["Evolve"]},{"cards_removed":["Sentinel"],"damage_healed":0.0,"max_hp_gain":0.0,"max_hp_loss":0.0,"gold_gain":0.0,"event_name":"Falling","player_choice":"Removed Skill","floor":37.0,"gold_loss":0.0,"damage_taken":0.0},{"damage_healed":0.0,"max_hp_gain":0.0,"max_hp_loss":0.0,"gold_gain":0.0,"event_name":"Tomb of Lord Red Mask","player_choice":"Paid","floor":38.0,"gold_loss":69.0,"damage_taken":0.0,"relics_obtained":["Red Mask"]},{"damage_healed":0.0,"max_hp_gain":0.0,"max_hp_loss":0.0,"gold_gain":0.0,"event_name":"SensoryStone","player_choice":"Memory 3","floor":47.0,"gold_loss":0.0,"damage_taken":10.0},{"damage_healed":0.0,"max_hp_gain":0.0,"max_hp_loss":0.0,"gold_gain":0.0,"event_name":"Mysterious Sphere","player_choice":"Fight","floor":48.0,"gold_loss":0.0,"damage_taken":0.0}],"is_beta":false,"boss_relics":[{"not_picked":["Ectoplasm","Busted Crown"],"picked":"Philosopher\u0027s Stone"},{"not_picked":["Sozu","Runic Pyramid"],"picked":"Mark of Pain"}],"items_purged_floors":[24,36],"is_endless":false,"potions_floor_spawned":[2,5,6,16,25,27,31,33,35,42,46,48,55],"ascension_level":20}}