{"host":"kux12pw67lc1ca9q","time":1614357477,"event":{"mods":["2.2 Compatiblity","Act Like it!","Ascension Unlocker","Aspiration","BaseMod","Better Altar","Better Match","Better Sensory Stone","Better Skull","Better Third Choice","BetterRewards","Block Reminder","CCEM2","Displayed Cursed Tome","Elementarium","Energized Spire","Gensokyo","GifTheSpireLib","Hallownest","Hermit","Infinite Spire","JesterMod","Jorbs\u0027s Wanderer Trilogy","Lobotomy","Marisa????????","Marked Mod","Menagerie","Minty Spire (QoL Compilation)","Permanent Neow","Potionbrewer","Quick Restart","Reimu??????","Replay The Spire","Ruina","SCP261 Mod","Shade Mod","Shop Mod","Spicy Shops","Spikes Relics","StSLib","Stuff the Spire","The Bug Knight","The Cursed","The Death Knight","The Hayseed","The Hierophant","The Judge","The Juggle","The Mystic","The Necromancer","The Runesmith","The Showman","The Witch","TheFirefly","Virulent Crown","Wandering Minibosses","thorton"],"gold_per_floor":[109,29,45,22,28,28,45,45,45,45,64,64,75,91,91,131,131,142,142,142,146,155,155,160,160,184,200,118,34,41,50,54,97,97,106,118,149,45,57,57,61,75,88,104,212,212,1,21,21,21,36],"floor_reached":52,"language":"ENG","playtime":4574,"items_purged":[],"score":4132,"play_id":"505d07fd-ed64-4a6f-b252-5b48284266e0","local_time":"20210226163757","is_ascension_mode":true,"campfire_choices":[{"data":"Menagerie:LoxodonWarhammer","floor":6,"key":"SMITH"},{"floor":8,"key":"REST"},{"floor":15,"key":"DIG"},{"floor":23,"key":"REST"},{"data":"theShowman:ImpromptuFlourish","floor":25,"key":"SMITH"},{"data":"Armaments","floor":40,"key":"SMITH"},{"floor":46,"key":"REST"},{"data":"theShowman:DapperFlourish","floor":49,"key":"SMITH"}],"circlet_count":0,"master_deck":["AscendersBane","theShowman:VanishingStrike","theShowman:BasicStrike","theShowman:BasicDefend","theShowman:BasicDefend","theShowman:VanishingDefend","theShowman:CardPickup52","theShowman:StageHook","theShowman:SleightedFlourish","Menagerie:LightningHelix","Menagerie:LoxodonWarhammer+1","theShowman:FlashyFlourish","theShowman:Prestidigitation","theShowman:TroublingTrope+1","theShowman:OneUp","theShowman:WhirlingDervish","theShowman:DapperFlourish+1","theShowman:GotYourNose+1","theShowman:TroublingTrope+1","theShowman:SleeveStash","Master of Strategy","theShowman:PotentialUnleashed","Armaments+1","theShowman:RazzleDazzle+1","ReplayTheSpireMod:Limb From Limb","Gensokyo:BlemishedSteel","Impervious","StuffTheSpire:Innocence","theShowman:ImpromptuFlourish+1","Metallicize"],"relics":["theShowman:ThirdTimeCharm","NeowsBlessing","Menagerie:Aurumvore","Orichalcum","CeramicFish","SnailShell","Bronze Scales","Regal Pillow","Lantern","thethorton:BottledFunds","CCEMRelics:JestersCrown","thethorton:BrokenCalculator","Runesmith:AutoHammer","aspiration:IroncladSkillbook","Replay:Rubber Ducky","StuffTheSpire:Mouthbags","infinitespire:FocusingShard","Vajra","RuthlessExorcism:ReiMu"],"acts_visited":["Menagerie:Menagerie","ruina:Briah","Gensokyo:Gensokyoest"],"potions_floor_usage":[7,11,14,16,27,27,30,33,42,44,45,51,51],"damage_taken":[{"damage":0,"enemies":"Menagerie:WhisperingWraith","floor":1,"turns":1},{"damage":0,"enemies":"Menagerie:2_RABBITS","floor":3,"turns":2},{"damage":0,"enemies":"Menagerie:MonstrousExperiment","floor":5,"turns":1},{"damage":67,"enemies":"Menagerie:MaskedSummoner","floor":7,"turns":12},{"damage":0,"enemies":"Menagerie:Hydra","floor":11,"turns":5},{"damage":0,"enemies":"Menagerie:KEEPER_AND_YOUNG_SUNEATER","floor":13,"turns":4},{"damage":5,"enemies":"Menagerie:VoidReaper","floor":14,"turns":3},{"damage":28,"enemies":"Menagerie:AVATARS","floor":16,"turns":4},{"damage":21,"enemies":"ruina:Nosferatu","floor":18,"turns":5},{"damage":8,"enemies":"ruina:3_Bats","floor":22,"turns":3},{"damage":16,"enemies":"ruina:KnightOfDespair","floor":24,"turns":5},{"damage":24,"enemies":"ruina:Mountain","floor":27,"turns":5},{"damage":0,"enemies":"ruina:RoadHome","floor":29,"turns":1},{"damage":0,"enemies":"ruina:KingOfGreed","floor":30,"turns":4},{"damage":0,"enemies":"ruina:3_Scarecrows","floor":31,"turns":2},{"damage":17,"enemies":"ruina:Red_and_Wolf","floor":33,"turns":6},{"damage":0,"enemies":"Gensokyo:AncientGuardian","floor":35,"turns":2},{"damage":0,"enemies":"Gensokyo:3_Bats","floor":36,"turns":2},{"damage":0,"enemies":"Gensokyo:AtlasGolem","floor":39,"turns":2},{"damage":43,"enemies":"Gensokyo:Marisa","floor":42,"turns":4},{"damage":36,"enemies":"Nightmare","floor":44,"turns":5},{"damage":0,"enemies":"Gensokyo:Rafflesia","floor":45,"turns":5},{"damage":0,"enemies":"Gensokyo:Kasen","floor":48,"turns":3},{"damage":0,"enemies":"Gensokyo:Yuyuko","floor":50,"turns":4},{"damage":24,"enemies":"Gensokyo:Shinki","floor":51,"turns":9}],"seed_played":"-8215773753292391772","potions_obtained":[{"floor":3,"key":"Explosive Potion"},{"floor":7,"key":"Block Potion"},{"floor":11,"key":"PowerPotion"},{"floor":13,"key":"potionbrewer:ToxicPotion"},{"floor":18,"key":"SCP261:BlastolaColaPotion"},{"floor":24,"key":"GamblersBrew"},{"floor":29,"key":"SkillPotion"},{"floor":31,"key":"Elixir"},{"floor":36,"key":"Doom Potion"},{"floor":37,"key":"Energy Potion"},{"floor":44,"key":"potionbrewer:CleansingPotion"},{"floor":45,"key":"Explosive Potion"}],"is_trial":false,"path_per_floor":["M","?","M","?","M","R","E","R","T","T","E","$","M","E","R","B",null,"M","?","?","?","M","R","M","R","T","E","$","E","M","M","R","B",null,"M","M","?","COS","M","R","?","E","T","NM","M","R","$","E","R","B","B",null],"character_chosen":"THE_SHOWMAN","items_purchased":["thethorton:BrokenCalculator","Vajra","Block Potion"],"campfire_rested":3,"item_purchase_floors":[28,47,47],"current_hp_per_floor":[68,68,73,73,73,73,18,40,40,40,50,50,63,71,71,50,69,58,58,58,31,34,69,62,62,62,51,51,58,69,69,69,66,68,69,69,42,42,62,62,62,37,37,16,35,69,69,69,69,69,52],"gold":36,"neow_bonus":"THREE_ENEMY_KILL","is_daily":false,"chose_seed":false,"campfire_upgraded":4,"win_rate":0.0,"timestamp":1614357477,"path_taken":["M","?","M","?","M","R","E","R","T","?","E","$","M","E","R","BOSS","M","?","?","?","M","R","M","R","T","E","$","E","M","?","R","BOSS","M","M","?","COS","M","R","?","E","T","NM","M","R","?","E","R","BOSS","BOSS"],"items_purchased_type":["Relic","Relic","Potion"],"build_version":"2020-12-22","purchased_purges":0,"victory":true,"max_hp_per_floor":[75,75,75,75,75,75,75,75,75,75,75,75,75,75,75,75,75,75,69,69,69,69,69,69,69,69,69,69,69,69,69,69,69,69,69,69,69,69,69,69,69,69,69,69,69,69,69,69,69,69,69],"card_choices":[{"not_picked":["theShowman:ExtraWideSleeves","theShowman:Toro"],"picked":"theShowman:SleightedFlourish","floor":1},{"not_picked":["Menagerie:Foresee","Menagerie:QuirionDryad"],"picked":"Menagerie:LightningHelix","floor":2},{"not_picked":["Menagerie:Dismember","Menagerie:LightningBolt"],"picked":"Menagerie:LoxodonWarhammer","floor":2},{"not_picked":["theShowman:OpenTheCurtain","theShowman:StartlingShowmanship"],"picked":"theShowman:FlashyFlourish","floor":3},{"not_picked":["theShowman:Toro","theShowman:SubtleMisdirections"],"picked":"theShowman:Prestidigitation","floor":5},{"not_picked":["theShowman:VanDeGraaffsRevenge","theShowman:SubtleMisdirections"],"picked":"theShowman:TroublingTrope","floor":7},{"not_picked":["theShowman:StartlingShowmanship","theShowman:ExtraWideSleeves"],"picked":"theShowman:OneUp","floor":11},{"not_picked":["theShowman:Toro","theShowman:FullHouse"],"picked":"theShowman:WhirlingDervish","floor":13},{"not_picked":["theShowman:CrashingLights","theShowman:StartlingShowmanship"],"picked":"theShowman:DapperFlourish","floor":14},{"not_picked":["theShowman:VanDeGraaffsRevenge","theShowman:Ventriloquism"],"picked":"theShowman:ImpromptuFlourish","floor":16},{"not_picked":["theShowman:DivertingDisplay","theShowman:NowYouSeeMe"],"picked":"theShowman:GotYourNose+1","floor":18},{"not_picked":["theShowman:BafflingShuffle+1","theShowman:SleightedFlourish"],"picked":"theShowman:SleeveStash","floor":22},{"not_picked":["theShowman:OpenTheCurtain","theShowman:CrashingLights","theShowman:Prestidigitation"],"picked":"SKIP","floor":24},{"not_picked":["theShowman:PocketSand","theShowman:FullHouse","theShowman:KiblerFlick+1"],"picked":"SKIP","floor":27},{"not_picked":["theShowman:KnockThePile","theShowman:GotYourNose","theShowman:ExaggeratedArmSweeps"],"picked":"SKIP","floor":29},{"not_picked":["theShowman:FullHouse","theShowman:CrashingLights+1","theShowman:ExtraWideSleeves"],"picked":"SKIP","floor":30},{"not_picked":["theShowman:HatTrick","theShowman:Toro+1","theShowman:FlashyFlourish"],"picked":"SKIP","floor":31},{"not_picked":["Mind Blast","Replay:Bootleg Shield Generator"],"picked":"Master of Strategy","floor":32},{"not_picked":["theShowman:ImpromptuFlourish","theShowman:HareBrainedScheme"],"picked":"theShowman:PotentialUnleashed","floor":33},{"not_picked":["theShowman:MirrorMirror","theShowman:ThreeCardMonty","Hemokinesis"],"picked":"Armaments","floor":35},{"not_picked":["Headbutt","theShowman:RaptMisdirection+1","Body Slam+1"],"picked":"theShowman:RazzleDazzle+1","floor":36},{"not_picked":["ReplayTheSpireMod:Strike From Hell","theShowman:ExtraWideSleeves","Second Wind"],"picked":"ReplayTheSpireMod:Limb From Limb","floor":37},{"not_picked":["Rupture","Bloodletting","Heavy Blade"],"picked":"Impervious","floor":39},{"not_picked":["StuffTheSpire:BrainWave","StuffTheSpire:Vigor"],"picked":"StuffTheSpire:Innocence","floor":41},{"not_picked":["Pommel Strike","theShowman:FlashyFlourish","ReplayTheSpireMod:Muscle Training+1","StuffTheSpire:Slingshot"],"picked":"SKIP","floor":42},{"not_picked":["Shrug It Off","theShowman:CrashingLights+1","theShowman:AGrossDisplay","Shockwave"],"picked":"SKIP","floor":44},{"not_picked":["Cleave+1","theShowman:StartlingShowmanship","theShowman:OpenTheCurtain+1","Perfected Strike"],"picked":"SKIP","floor":45},{"not_picked":["theShowman:PotentialUnleashed","ReplayTheSpireMod:Strike From Hell","Body Slam"],"picked":"Metallicize","floor":48}],"player_experience":1352412,"relics_obtained":[{"floor":7,"key":"Orichalcum"},{"floor":9,"key":"CeramicFish"},{"floor":10,"key":"SnailShell"},{"floor":11,"key":"Bronze Scales"},{"floor":14,"key":"Regal Pillow"},{"floor":15,"key":"Lantern"},{"floor":26,"key":"CCEMRelics:JestersCrown"},{"floor":27,"key":"Tiny Chest"},{"floor":29,"key":"Runesmith:AutoHammer"},{"floor":42,"key":"Replay:Rubber Ducky"},{"floor":43,"key":"StuffTheSpire:Mouthbags"},{"floor":44,"key":"infinitespire:FocusingShard"},{"floor":48,"key":"RuthlessExorcism:ReiMu"}],"event_choices":[{"damage_healed":0,"gold_gain":0,"player_choice":"Spells","damage_taken":0,"max_hp_gain":0,"max_hp_loss":0,"event_name":"Menagerie:MagicPeddler","floor":2,"gold_loss":80},{"damage_healed":0,"gold_gain":0,"player_choice":"Pacify","damage_taken":0,"relics_obtained":["Menagerie:Aurumvore"],"max_hp_gain":0,"max_hp_loss":0,"event_name":"Menagerie:ScentOfGold","floor":4,"gold_loss":0},{"damage_healed":0,"gold_gain":2,"player_choice":"1","damage_taken":0,"max_hp_gain":0,"max_hp_loss":0,"event_name":"betterStone:BetterStone","floor":32,"gold_loss":0}],"is_beta":false,"boss_relics":[{"not_picked":["Replay:Drink Me","ReplayTheSpireMod:DimensionalGlitch"],"picked":"thethorton:BottledFunds"},{"not_picked":["Tiny House","energizedSpire:SpiderWeb"],"picked":"aspiration:IroncladSkillbook"}],"items_purged_floors":[],"is_endless":false,"potions_floor_spawned":[3,7,11,13,18,24,29,31,36,44,45,48],"ascension_level":20}}