{"host":"dbkc9h3etq50r1dq","time":1614310323,"event":{"mods":["AchievementEnabler","BaseMod","Block Reminder","Colored Powertips","Curses Come First","Dark Map","Filter the Spire","Minty Spire (QoL Compilation)","Permanent Neow","Potion Indicator Mod","Random Character Button","Rare Cards Sparkle","StSLib","SuperFastMode","Weighted Paths"],"gold_per_floor":[216,216,233,8,27,62,62,96,123,123,0,12,12,37,37,135,135,147,147,18,18,18,18,50,50,75,87,87,186,29,60,60,155,205,222,222,222,232,243,273,273,273,296,296,20,39,73,92,92,92],"floor_reached":51,"language":"ZHS","playtime":1659,"items_purged":["Strike_G","Strike_G","Strike_G","Strike_G","Defend_G"],"score":1097,"play_id":"3ee309c8-08bf-4bfc-b1fe-d77637773650","local_time":"20210226113203","is_ascension_mode":true,"campfire_choices":[{"floor":7.0,"key":"REST"},{"floor":10.0,"key":"REST"},{"data":"Noxious Fumes","floor":13.0,"key":"SMITH"},{"floor":15.0,"key":"REST"},{"floor":23.0,"key":"REST"},{"floor":25.0,"key":"REST"},{"floor":28.0,"key":"REST"},{"data":"Bouncing Flask","floor":32.0,"key":"SMITH"},{"floor":41.0,"key":"REST"},{"data":"Bouncing Flask","floor":42.0,"key":"SMITH"},{"data":"Envenom","floor":44.0,"key":"SMITH"},{"floor":49,"key":"REST"}],"circlet_count":0,"master_deck":["Strike_G+1","Defend_G","Defend_G","Defend_G","Defend_G","Survivor","Neutralize+1","Noxious Fumes+1","Escape Plan","Footwork","Dagger Spray","Deflect","After Image","Escape Plan","Noxious Fumes","Bouncing Flask+1","Noxious Fumes+1","Escape Plan","Envenom+1","Deflect+1","Blind","Bouncing Flask+1","Finesse","Cloak And Dagger","Backflip+1","Cloak And Dagger+1"],"relics":["Ring of the Snake","TwistedFunnel","Nunchaku","Snake Skull","Smiling Mask","Ninja Scroll","SacredBark","Enchiridion","Orichalcum","Bag of Preparation","Regal Pillow","Tiny House","WingedGreaves","Centennial Puzzle","Tingsha"],"acts_visited":["Exordium","TheCity","TheBeyond"],"potions_floor_usage":[50,50,50],"damage_taken":[{"damage":1.0,"enemies":"2 Louse","floor":1.0,"turns":3.0},{"damage":0.0,"enemies":"Jaw Worm","floor":3.0,"turns":4.0},{"damage":0.0,"enemies":"Cultist","floor":5.0,"turns":3.0},{"damage":19.0,"enemies":"3 Sentries","floor":6.0,"turns":8.0},{"damage":18.0,"enemies":"Gremlin Nob","floor":8.0,"turns":4.0},{"damage":0.0,"enemies":"Large Slime","floor":12.0,"turns":5.0},{"damage":8.0,"enemies":"Lagavulin","floor":14.0,"turns":7.0},{"damage":1.0,"enemies":"Slime Boss","floor":16.0,"turns":7.0},{"damage":17.0,"enemies":"2 Thieves","floor":18.0,"turns":4.0},{"damage":32.0,"enemies":"Slavers","floor":24.0,"turns":4.0},{"damage":1.0,"enemies":"Shell Parasite","floor":27.0,"turns":5.0},{"damage":10.0,"enemies":"Gremlin Leader","floor":31.0,"turns":4.0},{"damage":25.0,"enemies":"Collector","floor":33.0,"turns":7.0},{"damage":21.0,"enemies":"3 Darklings","floor":35.0,"turns":4.0},{"damage":0.0,"enemies":"Orb Walker","floor":38.0,"turns":3.0},{"damage":30.0,"enemies":"Sphere and 2 Shapes","floor":39.0,"turns":6.0},{"damage":0.0,"enemies":"Reptomancer","floor":40.0,"turns":5.0},{"damage":13,"enemies":"4 Shapes","floor":46,"turns":5},{"damage":7,"enemies":"Giant Head","floor":47,"turns":8},{"damage":4,"enemies":"Spire Growth","floor":48,"turns":6},{"damage":34,"enemies":"Awakened One","floor":50,"turns":10}],"seed_played":"4716412354951347879","potions_obtained":[{"floor":1.0,"key":"Ancient Potion"},{"floor":3.0,"key":"SkillPotion"},{"floor":8.0,"key":"Swift Potion"},{"floor":12.0,"key":"Strength Potion"},{"floor":24.0,"key":"Poison Potion"},{"floor":27.0,"key":"GamblersBrew"},{"floor":34.0,"key":"Fruit Juice"},{"floor":35.0,"key":"DistilledChaos"},{"floor":39.0,"key":"GamblersBrew"},{"floor":48,"key":"Weak Potion"}],"is_trial":false,"path_per_floor":["M","?","M","$","M","E","R","E","T","R","$","M","R","E","R","B",null,"M","?","$","?","?","R","E","R","T","M","R","?","$","E","R","B",null,"M","?","?","M","M","E","R","R","T","R","$","M","E","M","R","B",null],"character_chosen":"THE_SILENT","items_purchased":["TwistedFunnel","Footwork","Noxious Fumes","Noxious Fumes","Escape Plan","Finesse","CultistPotion","Cloak And Dagger"],"campfire_rested":8,"item_purchase_floors":[4,11,20,30,30,45,45,45],"current_hp_per_floor":[62,48,48,48,48,29,50,32,32,53,53,53,53,45,66,65,69,52,52,52,39,23,45,13,35,35,34,56,56,56,46,46,21,77,56,56,61,61,31,31,73,73,73,73,73,60,53,49,90,56],"gold":92,"neow_bonus":"HUNDRED_GOLD","is_daily":false,"chose_seed":false,"campfire_upgraded":4,"win_rate":0.0,"timestamp":1614310323,"path_taken":["M","?","M","$","M","E","R","E","T","R","?","M","R","E","R","BOSS","M","?","$","?","?","R","E","R","T","M","R","?","?","E","R","BOSS","M","?","?","?","M","E","R","R","T","R","$","M","E","M","R","BOSS"],"items_purchased_type":["Relic","Card","Card","Card","Card","Card","Potion","Card"],"build_version":"2020-12-22","purchased_purges":5,"victory":true,"max_hp_per_floor":[70,70,70,70,70,70,70,70,70,70,70,70,70,70,70,70,70,70,70,70,75,75,75,75,75,75,75,75,75,75,75,75,75,90,90,90,90,90,90,90,90,90,90,90,90,90,90,90,90,90],"card_choices":[{"not_picked":["Deadly Poison","Flechettes"],"picked":"Noxious Fumes","floor":1.0},{"not_picked":["Backflip","Caltrops"],"picked":"Escape Plan","floor":3.0},{"not_picked":["Quick Slash","Terror","PiercingWail"],"picked":"SKIP","floor":5.0},{"not_picked":["Grand Finale","Setup","Leg Sweep"],"picked":"SKIP","floor":6.0},{"not_picked":["Underhanded Strike","Expertise","Skewer"],"picked":"SKIP","floor":8.0},{"not_picked":["Acrobatics","Prepared"],"picked":"Dagger Spray","floor":12.0},{"not_picked":["Leg Sweep","Bane"],"picked":"Deflect","floor":14.0},{"not_picked":["Wraith Form v2","Tools of the Trade"],"picked":"After Image","floor":16.0},{"not_picked":["Accuracy","Underhanded Strike"],"picked":"Escape Plan","floor":18.0},{"not_picked":["PiercingWail","Concentrate+1","Heel Hook"],"picked":"SKIP","floor":24.0},{"not_picked":["Blade Dance","Heel Hook+1"],"picked":"Bouncing Flask","floor":27.0},{"not_picked":["Quick Slash","Infinite Blades","Choke"],"picked":"SKIP","floor":31.0},{"not_picked":["Doppelganger","Night Terror"],"picked":"Envenom","floor":33.0},{"not_picked":["PiercingWail","Setup"],"picked":"Prepared","floor":34.0},{"not_picked":["Blade Dance+1","Setup+1"],"picked":"Deflect+1","floor":35.0},{"not_picked":["Panacea","Metamorphosis"],"picked":"Blind","floor":36.0},{"not_picked":["Setup+1","Bane+1"],"picked":"Bouncing Flask","floor":38.0},{"not_picked":["Blade Dance+1","Slice","Bane"],"picked":"SKIP","floor":39.0},{"not_picked":["After Image","Endless Agony+1","Masterful Stab"],"picked":"SKIP","floor":40.0},{"not_picked":["Prepared+1","Infinite Blades+1"],"picked":"Backflip+1","floor":46},{"not_picked":["Dash","Dagger Throw+1","Quick Slash"],"picked":"SKIP","floor":47},{"not_picked":["Bouncing Flask+1","Slice+1"],"picked":"Cloak And Dagger+1","floor":48}],"player_experience":168672,"relics_obtained":[{"floor":6.0,"key":"Nunchaku"},{"floor":8.0,"key":"Snake Skull"},{"floor":9.0,"key":"Smiling Mask"},{"floor":14.0,"key":"Ninja Scroll"},{"floor":22.0,"key":"Enchiridion"},{"floor":24.0,"key":"Orichalcum"},{"floor":26.0,"key":"Bag of Preparation"},{"floor":31.0,"key":"Regal Pillow"},{"floor":40.0,"key":"WingedGreaves"},{"floor":43.0,"key":"Centennial Puzzle"},{"floor":47,"key":"Tingsha"}],"event_choices":[{"damage_healed":0.0,"max_hp_gain":0.0,"max_hp_loss":0.0,"gold_gain":0.0,"event_name":"Shining Light","player_choice":"Entered Light","floor":2.0,"gold_loss":0.0,"damage_taken":14.0,"cards_upgraded":["Strike_G","Neutralize"]},{"damage_healed":0.0,"max_hp_gain":0.0,"max_hp_loss":0.0,"gold_gain":0.0,"event_name":"Beggar","player_choice":"Ignored","floor":19.0,"gold_loss":0.0,"damage_taken":0.0},{"damage_healed":0.0,"max_hp_gain":5.0,"max_hp_loss":0.0,"gold_gain":0.0,"event_name":"Forgotten Altar","player_choice":"Shed Blood","floor":21.0,"gold_loss":0.0,"damage_taken":18.0},{"damage_healed":0.0,"max_hp_gain":0.0,"max_hp_loss":0.0,"gold_gain":0.0,"event_name":"Cursed Tome","player_choice":"Obtained Book","floor":22.0,"gold_loss":0.0,"damage_taken":16.0},{"damage_healed":0.0,"max_hp_gain":0.0,"max_hp_loss":0.0,"gold_gain":99.0,"event_name":"Nest","player_choice":"Stole From Cult","floor":29.0,"gold_loss":0.0,"damage_taken":0.0},{"damage_healed":0.0,"max_hp_gain":0.0,"max_hp_loss":0.0,"gold_gain":0.0,"event_name":"SensoryStone","player_choice":"Memory 1","floor":36.0,"gold_loss":0.0,"damage_taken":0.0},{"cards_removed":["Prepared"],"damage_healed":5.0,"max_hp_gain":0.0,"max_hp_loss":0.0,"gold_gain":0.0,"event_name":"Bonfire Elementals","player_choice":"Offered Common","floor":37.0,"gold_loss":0.0,"damage_taken":0.0},{"cards_removed":["Prepared"],"damage_healed":5.0,"max_hp_gain":0.0,"max_hp_loss":0.0,"gold_gain":0.0,"event_name":"Bonfire Elementals","player_choice":"Offered Special","floor":37.0,"gold_loss":0.0,"damage_taken":0.0}],"is_beta":false,"boss_relics":[{"not_picked":["Philosopher\u0027s Stone","Busted Crown"],"picked":"SacredBark"},{"not_picked":["SlaversCollar","Calling Bell"],"picked":"Tiny House"}],"items_purged_floors":[4,11,20,30,45],"is_endless":false,"potions_floor_spawned":[1,3,8,12,24,27,35,39,48],"ascension_level":7}}