{"host":"zdx3mk58qfaqn5dx","time":1614362001,"event":{"mods":["BaseMod","Bestiary","Better Third Choice","Colored Map","Colored Powertips","Dark Map","Downfall","Hermit","Highlight Path","Minty Spire (QoL Compilation)","Quick Restart","Random Character Button","Relic Stats","StSLib","SuperFastMode"],"gold_per_floor":[112,128,108,108,118,118,147,147,193,207,207,207,234,184,184,285,285,297,4,4,16,31,31,45,70,70,70,70,86,86,121,121,216,216,228,278,295,295,309,309,341,341,367,367,10,20,34,48,48,48],"floor_reached":51,"language":"ENG","playtime":3799,"items_purged":["hermit:Strike_Hermit+1"],"score":735,"play_id":"50966b43-1834-4d19-8796-58414b3684a5","local_time":"20210226185321","is_ascension_mode":true,"campfire_choices":[{"floor":6,"key":"REST"},{"floor":8,"key":"REST"},{"data":"hermit:Gestalt","floor":12,"key":"SMITH"},{"data":"hermit:BlackWind","floor":15,"key":"SMITH"},{"data":"hermit:LoneWolf","floor":23,"key":"SMITH"},{"floor":30,"key":"REST"},{"data":"hermit:Combo","floor":32,"key":"SMITH"},{"floor":40,"key":"REST"},{"data":"hermit:TakeAim","floor":44,"key":"SMITH"},{"data":"1","floor":49,"key":"LIFT"}],"circlet_count":0,"master_deck":["hermit:Defend_Hermit+1","hermit:Snapshot","hermit:Covet","hermit:Dive","hermit:Enervate","hermit:Enervate","hermit:BlackWind+1","hermit:LuckOfTheDraw","hermit:Gestalt+1","hermit:CalledShot","hermit:Combo+1","hermit:LoneWolf+1","hermit:Malice+1","hermit:Glare","hermit:BigShot","hermit:FatalDesire","Madness+1","hermit:Enervate","hermit:BlackWind","hermit:BigShot+1","hermit:BodyArmor+1","hermit:WideOpen+1","hermit:Grudge+1","hermit:LuckOfTheDraw+1","hermit:TakeAim+1","hermit:Brawl","Apotheosis+1","hermit:Virtue+1","hermit:Manifest+1","hermit:CalledShot+1"],"relics":["hermit:Momento","Bird Faced Urn","Strawberry","Nunchaku","Anchor","Sozu","Blood Vial","MealTicket","Toxic Egg 2","Juzu Bracelet","Astrolabe","Girya","Omamori","Bronze Scales"],"acts_visited":["Exordium","TheCity","TheBeyond"],"potions_floor_usage":[13,16,24,29],"damage_taken":[{"damage":10,"enemies":"Jaw Worm","floor":1,"turns":4},{"damage":0,"enemies":"Cultist","floor":2,"turns":4},{"damage":0,"enemies":"Small Slimes","floor":5,"turns":4},{"damage":29,"enemies":"Lagavulin","floor":7,"turns":7},{"damage":11,"enemies":"3 Louse","floor":10,"turns":5},{"damage":1,"enemies":"Gremlin Nob","floor":13,"turns":3},{"damage":10,"enemies":"Hexaghost","floor":16,"turns":9},{"damage":12,"enemies":"Spheric Guardian","floor":18,"turns":6},{"damage":15,"enemies":"3 Byrds","floor":21,"turns":7},{"damage":6,"enemies":"3 Cultists","floor":22,"turns":4},{"damage":12,"enemies":"Snake Plant","floor":24,"turns":3},{"damage":14,"enemies":"Gremlin Leader","floor":25,"turns":3},{"damage":5,"enemies":"Chosen and Byrds","floor":29,"turns":7},{"damage":8,"enemies":"Slavers","floor":31,"turns":4},{"damage":11,"enemies":"Champ","floor":33,"turns":7},{"damage":18,"enemies":"3 Shapes","floor":35,"turns":4},{"damage":0,"enemies":"Mind Bloom Boss Battle","floor":36,"turns":2},{"damage":14,"enemies":"Orb Walker","floor":37,"turns":3},{"damage":55,"enemies":"Spire Growth","floor":39,"turns":5},{"damage":42,"enemies":"Nemesis","floor":41,"turns":5},{"damage":11,"enemies":"Writhing Mass","floor":46,"turns":5},{"damage":1,"enemies":"3 Darklings","floor":47,"turns":4},{"damage":12,"enemies":"Spire Growth","floor":48,"turns":4},{"damage":69,"enemies":"Donu and Deca","floor":50,"turns":7}],"seed_played":"5480494068712991083","potions_obtained":[{"floor":2,"key":"LiquidBronze"},{"floor":3,"key":"EntropicBrew"},{"floor":7,"key":"Energy Potion"},{"floor":10,"key":"PowerPotion"},{"floor":16,"key":"DuplicationPotion"}],"is_trial":false,"path_per_floor":["M","M","?","$","M","R","E","R","T","M","?","R","E","?","R","B",null,"M","$","?","M","M","R","M","E","T","?","?","M","R","E","R","B",null,"M","?","M","?","M","R","E","?","T","R","$","M","M","M","R","B",null],"character_chosen":"HERMIT","items_purchased":["hermit:Combo","hermit:LoneWolf","Blood Vial","Apotheosis+1","hermit:Virtue+1","hermit:Manifest+1"],"campfire_rested":4,"item_purchase_floors":[19,19,19,45,45,45],"current_hp_per_floor":[44,44,44,44,44,66,44,68,68,57,57,57,56,56,56,48,82,70,70,70,57,53,53,45,33,33,33,33,36,60,58,58,55,82,67,73,67,67,22,46,16,72,72,72,72,68,71,62,62,7],"gold":48,"neow_bonus":"ONE_RARE_RELIC","is_daily":false,"chose_seed":false,"campfire_upgraded":5,"win_rate":0.0,"timestamp":1614362001,"path_taken":["M","M","?","?","M","R","E","R","T","?","?","R","E","?","R","BOSS","M","$","?","?","M","R","M","E","T","?","?","M","R","E","R","BOSS","M","?","M","?","M","R","E","?","T","R","$","M","M","M","R","BOSS"],"items_purchased_type":["Card","Card","Relic","Card","Card","Card"],"build_version":"2020-12-22","purchased_purges":1,"victory":true,"max_hp_per_floor":[75,75,75,75,75,75,82,82,82,82,82,82,82,82,82,82,82,82,82,82,82,82,82,82,82,82,82,82,82,82,82,82,82,82,82,82,82,82,82,82,82,72,72,72,72,72,72,72,72,72],"relic_stats":{"Sozu":8,"Blood Vial":27,"Nunchaku":[29],"counters":[24,116],"Bird Faced Urn":[74],"Astrolabe":["hermit:BigShot","hermit:BodyArmor","hermit:WideOpen"],"Bronze Scales":[51],"MealTicket":0,"Juzu Bracelet":0,"obtain_stats":[{"Girya":36,"Astrolabe":34,"Juzu Bracelet":31,"Omamori":41,"Sozu":17,"Blood Vial":19,"Nunchaku":9,"Anchor":13,"Bird Faced Urn":0,"Strawberry":7,"Bronze Scales":43,"MealTicket":25,"Toxic Egg 2":26,"hermit:Momento":0},{"Girya":17,"Astrolabe":15,"Juzu Bracelet":14,"Omamori":20,"Sozu":7,"Blood Vial":8,"Nunchaku":4,"Anchor":6,"Bird Faced Urn":0,"Strawberry":4,"Bronze Scales":20,"MealTicket":12,"Toxic Egg 2":12,"hermit:Momento":0},{"Girya":83,"Astrolabe":77,"Juzu Bracelet":70,"Omamori":96,"Sozu":36,"Blood Vial":42,"Nunchaku":19,"Anchor":27,"Bird Faced Urn":0,"Strawberry":19,"Bronze Scales":96,"MealTicket":59,"Toxic Egg 2":59,"hermit:Momento":0}]},"card_choices":[{"not_picked":["hermit:TrackingShot","hermit:Ricochet"],"picked":"hermit:Dive","floor":1},{"not_picked":["hermit:Ricochet","hermit:HoleUp"],"picked":"hermit:Enervate","floor":2},{"not_picked":["hermit:Gestalt","hermit:HoleUp"],"picked":"hermit:Enervate","floor":5},{"not_picked":["hermit:Misfire","hermit:Coalescence"],"picked":"hermit:BlackWind","floor":7},{"not_picked":["hermit:Manifest","hermit:Ricochet"],"picked":"hermit:LuckOfTheDraw","floor":10},{"not_picked":["hermit:SprayPray","hermit:LowProfile"],"picked":"hermit:CalledShot","floor":13},{"not_picked":["hermit:Spite","hermit:Headshot+1","hermit:CursedWeapon"],"picked":"SKIP","floor":18},{"not_picked":["hermit:Misfire+1","hermit:BodyArmor+1"],"picked":"hermit:Malice+1","floor":21},{"not_picked":["hermit:Grudge+1","hermit:ShadowCloak","hermit:LowProfile"],"picked":"SKIP","floor":22},{"not_picked":["hermit:SprayPray","hermit:Magnum"],"picked":"hermit:Glare","floor":24},{"not_picked":["hermit:Quickdraw","hermit:Grudge+1"],"picked":"hermit:BigShot","floor":25},{"not_picked":["hermit:Snipe+1","hermit:Vantage+1"],"picked":"hermit:Enervate","floor":29},{"not_picked":["hermit:TrackingShot+1","hermit:Feint+1","hermit:Shortfuse"],"picked":"SKIP","floor":31},{"not_picked":["hermit:EternalForm","hermit:DeadOrAlive"],"picked":"hermit:BlackWind","floor":33},{"not_picked":["hermit:Manifest+1","hermit:HoleUp+1"],"picked":"hermit:Grudge+1","floor":35},{"not_picked":["hermit:TrackingShot","hermit:NoHoldsBarred+1"],"picked":"hermit:LuckOfTheDraw+1","floor":36},{"not_picked":["hermit:Shortfuse+1","hermit:Coalescence+1"],"picked":"hermit:TakeAim","floor":37},{"not_picked":["hermit:Manifest+1","hermit:Misfire+1","hermit:Ricochet+1"],"picked":"SKIP","floor":39},{"not_picked":["hermit:Glare+1","hermit:Manifest+1"],"picked":"hermit:Brawl","floor":41},{"not_picked":["hermit:Feint+1","hermit:HoleUp+1","hermit:PistolWhip+1"],"picked":"SKIP","floor":46},{"not_picked":["hermit:Ricochet+1","hermit:Coalescence+1"],"picked":"hermit:CalledShot+1","floor":47},{"not_picked":["hermit:CursedWeapon+1","hermit:Desperado","hermit:Spite"],"picked":"SKIP","floor":48}],"player_experience":226809,"relics_obtained":[{"floor":7,"key":"Strawberry"},{"floor":9,"key":"Nunchaku"},{"floor":13,"key":"Anchor"},{"floor":25,"key":"MealTicket"},{"floor":26,"key":"Toxic Egg 2"},{"floor":31,"key":"Juzu Bracelet"},{"floor":36,"key":"Girya"},{"floor":41,"key":"Omamori"},{"floor":43,"key":"Bronze Scales"}],"event_choices":[{"damage_healed":0,"gold_gain":0,"player_choice":"Bought 1 Potion","damage_taken":0,"max_hp_gain":0,"max_hp_loss":0,"event_name":"The Woman in Blue","floor":3,"gold_loss":0},{"damage_healed":0,"gold_gain":0,"cards_transformed":["hermit:Strike_Hermit"],"player_choice":"Change","damage_taken":0,"max_hp_gain":0,"max_hp_loss":0,"event_name":"Living Wall","floor":11,"gold_loss":0,"cards_obtained":["hermit:Gestalt"]},{"cards_removed":["hermit:Strike_Hermit"],"damage_healed":0,"gold_gain":0,"player_choice":"Card Removal","damage_taken":0,"max_hp_gain":0,"max_hp_loss":0,"event_name":"The Cleric","floor":14,"gold_loss":50},{"cards_removed":["hermit:Defend_Hermit"],"damage_healed":0,"gold_gain":0,"player_choice":"Offered Basic","damage_taken":0,"max_hp_gain":0,"max_hp_loss":0,"event_name":"Bonfire Elementals","floor":20,"gold_loss":0},{"damage_healed":0,"gold_gain":0,"player_choice":"Simplicity","damage_taken":0,"max_hp_gain":0,"max_hp_loss":5,"event_name":"betterThird:BetterWriting","floor":27,"gold_loss":0},{"damage_healed":0,"gold_gain":0,"player_choice":"2 cards matched","damage_taken":0,"max_hp_gain":0,"max_hp_loss":0,"event_name":"Match and Keep!","floor":28,"gold_loss":0,"cards_obtained":["hermit:FatalDesire","Madness"]},{"damage_healed":0,"gold_gain":0,"player_choice":"Fight","damage_taken":0,"max_hp_gain":0,"max_hp_loss":0,"event_name":"MindBloom","floor":36,"gold_loss":0},{"damage_healed":0,"gold_gain":0,"player_choice":"Ignored","damage_taken":0,"max_hp_gain":0,"max_hp_loss":0,"event_name":"Tomb of Lord Red Mask","floor":38,"gold_loss":0},{"damage_healed":72,"gold_gain":0,"player_choice":"Heal","damage_taken":0,"max_hp_gain":0,"max_hp_loss":10,"event_name":"The Moai Head","floor":42,"gold_loss":0}],"is_beta":false,"boss_relics":[{"not_picked":["Empty Cage","Fusion Hammer"],"picked":"Sozu"},{"not_picked":["Coffee Dripper","Tiny House"],"picked":"Astrolabe"}],"items_purged_floors":[45],"is_endless":false,"potions_floor_spawned":[2,7,10,16,18,33,36,39,41],"ascension_level":1}}