{"host":"1vxemzms76200xsp","time":1614369672,"event":{"mods":["AchievementEnabler","BaseMod","Better Synergies","Card Forge","Friendly Minions","Highlight Path","Minty Spire (QoL Compilation)","StSLib"],"gold_per_floor":[11,25,51,68,143,172,52,52,78,10,10,10,26,44,44,139,139,150,150,150,161,4,4,15,15,39,39,39,58,73,84,84,84,84],"floor_reached":33,"language":"ENG","playtime":1437,"items_purged":["Strike_R"],"score":272,"play_id":"62f9f295-aff1-49bf-853c-68fe852695fd","local_time":"20210226220112","is_ascension_mode":false,"campfire_choices":[{"floor":8,"key":"REST"},{"data":"Anger","floor":11,"key":"SMITH"},{"data":"Uppercut","floor":15,"key":"SMITH"},{"data":"Thunderclap","floor":23,"key":"SMITH"},{"data":"Inflame","floor":25,"key":"SMITH"},{"data":"Shockwave","floor":27,"key":"SMITH"},{"data":"Iron Wave","floor":32,"key":"SMITH"}],"circlet_count":0,"master_deck":["Strike_R","Strike_R","Strike_R","Strike_R","Defend_R","Defend_R","Defend_R","Bash","Uppercut+1","Shockwave+1","Iron Wave+1","Anger+1","Inflame+1","Thunderclap+1","Iron Wave+1","Shame"],"relics":["Burning Blood","Hammer of Thor","Seething Fire","Anvil of the Gods","Mango","Blood Vial","Meat on the Bone","Potion Belt","Coffee Dripper","Nilry\u0027s Codex","Frozen Egg 2","Lee\u0027s Waffle","Bag of Marbles"],"acts_visited":["Exordium","TheCity"],"potions_floor_usage":[16],"damage_taken":[{"damage":10,"enemies":"Cultist","floor":1,"turns":4},{"damage":17,"enemies":"Small Slimes","floor":2,"turns":3},{"damage":8,"enemies":"Jaw Worm","floor":4,"turns":4},{"damage":41,"enemies":"3 Sentries","floor":6,"turns":10},{"damage":2,"enemies":"Large Slime","floor":13,"turns":4},{"damage":10,"enemies":"Exordium Thugs","floor":14,"turns":4},{"damage":62,"enemies":"Hexaghost","floor":16,"turns":10},{"damage":14,"enemies":"Shell Parasite","floor":18,"turns":5},{"damage":38,"enemies":"2 Thieves","floor":21,"turns":5},{"damage":19,"enemies":"Centurion and Healer","floor":24,"turns":6},{"damage":31,"enemies":"Snake Plant","floor":29,"turns":3},{"damage":29,"enemies":"Shelled Parasite and Fungi","floor":30,"turns":5},{"damage":30,"enemies":"Chosen and Byrds","floor":31,"turns":5},{"damage":67,"enemies":"Collector","floor":33,"turns":7}],"seed_played":"-6986545727487857457","potions_obtained":[{"floor":1,"key":"SteroidPotion"},{"floor":6,"key":"FearPotion"},{"floor":16,"key":"Fruit Juice"},{"floor":21,"key":"LiquidBronze"},{"floor":31,"key":"Regen Potion"}],"is_trial":false,"path_per_floor":["M","M","T","M","?","E","$","R","T","$","R","?","M","M","R","B",null,"M","?","?","M","$","R","M","R","T","R","$","M","M","M","R","B"],"character_chosen":"IRONCLAD","items_purchased":["Anger","Inflame","Lee\u0027s Waffle"],"campfire_rested":1,"item_purchase_floors":[7,10,22],"current_hp_per_floor":[90,79,79,79,68,35,35,63,63,63,63,63,69,67,67,30,99,91,75,75,57,106,106,93,93,93,93,93,70,61,51,51,0,0],"gold":84,"neow_bonus":"ONE_RARE_RELIC","is_daily":false,"chose_seed":false,"campfire_upgraded":6,"win_rate":0.0,"timestamp":1614369672,"path_taken":["M","?","?","M","?","E","$","R","T","?","R","?","?","M","R","BOSS","M","?","?","M","$","R","M","R","T","R","$","M","M","M","R","BOSS"],"items_purchased_type":["Card","Card","Relic"],"build_version":"2020-12-22","purchased_purges":1,"victory":false,"max_hp_per_floor":[94,94,94,94,94,94,94,94,94,94,94,94,94,94,94,99,99,99,99,99,99,106,106,106,106,106,106,106,106,106,106,106,106,106],"card_choices":[{"not_picked":["Dropkick","Pommel Strike"],"picked":"Uppercut","floor":1},{"not_picked":["Pommel Strike","Armaments"],"picked":"Shockwave","floor":2},{"not_picked":["Pummel","Body Slam"],"picked":"Iron Wave","floor":4},{"not_picked":["Heavy Blade","True Grit","Bludgeon"],"picked":"SKIP","floor":6},{"not_picked":["Whirlwind","Warcry"],"picked":"Thunderclap","floor":13},{"not_picked":["Infernal Blade","Second Wind","Iron Wave"],"picked":"SKIP","floor":14},{"not_picked":["Cleave","Pummel"],"picked":"Iron Wave+1","floor":18},{"not_picked":["Reckless Charge","Sword Boomerang+1","Clothesline"],"picked":"SKIP","floor":21},{"not_picked":["Heavy Blade","Headbutt","Searing Blow"],"picked":"SKIP","floor":24},{"not_picked":["Power Through","Pommel Strike","Blood for Blood"],"picked":"SKIP","floor":29},{"not_picked":["Clothesline+1","Sever Soul","True Grit"],"picked":"SKIP","floor":30},{"not_picked":["Thunderclap","Juggernaut+1","Fire Breathing+1"],"picked":"SKIP","floor":31}],"player_experience":33140,"relics_obtained":[{"floor":3,"key":"Blood Vial"},{"floor":6,"key":"Meat on the Bone"},{"floor":9,"key":"Potion Belt"},{"floor":19,"key":"Nilry\u0027s Codex"},{"floor":26,"key":"Bag of Marbles"}],"event_choices":[{"damage_healed":0,"gold_gain":75,"player_choice":"Gather Gold","damage_taken":11,"max_hp_gain":0,"max_hp_loss":0,"event_name":"World of Goop","floor":5,"gold_loss":0},{"cards_removed":["Defend_R"],"damage_healed":0,"gold_gain":0,"player_choice":"Card Removal","damage_taken":0,"max_hp_gain":0,"max_hp_loss":0,"event_name":"Wheel of Change","floor":12,"gold_loss":0},{"damage_healed":0,"gold_gain":0,"player_choice":"Obtained Book","damage_taken":16,"max_hp_gain":0,"max_hp_loss":0,"event_name":"Cursed Tome","floor":19,"gold_loss":0},{"damage_healed":0,"gold_gain":0,"player_choice":"Stole Relic","damage_taken":0,"relics_obtained":["Frozen Egg 2"],"max_hp_gain":0,"max_hp_loss":0,"event_name":"Addict","floor":20,"gold_loss":0,"cards_obtained":["Shame"]}],"is_beta":false,"boss_relics":[{"not_picked":["Calling Bell","Tiny House"],"picked":"Coffee Dripper"}],"items_purged_floors":[7],"is_endless":false,"potions_floor_spawned":[1,6,16,21,31],"killed_by":"Collector","ascension_level":0}}