{"host":"ukx402utdi8v8522","time":1614337182,"event":{"mods":["AchievementEnabler","BaseMod","Colored Map","Colored Powertips","Downfall","Minty Spire (QoL Compilation)","StSLib"],"gold_per_floor":[113,125,144,144,157,157,232,232,232,264,277,291,303,313,313,414,414,434,445,455,43,43,78,78,104,104,154,28,28,47,63,63,63,63],"floor_reached":33,"language":"ENG","playtime":1265,"items_purged":["Strike_B"],"score":437,"play_id":"3ae06046-6342-40a9-848f-6f7a22283155","local_time":"20210226215942","is_ascension_mode":true,"campfire_choices":[{"data":"1","floor":6,"key":"LIFT"},{"floor":8,"key":"REST"},{"floor":15,"key":"REST"},{"data":"2","floor":24,"key":"LIFT"},{"data":"3","floor":29,"key":"LIFT"},{"floor":32,"key":"RECALL"}],"circlet_count":0,"master_deck":["AscendersBane","Strike_B","Strike_B","Strike_B","Defend_B","Defend_B","Defend_B","Defend_B","Zap","Dualcast","Electrodynamics","Beam Cell","Rebound","Ball Lightning","Barrage","Reinforced Body","Capacitor","Cold Snap","Barrage","Sweeping Beam","Fission","White Noise+1","Undo","FTL","Turbo+1","Defragment","Go for the Eyes","Coolheaded+1","Barrage+1"],"relics":["Cracked Core","Girya","Cables","Anchor","Coffee Dripper","Ornamental Fan","Bag of Preparation","Toxic Egg 2","Bronze Scales"],"acts_visited":["Exordium","TheCity"],"potions_floor_usage":[14,16,16,16,23,23,25,25,31],"damage_taken":[{"damage":0,"enemies":"Cultist","floor":1,"turns":3},{"damage":13,"enemies":"Small Slimes","floor":2,"turns":2},{"damage":2,"enemies":"Jaw Worm","floor":3,"turns":3},{"damage":6,"enemies":"Exordium Thugs","floor":5,"turns":3},{"damage":30,"enemies":"Lagavulin","floor":10,"turns":5},{"damage":0,"enemies":"Large Slime","floor":11,"turns":2},{"damage":3,"enemies":"Blue Slaver","floor":12,"turns":3},{"damage":0,"enemies":"Lots of Slimes","floor":13,"turns":4},{"damage":0,"enemies":"2 Fungi Beasts","floor":14,"turns":2},{"damage":15,"enemies":"The Guardian","floor":16,"turns":12},{"damage":0,"enemies":"Spheric Guardian","floor":18,"turns":3},{"damage":15,"enemies":"Shell Parasite","floor":19,"turns":3},{"damage":14,"enemies":"Cultist and Chosen","floor":20,"turns":6},{"damage":3,"enemies":"Gremlin Leader","floor":23,"turns":6},{"damage":2,"enemies":"Book of Stabbing","floor":25,"turns":4},{"damage":10,"enemies":"Snake Plant","floor":30,"turns":2},{"damage":8,"enemies":"Centurion and Healer","floor":31,"turns":4},{"damage":9,"enemies":"Automaton","floor":33,"turns":2}],"seed_played":"-5532926215729962960","potions_obtained":[{"floor":2,"key":"LiquidMemories"},{"floor":3,"key":"BlessingOfTheForge"},{"floor":12,"key":"Strength Potion"},{"floor":14,"key":"Guardian:BlockOnCardUsePotion"},{"floor":18,"key":"LiquidMemories"},{"floor":23,"key":"AttackPotion"},{"floor":30,"key":"EssenceOfDarkness"}],"is_trial":false,"path_per_floor":["M","M","M","?","M","R","?","R","T","E","M","M","M","M","R","B",null,"M","M","M","$","?","E","R","E","T","?","$","R","M","M","R","B"],"character_chosen":"DEFECT","items_purchased":["Ornamental Fan","FearPotion","Swift Potion","Defragment","Go for the Eyes"],"campfire_rested":2,"item_purchase_floors":[21,21,21,28,28],"current_hp_per_floor":[68,55,53,35,29,29,18,38,38,8,8,5,5,5,25,10,54,54,39,25,25,25,22,22,20,20,20,20,20,10,2,2,0,0],"gold":63,"neow_bonus":"THREE_RARE_CARDS","is_daily":false,"chose_seed":false,"campfire_upgraded":0,"win_rate":0.0,"timestamp":1614337182,"path_taken":["M","M","M","?","M","R","?","R","T","E","M","M","M","M","R","BOSS","M","M","M","$","?","E","R","E","T","?","$","R","M","M","R","BOSS"],"items_purchased_type":["Relic","Potion","Potion","Card","Card"],"build_version":"2020-12-22","purchased_purges":1,"victory":false,"max_hp_per_floor":[68,68,68,68,68,68,68,68,68,68,68,68,68,68,68,68,68,68,68,68,68,68,68,68,68,68,68,68,68,68,68,68,68,68],"card_choices":[{"not_picked":["Echo Form","Amplify"],"picked":"Electrodynamics","floor":0},{"not_picked":["Leap","White Noise"],"picked":"Beam Cell","floor":1},{"not_picked":["Force Field","Redo"],"picked":"Rebound","floor":2},{"not_picked":["Cold Snap","Capacitor"],"picked":"Ball Lightning","floor":3},{"not_picked":["Beam Cell","Sweeping Beam"],"picked":"Barrage","floor":5},{"not_picked":["Ball Lightning","FTL"],"picked":"Reinforced Body","floor":10},{"not_picked":["Compile Driver","Redo"],"picked":"Capacitor","floor":11},{"not_picked":["Redo","Chaos"],"picked":"Cold Snap","floor":12},{"not_picked":["Cold Snap","Self Repair"],"picked":"Barrage","floor":13},{"not_picked":["Streamline","Go for the Eyes"],"picked":"Sweeping Beam","floor":14},{"not_picked":["Electrodynamics","Buffer"],"picked":"Fission","floor":16},{"not_picked":["Rebound+1","Melter+1"],"picked":"White Noise+1","floor":18},{"not_picked":["Heatsinks","Gash","Barrage"],"picked":"SKIP","floor":19},{"not_picked":["Cold Snap","Beam Cell+1"],"picked":"Undo","floor":20},{"not_picked":["Sunder+1","Double Energy"],"picked":"FTL","floor":23},{"not_picked":["Aggregate+1","Static Discharge"],"picked":"Turbo+1","floor":25},{"not_picked":["BootSequence+1","Sunder"],"picked":"Coolheaded+1","floor":30},{"not_picked":["Go for the Eyes","Streamline"],"picked":"Barrage+1","floor":31}],"player_experience":545471,"relics_obtained":[{"floor":9,"key":"Cables"},{"floor":10,"key":"Anchor"},{"floor":23,"key":"Bag of Preparation"},{"floor":25,"key":"Toxic Egg 2"},{"floor":26,"key":"Bronze Scales"}],"event_choices":[{"damage_healed":0,"gold_gain":0,"player_choice":"Success","damage_taken":18,"relics_obtained":["Girya"],"max_hp_gain":0,"max_hp_loss":0,"event_name":"Scrap Ooze","floor":4,"gold_loss":0},{"damage_healed":0,"gold_gain":75,"player_choice":"Gather Gold","damage_taken":11,"max_hp_gain":0,"max_hp_loss":0,"event_name":"World of Goop","floor":7,"gold_loss":0},{"damage_healed":0,"gold_gain":100,"player_choice":"Bet on Murderer","damage_taken":0,"max_hp_gain":0,"max_hp_loss":0,"event_name":"The Joust","floor":27,"gold_loss":50}],"is_beta":false,"boss_relics":[{"not_picked":["Nuclear Battery","Runic Pyramid"],"picked":"Coffee Dripper"}],"items_purged_floors":[21],"is_endless":false,"potions_floor_spawned":[2,3,12,14,18,23,30],"killed_by":"Automaton","ascension_level":10}}