{"host":"0ntunplbxyg40l63","time":1614343161,"event":{"mods":["BaseMod","Colored Map","Colored Powertips","Downfall","Highlight Path","Minty Spire (QoL Compilation)","Relic Stats","StSLib"],"gold_per_floor":[99,119,138,138,138,169,169,231,406,419,429,460,460,113,132,235,235,235,247,267,286,561,580,580,580,580,580],"floor_reached":26,"language":"ENG","playtime":1229,"items_purged":[],"score":318,"play_id":"a421d21f-29c3-41d3-a02b-a26e31c68602","local_time":"20210226123920","daily_mods":["SealedDeck"],"is_ascension_mode":false,"campfire_choices":[{"data":"Whirlwind","floor":1,"key":"SMITH"},{"data":"bronze:OilSpill","floor":13,"key":"SMITH"},{"floor":18,"key":"REST"},{"floor":25,"key":"RECALL"}],"circlet_count":0,"master_deck":["Whirlwind+1","Sentinel","bronze:Flail","bronze:Iterate","Ghostly Armor","bronze:OilSpill+1","Wild Strike","Sever Soul","Second Wind","Wild Strike","bronze:Constructor","Regret","Inflame","bronze:Separator","Doubt","bronze:Repair+1","True Grit+1","Sentinel+1","bronze:BuggyMess+1","bronze:BugBarrage","Fire Breathing","bronze:Constructor+1","bronze:MaxOutput","Dark Embrace","Pommel Strike","Regret","Wild Strike"],"relics":["Burning Blood","Slimebound:PreparedRelic","Toxic Egg 2","MealTicket","Darkstone Periapt","Paper Frog","InkBottle","Bag of Marbles","Philosopher\u0027s Stone","Guardian:PocketSentry"],"acts_visited":["Exordium","TheCity"],"potions_floor_usage":[8,12,21],"damage_taken":[{"damage":0,"enemies":"Cultist","floor":2,"turns":3},{"damage":10,"enemies":"Small Slimes","floor":3,"turns":3},{"damage":13,"enemies":"Gremlin Nob","floor":6,"turns":4},{"damage":9,"enemies":"Lagavulin Event","floor":8,"turns":5},{"damage":8,"enemies":"Jaw Worm","floor":10,"turns":4},{"damage":13,"enemies":"Looter","floor":11,"turns":3},{"damage":18,"enemies":"3 Sentries","floor":12,"turns":5},{"damage":6,"enemies":"downfall:FleeingMerchant","floor":14,"turns":4},{"damage":14,"enemies":"Exordium Thugs","floor":15,"turns":2},{"damage":51,"enemies":"DF_ARCHETYPE_STREAMLINE","floor":16,"turns":9},{"damage":2,"enemies":"3 Byrds","floor":19,"turns":3},{"damage":37,"enemies":"Shell Parasite","floor":20,"turns":5},{"damage":26,"enemies":"Shelled Parasite and Fungi","floor":21,"turns":4},{"damage":24,"enemies":"Snake Plant","floor":23,"turns":2},{"damage":34,"enemies":"Gremlin Leader","floor":26,"turns":5}],"seed_played":"-5462520660488710105","potions_obtained":[{"floor":2,"key":"Block Potion"},{"floor":10,"key":"LiquidMemories"},{"floor":15,"key":"Dexterity Potion"},{"floor":16,"key":"FearPotion"},{"floor":20,"key":"SkillPotion"}],"is_trial":true,"path_per_floor":["R","M","M","?","?","E","T","?","?","M","M","E","R","$","M","B",null,"R","M","M","M","?","M","T","R","E"],"character_chosen":"IRONCLAD","items_purchased":["bronze:BugBarrage","Fire Breathing","Bag of Marbles","bronze:Constructor+1"],"campfire_rested":1,"item_purchase_floors":[14,14,14,14],"current_hp_per_floor":[80,80,76,73,73,66,66,63,69,67,60,58,58,83,75,40,86,86,86,55,35,41,23,23,23,0,0],"gold":580,"neow_bonus":"","is_daily":false,"chose_seed":false,"campfire_upgraded":2,"win_rate":0.0,"timestamp":1614343160,"path_taken":["R","M","M","?","?","E","T","?","?","M","?","E","R","$","M","BOSS","R","M","M","M","?","M","T","R","E"],"items_purchased_type":["Card","Card","Relic","Card"],"build_version":"2020-12-22","purchased_purges":0,"victory":false,"max_hp_per_floor":[80,80,80,80,80,80,80,80,86,86,86,86,86,86,86,86,86,86,86,86,86,92,92,92,92,92,92],"relic_stats":{"Darkstone Periapt":12,"counters":[15,61],"MealTicket":15,"obtain_stats":[{"Darkstone Periapt":7,"MealTicket":6,"Philosopher\u0027s Stone":17,"Slimebound:PreparedRelic":4,"Bag of Marbles":14,"Guardian:PocketSentry":24,"Toxic Egg 2":5,"Burning Blood":0,"InkBottle":12,"Paper Frog":8},{"Darkstone Periapt":3,"MealTicket":3,"Philosopher\u0027s Stone":10,"Slimebound:PreparedRelic":2,"Bag of Marbles":8,"Guardian:PocketSentry":14,"Toxic Egg 2":2,"Burning Blood":0,"InkBottle":7,"Paper Frog":4},{"Darkstone Periapt":10,"MealTicket":10,"Philosopher\u0027s Stone":42,"Slimebound:PreparedRelic":6,"Bag of Marbles":31,"Guardian:PocketSentry":56,"Toxic Egg 2":6,"Burning Blood":0,"InkBottle":27,"Paper Frog":15}],"Burning Blood":74,"InkBottle":[8]},"card_choices":[{"not_picked":["Hemokinesis","Armaments"],"picked":"bronze:Constructor","floor":2},{"not_picked":["bronze:Invalidate","Thunderclap","Heavy Blade"],"picked":"SKIP","floor":3},{"not_picked":["Disarm+1","bronze:Return+1"],"picked":"Inflame","floor":6},{"not_picked":["bronze:DigitalCarnage","Combust"],"picked":"bronze:Separator","floor":8},{"not_picked":["Body Slam","Havoc+1"],"picked":"bronze:Repair+1","floor":10},{"not_picked":["bronze:Constructor+1","Havoc+1"],"picked":"True Grit+1","floor":11},{"not_picked":["Intimidate+1","Seeing Red+1"],"picked":"Sentinel+1","floor":12},{"not_picked":["bronze:DelayedGuard+1","Warcry+1"],"picked":"bronze:BuggyMess+1","floor":14},{"not_picked":["Flex+1","Cleave"],"picked":"bronze:MaxOutput","floor":15},{"not_picked":["bronze:Branch","Bloodletting+1"],"picked":"Dark Embrace","floor":19},{"not_picked":["Sword Boomerang","Inflame"],"picked":"Pommel Strike","floor":20},{"not_picked":["Uppercut+1","Armaments+1","Rupture"],"picked":"SKIP","floor":21},{"not_picked":["bronze:Frontload+1","Seeing Red+1"],"picked":"Wild Strike","floor":23}],"player_experience":67326,"relics_obtained":[{"floor":6,"key":"MealTicket"},{"floor":7,"key":"Darkstone Periapt"},{"floor":8,"key":"Paper Frog"},{"floor":12,"key":"InkBottle"},{"floor":24,"key":"Guardian:PocketSentry"}],"event_choices":[{"damage_healed":0,"gold_gain":0,"player_choice":"Success","damage_taken":3,"relics_obtained":["Slimebound:PreparedRelic"],"max_hp_gain":0,"max_hp_loss":0,"event_name":"Scrap Ooze","floor":4,"gold_loss":0},{"damage_healed":0,"gold_gain":0,"player_choice":"Box","damage_taken":0,"relics_obtained":["Toxic Egg 2"],"max_hp_gain":0,"max_hp_loss":0,"event_name":"Big Fish","floor":5,"gold_loss":0,"cards_obtained":["Regret"]},{"damage_healed":0,"gold_gain":0,"player_choice":"Searched \u00272\u0027 times","damage_taken":0,"max_hp_gain":0,"max_hp_loss":0,"event_name":"Dead Adventurer","floor":8,"gold_loss":0},{"damage_healed":0,"gold_gain":175,"player_choice":"AGREE","damage_taken":0,"max_hp_gain":0,"max_hp_loss":0,"event_name":"Liars Game","floor":9,"gold_loss":0,"cards_obtained":["Doubt"]}],"is_beta":false,"boss_relics":[{"not_picked":["Coffee Dripper","Empty Cage"],"picked":"Philosopher\u0027s Stone"}],"items_purged_floors":[],"is_endless":true,"potions_floor_spawned":[2,10,15,16,20],"killed_by":"Gremlin Leader","ascension_level":0}}