{"host":"21o28mgl9u9ntir2","time":1614358123,"event":{"mods":["BaseMod","BetterRewards","Colored Powertips","Minty Spire (QoL Compilation)","Quick Restart","Remove Card Discount Mod","SOS（斯巴达之子）","Spicy Shops","StSLib","SuperFastMode","[IsaacMod]以撒尖塔","【遗物卡牌】REMEMod","残留之物"],"gold_per_floor":[112,187,187,207,226,226,254,254,328,328,358,370,382,422,434,520,532,556,162,178,197,197,197,197],"floor_reached":23,"language":"ZHS","playtime":634,"items_purged":["PlaceholderMod:BaseStrike","PlaceholderMod:BaseStrike","PlaceholderMod:BaseDefend","PlaceholderMod:PoisonWhip","PlaceholderMod:BaseStrike","PlaceholderMod:BaseStrike"],"score":450,"play_id":"3460d5cc-191f-406c-b1f0-56d71e6b068b","local_time":"20210227004843","is_ascension_mode":true,"campfire_choices":[{"floor":6.0,"key":"REST"},{"data":"PlaceholderMod:DiffusionPoison","floor":8.0,"key":"SMITH"},{"data":"PlaceholderMod:PoisonAbsorb","floor":13.0,"key":"SMITH"},{"floor":15.0,"key":"REST"}],"circlet_count":0,"master_deck":["AscendersBane","PlaceholderMod:BaseStrike","PlaceholderMod:BaseDefend+1","PlaceholderMod:BaseDefend","PlaceholderMod:BaseDefend+1","PlaceholderMod:BaseDefend","PlaceholderMod:Crystal","PlaceholderMod:DiffusionPoison+1","PlaceholderMod:PoisonAbsorb+1","PlaceholderMod:StrongAcid","PlaceholderMod:SeverePoisonStrike+1","PlaceholderMod:PoisonExcitation"],"relics":["PlaceholderMod:Tancle","HushsDoor","REME_ComplimentaryCards","PillsDrop","Juzu Bracelet","Mango","War Paint","BookOfRevelations","Boot","Toxic Egg 2","MawBank","Anchor","SlaversCollar","Letter Opener","Omamori"],"acts_visited":["Exordium","TheCity"],"potions_floor_usage":[23],"damage_taken":[{"damage":0.0,"enemies":"Cultist","floor":1.0,"turns":4.0},{"damage":8.0,"enemies":"2 Louse","floor":4.0,"turns":4.0},{"damage":0.0,"enemies":"Jaw Worm","floor":5.0,"turns":4.0},{"damage":20.0,"enemies":"Lagavulin","floor":7.0,"turns":5.0},{"damage":18.0,"enemies":"3 Sentries","floor":11.0,"turns":7.0},{"damage":31.0,"enemies":"Gremlin Nob","floor":14.0,"turns":4.0},{"damage":0.0,"enemies":"The Guardian","floor":16.0,"turns":10.0},{"damage":0.0,"enemies":"Chosen","floor":18.0,"turns":4.0},{"damage":0.0,"enemies":"Shell Parasite","floor":20.0,"turns":6.0},{"damage":0.0,"enemies":"Shelled Parasite and Fungi","floor":21.0,"turns":5.0},{"damage":35,"enemies":"Gremlin Leader","floor":23,"turns":5}],"seed_played":"-665559945193483971","potions_obtained":[{"floor":4.0,"key":"ColorlessPotion"},{"floor":5.0,"key":"LiquidMemories"},{"floor":11.0,"key":"FearPotion"},{"floor":16.0,"key":"BlessingOfTheForge"}],"is_trial":false,"path_per_floor":["M","?","?","M","M","R","E","R","T","?","E","$","R","E","R","B",null,"M","$","M","M","?","E"],"character_chosen":"THE_PLACEHOLDER","items_purchased":["Juzu Bracelet","Mango","PlaceholderMod:PoisonAbsorb","War Paint","BookOfRevelations","Letter Opener","Omamori"],"campfire_rested":2,"item_purchase_floors":[0,0,0,0,0,19,19],"current_hp_per_floor":[47,36,36,28,28,55,35,35,35,63,45,45,45,14,39,39,74,74,74,74,74,74,39,39],"gold":197,"neow_bonus":"","is_daily":false,"chose_seed":false,"campfire_upgraded":2,"win_rate":0.0,"timestamp":1614358123,"path_taken":["M","?","?","M","M","R","E","R","T","?","E","?","R","E","R","BOSS","M","$","M","M","?","E"],"items_purchased_type":["Relic","Relic","Card","Relic","Relic","Relic","Relic"],"build_version":"2020-12-22","purchased_purges":6,"victory":false,"max_hp_per_floor":[91,91,91,91,91,91,86,86,86,86,86,86,86,86,86,86,86,86,86,86,86,86,86,86],"card_choices":[{"not_picked":["PlaceholderMod:OHStrongAttack","PlaceholderMod:Internalization"],"picked":"Bomb","floor":1.0},{"not_picked":["PlaceholderMod:NearChange","PlaceholderMod:Sweep"],"picked":"PlaceholderMod:StrongAcid","floor":4.0},{"not_picked":["PlaceholderMod:GrowthForm","PlaceholderMod:NearChange","PlaceholderMod:OHStrongAttack"],"picked":"SKIP","floor":5.0},{"not_picked":["PlaceholderMod:MultipleOxi","PlaceholderMod:NearChange","PlaceholderMod:ParasiteChange"],"picked":"SKIP","floor":7.0},{"not_picked":["PlaceholderMod:StressReaction+1","PlaceholderMod:HornyBlast","PlaceholderMod:CycleAttack"],"picked":"SKIP","floor":11.0},{"not_picked":["PlaceholderMod:CrystallizationStrike","PlaceholderMod:CycleAttack","PlaceholderMod:Turn+1"],"picked":"SKIP","floor":14.0},{"not_picked":["PlaceholderMod:Stable","PlaceholderMod:Internalization+1","PlaceholderMod:Polyp+1"],"picked":"SKIP","floor":18.0},{"not_picked":["PlaceholderMod:BlastSpray","PlaceholderMod:SeverePoisonStrike+1","PlaceholderMod:Crystallization"],"picked":"SKIP","floor":20.0},{"not_picked":["PlaceholderMod:BlastSpray","PlaceholderMod:Crystallization"],"picked":"PlaceholderMod:SeverePoisonStrike+1","floor":20.0},{"not_picked":["PlaceholderMod:Hard+1","PlaceholderMod:FastReaction+1"],"picked":"PlaceholderMod:PoisonExcitation","floor":21.0}],"player_experience":777418,"relics_obtained":[{"floor":7.0,"key":"Boot"},{"floor":9.0,"key":"Toxic Egg 2"},{"floor":11.0,"key":"MawBank"},{"floor":14.0,"key":"Anchor"}],"event_choices":[{"damage_healed":0.0,"max_hp_gain":0.0,"max_hp_loss":0.0,"gold_gain":75.0,"event_name":"World of Goop","player_choice":"Gather Gold","floor":2.0,"gold_loss":0.0,"damage_taken":11.0},{"damage_healed":28.0,"max_hp_gain":0.0,"max_hp_loss":0.0,"gold_gain":0.0,"event_name":"Big Fish","player_choice":"Banana","floor":10.0,"gold_loss":0.0,"damage_taken":0.0},{"damage_healed":0.0,"max_hp_gain":0.0,"max_hp_loss":0.0,"gold_gain":0.0,"event_name":"Cursed Tome","player_choice":"Ignored","floor":22.0,"gold_loss":0.0,"damage_taken":0.0}],"is_beta":false,"boss_relics":[{"not_picked":["REME_DuelDisc","Calling Bell"],"picked":"SlaversCollar"},{"not_picked":[]}],"items_purged_floors":[19,19,19,19,19,19],"is_endless":false,"potions_floor_spawned":[4,5,11,16,20],"killed_by":"Gremlin Leader","ascension_level":15}}