{"host":"684z1xpuwaoqmmh1","time":1614333928,"event":{"mods":["BaseMod","CatGirl Mod","Downfall","Hermit","Jorbs\u0027s Wanderer Trilogy","Marisa????????","Minty Spire (QoL Compilation)","Robot Space Explorer","Shade Mod","Shapeshifter Mod","StSLib","The Bug Knight","The Clintock","The Dragon Tamer","The Elementalist","The Hayseed","The Hierophant","The Marked","The Mystic","The Poker Player","The Runesmith","The Sage","The Saiyan","The Showman","The Spell Scribe","The Valiant","The Vixen","TheBandit","TheFirefly","TheVacant"],"gold_per_floor":[117,130,130,180,197,197,226,237,292,324,324,324,344,369,369,471,471,411,321,333,349,363,396,448,461,461,461,461],"floor_reached":27,"language":"ENG","playtime":1139,"items_purged":[],"score":394,"play_id":"612f2963-18f9-4331-a052-e28fd21e6ca3","local_time":"20210226120528","is_ascension_mode":true,"campfire_choices":[{"data":"StSShapeShifter:StormGryphonForm","floor":6.0,"key":"SMITH"},{"data":"StSShapeShifter:Blossom2","floor":12,"key":"SMITH"},{"data":"StSShapeShifter:Spring","floor":15,"key":"SMITH"}],"circlet_count":0,"master_deck":["StSShapeShifter:ShapeShifter_Strike","StSShapeShifter:ShapeShifter_Strike","StSShapeShifter:ShapeShifter_Strike","StSShapeShifter:ShapeShifter_Defend","StSShapeShifter:ShapeShifter_Defend","StSShapeShifter:ShapeShifter_Defend+1","StSShapeShifter:ShapeShifter_Defend","StSShapeShifter:ShapeShifter_Defend+1","StSShapeShifter:BulwarkOfDiscovery","StSShapeShifter:BloomingSlash","StSShapeShifter:StormGryphonForm+1","StSShapeShifter:BurstingSpore","StSShapeShifter:Blossom2+1","StSShapeShifter:HummingbirdForm+1","StSShapeShifter:VineHandcuffs","StSShapeShifter:Spring+1","StSShapeShifter:BurrBomb","StSShapeShifter:SunflowerShuriken","StSShapeShifter:DeepWound","StSShapeShifter:PorcupineForm+1","StSShapeShifter:SpiritOfTheEarth"],"relics":["StSShapeShifter:AnimalHeart","StSShapeShifter:TheShapeShiftersMagnolia","Huge Egg","War Paint","Anchor","Eternal Feather","Fusion Hammer","White Beast Statue","Singing Bowl"],"acts_visited":["Exordium","TheCity"],"potions_floor_usage":[14,18,23],"damage_taken":[{"damage":0.0,"enemies":"Cultist","floor":1.0,"turns":4.0},{"damage":0.0,"enemies":"2 Louse","floor":2.0,"turns":5.0},{"damage":8.0,"enemies":"Small Slimes","floor":5.0,"turns":3.0},{"damage":0,"enemies":"Lagavulin","floor":7,"turns":7},{"damage":12,"enemies":"Gremlin Gang","floor":8,"turns":4},{"damage":5,"enemies":"3 Sentries","floor":10,"turns":4},{"damage":0,"enemies":"Large Slime","floor":13,"turns":5},{"damage":0,"enemies":"HollowMod:MossKnight","floor":14,"turns":5},{"damage":21,"enemies":"The Guardian","floor":16,"turns":9},{"damage":21,"enemies":"2 Thieves","floor":18,"turns":4},{"damage":2,"enemies":"Cultist and Chosen","floor":20,"turns":6},{"damage":8,"enemies":"Snecko","floor":21,"turns":5},{"damage":25,"enemies":"3 Cultists","floor":22,"turns":6},{"damage":0,"enemies":"Slavers","floor":23,"turns":4},{"damage":18,"enemies":"Snake Plant","floor":25,"turns":5},{"damage":13,"enemies":"Centurion and Healer","floor":27,"turns":1}],"seed_played":"-9140781027237496842","potions_obtained":[{"floor":1.0,"key":"Strength Potion"},{"floor":2.0,"key":"LiquidBronze"},{"floor":8,"key":"FearPotion"},{"floor":16,"key":"Weak Potion"},{"floor":20,"key":"bronze:BurnAndBuffPotion"},{"floor":25,"key":"SpeedPotion"}],"is_trial":false,"path_per_floor":["M","M","?","?","M","R","E","M","T","E","?","R","M","E","R","B",null,"M","?","M","M","M","E","T","M","T","M"],"character_chosen":"SHAPESHIFTER","items_purchased":[],"campfire_rested":0,"item_purchase_floors":[],"current_hp_per_floor":[85,85,77,77,69,69,69,57,57,52,52,52,52,52,61,40,85,64,64,62,54,29,29,29,11,11,0,0],"gold":461,"neow_bonus":"TEN_PERCENT_HP_BONUS","is_daily":false,"chose_seed":false,"campfire_upgraded":3,"win_rate":0.0,"timestamp":1614333928,"path_taken":["M","M","?","?","M","R","E","M","T","E","?","R","M","E","R","BOSS","M","?","M","?","M","E","?","M","T","M"],"items_purchased_type":[],"build_version":"2020-12-22","purchased_purges":0,"victory":false,"max_hp_per_floor":[85,85,85,85,85,85,85,85,85,85,85,85,85,85,85,85,85,85,85,85,85,85,85,85,85,85,85,85],"card_choices":[{"not_picked":["StSShapeShifter:ShiftingStrike","StSShapeShifter:FruitBasket"],"picked":"StSShapeShifter:BulwarkOfDiscovery","floor":1.0},{"not_picked":["StSShapeShifter:Rest","StSShapeShifter:Roar"],"picked":"StSShapeShifter:BloomingSlash","floor":2.0},{"not_picked":["StSShapeShifter:PoisonIvy","StSShapeShifter:RatForm"],"picked":"StSShapeShifter:BurstingSpore","floor":5.0},{"not_picked":["StSShapeShifter:AdaptiveStrikes","StSShapeShifter:MagicMushrooms"],"picked":"StSShapeShifter:Blossom2","floor":7},{"not_picked":["StSShapeShifter:Roar","StSShapeShifter:BearForm"],"picked":"StSShapeShifter:HummingbirdForm","floor":8},{"not_picked":["StSShapeShifter:ThornToss","StSShapeShifter:Winter"],"picked":"StSShapeShifter:VineHandcuffs","floor":10},{"not_picked":["StSShapeShifter:BloomingSlash","StSShapeShifter:RockSlide","StSShapeShifter:FallingLeaves"],"picked":"SKIP","floor":13},{"not_picked":["StSShapeShifter:FallingLeaves","StSShapeShifter:IntimidatingAura"],"picked":"StSShapeShifter:Spring","floor":14},{"not_picked":["StSShapeShifter:Summon_Mountains","StSShapeShifter:MooseForm"],"picked":"StSShapeShifter:BurrBomb","floor":16},{"not_picked":["StSShapeShifter:AdaptiveStrikes","StSShapeShifter:WaspSwarmForm"],"picked":"StSShapeShifter:SunflowerShuriken","floor":18},{"not_picked":["StSShapeShifter:CursedApple","StSShapeShifter:CosmicShifter"],"picked":"StSShapeShifter:DeepWound","floor":20},{"not_picked":["StSShapeShifter:ThornToss","StSShapeShifter:BloomingSlash","StSShapeShifter:SquirrelForm"],"picked":"SKIP","floor":21},{"not_picked":["StSShapeShifter:Flourish","StSShapeShifter:Sapling","StSShapeShifter:HippoForm"],"picked":"SKIP","floor":22},{"not_picked":["StSShapeShifter:FallingLeaves","StSShapeShifter:VineHandcuffs"],"picked":"StSShapeShifter:PorcupineForm+1","floor":23},{"not_picked":["StSShapeShifter:BloomingSlash+1","StSShapeShifter:VineHandcuffs"],"picked":"StSShapeShifter:SpiritOfTheEarth","floor":25}],"player_experience":3174139,"relics_obtained":[{"floor":7,"key":"Huge Egg"},{"floor":9,"key":"War Paint"},{"floor":10,"key":"Anchor"},{"floor":14,"key":"Eternal Feather"},{"floor":23,"key":"White Beast Statue"},{"floor":26,"key":"Singing Bowl"}],"event_choices":[{"cards_removed":["StSShapeShifter:ShapeShifter_Strike"],"damage_healed":0,"gold_gain":0,"player_choice":"Purged","damage_taken":0,"max_hp_gain":0,"max_hp_loss":0,"event_name":"Purifier","floor":11,"gold_loss":0},{"cards_removed":["StSShapeShifter:ShapeShifter_Strike"],"damage_healed":0,"gold_gain":0,"player_choice":"Upgrade and Remove","damage_taken":0,"max_hp_gain":0,"max_hp_loss":0,"event_name":"Designer","floor":19,"gold_loss":90,"cards_upgraded":["StSShapeShifter:ShapeShifter_Defend"]}],"is_beta":false,"boss_relics":[{"not_picked":["Calling Bell","Snecko Eye"],"picked":"Fusion Hammer"}],"items_purged_floors":[],"is_endless":false,"potions_floor_spawned":[1,2,8,13,16,20,25],"killed_by":"Centurion and Healer","ascension_level":4}}