{"host":"smvt3ad3q31g2j4m","time":1614355428,"event":{"mods":["BaseMod","Better Skull","Better Third Choice","Colored Map","Downfall","GifTheSpireLib","Minty Spire (QoL Compilation)","Replay The Spire","StSLib"],"gold_per_floor":[0,19,4,4,14,25,25,20,42,61,61,83,83,104,132,146,146,146],"floor_reached":16,"language":"ENG","playtime":854,"items_purged":[],"score":121,"play_id":"9f05bb3a-fa7c-46c3-9bce-fc9a12545e44","local_time":"20210226100348","is_ascension_mode":false,"campfire_choices":[],"circlet_count":0,"master_deck":["sneckomod:Strike","sneckomod:Strike","sneckomod:Defend","sneckomod:Defend","sneckomod:Defend","sneckomod:TailWhip","sneckomod:SnekBite","sneckomod:Unknown","sneckomod:Unknown","sneckomod:Unknown1Cost","sneckomod:Unknown2Cost","ReplayTheSpireMod:Faulty Equipment","Dagger Throw","sneckomod:UnknownStrike","sneckomod:UnknownUncommonPower","Perfected Strike","Dagger Throw","sneckomod:UnknownStrike","Pain","sneckomod:UnknownDraw","ReplayTheSpireMod:LeadingStrike"],"relics":["sneckomod:SneckoSoul","m_SnakeBloodCore","Replay:Bandana","WarpedTongs"],"acts_visited":["Exordium"],"potions_floor_usage":[1,2,9,16,16],"damage_taken":[{"damage":4,"enemies":"Cultist","floor":2,"turns":3},{"damage":5,"enemies":"downfall:FleeingMerchant","floor":3,"turns":4},{"damage":11,"enemies":"Jaw Worm","floor":5,"turns":3},{"damage":8,"enemies":"Small Slimes","floor":6,"turns":3},{"damage":0,"enemies":"downfall:FleeingMerchant","floor":8,"turns":4},{"damage":15,"enemies":"Red Slaver","floor":9,"turns":4},{"damage":7,"enemies":"downfall:LooterAlt","floor":10,"turns":4},{"damage":11,"enemies":"Lots of Slimes","floor":12,"turns":3},{"damage":49,"enemies":"Gremlin Gang","floor":14,"turns":9},{"damage":9,"enemies":"3 Louse","floor":15,"turns":2},{"damage":37,"enemies":"IC_STATUS_ARCHETYPE","floor":16,"turns":6}],"seed_played":"-5832354837663671733","potions_obtained":[{"floor":1,"key":"Weak Potion"},{"floor":1,"key":"Fruit Juice"},{"floor":6,"key":"Strength Potion"},{"floor":9,"key":"champ:CounterPotion"},{"floor":12,"key":"SpeedPotion"},{"floor":14,"key":"champ:CounterPotion"}],"is_trial":false,"path_per_floor":["R_BF","M","$","?","M","M","T","$","M","M","?","M","?","M","M","B"],"character_chosen":"THE_SNECKO","items_purchased":[],"campfire_rested":0,"item_purchase_floors":[],"current_hp_per_floor":[113,109,104,104,96,91,91,94,82,78,78,70,70,38,32,0,0,0],"gold":146,"neow_bonus":"TWENTY_PERCENT_HP_BONUS","is_daily":false,"chose_seed":false,"campfire_upgraded":0,"win_rate":0.0,"timestamp":1614355428,"path_taken":["R_BF","M","?","?","M","M","T","?","?","M","?","?","?","M","M","BOSS"],"items_purchased_type":[],"build_version":"2020-12-22","purchased_purges":0,"victory":false,"max_hp_per_floor":[113,113,113,113,113,113,113,113,113,113,113,113,113,113,113,113,113,113],"card_choices":[{"not_picked":["sneckomod:IronFang","sneckomod:QuickBite"],"picked":"sneckomod:Unknown1Cost","floor":2},{"not_picked":["sneckomod:SoulDraw","sneckomod:UnknownDraw"],"picked":"sneckomod:Unknown2Cost","floor":3},{"not_picked":["sneckomod:Rotation","sneckomod:Unknown1Cost"],"picked":"Dagger Throw","floor":5},{"not_picked":["ReplayTheSpireMod:LeadingStrike","Dagger Throw"],"picked":"sneckomod:UnknownStrike","floor":6},{"not_picked":["sneckomod:SoulDraw","sneckomod:UnknownCommonSkill"],"picked":"sneckomod:UnknownUncommonPower","floor":8},{"not_picked":["Dagger Throw","sneckomod:UnknownX"],"picked":"Perfected Strike","floor":9},{"not_picked":["sneckomod:Restock","sneckomod:IronFang"],"picked":"Dagger Throw","floor":10},{"not_picked":["sneckomod:SoulDraw","Havoc"],"picked":"sneckomod:UnknownStrike","floor":12},{"not_picked":["sneckomod:SoulRoll","sneckomod:SerpentIdol"],"picked":"sneckomod:UnknownDraw","floor":14},{"not_picked":["sneckomod:SoulRoll","sneckomod:IronFang"],"picked":"ReplayTheSpireMod:LeadingStrike","floor":15}],"player_experience":142277,"relics_obtained":[{"floor":7,"key":"Replay:Bandana"}],"event_choices":[{"damage_healed":0,"gold_gain":0,"player_choice":"Rummage","damage_taken":0,"relics_obtained":["WarpedTongs"],"max_hp_gain":0,"max_hp_loss":0,"event_name":"Accursed Blacksmith","floor":13,"gold_loss":0,"cards_obtained":["Pain"]}],"is_beta":false,"boss_relics":[],"items_purged_floors":[],"is_endless":false,"potions_floor_spawned":[6,9,12,14,15],"killed_by":"IC_STATUS_ARCHETYPE","ascension_level":0}}