{"host":"ywerpdd1wea9i2yq","time":1614328236,"event":{"mods":["BaseMod","Minty Spire (QoL Compilation)","StSLib","The Servant 0.9.4"],"gold_per_floor":[119,194,213,258,269,296,296,308,335,335,366,641,641,652,652,753,753,763,779,260,260,275,275,275,303,329,172,205,216,216,226,226,328,328,348,348,367,367,387,387,419,432,457,491,491,516,533,533,533,533,533,533,22,49,49,49],"floor_reached":55,"language":"ENG","playtime":3340,"items_purged":["Regret"],"score":1332,"play_id":"a8e27d54-4cf6-4395-85d6-20a6c68da638","local_time":"20210226093036","is_ascension_mode":true,"campfire_choices":[{"data":"SilverBlades","floor":7.0,"key":"SMITH"},{"data":"Spin","floor":10.0,"key":"SMITH"},{"floor":13.0,"key":"REST"},{"data":"SurpressingFire","floor":15.0,"key":"SMITH"},{"floor":23.0,"key":"REST"},{"data":"KillingDoll","floor":30.0,"key":"SMITH"},{"data":"SurpressingFire","floor":32.0,"key":"SMITH"},{"floor":40.0,"key":"REST"},{"floor":45,"key":"RECALL"},{"floor":49,"key":"REST"},{"data":"Transmutation","floor":52,"key":"SMITH"}],"circlet_count":0,"master_deck":["Strike_S+1","Strike_S+1","Strike_S+1","Strike_S+1","Defend_S+1","Defend_S+1","Defend_S+1","Defend_S+1","KidneyShot","Exchange","KillingDoll+1","DoubleEdge+1","SurpressingFire+1","SilverBlades+1","Hightail","Spin+1","TimeTheft","Dilation","Solidify","ShatteredReality+1","TimeWarp+1","Defy+1","Alleviate+1","Sabotage+1","SurpressingFire+1","TheWorld","Defy+1","DualDimension+1","Madness","Madness","Moondial+1","LightFlow","GearUp+1","Luminosity+1","MoonPhase+1","Secret Technique","Transmutation+1","Discovery","Defy","Potential+1"],"relics":["Uniform","KneeBrace","Lantern","Bird Faced Urn","StoneMask","PreservedInsect","OrangePellets","Regal Pillow","Ancient Tea Set","MealTicket","Bag of Preparation","Orichalcum","SlaversCollar","Whetstone","Nunchaku","Blood Vial","Broom","Bronze Scales","Vajra","Mercury Hourglass"],"acts_visited":["Exordium","TheCity","TheBeyond","TheEnding"],"potions_floor_usage":[44,50,55],"damage_taken":[{"damage":3.0,"enemies":"2 Louse","floor":1.0,"turns":3.0},{"damage":0.0,"enemies":"Cultist","floor":3.0,"turns":3.0},{"damage":5.0,"enemies":"Small Slimes","floor":5.0,"turns":4.0},{"damage":4.0,"enemies":"Gremlin Nob","floor":6.0,"turns":3.0},{"damage":5.0,"enemies":"2 Fungi Beasts","floor":8.0,"turns":5.0},{"damage":31.0,"enemies":"3 Sentries","floor":11.0,"turns":8.0},{"damage":4.0,"enemies":"Looter","floor":14.0,"turns":4.0},{"damage":13.0,"enemies":"Hexaghost","floor":16.0,"turns":11.0},{"damage":21.0,"enemies":"3 Byrds","floor":18.0,"turns":4.0},{"damage":15.0,"enemies":"Shell Parasite","floor":19.0,"turns":5.0},{"damage":32.0,"enemies":"Snake Plant","floor":22.0,"turns":7.0},{"damage":15.0,"enemies":"Slavers","floor":25.0,"turns":4.0},{"damage":17.0,"enemies":"Gremlin Leader","floor":28.0,"turns":7.0},{"damage":0.0,"enemies":"Centurion and Healer","floor":29.0,"turns":5.0},{"damage":5.0,"enemies":"Chosen and Byrds","floor":31.0,"turns":6.0},{"damage":0.0,"enemies":"Champ","floor":33.0,"turns":18.0},{"damage":0.0,"enemies":"Orb Walker","floor":35.0,"turns":4.0},{"damage":14.0,"enemies":"3 Darklings","floor":37.0,"turns":5.0},{"damage":57.0,"enemies":"Transient","floor":39.0,"turns":5.0},{"damage":0.0,"enemies":"Nemesis","floor":41.0,"turns":7.0},{"damage":0,"enemies":"Maw","floor":42,"turns":11},{"damage":33,"enemies":"Reptomancer","floor":44,"turns":5},{"damage":4,"enemies":"Nemesis","floor":46,"turns":9},{"damage":27,"enemies":"Sphere and 2 Shapes","floor":47,"turns":7},{"damage":0,"enemies":"Donu and Deca","floor":50,"turns":9},{"damage":43,"enemies":"Shield and Spear","floor":54,"turns":5},{"damage":112,"enemies":"The Heart","floor":55,"turns":9}],"seed_played":"-6985619908173268803","potions_obtained":[{"floor":3.0,"key":"Swift Potion"},{"floor":11.0,"key":"Fire Potion"},{"floor":14.0,"key":"SteroidPotion"},{"floor":16.0,"key":"LiquidMemories"},{"floor":25.0,"key":"Block Potion"},{"floor":29.0,"key":"Dexterity Potion"},{"floor":35.0,"key":"LiquidMemories"},{"floor":39.0,"key":"PowerPotion"}],"is_trial":false,"path_per_floor":["M","?","M","T","M","E","R","M","T","R","E","?","R","M","R","B",null,"M","M","$","?","M","R","?","E","T","$","E","M","R","M","R","B",null,"M","?","M","?","M","R","E","M","T","E","R","E","M","?","R","B",null,"R","$","E","B"],"character_chosen":"THE_SERVANT","items_purchased":["PreservedInsect","OrangePellets","Regal Pillow","Bag of Preparation","Bronze Scales","Vajra","FairyPotion","LiquidBronze","Defy"],"campfire_rested":4,"item_purchase_floors":[20,20,20,27,53,53,53,53,53],"current_hp_per_floor":[56,50,50,50,45,41,41,36,36,36,5,5,24,22,22,13,52,42,34,34,34,9,45,32,28,28,43,33,43,43,48,48,57,77,82,82,77,66,14,55,64,73,73,47,47,54,44,34,77,96,96,96,96,65,0,0],"gold":49,"neow_bonus":"ONE_RANDOM_RARE_CARD","is_daily":false,"chose_seed":false,"campfire_upgraded":6,"win_rate":0.0,"timestamp":1614328236,"path_taken":["M","?","?","?","M","E","R","M","T","R","E","?","R","M","R","BOSS","M","?","$","?","M","R","?","E","T","$","E","M","R","M","R","BOSS","M","?","M","?","M","R","E","M","T","E","R","E","M","?","R","BOSS","R","$","E","BOSS"],"items_purchased_type":["Relic","Relic","Relic","Relic","Relic","Relic","Potion","Potion","Card"],"build_version":"2020-12-22","purchased_purges":1,"victory":false,"max_hp_per_floor":[65,65,65,65,65,65,65,65,65,65,65,65,65,65,65,65,65,68,69,69,69,70,70,75,78,78,78,79,81,81,83,83,84,84,85,85,86,86,87,87,88,89,89,90,90,91,94,94,94,96,96,96,96,98,98,98],"card_choices":[{"not_picked":["ShatteredReality","Ricochet"],"picked":"DoubleEdge","floor":1.0},{"not_picked":["Alleviate","RealityMarble"],"picked":"SurpressingFire","floor":3.0},{"not_picked":["Unruled","Potential"],"picked":"SilverBlades","floor":5.0},{"not_picked":["Replace","Contraction"],"picked":"Hightail","floor":6.0},{"not_picked":["Revamp","StarChef"],"picked":"Spin","floor":8.0},{"not_picked":["Replace","ReturningBlade"],"picked":"TimeTheft","floor":11.0},{"not_picked":["Gouge","ShiftingGears"],"picked":"Dilation","floor":14.0},{"not_picked":["Duplication","Initiator"],"picked":"Solidify","floor":16.0},{"not_picked":["Snipe+1","Revamp+1"],"picked":"ShatteredReality+1","floor":18.0},{"not_picked":["Revamp","Defy"],"picked":"TimeWarp+1","floor":19.0},{"not_picked":["FastForward","InstantArmor"],"picked":"Defy+1","floor":22.0},{"not_picked":["Duplication","Unruled","FastForward"],"picked":"SKIP","floor":25.0},{"not_picked":["Revamp","Unruled"],"picked":"Alleviate+1","floor":28.0},{"not_picked":["Read","Unruled"],"picked":"Sabotage","floor":29.0},{"not_picked":["Unruled","Moonlight"],"picked":"SurpressingFire","floor":31.0},{"not_picked":["FloweringNight","KillingDoll"],"picked":"TheWorld","floor":33.0},{"not_picked":["Unruled","Revamp"],"picked":"Defy+1","floor":35.0},{"not_picked":["Deadline+1","Alleviate+1"],"picked":"DualDimension+1","floor":37.0},{"not_picked":["Comet","SpecialFormula"],"picked":"Moondial+1","floor":39.0},{"not_picked":["Unruled+1","Potential+1"],"picked":"LightFlow","floor":41.0},{"not_picked":["Replace","Orbit","ReturningBlade"],"picked":"SKIP","floor":42},{"not_picked":["Revamp+1","Potential"],"picked":"GearUp+1","floor":44},{"not_picked":["Potential","Rearm+1"],"picked":"Luminosity+1","floor":46},{"not_picked":["TimeWarp","Hightail"],"picked":"MoonPhase+1","floor":47},{"not_picked":["Impatience","Blind"],"picked":"Secret Technique","floor":48},{"not_picked":["Dark Shackles","Jack Of All Trades"],"picked":"Transmutation","floor":48},{"not_picked":["Impatience","Panacea"],"picked":"Discovery","floor":48},{"not_picked":["FanOfKnives","Revamp"],"picked":"Potential+1","floor":54}],"player_experience":1938454,"relics_obtained":[{"floor":6.0,"key":"KneeBrace"},{"floor":9.0,"key":"Lantern"},{"floor":11.0,"key":"Bird Faced Urn"},{"floor":25.0,"key":"Ancient Tea Set"},{"floor":26.0,"key":"MealTicket"},{"floor":28.0,"key":"Orichalcum"},{"floor":41.0,"key":"Whetstone"},{"floor":43,"key":"Nunchaku"},{"floor":44,"key":"Blood Vial"},{"floor":46,"key":"Broom"},{"floor":54,"key":"Mercury Hourglass"}],"event_choices":[{"damage_healed":0.0,"max_hp_gain":0.0,"max_hp_loss":0.0,"gold_gain":75.0,"event_name":"FaceTrader","player_choice":"Touch","floor":2.0,"gold_loss":0.0,"damage_taken":6.0},{"damage_healed":0.0,"max_hp_gain":0.0,"max_hp_loss":0.0,"gold_gain":275.0,"event_name":"Golden Shrine","player_choice":"Desecrate","floor":12.0,"gold_loss":0.0,"damage_taken":0.0,"cards_obtained":["Regret"]},{"damage_healed":0.0,"max_hp_gain":0.0,"max_hp_loss":0.0,"gold_gain":0.0,"event_name":"Back to Basics","player_choice":"Simplicity","floor":21.0,"gold_loss":0.0,"damage_taken":0.0,"cards_upgraded":["Strike_S","Strike_S","Strike_S","Strike_S","Defend_S","Defend_S","Defend_S","Defend_S"]},{"damage_healed":0.0,"max_hp_gain":5.0,"max_hp_loss":0.0,"gold_gain":0.0,"event_name":"Forgotten Altar","player_choice":"Shed Blood","floor":24.0,"gold_loss":0.0,"damage_taken":18.0},{"damage_healed":0.0,"max_hp_gain":0.0,"max_hp_loss":0.0,"gold_gain":0.0,"event_name":"Tomb of Lord Red Mask","player_choice":"Ignored","floor":36.0,"gold_loss":0.0,"damage_taken":0.0},{"damage_healed":0.0,"max_hp_gain":0.0,"max_hp_loss":0.0,"gold_gain":0.0,"event_name":"Winding Halls","player_choice":"Embrace Madness","floor":38.0,"gold_loss":0.0,"damage_taken":11.0,"cards_obtained":["Madness","Madness"]},{"damage_healed":0,"gold_gain":0,"player_choice":"Memory 3","damage_taken":10,"max_hp_gain":0,"max_hp_loss":0,"event_name":"SensoryStone","floor":48,"gold_loss":0}],"is_beta":false,"boss_relics":[{"not_picked":["Ectoplasm","Sozu"],"picked":"StoneMask"},{"not_picked":["Astrolabe","SacredBark"],"picked":"SlaversCollar"}],"items_purged_floors":[20],"is_endless":false,"potions_floor_spawned":[3,11,14,16,25,29,33,35,39,42],"killed_by":"The Heart","ascension_level":8}}