{"host":"4zd9qxtdu4r42b0n","time":1614378652,"event":{"mods":["100% Spire Juice","Act Like it!","BaseMod","Beaked The Cultist","Better Third Choice","BetterRewards","ChefMod","Colored Map","Dota2Spire","Elementarium","Hermit","Hubris","Infinite Spire","Jorbs\u0027s Wanderer Trilogy","Koishi","Marisa????????","Menagerie","Minty Spire (QoL Compilation)","Potionbrewer","Rare Cards Sparkle","Relic Stats","Reliquary","Replay The Spire","Robot Space Explorer","Ruina","Shade Mod","Shapeshifter Mod","Spicy Shops","Spire Arcade","StSLib","The Animator","The Caster","The Clintock","The Construct","The Cursed","The Dragon Tamer","The Dragonkin","The Fake Hero","The Gatherer","The Hayseed","The Jungle","The Marked","The Mystic","The Necromancer","The Runesmith","The Servant 0.9.4","The Spell Scribe","TheFirefly","Wandering Minibosses","thorton","??????REMEMod"],"gold_per_floor":[119,138,138,257,257,257,292,311,335,108,121,121,147,180,180,280,280,294,294,305,305,420,420,446,461,461,411,422,422,76,105,105,207,207,217,217,285,285,335,368,368,381,408,408,428,428,459,459,459,459,459,459,9,53,53],"floor_reached":56,"language":"ENG","playtime":9627,"items_purged":[],"score":1685,"play_id":"a5411522-8cc7-47c2-adba-360bde34eca7","local_time":"20210226173052","is_ascension_mode":true,"campfire_choices":[{"floor":6,"key":"REST"},{"floor":12,"key":"RECALL"},{"data":"SoulSculpture","floor":15,"key":"SMITH"},{"data":"BestPractice","floor":23,"key":"SMITH"},{"data":"MurderousAura","floor":29,"key":"SMITH"},{"data":"LightFlow","floor":32,"key":"SMITH"},{"data":"Embodiment","floor":41,"key":"SMITH"},{"data":"BestPractice","floor":44,"key":"SMITH"},{"data":"infinitespire:Starlight","floor":49,"key":"SMITH"},{"data":"DoubleEdge","floor":52,"key":"SMITH"}],"circlet_count":0,"master_deck":["Strike_S","Strike_S","Strike_S","Defend_S","Defend_S","Defend_S","Defend_S","KidneyShot","Exchange","animator:Sora","Potential","DoubleEdge+1","infinitespire:Starlight+1","Defy","Read","Barrier","BestPractice+1","BestPractice+1","SoulSculpture+1","Solidify","ruina:Harvest","MurderousAura+1","BottledTime+1","Clumsy","Barrier","Ricochet","LightFlow+1","Embodiment+1","ReplayTheSpireMod:Splinters","InstantArmor+1","GearUp","Dilation","Replay:Sluggish","Snipe+1","TheWorld","Luminosity"],"relics":["Uniform","REME_ComplimentaryCards","Shuriken","Strange Spoon","hubris:Icosahedron","infinitespire:Golems Mask","Dota2Spire:DrumOfEndurance","reliquary:Stiletto","Runesmith:UraniumAnvil","Dota2Spire:LotusOrb","potionbrewer:BottledElixir","Du-Vu Doll","ruina:FalsePresent","potionbrewer:Keyblade","Dota2Spire:EchoSabre","ReplayTheSpireMod:TigerMarble","Coffee Dripper","reliquary:RoseTintedGlasses","Ring of Greed","Ring of Searing","Golden Idol","The Courier","InkBottle","Pet Ghost","infinitespire:WardingShard","reliquary:Sod","hubris:Towel","Chameleon Ring","Vajra","Dota2Spire:ArmletOfMordiggian"],"acts_visited":["Menagerie:Menagerie","ruina:Briah","TheBeyond","TheEnding"],"potions_floor_usage":[7,16,24,40,45],"damage_taken":[{"damage":24,"enemies":"Menagerie:MonstrousExperiment","floor":1,"turns":16},{"damage":0,"enemies":"Menagerie:2_RABBITS","floor":2,"turns":5},{"damage":0,"enemies":"Menagerie:StygianBoar","floor":4,"turns":4},{"damage":37,"enemies":"Menagerie:VoidReaper","floor":7,"turns":6},{"damage":0,"enemies":"Menagerie:MeltingSalamander","floor":8,"turns":4},{"damage":4,"enemies":"Menagerie:STYGIAN_BOAR_AND_RABBIT","floor":11,"turns":6},{"damage":18,"enemies":"Menagerie:Hydra","floor":14,"turns":7},{"damage":12,"enemies":"Menagerie:Suneater","floor":16,"turns":7},{"damage":29,"enemies":"ruina:3_Bats","floor":18,"turns":7},{"damage":11,"enemies":"ruina:Nosferatu","floor":20,"turns":5},{"damage":2,"enemies":"ruina:RoadHome","floor":24,"turns":10},{"damage":8,"enemies":"ruina:KingOfGreed","floor":25,"turns":5},{"damage":21,"enemies":"ruina:3_Scarecrows","floor":28,"turns":6},{"damage":0,"enemies":"ruina:ServantOfWrath","floor":31,"turns":4},{"damage":1,"enemies":"ruina:Red_and_Wolf","floor":33,"turns":9},{"damage":4,"enemies":"Orb Walker","floor":35,"turns":2},{"damage":33,"enemies":"Reptomancer","floor":40,"turns":4},{"damage":0,"enemies":"3 Darklings","floor":42,"turns":1},{"damage":0,"enemies":"Spire Growth","floor":45,"turns":2},{"damage":0,"enemies":"Giant Head","floor":47,"turns":5},{"damage":16,"enemies":"TheAcolyte","floor":50,"turns":5},{"damage":5,"enemies":"Shield and Spear","floor":54,"turns":3},{"damage":17,"enemies":"The Heart","floor":55,"turns":5}],"seed_played":"-4599223273051304001","potions_obtained":[{"floor":1,"key":"DistilledChaos"},{"floor":8,"key":"FearPotion"},{"floor":16,"key":"FearPotion"},{"floor":18,"key":"LifebloodPotion"},{"floor":24,"key":"SpeedPotion"},{"floor":27,"key":"Regen Potion"},{"floor":37,"key":"Block Potion"},{"floor":37,"key":"AttackPotion"},{"floor":40,"key":"Regen Potion"},{"floor":47,"key":"potionbrewer:MidasPotion"}],"is_trial":false,"path_per_floor":["M","M","?","M","?","R","E","M","T","$","M","R","T","E","R","B",null,"M","?","M","AVR","?","R","E","M","T","?","M","R","$","E","R","B",null,"M","?","?","?","?","E","R","M","T","R","M","AVR","E","?","R","B",null,"R","$","E","B",null],"character_chosen":"THE_SERVANT","items_purchased":["Shuriken","Strange Spoon","Barrier","BestPractice","Energy Potion","potionbrewer:Keyblade","Dota2Spire:EchoSabre","Ricochet","TheWorld","Chameleon Ring","Vajra"],"campfire_rested":1,"item_purchase_floors":[0,0,10,10,10,30,30,30,53,53,53],"current_hp_per_floor":[41,41,41,41,25,44,17,27,27,27,48,48,48,60,60,63,65,51,51,54,54,54,54,65,62,62,58,48,48,48,58,58,57,60,60,60,60,60,60,42,42,42,42,42,52,52,60,60,60,44,60,60,60,60,43],"gold":53,"neow_bonus":"","is_daily":false,"chose_seed":false,"campfire_upgraded":8,"win_rate":0.0,"timestamp":1614378652,"path_taken":["M","M","?","M","?","R","E","?","T","$","M","R","?","E","R","BOSS","M","?","M","AVR","?","R","E","M","T","?","?","R","$","E","R","BOSS","M","?","?","?","?","E","R","?","T","R","M","AVR","E","?","R","BOSS","R","$","E","BOSS"],"items_purchased_type":["Relic","Relic","Card","Card","Potion","Relic","Relic","Card","Card","Relic","Relic"],"build_version":"2020-12-22","purchased_purges":0,"victory":true,"max_hp_per_floor":[65,65,65,65,65,65,65,65,65,65,65,65,65,65,65,65,65,65,65,65,65,65,65,65,65,65,60,60,60,60,60,60,60,60,60,60,60,60,60,60,60,60,60,60,60,60,60,60,60,60,60,60,60,60,60],"relic_stats":{"Strange Spoon":[46],"counters":[73,424],"Shuriken":[16],"Golden Idol":80,"obtain_stats":[{"hubris:CrystalStatue":9,"Calipers":29,"Vampiric Spirits":3,"Dota2Spire:ArmletOfMordiggian":54,"Vajra":53,"potionbrewer:SalesContract":42,"infinitespire:Cubic Diamond":2,"Uniform":2,"Ginger":47,"reliquary:RedCape":39,"Ring of Searing":39,"thethorton:BrokenCalculator":36,"DollysMirror":53,"Honey Jar":17,"infinitespire:Golems Mask":7,"reliquary:FingerTrap":29,"ruina:FalsePresent":27,"ReplayTheSpireMod:CursedCoin":36,"Oddly Smooth Stone":0,"Replay:Ancient Bell":17,"Dota2Spire:HeartOfTarrasque":22,"infinitespire:Magic Flask":0,"REME_LimitBreaker":8,"infinitespire:EvilPickle":34,"Du-Vu Doll":26,"Dota2Spire:AghanimScepter":22,"infinitespire:Broken Mirror":0,"Shuriken":0,"StSShapeShifter:DruidicMedallion":0,"reliquary:BallBearing":43,"ReplayTheSpireMod:TigerMarble":31,"ReplayFunnel":4,"Dota2Spire:EchoSabre":30,"Lantern":53,"Mango":0,"Dota2Spire:DrumOfEndurance":9,"Dota2Spire:Vanguard":45,"Juzu Bracelet":7,"Dota2Spire:LotusOrb":17,"Pet Ghost":43,"Frozen Eye":28,"reliquary:HotPoker":17,"Dream Catcher":6,"Nunchaku":45,"hubris:Backtick":29,"Chameleon Ring":54,"hubris:Icosahedron":3,"Pantograph":0,"Dota2Spire:BladeMail":33,"reliquary:RoseTintedGlasses":37,"Dota2Spire:AssaultCuirass":17,"Replay:Bottled Eggs":6,"InkBottle":40,"Ring of the Snake":0,"StSShapeShifter:TheShapeShiftersMagnolia":0,"Dota2Spire:MantaStyle":6,"BargainBundle":0,"StSShapeShifter:AnimalHeart":0,"Golden Idol":13,"Thread and Needle":40,"infinitespire:Joker Card":4,"PreservedInsect":9,"The Courier":39,"infinitespire:Lucky Rock":3,"Ring of Greed":39,"hubris:Towel":48,"reliquary:IridiumChain":42,"reliquary:Sod":47,"Strange Spoon":42,"infinitespire:WardingShard":46,"infinitespire:Satchel":0,"reliquary:Craggleroot":34,"Orrery":0,"Runesmith:UraniumAnvil":17,"reliquary:Stiletto":14,"Snack Pack":14,"Durian":39,"Coffee Dripper":34,"Membership Card":7,"potionbrewer:BottledElixir":24,"potionbrewer:Keyblade":0,"REME_ComplimentaryCards":0,"StSShapeShifter:BeastkeepersGift":11},{"hubris:CrystalStatue":3,"Calipers":27,"Vampiric Spirits":2,"Dota2Spire:ArmletOfMordiggian":72,"Vajra":71,"potionbrewer:SalesContract":35,"infinitespire:Cubic Diamond":7,"Uniform":7,"Ginger":37,"reliquary:RedCape":33,"Ring of Searing":66,"thethorton:BrokenCalculator":31,"DollysMirror":38,"Honey Jar":21,"infinitespire:Golems Mask":54,"reliquary:FingerTrap":27,"ruina:FalsePresent":62,"ReplayTheSpireMod:CursedCoin":31,"Oddly Smooth Stone":40,"Replay:Ancient Bell":6,"Dota2Spire:HeartOfTarrasque":23,"infinitespire:Magic Flask":40,"REME_LimitBreaker":18,"infinitespire:EvilPickle":30,"Du-Vu Doll":62,"Dota2Spire:AghanimScepter":23,"infinitespire:Broken Mirror":6,"Shuriken":50,"StSShapeShifter:DruidicMedallion":13,"reliquary:BallBearing":35,"ReplayTheSpireMod:TigerMarble":64,"ReplayFunnel":2,"Dota2Spire:EchoSabre":63,"Lantern":38,"Mango":40,"Dota2Spire:DrumOfEndurance":55,"Dota2Spire:Vanguard":35,"Juzu Bracelet":47,"Dota2Spire:LotusOrb":6,"Pet Ghost":68,"Frozen Eye":62,"reliquary:HotPoker":6,"Dream Catcher":9,"Nunchaku":35,"hubris:Backtick":27,"Chameleon Ring":39,"hubris:Icosahedron":52,"Pantograph":40,"Dota2Spire:BladeMail":30,"reliquary:RoseTintedGlasses":66,"Dota2Spire:AssaultCuirass":6,"Replay:Bottled Eggs":17,"InkBottle":67,"Ring of the Snake":0,"StSShapeShifter:TheShapeShiftersMagnolia":0,"Dota2Spire:MantaStyle":3,"BargainBundle":6,"StSShapeShifter:AnimalHeart":0,"Golden Idol":19,"Thread and Needle":34,"infinitespire:Joker Card":7,"PreservedInsect":18,"The Courier":66,"infinitespire:Lucky Rock":7,"Ring of Greed":66,"hubris:Towel":70,"reliquary:IridiumChain":35,"reliquary:Sod":70,"Strange Spoon":35,"infinitespire:WardingShard":69,"infinitespire:Satchel":6,"reliquary:Craggleroot":30,"Orrery":40,"Runesmith:UraniumAnvil":58,"reliquary:Stiletto":57,"Snack Pack":5,"Durian":33,"Coffee Dripper":65,"Membership Card":3,"potionbrewer:BottledElixir":61,"potionbrewer:Keyblade":6,"REME_ComplimentaryCards":0,"StSShapeShifter:BeastkeepersGift":49},{"hubris:CrystalStatue":5,"Calipers":139,"Vampiric Spirits":3,"Dota2Spire:ArmletOfMordiggian":419,"Vajra":416,"potionbrewer:SalesContract":205,"infinitespire:Cubic Diamond":20,"Uniform":20,"Ginger":215,"reliquary:RedCape":187,"Ring of Searing":399,"thethorton:BrokenCalculator":175,"DollysMirror":221,"Honey Jar":91,"infinitespire:Golems Mask":327,"reliquary:FingerTrap":139,"ruina:FalsePresent":378,"ReplayTheSpireMod:CursedCoin":175,"Oddly Smooth Stone":236,"Replay:Ancient Bell":18,"Dota2Spire:HeartOfTarrasque":102,"infinitespire:Magic Flask":236,"REME_LimitBreaker":73,"infinitespire:EvilPickle":170,"Du-Vu Doll":378,"Dota2Spire:AghanimScepter":102,"infinitespire:Broken Mirror":18,"Shuriken":296,"StSShapeShifter:DruidicMedallion":39,"reliquary:BallBearing":205,"ReplayTheSpireMod:TigerMarble":388,"ReplayFunnel":3,"Dota2Spire:EchoSabre":384,"Lantern":221,"Mango":236,"Dota2Spire:DrumOfEndurance":331,"Dota2Spire:Vanguard":205,"Juzu Bracelet":282,"Dota2Spire:LotusOrb":18,"Pet Ghost":404,"Frozen Eye":378,"reliquary:HotPoker":18,"Dream Catcher":26,"Nunchaku":205,"hubris:Backtick":139,"Chameleon Ring":227,"hubris:Icosahedron":317,"Pantograph":236,"Dota2Spire:BladeMail":166,"reliquary:RoseTintedGlasses":399,"Dota2Spire:AssaultCuirass":18,"Replay:Bottled Eggs":65,"InkBottle":403,"Ring of the Snake":0,"StSShapeShifter:TheShapeShiftersMagnolia":0,"Dota2Spire:MantaStyle":5,"BargainBundle":18,"StSShapeShifter:AnimalHeart":0,"Golden Idol":79,"Thread and Needle":199,"infinitespire:Joker Card":20,"PreservedInsect":73,"The Courier":399,"infinitespire:Lucky Rock":20,"Ring of Greed":399,"hubris:Towel":411,"reliquary:IridiumChain":205,"reliquary:Sod":411,"Strange Spoon":205,"infinitespire:WardingShard":406,"infinitespire:Satchel":18,"reliquary:Craggleroot":170,"Orrery":236,"Runesmith:UraniumAnvil":351,"reliquary:Stiletto":344,"Snack Pack":7,"Durian":187,"Coffee Dripper":397,"Membership Card":5,"potionbrewer:BottledElixir":373,"potionbrewer:Keyblade":18,"REME_ComplimentaryCards":0,"StSShapeShifter:BeastkeepersGift":293}],"InkBottle":[11]},"card_choices":[{"not_picked":["FanOfKnives","DoubleEdge"],"picked":"Potential","floor":1},{"not_picked":["Collapse","Shuttle","Revamp"],"picked":"SKIP","floor":2},{"not_picked":["Defy","Revamp"],"picked":"DoubleEdge","floor":4},{"not_picked":["infinitespire:Menacing","infinitespire:Collect"],"picked":"infinitespire:Starlight","floor":5},{"not_picked":["Collapse","Spin"],"picked":"Defy","floor":7},{"not_picked":["ReturningBlade","Sabotage"],"picked":"Read","floor":8},{"not_picked":["SoulSculpture","Replace"],"picked":"BestPractice","floor":11},{"not_picked":["Reset","KillingDoll"],"picked":"SoulSculpture","floor":14},{"not_picked":["KillingDoll","Dilation"],"picked":"Solidify","floor":16},{"not_picked":["Alleviate","StarChef","Defy"],"picked":"SKIP","floor":18},{"not_picked":["DoubleEdge","Replace","Unruled+1"],"picked":"SKIP","floor":20},{"not_picked":["Spin","FastForward"],"picked":"MurderousAura","floor":24},{"not_picked":["Replace","Revamp+1"],"picked":"BottledTime+1","floor":25},{"not_picked":["BottledTime","FastForward"],"picked":"Barrier","floor":28},{"not_picked":["Rearm","Revamp"],"picked":"LightFlow","floor":31},{"not_picked":["Solidify","LightFlow"],"picked":"Embodiment","floor":33},{"not_picked":["Potential+1","Advance+1","Collapse"],"picked":"SKIP","floor":35},{"not_picked":["Ricochet","MoonPhase+1"],"picked":"InstantArmor+1","floor":37},{"not_picked":["SpecialFormula","BottledTime+1"],"picked":"Dilation","floor":40},{"not_picked":["Read+1","ShatteredReality+1","Starlight"],"picked":"SKIP","floor":42},{"not_picked":["Reset+1","Ricochet","BottledTime"],"picked":"SKIP","floor":45},{"not_picked":["Potential+1","Rearm+1"],"picked":"Snipe+1","floor":47},{"not_picked":["Rearm+1","Gouge+1"],"picked":"Luminosity","floor":54}],"player_experience":1248649,"relics_obtained":[{"floor":7,"key":"infinitespire:Golems Mask"},{"floor":9,"key":"Dota2Spire:DrumOfEndurance"},{"floor":14,"key":"reliquary:Stiletto"},{"floor":24,"key":"potionbrewer:BottledElixir"},{"floor":26,"key":"Du-Vu Doll"},{"floor":31,"key":"ReplayTheSpireMod:TigerMarble"},{"floor":37,"key":"reliquary:RoseTintedGlasses"},{"floor":39,"key":"Ring of Greed"},{"floor":39,"key":"Ring of Searing"},{"floor":39,"key":"Golden Idol"},{"floor":39,"key":"The Courier"},{"floor":40,"key":"InkBottle"},{"floor":43,"key":"Pet Ghost"},{"floor":47,"key":"reliquary:Sod"},{"floor":54,"key":"Dota2Spire:ArmletOfMordiggian"}],"event_choices":[{"damage_healed":0,"gold_gain":0,"player_choice":"Ignored","damage_taken":0,"max_hp_gain":0,"max_hp_loss":0,"event_name":"Tomb of Lord Red Mask","floor":36,"gold_loss":0}],"is_beta":false,"boss_relics":[{"not_picked":["reliquary:Ember","hubris:ScarierMask"],"picked":"Runesmith:UraniumAnvil"},{"not_picked":["beaked:SacredDeck","reliquary:KinkedSpring"],"picked":"Coffee Dripper"}],"items_purged_floors":[],"is_endless":false,"potions_floor_spawned":[1,8,16,18,24,28,40,42,47,54],"ascension_level":1}}