{"host":"ggy1mjjy92c62u6a","time":1614326189,"event":{"mods":["10 clothes from DAL","ATMod(阿瑾Mod)","Act Like it!","BaseMod","Colored Powertips","GifTheSpireLib","Infinite Spire","Library of Ruina","Library of Ruina Extra","Lobotomy","LobotomyExtend","Marisa（F雨　魔理沙）","Minty Spire (QoL Compilation)","Quick Restart","Relic Filter Mod","Relic Stats","Reliquary","Remilia（蕾米莉亚）","Replay The Spire","RumiaBox-露米娅的神秘盒子","Shop Mod","Spicy Shops","StSLib","SuperFastMode","Youmu（魂魄妖梦）","[功能]功能增强和修复MOD","【功能Mod】混沌之环修复补丁","【遗物Mod】死灵法师NEW","【遗物卡牌】REMEMod"],"gold_per_floor":[136,148,148,423,375,375,395,395,469,485,485,485,485,23,23,194,194,194,194],"floor_reached":18,"language":"ZHS","playtime":408,"items_purged":["Regret"],"score":320,"play_id":"d47d281d-c775-4676-8f4e-9f60d9546bd1","local_time":"20210226155629","is_ascension_mode":true,"campfire_choices":[{"data":"AT_RealColorLess","floor":6,"key":"SMITH"},{"data":"AT_ManFootWork","floor":8,"key":"SMITH"},{"floor":15,"key":"REST"}],"circlet_count":0,"master_deck":["Strike_G","Strike_G","Strike_G","Strike_G","Strike_G","Defend_G","Defend_G","Defend_G","Defend_G","Defend_G","Survivor","Neutralize","AT_RealColorLess+1","AT_ManFootWork+1","AT_ThistleTea","CommonCold"],"relics":["REME_ComplimentaryCards","AT_ATBox","reliquary:Craggleroot","Baka","LetterFromLob","AT_BladeRuinedKing","AT_ForceNature","ReplayTheSpireMod:Ring of Challenge","Ring of Fury","Golden Idol","GodSword4","Chameleon Ring","MerchantsRug","Strange Spoon","Replay:Ringing Soul","AT_TrinityForce"],"acts_visited":["Exordium","TheCity"],"potions_floor_usage":[5],"damage_taken":[{"damage":5,"enemies":"Jaw Worm","floor":1,"turns":3},{"damage":7,"enemies":"Cultist","floor":2,"turns":4},{"damage":6,"enemies":"Small Slimes","floor":5,"turns":4},{"damage":15,"enemies":"Looter","floor":7,"turns":5},{"damage":9,"enemies":"Blue Slaver","floor":10,"turns":6},{"damage":0,"enemies":"Fading Forest","floor":16,"turns":8}],"seed_played":"2621791663452817949","potions_obtained":[{"floor":5,"key":"EntropicBrew"}],"is_trial":false,"path_per_floor":["M","M","?","?","M","R","M","R","T","M","?","?","T","$","R","B",null,"M"],"character_chosen":"THE_SILENT","items_purchased":["Chameleon Ring","MerchantsRug","Strange Spoon","Replay:Ringing Soul"],"campfire_rested":1,"item_purchase_floors":[14,14,14,14],"current_hp_per_floor":[58,70,58,58,52,52,37,37,37,43,43,18,18,18,48,48,87,0,0],"gold":194,"neow_bonus":"BOSS_RELIC","is_daily":false,"chose_seed":false,"campfire_upgraded":2,"win_rate":0.0,"timestamp":1614326189,"path_taken":["M","M","?","?","?","R","M","R","T","M","?","?","?","?","R","BOSS","M"],"items_purchased_type":["Relic","Relic","Relic","Relic"],"build_version":"2020-12-22","purchased_purges":1,"victory":false,"max_hp_per_floor":[70,100,100,100,100,100,100,100,100,100,100,100,100,100,100,100,100,100,100],"relic_stats":{"Strange Spoon":[2],"counters":[6,30],"Golden Idol":25,"obtain_stats":[{"AT_ForceNature":9,"MerchantsRug":14,"AT_ATBox":0,"Golden Idol":12,"AT_BladeRuinedKing":3,"Baka":1,"Strange Spoon":14,"Replay:Ringing Soul":14,"Chameleon Ring":14,"reliquary:Craggleroot":0,"AT_TrinityForce":17,"Ring of Fury":11,"LetterFromLob":1,"ReplayTheSpireMod:Ring of Challenge":11,"GodSword4":13,"Ring of the Snake":0,"REME_ComplimentaryCards":0},{"AT_ForceNature":4,"MerchantsRug":5,"AT_ATBox":0,"Golden Idol":5,"AT_BladeRuinedKing":2,"Baka":1,"Strange Spoon":5,"Replay:Ringing Soul":5,"Chameleon Ring":5,"reliquary:Craggleroot":0,"AT_TrinityForce":6,"Ring of Fury":5,"LetterFromLob":1,"ReplayTheSpireMod:Ring of Challenge":5,"GodSword4":5,"Ring of the Snake":0,"REME_ComplimentaryCards":0},{"AT_ForceNature":16,"MerchantsRug":22,"AT_ATBox":0,"Golden Idol":22,"AT_BladeRuinedKing":7,"Baka":3,"Strange Spoon":22,"Replay:Ringing Soul":22,"Chameleon Ring":22,"reliquary:Craggleroot":0,"AT_TrinityForce":30,"Ring of Fury":22,"LetterFromLob":3,"ReplayTheSpireMod:Ring of Challenge":22,"GodSword4":22,"Ring of the Snake":0,"REME_ComplimentaryCards":0}]},"card_choices":[{"not_picked":["Dodge and Roll","Blade Dance","Bane"],"picked":"SKIP","floor":1},{"not_picked":["Eviscerate","ReplayTheSpireMod:Scrap Shanks","Dash"],"picked":"SKIP","floor":2},{"not_picked":["Cloak And Dagger","Blade Dance","Bane"],"picked":"SKIP","floor":5},{"not_picked":["Dagger Spray","AT_TinkerSharpsword"],"picked":"ReplayTheSpireMod:The Works","floor":7},{"not_picked":["ReplayTheSpireMod:The Works","Infinite Blades"],"picked":"AT_ThistleTea","floor":10}],"player_experience":170382,"relics_obtained":[{"floor":1,"key":"Baka"},{"floor":1,"key":"LetterFromLob"},{"floor":9,"key":"AT_ForceNature"},{"floor":11,"key":"ReplayTheSpireMod:Ring of Challenge"},{"floor":11,"key":"Ring of Fury"},{"floor":13,"key":"GodSword4"}],"event_choices":[{"damage_healed":0,"gold_gain":0,"player_choice":"Success","damage_taken":12,"relics_obtained":["AT_BladeRuinedKing"],"max_hp_gain":0,"max_hp_loss":0,"event_name":"Scrap Ooze","floor":3,"gold_loss":0},{"damage_healed":0,"gold_gain":275,"player_choice":"Desecrate","damage_taken":0,"max_hp_gain":0,"max_hp_loss":0,"event_name":"Golden Shrine","floor":4,"gold_loss":0,"cards_obtained":["Regret"]},{"damage_healed":0,"gold_gain":0,"player_choice":"Take Damage","damage_taken":25,"relics_obtained":["Golden Idol"],"max_hp_gain":0,"max_hp_loss":0,"event_name":"Golden Idol","floor":12,"gold_loss":0}],"is_beta":false,"boss_relics":[{"not_picked":["Fusion Hammer","REME_ChargedStone"],"picked":"AT_TrinityForce"}],"items_purged_floors":[14],"is_endless":false,"potions_floor_spawned":[5,7,10],"ascension_level":7}}