{"host":"d2gh6suihlstufn7","time":1614378421,"event":{"mods":["AchievementEnabler","BaseMod","Colored Map","Colored Powertips","Minty Spire (QoL Compilation)","Permanent Neow","Quick Restart","StSLib","SuperFastMode"],"gold_per_floor":[117,43,57,132,232,232,38,38,86,102,120,140,154,104,104,206,206,219,19,19,32,6,6,19,39,39,39,56,88,88,13,13,110,110,129,45,98,116,66,66,100,110,110,110,123,141,172,186,186,186],"floor_reached":51,"language":"KOR","playtime":1362,"items_purged":["Strike_P","Omniscience","WheelKick","EmptyBody+1"],"score":1024,"play_id":"4359722e-502a-43a4-ac16-b894a0f437db","local_time":"20210227072701","is_ascension_mode":false,"campfire_choices":[{"data":"Eruption","floor":6.0,"key":"SMITH"},{"floor":8.0,"key":"REST"},{"floor":15.0,"key":"REST"},{"data":"Adaptation","floor":23.0,"key":"SMITH"},{"data":"FearNoEvil","floor":30.0,"key":"SMITH"},{"data":"EmptyBody","floor":32.0,"key":"SMITH"},{"data":"MentalFortress","floor":40.0,"key":"SMITH"},{"floor":49,"key":"RECALL"}],"circlet_count":0,"master_deck":["Eruption+1","FearNoEvil+1","Adaptation+1","MentalFortress+1"],"relics":["PureWater","Membership Card","Smiling Mask","Pandora\u0027s Box","Orrery","Damaru","Bag of Marbles","Red Mask","Sozu","Prayer Wheel","Yang","Darkstone Periapt","White Beast Statue"],"acts_visited":["Exordium","TheCity","TheBeyond"],"potions_floor_usage":[],"damage_taken":[{"damage":6.0,"enemies":"Jaw Worm","floor":1.0,"turns":5.0},{"damage":10.0,"enemies":"2 Louse","floor":3.0,"turns":2.0},{"damage":0.0,"enemies":"Cultist","floor":10.0,"turns":3.0},{"damage":0.0,"enemies":"Large Slime","floor":11.0,"turns":3.0},{"damage":11.0,"enemies":"Exordium Thugs","floor":12.0,"turns":4.0},{"damage":6.0,"enemies":"Lots of Slimes","floor":13.0,"turns":3.0},{"damage":47.0,"enemies":"Hexaghost","floor":16.0,"turns":11.0},{"damage":0.0,"enemies":"Spheric Guardian","floor":18.0,"turns":3.0},{"damage":0.0,"enemies":"3 Byrds","floor":21.0,"turns":2.0},{"damage":1.0,"enemies":"Snecko","floor":24.0,"turns":3.0},{"damage":0.0,"enemies":"Chosen and Byrds","floor":25.0,"turns":2.0},{"damage":0.0,"enemies":"Shelled Parasite and Fungi","floor":28.0,"turns":2.0},{"damage":0.0,"enemies":"Masked Bandits","floor":29.0,"turns":2.0},{"damage":0.0,"enemies":"Champ","floor":33.0,"turns":1.0},{"damage":0.0,"enemies":"3 Darklings","floor":35.0,"turns":2.0},{"damage":0.0,"enemies":"2 Orb Walkers","floor":37.0,"turns":1.0},{"damage":0.0,"enemies":"3 Shapes","floor":38.0,"turns":1.0},{"damage":0.0,"enemies":"Giant Head","floor":41.0,"turns":1.0},{"damage":0.0,"enemies":"Spire Growth","floor":42.0,"turns":1.0},{"damage":0.0,"enemies":"Jaw Worm Horde","floor":45.0,"turns":1.0},{"damage":0.0,"enemies":"Maw","floor":46.0,"turns":2.0},{"damage":0,"enemies":"Reptomancer","floor":47,"turns":2},{"damage":0,"enemies":"Writhing Mass","floor":48,"turns":1},{"damage":0,"enemies":"Awakened One","floor":50,"turns":2}],"seed_played":"5897436483745068445","potions_obtained":[{"floor":1.0,"key":"Weak Potion"},{"floor":10.0,"key":"Explosive Potion"},{"floor":11.0,"key":"Energy Potion"},{"floor":21.0,"key":"Swift Potion"},{"floor":24.0,"key":"BottledMiracle"},{"floor":25.0,"key":"Explosive Potion"}],"is_trial":false,"path_per_floor":["M","$","M","?","?","R","$","R","T","M","M","M","M","?","R","B",null,"M","$","?","M","$","R","M","M","T","$","M","?","R","?","R","B",null,"M","$","?","M","$","R","E","M","T","?","M","M","E","M","R","B",null],"character_chosen":"WATCHER","items_purchased":["FearNoEvil","Membership Card","Orrery","Damaru","FearPotion","MentalFortress"],"campfire_rested":2,"item_purchase_floors":[2,7,19,19,22,36],"current_hp_per_floor":[59,59,49,38,38,38,38,57,57,57,57,46,40,40,59,12,65,65,65,65,65,65,65,64,64,64,64,64,64,64,64,64,64,65,65,65,65,65,65,65,65,65,65,65,65,65,65,65,65,65],"gold":186,"neow_bonus":"REMOVE_TWO","is_daily":false,"chose_seed":false,"campfire_upgraded":5,"win_rate":0.0,"timestamp":1614378421,"path_taken":["M","$","M","?","?","R","$","R","T","M","M","?","M","?","R","BOSS","M","$","?","M","$","R","?","M","T","?","M","?","R","?","R","BOSS","M","$","?","M","$","R","E","M","T","?","M","M","E","?","R","BOSS"],"items_purchased_type":["Card","Relic","Relic","Relic","Potion","Card"],"build_version":"2020-12-22","purchased_purges":4,"victory":true,"max_hp_per_floor":[65,65,65,65,65,65,65,65,65,65,65,65,65,65,65,65,65,65,65,65,65,65,65,65,65,65,65,65,65,65,65,65,65,65,65,65,65,65,65,65,65,65,65,65,65,65,65,65,65,65],"card_choices":[{"not_picked":["Wallop","FlurryOfBlows","BowlingBash"],"picked":"SKIP","floor":1.0},{"not_picked":["FlurryOfBlows","Crescendo","Weave"],"picked":"SKIP","floor":3.0},{"not_picked":["Weave","TalkToTheHand","Perseverance"],"picked":"SKIP","floor":10.0},{"not_picked":["Collect","Weave","Meditate"],"picked":"SKIP","floor":11.0},{"not_picked":["JustLucky","CutThroughFate","Fasting2"],"picked":"SKIP","floor":12.0},{"not_picked":["Crescendo","CrushJoints","Prostrate"],"picked":"SKIP","floor":13.0},{"not_picked":["PathToVictory","CrushJoints","Halt+1"],"picked":"SKIP","floor":18.0},{"not_picked":["FlurryOfBlows","Omniscience","Indignation"],"picked":"SKIP","floor":21.0},{"not_picked":["InnerPeace","Vengeance","EmptyFist+1"],"picked":"SKIP","floor":24.0},{"not_picked":["CutThroughFate","FlurryOfBlows","Tantrum"],"picked":"SKIP","floor":25.0},{"not_picked":["Worship","SashWhip","FollowUp"],"picked":"SKIP","floor":28.0},{"not_picked":["WaveOfTheHand+1","ClearTheMind+1","Pray"],"picked":"SKIP","floor":35.0},{"not_picked":["CrushJoints","JustLucky+1","WindmillStrike"],"picked":"SKIP","floor":38.0},{"not_picked":["Swivel+1","Evaluate","PathToVictory+1"],"picked":"SKIP","floor":38.0},{"not_picked":["BattleHymn+1","BowlingBash+1","WaveOfTheHand"],"picked":"SKIP","floor":41.0},{"not_picked":["ThirdEye","Tantrum","Fasting2"],"picked":"SKIP","floor":42.0},{"not_picked":["Nirvana","Weave+1","PathToVictory+1"],"picked":"SKIP","floor":42.0},{"not_picked":["ThirdEye+1","Consecrate+1","Conclude+1"],"picked":"SKIP","floor":45.0},{"not_picked":["FlyingSleeves","Halt","Evaluate+1"],"picked":"SKIP","floor":45.0},{"not_picked":["Wallop","WaveOfTheHand","FlyingSleeves+1"],"picked":"SKIP","floor":46.0},{"not_picked":["ClearTheMind+1","Swivel+1","DevaForm"],"picked":"SKIP","floor":46.0},{"not_picked":["Worship","ThirdEye","Brilliance"],"picked":"SKIP","floor":47},{"not_picked":["Pray","Evaluate","FlyingSleeves"],"picked":"SKIP","floor":48},{"not_picked":["CutThroughFate","LikeWater+1","Prostrate+1"],"picked":"SKIP","floor":48}],"player_experience":78718,"relics_obtained":[{"floor":9.0,"key":"Smiling Mask"},{"floor":26.0,"key":"Bag of Marbles"},{"floor":29.0,"key":"Red Mask"},{"floor":37.0,"key":"Prayer Wheel"},{"floor":41.0,"key":"Yang"},{"floor":43.0,"key":"Darkstone Periapt"},{"floor":47,"key":"White Beast Statue"}],"event_choices":[{"damage_healed":0.0,"max_hp_gain":0.0,"max_hp_loss":0.0,"gold_gain":75.0,"event_name":"World of Goop","player_choice":"Gather Gold","floor":4.0,"gold_loss":0.0,"damage_taken":11.0},{"damage_healed":0.0,"max_hp_gain":0.0,"max_hp_loss":0.0,"gold_gain":100.0,"event_name":"Golden Shrine","player_choice":"Pray","floor":5.0,"gold_loss":0.0,"damage_taken":0.0},{"cards_removed":["Defend_P"],"damage_healed":0.0,"max_hp_gain":0.0,"max_hp_loss":0.0,"gold_gain":0.0,"event_name":"The Cleric","player_choice":"Card Removal","floor":14.0,"gold_loss":50.0,"damage_taken":0.0},{"damage_healed":0.0,"max_hp_gain":0.0,"max_hp_loss":0.0,"gold_gain":0.0,"cards_transformed":["Vault"],"event_name":"Transmorgrifier","player_choice":"Transformed","floor":20.0,"gold_loss":0.0,"damage_taken":0.0,"cards_obtained":["Adaptation"]},{"damage_healed":0.0,"max_hp_gain":0.0,"max_hp_loss":0.0,"gold_gain":0.0,"event_name":"Masked Bandits","player_choice":"Fought Bandits","floor":29.0,"gold_loss":0.0,"damage_taken":0.0},{"cards_removed":["Vigilance"],"damage_healed":0.0,"max_hp_gain":0.0,"max_hp_loss":0.0,"gold_gain":0.0,"event_name":"Beggar","player_choice":"Gave Gold","floor":31.0,"gold_loss":75.0,"damage_taken":0.0},{"damage_healed":0.0,"max_hp_gain":0.0,"max_hp_loss":0.0,"gold_gain":0.0,"event_name":"Mysterious Sphere","player_choice":"Fight","floor":37.0,"gold_loss":0.0,"damage_taken":0.0},{"damage_healed":0.0,"max_hp_gain":0.0,"max_hp_loss":0.0,"gold_gain":0.0,"event_name":"Wheel of Change","player_choice":"Full Heal","floor":44.0,"gold_loss":0.0,"damage_taken":0.0}],"is_beta":false,"boss_relics":[{"not_picked":["Runic Pyramid","Fusion Hammer"],"picked":"Pandora\u0027s Box"},{"not_picked":["Snecko Eye","Calling Bell"],"picked":"Sozu"}],"items_purged_floors":[7,19,36,39],"is_endless":false,"potions_floor_spawned":[1,10,11,21,24,25,35,37,42,45,47,48],"ascension_level":0}}