{"host":"zsnmfqgcm92hlreo","time":1614311338,"event":{"mods":["AchievementEnabler","BaseMod","Bestiary","Block Reminder","Colored Map","Colored Powertips","Filter the Spire","Minty Spire (QoL Compilation)","Permanent Neow","Quick Restart","Relic Stats","StSLib","Weighted Paths"],"gold_per_floor":[115,132,148,164,182,217,217,246,323,341,352,352,12,42,42,119,119,131,166,210,210,210,242,242,295,348,400,441,487,487,535,535,639,639,657,657,337,172,172,218,261,320,320,352,364,364,375,402,402,402,402],"floor_reached":50,"language":"ENG","playtime":2953,"items_purged":["Strike_P"],"score":1507,"play_id":"8c8e7727-d17d-410b-9edd-289ab1b99845","local_time":"20210225214858","is_ascension_mode":true,"campfire_choices":[{"data":"Vigilance","floor":7.0,"key":"SMITH"},{"data":"LessonLearned","floor":12.0,"key":"SMITH"},{"data":"FearNoEvil","floor":15.0,"key":"SMITH"},{"floor":24.0,"key":"REST"},{"data":"WheelKick","floor":30.0,"key":"SMITH"},{"data":"Wallop","floor":32.0,"key":"SMITH"},{"floor":49,"key":"RECALL"}],"circlet_count":0,"master_deck":["AscendersBane","Strike_P","Strike_P+1","Strike_P+1","Defend_P","Defend_P","Defend_P","Defend_P","Vigilance+1","EmptyFist","Swivel+1","CutThroughFate+1","Worship+1","Protect+1","Swivel+1","LessonLearned+1","FearNoEvil+1","Wish+1","Wallop+1","WheelKick+1","Worship","Eruption","EmptyBody","Brilliance+1","CrushJoints+1","DevaForm","MentalFortress","Tantrum","Worship","Wallop","Swivel","Sanctity+1","BowlingBash+1"],"relics":["Snecko Eye","Gremlin Horn","Oddly Smooth Stone","Sundial","PreservedInsect","Bronze Scales","Incense Burner","VioletLotus","Centennial Puzzle","Anchor","Toy Ornithopter","MealTicket","Calling Bell","Omamori","Mercury Hourglass","Unceasing Top","Pen Nib","Nunchaku","Mummified Hand","Prayer Wheel","Question Card"],"acts_visited":["Exordium","TheCity","TheBeyond"],"potions_floor_usage":[50],"damage_taken":[{"damage":0.0,"enemies":"Cultist","floor":1.0,"turns":2.0},{"damage":2.0,"enemies":"2 Louse","floor":2.0,"turns":3.0},{"damage":2.0,"enemies":"Jaw Worm","floor":3.0,"turns":3.0},{"damage":17.0,"enemies":"Exordium Thugs","floor":4.0,"turns":4.0},{"damage":0.0,"enemies":"Blue Slaver","floor":5.0,"turns":2.0},{"damage":2.0,"enemies":"3 Sentries","floor":6.0,"turns":5.0},{"damage":0.0,"enemies":"Gremlin Nob","floor":8.0,"turns":3.0},{"damage":1.0,"enemies":"Red Slaver","floor":10.0,"turns":3.0},{"damage":0.0,"enemies":"Exordium Thugs","floor":11.0,"turns":4.0},{"damage":0.0,"enemies":"3 Sentries","floor":14.0,"turns":4.0},{"damage":10.0,"enemies":"Slime Boss","floor":16.0,"turns":8.0},{"damage":3.0,"enemies":"2 Thieves","floor":18.0,"turns":3.0},{"damage":7.0,"enemies":"3 Byrds","floor":19.0,"turns":4.0},{"damage":5.0,"enemies":"Snake Plant","floor":20.0,"turns":4.0},{"damage":14.0,"enemies":"Slavers","floor":23.0,"turns":3.0},{"damage":0.0,"enemies":"Book of Stabbing","floor":25.0,"turns":2.0},{"damage":2.0,"enemies":"Gremlin Leader","floor":27.0,"turns":4.0},{"damage":5.0,"enemies":"3 Cultists","floor":28.0,"turns":4.0},{"damage":3.0,"enemies":"Centurion and Healer","floor":29.0,"turns":3.0},{"damage":2.0,"enemies":"Shelled Parasite and Fungi","floor":31.0,"turns":3.0},{"damage":14.0,"enemies":"Collector","floor":33.0,"turns":4.0},{"damage":0.0,"enemies":"Orb Walker","floor":35.0,"turns":2.0},{"damage":1.0,"enemies":"2 Orb Walkers","floor":38.0,"turns":4.0},{"damage":11.0,"enemies":"Giant Head","floor":40.0,"turns":6.0},{"damage":0.0,"enemies":"3 Shapes","floor":41.0,"turns":6.0},{"damage":0.0,"enemies":"Nemesis","floor":42.0,"turns":3.0},{"damage":26,"enemies":"Giant Head","floor":44,"turns":5},{"damage":2,"enemies":"Jaw Worm Horde","floor":45,"turns":2},{"damage":9,"enemies":"Sphere and 2 Shapes","floor":47,"turns":4},{"damage":0,"enemies":"Reptomancer","floor":48,"turns":6},{"damage":55,"enemies":"Donu and Deca","floor":50,"turns":6}],"seed_played":"-7226770864536203839","potions_obtained":[{"floor":1.0,"key":"Regen Potion"},{"floor":5.0,"key":"AttackPotion"},{"floor":10.0,"key":"Fire Potion"},{"floor":11.0,"key":"AttackPotion"},{"floor":16.0,"key":"BottledMiracle"},{"floor":23.0,"key":"DistilledChaos"},{"floor":25.0,"key":"LiquidBronze"},{"floor":31.0,"key":"Weak Potion"},{"floor":33.0,"key":"DuplicationPotion"},{"floor":41.0,"key":"Fruit Juice"},{"floor":42.0,"key":"Dexterity Potion"},{"floor":45,"key":"Block Potion"},{"floor":47,"key":"PowerPotion"},{"floor":48,"key":"StancePotion"}],"is_trial":false,"path_per_floor":["M","M","M","M","M","E","R","E","T","M","M","R","$","E","R","B",null,"M","M","M","?","?","E","R","E","T","E","M","M","R","M","R","B",null,"M","?","$","?","$","E","M","E","T","E","M","?","M","E","R","B"],"character_chosen":"WATCHER","items_purchased":["PreservedInsect","Bronze Scales","Tantrum","Pen Nib","Worship","Wallop"],"campfire_rested":1,"item_purchase_floors":[13,13,37,37,38,38],"current_hp_per_floor":[61,59,57,49,49,47,47,47,47,46,46,46,46,46,46,36,60,57,50,45,45,45,31,51,51,51,49,44,41,41,39,39,30,59,59,59,68,67,68,57,67,67,67,41,39,39,30,30,30,0,0],"gold":402,"neow_bonus":"BOSS_RELIC","is_daily":false,"chose_seed":false,"campfire_upgraded":5,"win_rate":0.0,"timestamp":1614311338,"path_taken":["M","M","M","M","M","E","R","E","T","M","M","R","$","E","R","BOSS","M","M","?","?","?","E","R","E","T","E","M","M","R","M","R","BOSS","M","?","$","?","$","E","?","E","T","E","M","?","M","E","R","BOSS"],"items_purchased_type":["Relic","Relic","Card","Relic","Card","Card"],"build_version":"2020-12-22","purchased_purges":1,"victory":false,"max_hp_per_floor":[68,68,68,68,68,68,68,68,68,68,68,68,68,68,68,68,68,68,68,68,68,68,68,68,68,68,68,68,68,68,68,68,68,68,68,68,68,68,68,68,73,73,73,73,73,73,73,73,73,73,73],"relic_stats":{"Gremlin Horn":[32,33],"counters":[31,119],"PreservedInsect":545,"Pen Nib":[8],"Question Card":0,"Mercury Hourglass":[175],"Centennial Puzzle":[33],"Nunchaku":[4],"Sundial":[12],"Mummified Hand":[11],"Bronze Scales":[267],"Snecko Eye":[239,206,210,236],"MealTicket":10,"Prayer Wheel":1,"VioletLotus":[22],"obtain_stats":[{"Gremlin Horn":6,"Oddly Smooth Stone":8,"PreservedInsect":13,"Pen Nib":37,"Incense Burner":14,"Omamori":34,"Question Card":48,"Mercury Hourglass":34,"Calling Bell":34,"Centennial Puzzle":23,"Anchor":25,"Nunchaku":42,"Sundial":9,"Mummified Hand":44,"Bronze Scales":13,"Snecko Eye":0,"MealTicket":27,"Prayer Wheel":46,"VioletLotus":17,"PureWater":0,"Toy Ornithopter":26,"Unceasing Top":34},{"Gremlin Horn":6,"Oddly Smooth Stone":7,"PreservedInsect":9,"Pen Nib":22,"Incense Burner":10,"Omamori":21,"Question Card":30,"Mercury Hourglass":21,"Calling Bell":21,"Centennial Puzzle":15,"Anchor":16,"Nunchaku":26,"Sundial":7,"Mummified Hand":27,"Bronze Scales":9,"Snecko Eye":0,"MealTicket":17,"Prayer Wheel":28,"VioletLotus":11,"PureWater":0,"Toy Ornithopter":16,"Unceasing Top":21},{"Gremlin Horn":19,"Oddly Smooth Stone":22,"PreservedInsect":29,"Pen Nib":77,"Incense Burner":33,"Omamori":75,"Question Card":113,"Mercury Hourglass":75,"Calling Bell":75,"Centennial Puzzle":55,"Anchor":57,"Nunchaku":96,"Sundial":22,"Mummified Hand":101,"Bronze Scales":29,"Snecko Eye":0,"MealTicket":61,"Prayer Wheel":103,"VioletLotus":41,"PureWater":0,"Toy Ornithopter":57,"Unceasing Top":75}],"Toy Ornithopter":15,"Unceasing Top":[2]},"card_choices":[{"not_picked":["Collect","ThirdEye"],"picked":"EmptyFist","floor":1.0},{"not_picked":["LikeWater","Protect"],"picked":"Swivel","floor":2.0},{"not_picked":["FollowUp","WreathOfFlame","Crescendo"],"picked":"SKIP","floor":3.0},{"not_picked":["Crescendo","FollowUp","CrushJoints"],"picked":"SKIP","floor":4.0},{"not_picked":["ClearTheMind","Pray"],"picked":"CutThroughFate","floor":5.0},{"not_picked":["Fasting2","Meditate"],"picked":"Worship","floor":6.0},{"not_picked":["EmptyFist","WaveOfTheHand"],"picked":"Protect","floor":8.0},{"not_picked":["JustLucky","Halt"],"picked":"Swivel","floor":10.0},{"not_picked":["BowlingBash","FlurryOfBlows"],"picked":"LessonLearned","floor":11.0},{"not_picked":["FlyingSleeves","InnerPeace"],"picked":"FearNoEvil","floor":14.0},{"not_picked":["MasterReality","Omniscience"],"picked":"Wish","floor":16.0},{"not_picked":["FlurryOfBlows","SashWhip","Evaluate+1"],"picked":"SKIP","floor":18.0},{"not_picked":["Evaluate","CutThroughFate"],"picked":"Wallop","floor":19.0},{"not_picked":["ClearTheMind","BattleHymn","MentalFortress"],"picked":"SKIP","floor":20.0},{"not_picked":["LessonLearned","FearNoEvil"],"picked":"EmptyBody","floor":23.0},{"not_picked":["Consecrate","FlurryOfBlows","Weave"],"picked":"SKIP","floor":25.0},{"not_picked":["Perseverance","WindmillStrike"],"picked":"Brilliance","floor":27.0},{"not_picked":["Vengeance","Fasting2","Halt"],"picked":"SKIP","floor":28.0},{"not_picked":["WindmillStrike","Study"],"picked":"CrushJoints+1","floor":29.0},{"not_picked":["LikeWater","FlyingSleeves","CutThroughFate"],"picked":"SKIP","floor":31.0},{"not_picked":["Alpha","Vault"],"picked":"DevaForm","floor":33.0},{"not_picked":["Consecrate","MentalFortress","LikeWater"],"picked":"SKIP","floor":35.0},{"not_picked":["Consecrate","LikeWater"],"picked":"MentalFortress","floor":35.0},{"not_picked":["FollowUp","Blasphemy"],"picked":"Swivel","floor":40.0},{"not_picked":["BattleHymn","Evaluate","Study"],"picked":"SKIP","floor":41.0},{"not_picked":["ReachHeaven","Study","Nirvana"],"picked":"SKIP","floor":42.0},{"not_picked":["Blasphemy","Pray+1"],"picked":"Sanctity+1","floor":44},{"not_picked":["Prostrate+1","ReachHeaven"],"picked":"BowlingBash+1","floor":45},{"not_picked":["PathToVictory","FlurryOfBlows","EmptyMind"],"picked":"SKIP","floor":47},{"not_picked":["JustLucky+1","ClearTheMind+1","Prostrate"],"picked":"SKIP","floor":47},{"not_picked":["Evaluate+1","Halt","ReachHeaven"],"picked":"SKIP","floor":48}],"player_experience":1281934,"relics_obtained":[{"floor":6.0,"key":"Gremlin Horn"},{"floor":8.0,"key":"Oddly Smooth Stone"},{"floor":9.0,"key":"Sundial"},{"floor":14.0,"key":"Incense Burner"},{"floor":23.0,"key":"Centennial Puzzle"},{"floor":25.0,"key":"Anchor"},{"floor":26.0,"key":"Toy Ornithopter"},{"floor":27.0,"key":"MealTicket"},{"floor":34.0,"key":"Omamori"},{"floor":34.0,"key":"Mercury Hourglass"},{"floor":34.0,"key":"Unceasing Top"},{"floor":42.0,"key":"Nunchaku"},{"floor":44,"key":"Mummified Hand"},{"floor":48,"key":"Question Card"}],"event_choices":[{"damage_healed":0.0,"max_hp_gain":0.0,"max_hp_loss":0.0,"gold_gain":0.0,"event_name":"The Library","player_choice":"Read","floor":21.0,"gold_loss":0.0,"damage_taken":0.0,"cards_obtained":["WheelKick"]},{"damage_healed":0.0,"max_hp_gain":0.0,"max_hp_loss":0.0,"gold_gain":0.0,"event_name":"Match and Keep!","player_choice":"2 cards matched","floor":22.0,"gold_loss":0.0,"damage_taken":0.0,"cards_obtained":["Worship","Eruption"]},{"cards_removed":["Eruption"],"damage_healed":0.0,"max_hp_gain":0.0,"max_hp_loss":0.0,"gold_gain":0.0,"event_name":"Falling","player_choice":"Removed Attack","floor":36.0,"gold_loss":0.0,"damage_taken":0.0},{"damage_healed":0.0,"max_hp_gain":0.0,"max_hp_loss":0.0,"gold_gain":0.0,"event_name":"Mysterious Sphere","player_choice":"Fight","floor":38.0,"gold_loss":0.0,"damage_taken":0.0},{"damage_healed":0,"gold_gain":0,"player_choice":"Gave Potion","damage_taken":0,"relics_obtained":["Prayer Wheel"],"max_hp_gain":0,"max_hp_loss":0,"event_name":"WeMeetAgain","floor":46,"gold_loss":0}],"is_beta":false,"boss_relics":[{"not_picked":["Tiny House","Cursed Key"],"picked":"VioletLotus"},{"not_picked":["Runic Pyramid","Busted Crown"],"picked":"Calling Bell"}],"items_purged_floors":[37],"is_endless":false,"potions_floor_spawned":[1,5,10,11,14,16,19,23,25,31,33,41,42,45,47,48],"killed_by":"Donu and Deca","ascension_level":20}}