{"host":"9gxprskaw0c5jpbt","time":1614378859,"event":{"mods":["AchievementEnabler","BaseMod","Colored Map","Highlight Path","KOR Keyword Fix","Minty Spire (QoL Compilation)","Rare Cards Sparkle","StSLib","SuperFastMode","everything is the same but u backflip on backflip"],"gold_per_floor":[18,36,54,65,215,215,241,241,267,267,14,14,57,93,105,117,117],"floor_reached":16,"language":"KOR","playtime":355,"items_purged":[],"score":220,"play_id":"e0cade5a-abb1-4ca0-8a7b-67e185cd494d","local_time":"20210227073419","is_ascension_mode":true,"campfire_choices":[{"floor":6,"key":"REST"},{"floor":8,"key":"REST"},{"floor":15,"key":"REST"}],"circlet_count":0,"master_deck":["AscendersBane","Strike_R","Strike_R","Strike_R","Strike_R","Defend_R","Defend_R","Defend_R","Bash","Flex","Anger","Rupture","Anger","Doubt","Dual Wield","Wild Strike","Pommel Strike","Shrug It Off"],"relics":["Burning Blood","Vajra","Omamori","Golden Idol","Lee\u0027s Waffle","GremlinMask","MawBank"],"acts_visited":["Exordium"],"potions_floor_usage":[7,13,16,16],"damage_taken":[{"damage":6,"enemies":"Cultist","floor":1,"turns":3},{"damage":6,"enemies":"2 Louse","floor":2,"turns":3},{"damage":7,"enemies":"Jaw Worm","floor":3,"turns":3},{"damage":22,"enemies":"Lots of Slimes","floor":4,"turns":5},{"damage":55,"enemies":"Lagavulin","floor":7,"turns":6},{"damage":43,"enemies":"3 Sentries","floor":13,"turns":12},{"damage":24,"enemies":"3 Louse","floor":14,"turns":3},{"damage":52,"enemies":"The Guardian","floor":16,"turns":5}],"seed_played":"4895104815860687613","potions_obtained":[{"floor":4,"key":"AttackPotion"},{"floor":7,"key":"HeartOfIron"},{"floor":14,"key":"LiquidMemories"}],"is_trial":false,"path_per_floor":["M","M","M","M","?","R","E","R","T","?","$","?","E","M","R","B"],"character_chosen":"IRONCLAD","items_purchased":["Lee\u0027s Waffle","Wild Strike","BlessingOfTheForge"],"campfire_rested":3,"item_purchase_floors":[11,11,11],"current_hp_per_floor":[68,68,67,51,51,73,24,46,46,46,82,82,45,27,51,0,0],"gold":117,"neow_bonus":"REMOVE_TWO","is_daily":false,"chose_seed":false,"campfire_upgraded":0,"win_rate":0.0,"timestamp":1614378859,"path_taken":["M","M","M","M","?","R","E","R","T","?","$","?","E","M","R","BOSS"],"items_purchased_type":["Relic","Card","Potion"],"build_version":"2020-12-22","purchased_purges":0,"victory":false,"max_hp_per_floor":[75,75,75,75,75,75,75,75,75,75,82,82,82,82,82,82,82],"card_choices":[{"not_picked":["Twin Strike","Rage"],"picked":"Flex","floor":1},{"not_picked":["True Grit","Sentinel"],"picked":"Anger","floor":2},{"not_picked":["Entrench","True Grit"],"picked":"Rupture","floor":3},{"not_picked":["Perfected Strike","Sword Boomerang"],"picked":"Anger","floor":4},{"not_picked":["Battle Trance","Sentinel"],"picked":"Dual Wield","floor":7},{"not_picked":["Infernal Blade","Heavy Blade"],"picked":"Pommel Strike","floor":13},{"not_picked":["Pommel Strike","Second Wind"],"picked":"Shrug It Off","floor":14}],"player_experience":994279,"relics_obtained":[{"floor":7,"key":"Vajra"},{"floor":9,"key":"Omamori"},{"floor":13,"key":"MawBank"}],"event_choices":[{"damage_healed":0,"gold_gain":150,"player_choice":"AGREE","damage_taken":0,"max_hp_gain":0,"max_hp_loss":0,"event_name":"Liars Game","floor":5,"gold_loss":0,"cards_obtained":["Doubt"]},{"damage_healed":0,"gold_gain":0,"player_choice":"Take Wound","damage_taken":0,"relics_obtained":["Golden Idol"],"max_hp_gain":0,"max_hp_loss":0,"event_name":"Golden Idol","floor":10,"gold_loss":0,"cards_obtained":["Injury"]},{"damage_healed":0,"gold_gain":0,"player_choice":"Trade","damage_taken":0,"relics_obtained":["GremlinMask"],"max_hp_gain":0,"max_hp_loss":0,"event_name":"FaceTrader","floor":12,"gold_loss":0}],"is_beta":false,"boss_relics":[],"items_purged_floors":[],"is_endless":false,"potions_floor_spawned":[4,7,14],"killed_by":"The Guardian","ascension_level":20}}