{"host":"pqs17sqrgflf4eqa","time":1614344195,"event":{"mods":["AchievementEnabler","BaseMod","Bestiary","Better Altar","Better Match","Better Sensory Stone","Better Skull","Better Third Choice","BetterRewards","Block Reminder","Bossed Relics","Colored Map","Colored Powertips","Curses Come First","Dark Map","DeckTracker","Defective Defect","Displayed Cursed Tome","Emptier Cage","Googly Eyes","Highlight Path","Infinite Spire","Minty Spire (QoL Compilation)","Permanent Neow","Poor People Problems","Quick Restart","Replay The Spire","StSLib","SuperFastMode","Thieving Mod","Transform Curses","everything is the same but u backflip on backflip","slay the spire mod where everything is the same but ironclad has a cowboy hat"],"gold_per_floor":[110,210,225,225,245,273,273,273,273],"floor_reached":8,"language":"ENG","playtime":336,"items_purged":[],"score":78,"play_id":"e54993b9-26a6-4052-a4bd-3d1025c3f070","local_time":"20210226075635","is_ascension_mode":true,"campfire_choices":[{"data":"Armaments","floor":7,"key":"SMITH"}],"circlet_count":0,"master_deck":["Strike_R","Strike_R","Strike_R","Strike_R","Strike_R","Defend_R","Defend_R","Defend_R","Defend_R","Bash","Pommel Strike","Armaments+1","Replay:AllIn","Rampage","Whirlwind"],"relics":["ChewingGum","ReplayFunnel","infinitespire:WardingShard"],"acts_visited":["Exordium"],"potions_floor_usage":[6,6],"damage_taken":[{"damage":7,"enemies":"2 Louse","floor":1,"turns":2},{"damage":0,"enemies":"Cultist","floor":3,"turns":3},{"damage":0,"enemies":"Small Slimes","floor":5,"turns":2},{"damage":45,"enemies":"Lagavulin","floor":6,"turns":6},{"damage":11,"enemies":"Replay:BlueRogue","floor":8,"turns":3}],"seed_played":"3172588620903090319","potions_obtained":[{"floor":1,"key":"Adrenaline Potion"},{"floor":5,"key":"ColorlessPotion"},{"floor":6,"key":"Cursed Concoction"}],"is_trial":false,"path_per_floor":["M","?","M","?","M","E","R","E"],"character_chosen":"IRONCLAD","items_purchased":[],"campfire_rested":0,"item_purchase_floors":[],"current_hp_per_floor":[65,65,65,56,56,11,11,0,0],"gold":273,"neow_bonus":"BOSS_RELIC","is_daily":false,"chose_seed":false,"campfire_upgraded":1,"win_rate":0.0,"timestamp":1614344195,"path_taken":["M","?","?","?","M","E","R","E"],"items_purchased_type":[],"build_version":"2020-12-22","purchased_purges":0,"victory":false,"max_hp_per_floor":[80,80,80,80,80,80,80,80,80],"card_choices":[{"not_picked":["Perfected Strike","Flex"],"picked":"Pommel Strike","floor":1},{"not_picked":["Havoc","Bloodletting"],"picked":"Armaments","floor":3},{"not_picked":["Rage","Flex"],"picked":"Rampage","floor":5},{"not_picked":["Iron Wave","Searing Blow"],"picked":"Whirlwind","floor":6}],"player_experience":219909,"relics_obtained":[{"floor":6,"key":"infinitespire:WardingShard"}],"event_choices":[{"damage_healed":0,"gold_gain":100,"player_choice":"Pray","damage_taken":0,"max_hp_gain":0,"max_hp_loss":0,"event_name":"Golden Shrine","floor":2,"gold_loss":0}],"is_beta":false,"boss_relics":[],"items_purged_floors":[],"is_endless":false,"potions_floor_spawned":[1,5,6],"killed_by":"Replay:BlueRogue","ascension_level":8}}