{"host":"ws4mzzemcqsz5e2k","time":1614325503,"event":{"mods":["Act Like it!","BaseMod","Bossed Relics","Colored Powertips","Minty Spire (QoL Compilation)","Quick Restart","Shop Mod","StSLib","【遗物Mod】简单游戏","篝火指南"],"gold_per_floor":[112,55,55,55,74,102,102,115,115,130,130,163,175,201,201,278,278,291,291,306,306,320,345,345,374,400,400,154,184,184,198,198,273,273,284,296,315,315,315,342,342,355,355,255,290,290,290,290],"floor_reached":47,"language":"ZHS","playtime":1522,"items_purged":["Bite","Bite"],"score":1422,"play_id":"a4636796-1c6f-4ea5-a47f-9d1e4128a5af","local_time":"20210226154503","daily_mods":["Heirloom","Elite Swarm","Uncertain Future"],"is_ascension_mode":true,"campfire_choices":[{"data":"Dagger Spray","floor":7.0,"key":"SMITH"},{"data":"Phantasmal Killer","floor":11.0,"key":"SMITH"},{"data":"Neutralize","floor":15.0,"key":"SMITH"},{"data":"Survivor","floor":24.0,"key":"PURGE"},{"data":"Defend_G","floor":27.0,"key":"PURGE"},{"data":"Defend_G","floor":32.0,"key":"PURGE"},{"data":"Bite","floor":41.0,"key":"PURGE"},{"data":"Defend_G","floor":46,"key":"SMITH"}],"circlet_count":0,"master_deck":["AscendersBane","Defend_G+1","Defend_G","Neutralize+1","Dagger Spray+1","Phantasmal Killer+1","Bite+1","Bite+1","After Image"],"relics":["Ring of the Snake","EasyRelic","Peace Pipe","NlothsMask","Ornamental Fan","Ancient Tea Set","Eternal Feather","Astrolabe","Lizard Tail","Mercury Hourglass","Paper Crane","Orichalcum","Whetstone","MutagenicStrength","Tiny House","White Beast Statue","Tingsha","Torii"],"acts_visited":["Exordium","TheCity","TheBeyond"],"potions_floor_usage":[47,47],"damage_taken":[{"damage":2.0,"enemies":"Jaw Worm","floor":1.0,"turns":4.0},{"damage":0.0,"enemies":"Small Slimes","floor":5.0,"turns":1.0},{"damage":36.0,"enemies":"3 Sentries","floor":6.0,"turns":7.0},{"damage":0.0,"enemies":"Cultist","floor":8.0,"turns":3.0},{"damage":0.0,"enemies":"3 Louse","floor":10.0,"turns":1.0},{"damage":4.0,"enemies":"Gremlin Nob","floor":12.0,"turns":3.0},{"damage":4.0,"enemies":"Exordium Thugs","floor":13.0,"turns":3.0},{"damage":6.0,"enemies":"3 Sentries","floor":14.0,"turns":5.0},{"damage":8.0,"enemies":"Slime Boss","floor":16.0,"turns":7.0},{"damage":0.0,"enemies":"2 Thieves","floor":18.0,"turns":4.0},{"damage":4.0,"enemies":"Chosen","floor":20.0,"turns":4.0},{"damage":6.0,"enemies":"3 Cultists","floor":22.0,"turns":5.0},{"damage":20.0,"enemies":"Gremlin Leader","floor":23.0,"turns":6.0},{"damage":23.0,"enemies":"Book of Stabbing","floor":25.0,"turns":4.0},{"damage":4.0,"enemies":"Gremlin Leader","floor":29.0,"turns":4.0},{"damage":13.0,"enemies":"Cultist and Chosen","floor":31.0,"turns":5.0},{"damage":50.0,"enemies":"Champ","floor":33.0,"turns":10.0},{"damage":1.0,"enemies":"3 Darklings","floor":35.0,"turns":4.0},{"damage":0.0,"enemies":"Orb Walker","floor":36.0,"turns":2.0},{"damage":32.0,"enemies":"Maw","floor":37.0,"turns":8.0},{"damage":14.0,"enemies":"Reptomancer","floor":40.0,"turns":5.0},{"damage":16.0,"enemies":"Spire Growth","floor":42.0,"turns":4.0},{"damage":40.0,"enemies":"Giant Head","floor":45.0,"turns":9.0},{"damage":89,"enemies":"Nemesis","floor":47,"turns":10}],"seed_played":"659643726148127857","potions_obtained":[{"floor":6.0,"key":"ColorlessPotion"},{"floor":8.0,"key":"PowerPotion"},{"floor":22.0,"key":"PowerPotion"},{"floor":23.0,"key":"LiquidMemories"},{"floor":25.0,"key":"SteroidPotion"},{"floor":35.0,"key":"SteroidPotion"}],"is_trial":true,"path_per_floor":["M","$","?","?","M","E","R","M","T","M","R","E","M","E","R","B",null,"M","?","M","T","M","E","R","E","T","R","$","E","?","M","R","B",null,"M","M","M","?","?","E","R","M","T","$","E","R","E"],"character_chosen":"THE_SILENT","items_purchased":["Dagger Spray","Whetstone"],"campfire_rested":0,"item_purchase_floors":[2,28],"current_hp_per_floor":[57,57,57,57,57,21,21,21,21,21,21,17,13,7,16,8,52,52,46,46,46,46,38,46,31,31,37,37,46,46,37,43,18,39,46,46,39,39,39,43,44,32,32,32,19,22,0,0],"gold":290,"neow_bonus":"","is_daily":false,"chose_seed":false,"campfire_upgraded":4,"win_rate":0.0,"timestamp":1614325503,"path_taken":["M","$","?","?","M","E","R","?","T","M","R","E","M","E","R","BOSS","M","?","M","?","M","E","R","E","T","R","$","E","?","M","R","BOSS","M","M","M","?","?","E","R","M","T","$","E","R","E"],"items_purchased_type":["Card","Relic"],"build_version":"2020-12-22","purchased_purges":2,"victory":false,"max_hp_per_floor":[66,66,66,66,66,66,66,66,66,66,66,66,66,66,66,66,66,66,46,46,46,46,46,46,46,46,46,46,46,46,46,46,46,46,46,46,46,44,44,44,44,44,44,44,44,44,44,44],"card_choices":[{"not_picked":["Outmaneuver","Deflect","Dodge and Roll"],"picked":"SKIP","floor":1.0},{"not_picked":["Backstab","Reflex","Sucker Punch"],"picked":"SKIP","floor":5.0},{"not_picked":["Tools of the Trade","Storm of Steel"],"picked":"Phantasmal Killer","floor":6.0},{"not_picked":["Endless Agony","Finisher","Slice"],"picked":"SKIP","floor":8.0},{"not_picked":["PiercingWail","Poisoned Stab","Eviscerate"],"picked":"SKIP","floor":10.0},{"not_picked":["Phantasmal Killer","Venomology","Wraith Form v2"],"picked":"SKIP","floor":12.0},{"not_picked":["Dagger Throw","Slice","Cloak And Dagger"],"picked":"SKIP","floor":13.0},{"not_picked":["Night Terror","Corpse Explosion","Burst"],"picked":"SKIP","floor":14.0},{"not_picked":["All Out Attack","Blur","Deadly Poison"],"picked":"SKIP","floor":18.0},{"not_picked":["Dash","Leg Sweep","Acrobatics"],"picked":"SKIP","floor":20.0},{"not_picked":["Dagger Spray","Dash","Prepared+1"],"picked":"SKIP","floor":22.0},{"not_picked":["Glass Knife","Wraith Form v2","Bullet Time"],"picked":"SKIP","floor":23.0},{"not_picked":["Doppelganger","Storm of Steel","Phantasmal Killer"],"picked":"SKIP","floor":25.0},{"not_picked":["Glass Knife","Storm of Steel","Wraith Form v2"],"picked":"SKIP","floor":29.0},{"not_picked":["Flying Knee","Terror","Bane"],"picked":"SKIP","floor":31.0},{"not_picked":["Deadly Poison","Bane","Underhanded Strike"],"picked":"SKIP","floor":35.0},{"not_picked":["Riddle With Holes","Catalyst","Slice"],"picked":"SKIP","floor":36.0},{"not_picked":["Escape Plan","Dodge and Roll","Finisher"],"picked":"SKIP","floor":37.0},{"not_picked":["Corpse Explosion","Venomology","Storm of Steel"],"picked":"SKIP","floor":40.0},{"not_picked":["Poisoned Stab+1","Outmaneuver","Prepared+1"],"picked":"SKIP","floor":42.0},{"not_picked":["Phantasmal Killer","A Thousand Cuts"],"picked":"After Image","floor":45.0}],"player_experience":1622577,"relics_obtained":[{"floor":6.0,"key":"Ornamental Fan"},{"floor":12.0,"key":"Ancient Tea Set"},{"floor":14.0,"key":"Eternal Feather"},{"floor":21.0,"key":"Lizard Tail"},{"floor":23.0,"key":"Mercury Hourglass"},{"floor":25.0,"key":"Paper Crane"},{"floor":26.0,"key":"Orichalcum"},{"floor":40.0,"key":"White Beast Statue"},{"floor":43.0,"key":"Tingsha"},{"floor":45.0,"key":"Torii"}],"event_choices":[{"damage_healed":0.0,"max_hp_gain":0.0,"max_hp_loss":0.0,"gold_gain":0.0,"event_name":"The Cleric","player_choice":"Leave","floor":3.0,"gold_loss":0.0,"damage_taken":0.0},{"damage_healed":0.0,"max_hp_gain":0.0,"max_hp_loss":0.0,"gold_gain":0.0,"event_name":"FaceTrader","player_choice":"Trade","floor":4.0,"gold_loss":0.0,"damage_taken":0.0,"relics_obtained":["NlothsMask"]},{"damage_healed":0.0,"max_hp_gain":0.0,"max_hp_loss":20.0,"gold_gain":0.0,"event_name":"Vampires","player_choice":"Became a vampire","floor":19.0,"gold_loss":0.0,"damage_taken":0.0,"cards_obtained":["Bite","Bite","Bite","Bite","Bite"]},{"damage_healed":0.0,"max_hp_gain":0.0,"max_hp_loss":0.0,"gold_gain":0.0,"event_name":"Drug Dealer","player_choice":"Inject Mutagens","floor":30.0,"gold_loss":0.0,"damage_taken":0.0,"relics_obtained":["MutagenicStrength"]},{"damage_healed":0.0,"max_hp_gain":0.0,"max_hp_loss":2.0,"gold_gain":0.0,"event_name":"Winding Halls","player_choice":"Max HP","floor":38.0,"gold_loss":0.0,"damage_taken":0.0},{"cards_removed":["Defend_G"],"damage_healed":0.0,"max_hp_gain":0.0,"max_hp_loss":0.0,"gold_gain":0.0,"event_name":"Falling","player_choice":"Removed Skill","floor":39.0,"gold_loss":0.0,"damage_taken":0.0}],"is_beta":false,"boss_relics":[{"not_picked":["SlaversCollar","Calling Bell"],"picked":"Astrolabe"},{"not_picked":["Velvet Choker","Empty Cage"],"picked":"Tiny House"}],"items_purged_floors":[28,44],"is_endless":true,"potions_floor_spawned":[6,8,14,22,23,25,29,35,42,45],"killed_by":"Nemesis","ascension_level":20}}