{"host":"jxmsv4d84jcvxth5","time":1614306243,"event":{"mods":["AchievementEnabler","BaseMod","Colored Map","Minty Spire (QoL Compilation)","Relic Stats","StSLib"],"gold_per_floor":[116,129,28,84,100,127,202,229,308,308,13,63,96,119,131,215,227,259,288,315,337,349,387,399,438,473,501,513,539,567,612,624,713,725,772,279,289,303,303,330,330,346,346,346,388,403,428,241,241,241],"floor_reached":51,"language":"ENG","playtime":5289,"items_purged":["Parasite","Strike_P","Strike_P+1","LessonLearned+1"],"score":1706,"play_id":"0856bc84-3871-4146-950a-fcad640ef29d","local_time":"20210225212403","is_ascension_mode":true,"campfire_choices":[{"floor":10,"key":"REST"},{"floor":15,"key":"REST"},{"floor":24,"key":"REST"},{"floor":32,"key":"REST"},{"data":"Tantrum","floor":41,"key":"SMITH"},{"floor":44,"key":"REST"},{"data":"LikeWater","floor":49,"key":"SMITH"}],"circlet_count":0,"master_deck":["AscendersBane","Defend_P+1","Defend_P+1","Defend_P+1","Defend_P+1","Eruption+1","Vigilance+1","FollowUp+1","EmptyFist+1","BowlingBash+1","Wallop+1","ThirdEye+1","Meditate+1","LikeWater+1","FearNoEvil+1","EmptyMind+1","Tantrum+1","EmptyBody+1","SpiritShield+1","Adaptation+1","LikeWater+1","WheelKick+1","InnerPeace+1","Wallop+1","WaveOfTheHand+1","Wish+1","LikeWater+1","Wallop+1","LikeWater+1"],"relics":["PureWater","Pen Nib","Odd Mushroom","Gremlin Horn","MawBank","Snecko Eye","Tiny Chest","PreservedInsect","Ornamental Fan","Black Star","Vajra","Happy Flower","FossilizedHelix","Bag of Marbles","Whetstone","Peace Pipe"],"acts_visited":["Exordium","TheCity","TheBeyond"],"potions_floor_usage":[8,16,18,23,23,30,30,31,33,37,42,50,50],"damage_taken":[{"damage":2,"enemies":"Cultist","floor":1,"turns":3},{"damage":13,"enemies":"Jaw Worm","floor":2,"turns":10},{"damage":4,"enemies":"Small Slimes","floor":5,"turns":3},{"damage":16,"enemies":"3 Sentries","floor":6,"turns":8},{"damage":2,"enemies":"The Mushroom Lair","floor":8,"turns":5},{"damage":8,"enemies":"Lagavulin","floor":13,"turns":7},{"damage":0,"enemies":"3 Louse","floor":14,"turns":1},{"damage":4,"enemies":"Slime Boss","floor":16,"turns":9},{"damage":1,"enemies":"Shell Parasite","floor":18,"turns":4},{"damage":0,"enemies":"Chosen","floor":19,"turns":3},{"damage":10,"enemies":"Shelled Parasite and Fungi","floor":20,"turns":4},{"damage":0,"enemies":"Snecko","floor":21,"turns":3},{"damage":23,"enemies":"Gremlin Leader","floor":23,"turns":9},{"damage":0,"enemies":"Slavers","floor":25,"turns":6},{"damage":3,"enemies":"3 Cultists","floor":27,"turns":6},{"damage":0,"enemies":"Snake Plant","floor":29,"turns":2},{"damage":0,"enemies":"Chosen and Byrds","floor":30,"turns":3},{"damage":23,"enemies":"Gremlin Leader","floor":31,"turns":6},{"damage":0,"enemies":"Collector","floor":33,"turns":12},{"damage":0,"enemies":"3 Shapes","floor":35,"turns":5},{"damage":23,"enemies":"3 Darklings","floor":37,"turns":7},{"damage":1,"enemies":"Writhing Mass","floor":38,"turns":9},{"damage":0,"enemies":"Nemesis","floor":40,"turns":9},{"damage":0,"enemies":"Jaw Worm Horde","floor":42,"turns":6},{"damage":0,"enemies":"Maw","floor":45,"turns":6},{"damage":2,"enemies":"Spire Growth","floor":46,"turns":5},{"damage":0,"enemies":"Mind Bloom Boss Battle","floor":47,"turns":2},{"damage":0,"enemies":"Time Eater","floor":50,"turns":8}],"seed_played":"1313614416888344712","potions_obtained":[{"floor":6,"key":"SkillPotion"},{"floor":8,"key":"SpeedPotion"},{"floor":13,"key":"SteroidPotion"},{"floor":16,"key":"BottledMiracle"},{"floor":21,"key":"Weak Potion"},{"floor":23,"key":"FearPotion"},{"floor":27,"key":"Explosive Potion"},{"floor":30,"key":"Swift Potion"},{"floor":31,"key":"Fire Potion"},{"floor":33,"key":"ColorlessPotion"},{"floor":37,"key":"Fire Potion"},{"floor":38,"key":"Weak Potion"},{"floor":42,"key":"LiquidBronze"}],"is_trial":false,"path_per_floor":["M","M","$","?","M","E","?","?","T","R","$","?","E","M","R","B",null,"M","M","M","M","?","E","R","E","T","M","?","M","M","E","R","B",null,"M","$","M","M","?","E","R","M","T","R","M","M","?","$","R","B",null],"character_chosen":"WATCHER","items_purchased":["BowlingBash","LikeWater","FearNoEvil","EmptyMind","Vajra","Happy Flower","PowerPotion","LikeWater"],"campfire_rested":5,"item_purchase_floors":[3,11,11,11,36,36,36,48],"current_hp_per_floor":[59,46,46,46,42,26,15,13,13,32,32,32,24,24,43,39,59,58,58,48,48,48,25,44,44,44,41,41,41,41,18,37,37,58,58,58,35,34,34,34,34,34,34,53,53,51,51,51,51,51],"gold":241,"neow_bonus":"THREE_RARE_CARDS","is_daily":false,"chose_seed":false,"campfire_upgraded":2,"win_rate":0.0,"timestamp":1614306243,"path_taken":["M","M","$","?","M","E","?","?","T","R","$","?","E","M","R","BOSS","M","M","?","M","?","E","R","E","T","M","?","M","M","E","R","BOSS","M","$","M","M","?","E","R","M","T","R","M","M","?","$","R","BOSS"],"items_purchased_type":["Card","Card","Card","Card","Relic","Relic","Potion","Card"],"build_version":"2020-12-22","purchased_purges":4,"victory":true,"max_hp_per_floor":[68,68,65,65,65,65,65,65,65,65,65,65,65,65,65,65,65,65,65,65,65,65,65,65,65,65,65,65,65,65,65,65,65,65,65,65,65,65,65,65,65,65,65,65,65,65,65,65,65,65],"relic_stats":{"Gremlin Horn":[40,40],"Happy Flower":[17],"counters":[28,161],"Pen Nib":[32],"PreservedInsect":100,"Whetstone":["BowlingBash","Wallop"],"MawBank":276,"Peace Pipe":0,"Ornamental Fan":[132],"Snecko Eye":[267,236,236,248],"Tiny Chest":0,"Black Star":1,"obtain_stats":[{"Gremlin Horn":9,"Happy Flower":36,"Vajra":36,"Pen Nib":6,"PreservedInsect":26,"Whetstone":43,"Odd Mushroom":8,"MawBank":13,"Peace Pipe":47,"Ornamental Fan":31,"Snecko Eye":17,"Tiny Chest":25,"Black Star":34,"Bag of Marbles":40,"PureWater":0,"FossilizedHelix":40},{"Gremlin Horn":5,"Happy Flower":20,"Vajra":20,"Pen Nib":4,"PreservedInsect":14,"Whetstone":24,"Odd Mushroom":5,"MawBank":6,"Peace Pipe":27,"Ornamental Fan":18,"Snecko Eye":8,"Tiny Chest":14,"Black Star":19,"Bag of Marbles":23,"PureWater":0,"FossilizedHelix":23},{"Gremlin Horn":29,"Happy Flower":109,"Vajra":109,"Pen Nib":24,"PreservedInsect":75,"Whetstone":140,"Odd Mushroom":29,"MawBank":36,"Peace Pipe":153,"Ornamental Fan":92,"Snecko Eye":46,"Tiny Chest":75,"Black Star":104,"Bag of Marbles":134,"PureWater":0,"FossilizedHelix":134}]},"card_choices":[{"not_picked":["Alpha","DeusExMachina"],"picked":"LessonLearned","floor":0},{"not_picked":["Evaluate","Halt"],"picked":"FollowUp","floor":1},{"not_picked":["SashWhip","PathToVictory"],"picked":"EmptyFist","floor":2},{"not_picked":["ForeignInfluence","Fasting2"],"picked":"Wallop","floor":5},{"not_picked":["EmptyMind","Protect"],"picked":"ThirdEye","floor":6},{"not_picked":["EmptyBody","Indignation"],"picked":"Meditate","floor":8},{"not_picked":["Wallop","EmptyFist"],"picked":"Tantrum","floor":13},{"not_picked":["ThirdEye","CrushJoints"],"picked":"EmptyBody","floor":14},{"not_picked":["DeusExMachina","Devotion"],"picked":"SpiritShield","floor":16},{"not_picked":["Halt","BowlingBash","ClearTheMind"],"picked":"SKIP","floor":18},{"not_picked":["CutThroughFate","InnerPeace"],"picked":"Adaptation+1","floor":19},{"not_picked":["Wallop","Protect","Vengeance"],"picked":"SKIP","floor":20},{"not_picked":["CutThroughFate","CrushJoints","Halt"],"picked":"SKIP","floor":21},{"not_picked":["SandsOfTime","PathToVictory+1"],"picked":"LikeWater","floor":23},{"not_picked":["Blasphemy","BattleHymn"],"picked":"WheelKick","floor":25},{"not_picked":["Sanctity+1","PathToVictory","FlyingSleeves"],"picked":"SKIP","floor":27},{"not_picked":["ThirdEye","Perseverance","Evaluate"],"picked":"SKIP","floor":29},{"not_picked":["SashWhip","WheelKick"],"picked":"WaveOfTheHand+1","floor":30},{"not_picked":["Wallop","Crescendo","FollowUp"],"picked":"SKIP","floor":31},{"not_picked":["Brilliance","Judgement"],"picked":"Wish","floor":33},{"not_picked":["Tantrum","JustLucky","FollowUp"],"picked":"SKIP","floor":35},{"not_picked":["FollowUp","FlyingSleeves","FlurryOfBlows"],"picked":"SKIP","floor":37},{"not_picked":["EmptyBody+1","BattleHymn+1","FlyingSleeves"],"picked":"SKIP","floor":38},{"not_picked":["FollowUp","WheelKick"],"picked":"LikeWater","floor":40},{"not_picked":["Nirvana","Prostrate","Halt"],"picked":"SKIP","floor":42},{"not_picked":["ThirdEye","Prostrate","CarveReality"],"picked":"SKIP","floor":45},{"not_picked":["Protect","ReachHeaven"],"picked":"Wallop+1","floor":46}],"player_experience":1601818,"relics_obtained":[{"floor":6,"key":"Pen Nib"},{"floor":8,"key":"Odd Mushroom"},{"floor":9,"key":"Gremlin Horn"},{"floor":13,"key":"MawBank"},{"floor":25,"key":"Tiny Chest"},{"floor":26,"key":"PreservedInsect"},{"floor":31,"key":"Ornamental Fan"},{"floor":40,"key":"FossilizedHelix"},{"floor":40,"key":"Bag of Marbles"},{"floor":43,"key":"Whetstone"},{"floor":47,"key":"Peace Pipe"}],"event_choices":[{"damage_healed":0,"gold_gain":56,"player_choice":"Gained Gold","damage_taken":0,"max_hp_gain":0,"max_hp_loss":0,"event_name":"Golden Wing","floor":4,"gold_loss":0},{"damage_healed":0,"gold_gain":75,"player_choice":"Gather Gold","damage_taken":11,"max_hp_gain":0,"max_hp_loss":0,"event_name":"World of Goop","floor":7,"gold_loss":0},{"damage_healed":0,"gold_gain":0,"player_choice":"Fought Mushrooms","damage_taken":0,"max_hp_gain":0,"max_hp_loss":0,"event_name":"Mushrooms","floor":8,"gold_loss":0},{"damage_healed":0,"gold_gain":50,"player_choice":"Pray","damage_taken":0,"max_hp_gain":0,"max_hp_loss":0,"event_name":"Golden Shrine","floor":12,"gold_loss":0},{"damage_healed":0,"gold_gain":0,"player_choice":"Ignored","damage_taken":0,"max_hp_gain":0,"max_hp_loss":0,"event_name":"Vampires","floor":22,"gold_loss":0},{"damage_healed":0,"gold_gain":0,"cards_transformed":["Strike_P","Strike_P"],"player_choice":"Became Test Subject","damage_taken":0,"max_hp_gain":0,"max_hp_loss":0,"event_name":"Drug Dealer","floor":28,"gold_loss":0,"cards_obtained":["InnerPeace","Wallop"]},{"damage_healed":0,"gold_gain":0,"player_choice":"Ignored","damage_taken":0,"max_hp_gain":0,"max_hp_loss":0,"event_name":"Tomb of Lord Red Mask","floor":39,"gold_loss":0},{"damage_healed":0,"gold_gain":0,"player_choice":"Fight","damage_taken":0,"max_hp_gain":0,"max_hp_loss":0,"event_name":"MindBloom","floor":47,"gold_loss":0}],"is_beta":false,"boss_relics":[{"not_picked":["Busted Crown","VioletLotus"],"picked":"Snecko Eye"},{"not_picked":["Philosopher\u0027s Stone","Pandora\u0027s Box"],"picked":"Black Star"}],"items_purged_floors":[3,11,36,48],"is_endless":false,"potions_floor_spawned":[6,8,13,16,21,23,27,30,31,33,37,38,42],"ascension_level":19}}