{"host":"a1urfede5pixhbtg","time":1614316980,"event":{"mods":["BaseMod","Downfall","Minty Spire (QoL Compilation)","Quick Restart","Replay The Spire","StSLib"],"gold_per_floor":[99,117,117,117,130,130,156,170,180,180,180,195,225,244,257,355,355,355,355,366,380,38,38,38,97,97,97,157,214,289,214,266,405,405,405,458,125,142,232,290,290,290,483,558,558,631,688,688,699,699],"floor_reached":51,"language":"ZHS","playtime":5739,"items_purged":["bronze:Strike","bronze:Defend"],"score":806,"play_id":"c12b6c45-fb5e-4645-bf01-b2ed204a4615","local_time":"20210226132300","is_ascension_mode":false,"campfire_choices":[{"floor":1.0,"key":"RECALL"},{"data":"bronze:Flail","floor":6.0,"key":"SMITH"},{"data":"bronze:SpaghettiCode","floor":18.0,"key":"SMITH"},{"data":"bronze:ForLoop","floor":27.0,"key":"SMITH"},{"data":"bronze:HardenedForm","floor":35.0,"key":"SMITH"},{"data":"bronze:HardenedForm","floor":42,"key":"SMITH"},{"floor":45,"key":"REST"}],"circlet_count":0,"master_deck":["bronze:Strike","bronze:Strike","bronze:Defend","bronze:Defend","bronze:Replicate","bronze:Goto","bronze:Flail+1","bronze:ClassDefault+1","bronze:DelayedSlice","bronze:Safeguard+1","bronze:Spike","bronze:Explode","bronze:Repair+1","bronze:Frontload","bronze:FollowUp","bronze:ChosenStrike","bronze:SpaghettiCode+1","bronze:FineTuning","bronze:GetLatest+1","bronze:ForLoop+1","expansioncontent:AwakenDeath","bronze:FineTuning+1","bronze:Allocate","bronze:Turbo+1","bronze:HardenedForm+1","bronze:HardenedForm+1","bronze:Iterate+1","bronze:Return+1","Parasite","Writhe","ReplayTheSpireMod:Restless Dread","bronze:Branch+1","bronze:DelayedSlice+1"],"relics":["bronze:BronzeCore","Meat on the Bone","ReplayFunnel","Replay:Mystery Machine","Runic Dome","Guide Book","downfall:KnowingSkull","Mango","Replay:Grab Bag","Philosopher\u0027s Stone","Cursed Key","Runic Pyramid","Du-Vu Doll","Toxic Egg 2","Ginger","Boot"],"acts_visited":["Exordium","TheCity","TheBeyond"],"potions_floor_usage":[],"damage_taken":[{"damage":0.0,"enemies":"Cultist","floor":2.0,"turns":3.0},{"damage":1.0,"enemies":"Jaw Worm","floor":5.0,"turns":3.0},{"damage":0.0,"enemies":"Small Slimes","floor":8.0,"turns":3.0},{"damage":6.0,"enemies":"Exordium Wildlife","floor":9.0,"turns":2.0},{"damage":18.0,"enemies":"Exordium Wildlife","floor":11.0,"turns":5.0},{"damage":3.0,"enemies":"Exordium Thugs","floor":12.0,"turns":3.0},{"damage":0.0,"enemies":"3 Sentries","floor":13.0,"turns":2.0},{"damage":0.0,"enemies":"2 Fungi Beasts","floor":14.0,"turns":2.0},{"damage":5.0,"enemies":"3 Louse","floor":15.0,"turns":2.0},{"damage":17.0,"enemies":"SI_SHIV_ARCHETYPE","floor":16.0,"turns":11.0},{"damage":0.0,"enemies":"3 Byrds","floor":20.0,"turns":4.0},{"damage":11.0,"enemies":"Shell Parasite","floor":21.0,"turns":7.0},{"damage":0.0,"enemies":"downfall:FleeingMerchant","floor":22.0,"turns":4.0},{"damage":3.0,"enemies":"Centurion and Healer","floor":25.0,"turns":5.0},{"damage":5.0,"enemies":"Snake Plant","floor":28.0,"turns":4.0},{"damage":8.0,"enemies":"Snecko","floor":29.0,"turns":7.0},{"damage":57.0,"enemies":"Book of Stabbing","floor":30.0,"turns":7.0},{"damage":6.0,"enemies":"downfall:FleeingMerchant","floor":31.0,"turns":4.0},{"damage":22.0,"enemies":"3 Cultists","floor":32.0,"turns":4.0},{"damage":37.0,"enemies":"WA_ARCHETYPE_CALM","floor":33.0,"turns":11.0},{"damage":3.0,"enemies":"Orb Walker","floor":36.0,"turns":2.0},{"damage":9,"enemies":"3 Darklings","floor":38,"turns":4},{"damage":12,"enemies":"3 Darklings","floor":39,"turns":4},{"damage":35,"enemies":"Writhing Mass","floor":40,"turns":5},{"damage":3,"enemies":"Reptomancer","floor":44,"turns":4},{"damage":30,"enemies":"R_Hoarder","floor":46,"turns":4},{"damage":25,"enemies":"Sphere and 2 Shapes","floor":47,"turns":3},{"damage":74,"enemies":"Transient","floor":49,"turns":5},{"damage":48,"enemies":"DF_ARCHETYPE_ORBS","floor":50,"turns":8}],"seed_played":"-8686634216988086250","potions_obtained":[{"floor":11.0,"key":"Cursed Concoction"},{"floor":14.0,"key":"Adrenaline Potion"},{"floor":16.0,"key":"bronze:FreeFunctionsPotion"}],"is_trial":false,"path_per_floor":["R","M","?","?","M","R","T","M","M","?","?","M","E","M","M","B",null,"R","?","M","M","$","?","T","M","?","R","M","M","E","$","M","B",null,"R","M","?","M","?","M","T","R","?","E","R","E","M","?","M","B",null],"character_chosen":"THE_AUTOMATON","items_purchased":["Guide Book","expansioncontent:AwakenDeath"],"campfire_rested":1,"item_purchase_floors":[22,22],"current_hp_per_floor":[77,77,70,70,69,69,69,69,63,63,45,49,49,49,51,55,77,77,63,70,66,73,66,66,73,73,73,79,71,51,56,56,52,96,96,93,108,100,88,63,63,63,63,60,92,62,49,118,57,31],"gold":699,"neow_bonus":"TEN_PERCENT_HP_BONUS","is_daily":false,"chose_seed":false,"campfire_upgraded":5,"win_rate":0.0,"timestamp":1614316980,"path_taken":["R","M","?","?","M","R","T","M","M","?","?","M","E","M","M","BOSS","R","?","M","M","$","?","T","?","?","R","M","M","E","$","M","BOSS","R","M","?","M","?","M","T","R","?","E","R","E","M","?","M","BOSS"],"items_purchased_type":["Relic","Card"],"build_version":"2020-12-22","purchased_purges":2,"victory":true,"max_hp_per_floor":[77,77,77,77,77,77,77,77,77,77,77,77,77,77,77,77,77,77,82,82,82,82,82,82,82,82,82,82,82,96,96,96,96,96,96,96,108,108,108,108,108,108,108,108,108,108,108,118,118,118],"card_choices":[{"not_picked":["bronze:Invalidate","bronze:OilSpill"],"picked":"bronze:Flail","floor":2.0},{"not_picked":["bronze:Overheat","bronze:BitShift","bronze:BugBarrage"],"picked":"SKIP","floor":5.0},{"not_picked":["bronze:Safeguard","bronze:BitShift"],"picked":"bronze:DelayedSlice","floor":8.0},{"not_picked":["bronze:Invalidate","bronze:BitShift","bronze:WildBeam"],"picked":"SKIP","floor":9.0},{"not_picked":[],"picked":"bronze:Spike","floor":11.0},{"not_picked":[],"picked":"bronze:Explode","floor":11.0},{"not_picked":["bronze:ForceShield","bronze:Iterate"],"picked":"bronze:Repair","floor":11.0},{"not_picked":["bronze:Fortify","bronze:FineTuning"],"picked":"bronze:Frontload","floor":12.0},{"not_picked":["bronze:Allocate","bronze:BuggyMess"],"picked":"bronze:FollowUp","floor":13.0},{"not_picked":["bronze:Invalidate","bronze:Turbo","bronze:NullPointer"],"picked":"SKIP","floor":14.0},{"not_picked":["bronze:ForLoop","bronze:Flail"],"picked":"bronze:ChosenStrike","floor":15.0},{"not_picked":["bronze:Assembly","bronze:Format"],"picked":"bronze:SpaghettiCode","floor":16.0},{"not_picked":["bronze:Allocate","bronze:BronzeOrb"],"picked":"bronze:FineTuning","floor":20.0},{"not_picked":["bronze:Overheat","bronze:Repair"],"picked":"bronze:GetLatest+1","floor":21.0},{"not_picked":["bronze:Iterate","bronze:NullPointer"],"picked":"bronze:ForLoop","floor":22.0},{"not_picked":["bronze:BitShift","bronze:BugBarrage"],"picked":"bronze:FineTuning+1","floor":25.0},{"not_picked":["bronze:WhirlingStrike","bronze:Flail"],"picked":"bronze:Allocate","floor":28.0},{"not_picked":["bronze:Boost","bronze:Allocate"],"picked":"bronze:Turbo+1","floor":29.0},{"not_picked":["bronze:DelayedGuard","bronze:FineTuning+1"],"picked":"bronze:HardenedForm","floor":30.0},{"not_picked":["bronze:FineTuning","bronze:Overload","bronze:Frontload"],"picked":"SKIP","floor":31.0},{"not_picked":["bronze:Overheat","bronze:Shield","bronze:Branch"],"picked":"SKIP","floor":32.0},{"not_picked":["bronze:SpaghettiCode","bronze:ShipIt"],"picked":"bronze:HardenedForm","floor":33.0},{"not_picked":["bronze:FineTuning+1","bronze:Turbo"],"picked":"bronze:Iterate+1","floor":36.0},{"not_picked":["bronze:MaxOutput","bronze:WhirlingStrike"],"picked":"bronze:Return+1","floor":38},{"not_picked":["bronze:BitShift+1","bronze:Shield+1","bronze:Frontload+1"],"picked":"SKIP","floor":40},{"not_picked":["bronze:BuggyMess+1","bronze:Invalidate+1"],"picked":"bronze:Mutator","floor":43},{"not_picked":["bronze:OilSpill","bronze:Iterate"],"picked":"bronze:Branch+1","floor":44},{"not_picked":["bronze:Mutator","bronze:OilSpill","bronze:Iterate+1"],"picked":"SKIP","floor":46},{"not_picked":["bronze:ForLoop+1","bronze:ItsAFeature+1","bronze:WhirlingStrike"],"picked":"SKIP","floor":47},{"not_picked":["bronze:Allocate+1","bronze:FineTuning+1"],"picked":"bronze:DelayedSlice+1","floor":49}],"player_experience":145311,"relics_obtained":[{"floor":7.0,"key":"ReplayFunnel"},{"floor":13.0,"key":"Replay:Mystery Machine"},{"floor":30.0,"key":"Mango"},{"floor":39,"key":"Du-Vu Doll"},{"floor":41,"key":"Toxic Egg 2"},{"floor":44,"key":"Ginger"},{"floor":46,"key":"Boot"}],"event_choices":[{"damage_healed":0.0,"max_hp_gain":0.0,"max_hp_loss":0.0,"gold_gain":0.0,"event_name":"Scrap Ooze","player_choice":"Success","floor":3.0,"gold_loss":0.0,"damage_taken":7.0,"relics_obtained":["Meat on the Bone"]},{"damage_healed":0.0,"max_hp_gain":0.0,"max_hp_loss":0.0,"gold_gain":0.0,"cards_transformed":["bronze:Strike"],"event_name":"Living Wall","player_choice":"Change","floor":10.0,"gold_loss":0.0,"damage_taken":0.0,"cards_obtained":["bronze:Safeguard"]}],"is_beta":false,"boss_relics":[{"not_picked":["Velvet Choker","Snecko Eye"],"picked":"Runic Dome"},{"not_picked":["Calling Bell","Honey Jar"],"picked":"Replay:Grab Bag"},{"not_picked":["ChewingGum","SlaversCollar"],"picked":"Philosopher\u0027s Stone"},{"not_picked":["Sozu","Busted Crown"],"picked":"Cursed Key"},{"not_picked":["Astrolabe","Tiny House"],"picked":"Runic Pyramid"}],"items_purged_floors":[22,31],"is_endless":false,"potions_floor_spawned":[8,11,14,16,25,28,29,38,39,40],"ascension_level":0}}