{"host":"0kk91h4bq4kgfj0u","time":1614300760,"event":{"mods":["BaseMod","Bestiary","Block Reminder","Colored Map","Colored Powertips","Curses Come First","Highlight Path","Minty Spire (QoL Compilation)","Relic Stats","StSLib"],"gold_per_floor":[113,113,113,130,130,154,154,197,197,222,222,266,266,295,295,405,486,478,498,498,33,54,77,77,77],"floor_reached":24,"language":"ENG","playtime":1021,"items_purged":[],"score":302,"play_id":"ad486c9f-c0d9-4af2-8ab6-e5b9e9bb1241","local_time":"20210225195240","is_ascension_mode":true,"campfire_choices":[{"floor":11,"key":"REST"},{"floor":13,"key":"RECALL"},{"floor":15,"key":"REST"}],"circlet_count":0,"master_deck":["Bash","Exhume","Iron Wave","Clothesline","Rampage","Power Through","Shrug It Off","Battle Trance","Wild Strike","Feed","Anger","Uppercut","Rupture","Fiend Fire","Burning Pact","Thunderclap","Carnage","Feel No Pain","Cleave","HandOfGreed","Inflame","Entrench+1","Anger"],"relics":["Burning Blood","Boot","CeramicFish","Eternal Feather","InkBottle","Self Forming Clay","Blood Vial","Pandora\u0027s Box","Kunai"],"acts_visited":["Exordium","TheCity"],"potions_floor_usage":[16],"damage_taken":[{"damage":10,"enemies":"Jaw Worm","floor":1,"turns":6},{"damage":4,"enemies":"Small Slimes","floor":4,"turns":4},{"damage":6,"enemies":"Cultist","floor":6,"turns":3},{"damage":37,"enemies":"Lagavulin","floor":8,"turns":8},{"damage":9,"enemies":"3 Louse","floor":10,"turns":4},{"damage":44,"enemies":"3 Sentries","floor":12,"turns":15},{"damage":13,"enemies":"Lots of Slimes","floor":14,"turns":5},{"damage":73,"enemies":"The Guardian","floor":16,"turns":20},{"damage":19,"enemies":"2 Thieves","floor":18,"turns":4},{"damage":27,"enemies":"Spheric Guardian","floor":19,"turns":5},{"damage":17,"enemies":"Centurion and Healer","floor":22,"turns":8},{"damage":13,"enemies":"Snecko","floor":23,"turns":5},{"damage":40,"enemies":"Book of Stabbing","floor":24,"turns":5}],"seed_played":"2868897340402426880","potions_obtained":[{"floor":4,"key":"SteroidPotion"},{"floor":6,"key":"LiquidBronze"},{"floor":12,"key":"BloodPotion"},{"floor":14,"key":"Dexterity Potion"}],"is_trial":false,"path_per_floor":["M","?","?","M","T","M","?","E","T","M","R","E","R","M","R","B",null,"M","M","?","$","M","M","E"],"character_chosen":"IRONCLAD","items_purchased":["Kunai","HandOfGreed","Inflame"],"campfire_rested":2,"item_purchase_floors":[21,21,21],"current_hp_per_floor":[68,73,70,72,72,72,72,41,41,38,72,34,43,38,72,24,70,62,46,46,46,40,35,0,0],"gold":77,"neow_bonus":"ONE_RANDOM_RARE_CARD","is_daily":false,"chose_seed":false,"campfire_upgraded":0,"win_rate":0.0,"timestamp":1614300760,"path_taken":["M","?","?","M","?","M","?","E","T","?","R","E","R","M","R","BOSS","M","M","?","$","?","?","E"],"items_purchased_type":["Relic","Card","Card"],"build_version":"2020-12-22","purchased_purges":0,"victory":false,"max_hp_per_floor":[80,85,85,85,85,85,85,85,85,85,85,85,85,85,85,85,85,88,91,91,91,94,94,94,94],"relic_stats":{"Blood Vial":14,"counters":[13,92],"Self Forming Clay":[120],"CeramicFish":180,"Eternal Feather":27,"Pandora\u0027s Box":["Barricade","Anger","Uppercut","Rupture","Fiend Fire","Burning Pact","Thunderclap","Carnage","Feel No Pain"],"Kunai":[4],"Boot":[36],"obtain_stats":[{"Blood Vial":12,"Self Forming Clay":9,"CeramicFish":5,"Eternal Feather":7,"Pandora\u0027s Box":17,"Kunai":21,"Boot":3,"Burning Blood":0,"InkBottle":8},{"Blood Vial":6,"Self Forming Clay":4,"CeramicFish":2,"Eternal Feather":3,"Pandora\u0027s Box":8,"Kunai":10,"Boot":1,"Burning Blood":0,"InkBottle":4},{"Blood Vial":40,"Self Forming Clay":21,"CeramicFish":10,"Eternal Feather":13,"Pandora\u0027s Box":65,"Kunai":74,"Boot":6,"Burning Blood":0,"InkBottle":21}],"Burning Blood":72,"InkBottle":[14]},"card_choices":[{"not_picked":["Hemokinesis","Warcry"],"picked":"Iron Wave","floor":1},{"not_picked":["Infernal Blade","Combust"],"picked":"Clothesline","floor":4},{"not_picked":["Iron Wave","Blood for Blood"],"picked":"Rampage","floor":6},{"not_picked":["Combust","Metallicize"],"picked":"Power Through","floor":8},{"not_picked":["Pommel Strike","Evolve"],"picked":"Shrug It Off","floor":10},{"not_picked":["Brutality","Thunderclap"],"picked":"Battle Trance","floor":12},{"not_picked":["Shrug It Off","Sword Boomerang"],"picked":"Wild Strike","floor":14},{"not_picked":["Offering","Fiend Fire"],"picked":"Feed","floor":16},{"not_picked":["Uppercut+1","Second Wind"],"picked":"Cleave","floor":18},{"not_picked":["Perfected Strike","Thunderclap+1","Warcry"],"picked":"SKIP","floor":19},{"not_picked":["Wild Strike+1","Body Slam"],"picked":"Entrench+1","floor":22},{"not_picked":["Pommel Strike","Anger","Cleave"],"picked":"SKIP","floor":23},{"not_picked":["Pommel Strike","Cleave"],"picked":"Anger","floor":23}],"player_experience":925085,"relics_obtained":[{"floor":5,"key":"CeramicFish"},{"floor":8,"key":"InkBottle"},{"floor":9,"key":"Self Forming Clay"},{"floor":12,"key":"Blood Vial"}],"event_choices":[{"damage_healed":0,"gold_gain":0,"player_choice":"Donut","damage_taken":0,"max_hp_gain":5,"max_hp_loss":0,"event_name":"Big Fish","floor":2,"gold_loss":0},{"damage_healed":0,"gold_gain":0,"player_choice":"Success","damage_taken":3,"relics_obtained":["Boot"],"max_hp_gain":0,"max_hp_loss":0,"event_name":"Scrap Ooze","floor":3,"gold_loss":0},{"damage_healed":0,"gold_gain":0,"player_choice":"Gave Potion","damage_taken":0,"relics_obtained":["Eternal Feather"],"max_hp_gain":0,"max_hp_loss":0,"event_name":"WeMeetAgain","floor":7,"gold_loss":0},{"cards_removed":["Barricade"],"damage_healed":0,"gold_gain":0,"player_choice":"Purged","damage_taken":0,"max_hp_gain":0,"max_hp_loss":0,"event_name":"Purifier","floor":20,"gold_loss":0}],"is_beta":false,"boss_relics":[{"not_picked":["SacredBark","Velvet Choker"],"picked":"Pandora\u0027s Box"}],"items_purged_floors":[],"is_endless":false,"potions_floor_spawned":[4,6,12,14],"killed_by":"Book of Stabbing","ascension_level":9}}