{"host":"mgar08cquislqm55","time":1614320617,"event":{"mods":["ATMod(°¢èªMod)","BaseMod","Library of Ruina","Library of Ruina Extra","Minty Spire (QoL Compilation)","Replay The Spire","StSLib","noobMod","¡¾ÒÅÎï¿¨ÅÆ¡¿REMEMod"],"gold_per_floor":[116,132,132,33,51,51,80,80,107,140,158,185,34,47,47,146,146,156,174,189,189,189,189,6,103,129,129,148,174,193,212,212,316,316,328,348,348,368,400,428,442,453,479,514,525,525,536,548,548,548,548,548,548,112,141,141],"floor_reached":57,"language":"ZHS","playtime":3288,"items_purged":["LightAttack","LightDefense","Regret"],"score":1560,"play_id":"8d3aa305-c872-45b3-b141-d14935fed162","local_time":"20210226142337","is_ascension_mode":false,"campfire_choices":[{"floor":6,"key":"RECALL"},{"data":"AT_FamilyPortrait","floor":8,"key":"SMITH"},{"data":"Unlock1","floor":15,"key":"SMITH"},{"data":"WillOfThePrescript","floor":23,"key":"SMITH"},{"floor":27,"key":"REST"},{"floor":32,"key":"REST"},{"floor":46,"key":"REST"},{"floor":49,"key":"REST"},{"data":"Apotheosis","floor":53,"key":"SMITH"}],"circlet_count":0,"master_deck":["Dodge","LightAttack","LightDefense","ChargeAndCover","FocusedStrikes","AutonomousRush","AT_FamilyPortrait+1","RulesOfTheBackstreets","PuppetBlockade","Leap_lor","BlazingStrike","DesperateStruggle","FlamingDragonFist","Rewind","WillOfThePrescript+1","TendonChords","Unlock1+1","Faith","GrazeTheGrass","EnergyBeam","CurseOfTheBell","FlyingSword","CleanUp","SetFire","ClassAndRespect","AsThePrescriptOrders","SharpNails","EmotionalTurbulence","OminousPower","FlashOfSunup","StartinOutLightly","QuickAttack+1","PinpointShot","QuickSuppression","DistortedBlade","VenomousFangs+1","WillProduceFineSilk","Apotheosis+1","BiAn","WaitUp+1","CumulusWall","EnergyCycle+1","Diversion+1","BlindFaith","VioletBlade","ExtractFuel","Riposte","Parasite","Laceration+1","FrontalAssault+1","HandleRequest","SerpentSwordTechnique","SomberProcuration"],"relics":["PageOfLibrarian","AT_ATBox","ice","REME_ComplimentaryCards","PageOfSnowWhitesApple","AT_ForceNature","Matryoshka","Bronze Scales","Calling Bell","Centennial Puzzle","Replay:Bottled Steam","Calipers","REME_PuzzleBoxRelic","White Beast Statue","AT_RedTearstoneRing","Bag of Preparation","Dream Catcher","Replay:Bronze Core","Pear","MealTicket","Replay:PocketPolymizer","REME_HourglassOfDeath","ReplayTheSpireMod:TigerMarble"],"acts_visited":["Exordium","TheCity","TheBeyond","TheEnding"],"potions_floor_usage":[11,12,16,29,33,35,40,41,50,50,51,51,51],"damage_taken":[{"damage":5,"enemies":"Jaw Worm","floor":1,"turns":2},{"damage":0,"enemies":"Small Slimes","floor":2,"turns":2},{"damage":3,"enemies":"2 Louse","floor":5,"turns":2},{"damage":16,"enemies":"Lagavulin","floor":7,"turns":3},{"damage":4,"enemies":"3 Sentries","floor":10,"turns":4},{"damage":8,"enemies":"Looter","floor":11,"turns":3},{"damage":14,"enemies":"Gremlin Nob","floor":12,"turns":3},{"damage":13,"enemies":"3 Louse","floor":14,"turns":2},{"damage":34,"enemies":"The Guardian","floor":16,"turns":7},{"damage":2,"enemies":"Chosen","floor":18,"turns":3},{"damage":11,"enemies":"Shell Parasite","floor":19,"turns":3},{"damage":5,"enemies":"Centurion and Healer","floor":20,"turns":3},{"damage":1,"enemies":"Snecko","floor":28,"turns":2},{"damage":29,"enemies":"REME_1_Revenger","floor":29,"turns":3},{"damage":11,"enemies":"Shelled Parasite and Fungi","floor":30,"turns":2},{"damage":16,"enemies":"Snake Plant","floor":31,"turns":2},{"damage":4,"enemies":"Pondfish","floor":33,"turns":5},{"damage":23,"enemies":"3 Darklings","floor":35,"turns":3},{"damage":4,"enemies":"3 Shapes","floor":36,"turns":2},{"damage":0,"enemies":"3 Darklings","floor":38,"turns":1},{"damage":26,"enemies":"4 Shapes","floor":39,"turns":2},{"damage":1,"enemies":"Giant Head","floor":40,"turns":4},{"damage":15,"enemies":"Writhing Mass","floor":41,"turns":2},{"damage":1,"enemies":"Maw","floor":42,"turns":4},{"damage":22,"enemies":"Nemesis","floor":44,"turns":5},{"damage":16,"enemies":"4 Shapes","floor":45,"turns":2},{"damage":0,"enemies":"Jaw Worm Horde","floor":47,"turns":2},{"damage":0,"enemies":"Writhing Mass","floor":48,"turns":3},{"damage":69,"enemies":"Donu and Deca","floor":50,"turns":5},{"damage":41,"enemies":"Donu and Deca","floor":51,"turns":4},{"damage":35,"enemies":"Shield and Spear","floor":55,"turns":4},{"damage":44,"enemies":"The Heart","floor":56,"turns":4}],"seed_played":"2185792055931478976","potions_obtained":[{"floor":5,"key":"FearPotion"},{"floor":11,"key":"BlessingOfTheForge"},{"floor":14,"key":"Block Potion"},{"floor":18,"key":"Ancient Potion"},{"floor":20,"key":"SpeedPotion"},{"floor":25,"key":"Strength Potion"},{"floor":25,"key":"GamblersBrew"},{"floor":30,"key":"Elixir"},{"floor":31,"key":"FearPotion"},{"floor":33,"key":"FearPotion"},{"floor":35,"key":"GamblersBrew"},{"floor":40,"key":"Energy Potion"},{"floor":41,"key":"Venom Potion"},{"floor":55,"key":"DuplicationPotion"}],"is_trial":false,"path_per_floor":["M","M","?","$","M","R","E","R","T","E","M","E","$","M","R","B",null,"M","M","M","?","?","R","$","?","T","R","M","E","M","M","R","B",null,"M","M","?","M","M","E","M","M","T","E","M","R","M","M","R","B",null,null,"R","$","E","B",null],"character_chosen":"Librarian","items_purchased":["DesperateStruggle","Faith","REME_PuzzleBoxRelic","AsThePrescriptOrders","REME_HourglassOfDeath","SerpentSwordTechnique"],"campfire_rested":4,"item_purchase_floors":[4,13,24,24,54,54],"current_hp_per_floor":[49,49,49,49,52,52,53,53,53,60,57,51,51,46,46,48,85,83,75,73,73,73,73,73,52,52,77,79,50,47,37,62,63,85,62,63,63,63,45,57,45,47,47,33,17,45,45,45,73,17,77,98,98,98,66,27],"gold":141,"neow_bonus":"TRANSFORM_TWO_CARDS","is_daily":false,"chose_seed":false,"campfire_upgraded":4,"win_rate":0.0,"timestamp":1614320617,"path_taken":["M","M","?","$","M","R","E","R","T","E","M","E","$","M","R","BOSS","M","M","M","?","?","R","$","?","T","R","M","E","M","M","R","BOSS","M","M","?","M","M","E","M","M","T","E","M","R","M","M","R","BOSS","R","$","E","BOSS"],"items_purchased_type":["Card","Card","Relic","Card","Relic","Card"],"build_version":"2020-12-22","purchased_purges":3,"victory":true,"max_hp_per_floor":[64,70,70,70,70,70,70,70,70,70,70,70,70,70,70,85,85,85,85,85,85,85,85,85,85,85,85,85,85,85,85,85,85,85,85,85,85,85,85,95,95,95,95,95,95,95,95,95,95,95,98,98,98,98,106,143],"card_choices":[{"not_picked":["TendonChords","UnavoidableGaze","SturdyDefense","Preparation","HighKick","Execute_lor","FleetFootsteps","Reload"],"picked":"Leap_lor","floor":1},{"not_picked":["HighKick","MultiBlock","Retaliate","SuppressingShot","BladeWhirl","SerpentSwordTechnique","ChopItOff","SharpNails"],"picked":"BlazingStrike","floor":2},{"not_picked":["DarkCloud","FierceOnslaught","NightInTheBackstreets","StrikeDown","Diversion","Gigigig","QuickAttack","Unlock1"],"picked":"FlamingDragonFist","floor":5},{"not_picked":["ExtractFuel","EnergyShield","BackAttack","UpbeatPerformance","ForcefulGesture","BiAn","StructuralAnalysis","DarkCloud"],"picked":"Rewind","floor":7},{"not_picked":["BiAn","PreemptiveStrike","SharpSwipe","Multislash","SturdyDefense","ForcefulGesture","WaitUp","EnergyStrike"],"picked":"WillOfThePrescript","floor":10},{"not_picked":["RatsGuideToSurvival","ProselytesBlade","LoosenUp","QuickAttack","SpearedSweep","DesperateStruggle","SuppressingShot","UndertakePrescript"],"picked":"TendonChords","floor":11},{"not_picked":["JiaoTu","LoosenUp","Reload","MultiBlock","SerpentSwordTechnique","SummaryJudgment","Track","SunsetBlade"],"picked":"Unlock1","floor":12},{"not_picked":["FrontalAssault","Rewind","SweepTheBackstreets","UncannyStrike","NonstopAssault","Observe","UnavoidableGaze","EndlessBattle"],"picked":"GrazeTheGrass","floor":14},{"not_picked":["WillProduceFineSilk","ScratchThat"],"picked":"EnergyBeam","floor":16},{"not_picked":["UpbeatPerformance","HandleRequest","DesperateStruggle","AsThePrescriptOrders","BoundaryOfDeath","ChiWen","Retaliate","Reload"],"picked":"FlyingSword","floor":18},{"not_picked":["AsThePrescriptOrders","ShockingBlow","BattleCommand","FleetFootsteps","ClassAndRespect+1","SetFire","GreatSerpentsImpact+1","CoordinatedAssault"],"picked":"CleanUp","floor":19},{"not_picked":["Faith","BiteOff","Track","Diversion+1","Leap_lor+1","SturdyDefense+1","EnergyCycle+1","GreatSerpentsImpact+1"],"picked":"SetFire","floor":20},{"not_picked":["TendonChords","Execute_lor","CutIn+1","SunsetBlade","GrazeTheGrass","HiddenBlade","UpbeatPerformance","Unlock1"],"picked":"SharpNails","floor":25},{"not_picked":["EnergyShield","Bvapour","BlindFaith","Endure","WillBeTasty","GuidanceOfTheGears+1","SummaryJudgment","StrongStrike"],"picked":"EmotionalTurbulence","floor":25},{"not_picked":["SnakeSlit","Guardian_lor+1","SomberProcuration","TheWillOfTheCity","Ripple+1","FlashOfSunup","GuardingStance+1","CircusKnives"],"picked":"OminousPower","floor":27},{"not_picked":["Reload","NightInTheBackstreets","DarkCloud","Duel_lor+1","VioletBlade","PreemptiveStrike","AsThePrescriptOrders+1","GreatSerpentsImpact"],"picked":"FlashOfSunup","floor":28},{"not_picked":["RatsGuideToSurvival","Standoff","UpbeatPerformance+1","Wallop_lor","Leap_lor","ViolentFlame+1","YoureAHindrance","AsThePrescriptOrders+1"],"picked":"StartinOutLightly","floor":29},{"not_picked":["SparkingSpear","TraceOfFumes+1","Crush","SwordOfVolition","EndlessBattle","Eject","CumulusWall","GuardingStance"],"picked":"QuickAttack+1","floor":30},{"not_picked":["UpbeatPerformance+1","GreatSerpentsImpact+1","InkOver","SnakesPrey+1","ViolentFlame","JiaoTu","BlindFaith","Endure"],"picked":"PinpointShot","floor":31},{"not_picked":["VioletBlade","FieryWaltz","SharpSwipe","TendonChords","SparkingSpear","BiteOff","StructuralAnalysis","EnergyShield"],"picked":"QuickSuppression","floor":32},{"not_picked":["TieShanKao","BalefulBrand"],"picked":"DistortedBlade","floor":33},{"not_picked":["Reload","SmokingPipe","Faith+1","SharpNails+1","ProselytesBlade+1","CoordinatedAssault","EnergyShield","IdentifyWeakpoint"],"picked":"VenomousFangs+1","floor":35},{"not_picked":["AutonomousRush","PuppetBlockade","Zzzzzap+1","PinpointShot","FierceOnslaught+1","Diversion+1","TimeForALittleTest","TendonChords+1"],"picked":"WillProduceFineSilk","floor":36},{"not_picked":["REME_TwoStrings","Blind","Dark Shackles","The Bomb","AT_CelerityRune","AT_Homeward","Replay:Parry","REME_WheelOfFate"],"picked":"Apotheosis","floor":37},{"not_picked":["SerpentineBarrier+1","ForTheFamily+1","Outburst+1","StructuralAnalysis","SearingSword","Reload+1","PinpointShot+1","SnakesPrey"],"picked":"BiAn","floor":38},{"not_picked":["Unlock1","HighKick","QuickSuppression+1","SinglePointStab","YoureTooSlow+1","ShrineToMusic+1","SilentMist","FrontalAssault+1"],"picked":"WaitUp+1","floor":39},{"not_picked":["DarkCloud","MultiBlock","EndlessBattle+1","SilentMist+1","CleanUp","Ripple","SharpSwipe+1","SharpenedBlade+1"],"picked":"CumulusWall","floor":40},{"not_picked":["Marionette","PreemptiveStrike","QuickSuppression","Track+1","Guardian_lor+1","DefenseOrder","Concentration+1","ViolentFlame+1"],"picked":"EnergyCycle+1","floor":41},{"not_picked":["StartinOutLightly+1","BiAn+1","SinglePointStab+1","Gigigig+1","Multislash","FlowOfTheSword+1","DefenseOrder+1","DimensionalRift+1"],"picked":"Diversion+1","floor":42},{"not_picked":["Faith","DevastatingThrash","Guardian_lor+1","YourShield","Tttonst","WillProduceFineSilk","GuardingStance+1","Concentration"],"picked":"BlindFaith","floor":44},{"not_picked":["NonstopAssault","SuppressingShot","Tttonst","StrongStrike+1","Wallop_lor+1","Rewind+1","GrazeTheGrass+1","AsThePrescriptOrders+1"],"picked":"VioletBlade","floor":45},{"not_picked":["IronWall","EnergyCycle","DesperateStruggle","ChiWen","LossOfSenses","ElectricShock+1","Faith","BiAn"],"picked":"ExtractFuel","floor":46},{"not_picked":["Diversion","BlowItUp","NightInTheBackstreets+1","StrongStrike+1","Overcharge+1","FrontalAssault+1","SerpentSwordTechnique","OminousPower+1"],"picked":"Riposte","floor":47},{"not_picked":["HardRehearsal","DriedUp+1","DistortedBlade","BackAttack","DestructiveImpact+1","StrongStrike+1","FleetFootsteps","RapidGashes+1"],"picked":"Laceration+1","floor":48},{"not_picked":["OpportunitySpotted+1","QuickAttack+1","SunsetBlade+1","Outburst+1","EnergyCycle","NightInTheBackstreets+1","InkOver","FeelinGood+1"],"picked":"FrontalAssault+1","floor":49},{"not_picked":["UnavoidableGaze+1","ConcentratedFire+1","EnergyBeam","SnakesPrey","AsThePrescriptOrders","Parry","Creak","CrackOfDawn"],"picked":"SomberProcuration","floor":55}],"player_experience":28555,"relics_obtained":[{"floor":7,"key":"AT_ForceNature"},{"floor":10,"key":"Matryoshka"},{"floor":12,"key":"Bronze Scales"},{"floor":17,"key":"Centennial Puzzle"},{"floor":17,"key":"Replay:Bottled Steam"},{"floor":17,"key":"Calipers"},{"floor":25,"key":"White Beast Statue"},{"floor":25,"key":"AT_RedTearstoneRing"},{"floor":26,"key":"Bag of Preparation"},{"floor":26,"key":"Dream Catcher"},{"floor":40,"key":"Pear"},{"floor":43,"key":"MealTicket"},{"floor":44,"key":"Replay:PocketPolymizer"},{"floor":55,"key":"ReplayTheSpireMod:TigerMarble"}],"event_choices":[{"damage_healed":0,"gold_gain":0,"player_choice":"Box","damage_taken":0,"relics_obtained":["PageOfSnowWhitesApple"],"max_hp_gain":0,"max_hp_loss":0,"event_name":"Big Fish","floor":3,"gold_loss":0,"cards_obtained":["Regret"]},{"damage_healed":0,"gold_gain":0,"player_choice":"Ignored","damage_taken":0,"max_hp_gain":0,"max_hp_loss":0,"event_name":"Vampires","floor":21,"gold_loss":0},{"damage_healed":0,"gold_gain":0,"player_choice":"Read","damage_taken":0,"max_hp_gain":0,"max_hp_loss":0,"event_name":"The Library","floor":22,"gold_loss":0,"cards_obtained":["ClassAndRespect"]},{"damage_healed":0,"gold_gain":0,"player_choice":"Memory 1","damage_taken":0,"max_hp_gain":0,"max_hp_loss":0,"event_name":"SensoryStone","floor":37,"gold_loss":0}],"is_beta":false,"boss_relics":[{"not_picked":["REME_DuelDisc","Honey Jar"],"picked":"Calling Bell"},{"not_picked":["Sozu","Replay:Grab Bag"],"picked":"Replay:Bronze Core"}],"items_purged_floors":[4,13,54],"is_endless":false,"potions_floor_spawned":[5,11,14,18,20,28,29,30,31,33,35,36,38,39,40,41,42,44,45,47,48,51,55],"ascension_level":0}}