{"host":"hxbbrccw7ig68b38","time":1614317040,"event":{"mods":["BaseMod","Hermit","Minty Spire (QoL Compilation)","Replay The Spire","StSLib","The Cursed"],"gold_per_floor":[116,41,60,60,60,60,80,80,80,100,117,117,129,129,129],"floor_reached":14,"language":"KOR","playtime":480,"items_purged":["Sentinel"],"score":132,"play_id":"0f5ead0d-d298-4d1d-932a-1acc29a78d69","local_time":"20210226142400","daily_mods":["Draft","Vintage","Heirloom","Time Dilation","Binary","Uncertain Future"],"is_ascension_mode":false,"campfire_choices":[{"floor":8,"key":"REST"},{"floor":12,"key":"REST"}],"circlet_count":0,"master_deck":["ReplayTheSpireMod:Stacked","Pommel Strike","Uppercut","Bloodletting","Heavy Blade","ReplayTheSpireMod:Muscle Training","Sentinel","ReplayTheSpireMod:Muscle Training","Flex","Pummel","Flex","Inflame+1","ReplayTheSpireMod:LeadingStrike","Armaments+1","Armaments"],"relics":["Burning Blood","replay:Trail_Library","FossilizedHelix","Champion Belt","Blue Doll","Bronze Scales","Blood Vial","Ancient Tea Set"],"acts_visited":["Exordium"],"potions_floor_usage":[10,11],"damage_taken":[{"damage":0,"enemies":"Cultist","floor":1,"turns":2},{"damage":5,"enemies":"2 Louse","floor":3,"turns":3},{"damage":33,"enemies":"Small Slimes","floor":7,"turns":3},{"damage":25,"enemies":"2 Fungi Beasts","floor":10,"turns":3},{"damage":13,"enemies":"Large Slime","floor":11,"turns":2},{"damage":28,"enemies":"3 Louse","floor":13,"turns":3},{"damage":50,"enemies":"Lagavulin","floor":14,"turns":3}],"seed_played":"1110366","potions_obtained":[{"floor":3,"key":"Block Potion"},{"floor":10,"key":"Death Potion"},{"floor":11,"key":"LifebloodPotion"}],"is_trial":true,"path_per_floor":["M","$","M","WH","WH","?","M","R","T","M","M","R","M","E"],"character_chosen":"IRONCLAD","items_purchased":[],"campfire_rested":2,"item_purchase_floors":[],"current_hp_per_floor":[80,80,80,80,80,64,37,61,61,42,35,59,39,0,0],"gold":129,"neow_bonus":"","is_daily":false,"chose_seed":true,"campfire_upgraded":0,"win_rate":0.0,"timestamp":1614317040,"path_taken":["M","$","M","WH","WH","?","M","R","T","M","M","R","M","E"],"items_purchased_type":[],"build_version":"2020-12-22","purchased_purges":1,"victory":false,"max_hp_per_floor":[80,80,80,80,80,80,80,80,80,80,80,80,80,80,80],"card_choices":[{"not_picked":["Body Slam","Replay:Undeath\u0027s Touch"],"picked":"ReplayTheSpireMod:Stacked","floor":0},{"not_picked":["Cleave","Body Slam"],"picked":"Pommel Strike","floor":0},{"not_picked":["Run Through","Bloodletting"],"picked":"Uppercut","floor":0},{"not_picked":["Second Wind","Perfected Strike"],"picked":"Bloodletting","floor":0},{"not_picked":["True Grit","Disarm"],"picked":"Heavy Blade","floor":0},{"not_picked":["ReplayTheSpireMod:Limb From Limb","Heavy Blade"],"picked":"ReplayTheSpireMod:Muscle Training","floor":0},{"not_picked":["Run Through","Searing Blow"],"picked":"Sentinel","floor":0},{"not_picked":["Dropkick","Headbutt"],"picked":"ReplayTheSpireMod:Muscle Training","floor":0},{"not_picked":["Sword Boomerang","Warcry"],"picked":"Sentinel","floor":0},{"not_picked":["Twin Strike","True Grit"],"picked":"Flex","floor":0},{"not_picked":["True Grit","Thunderclap"],"picked":"Pummel","floor":0},{"not_picked":["ReplayTheSpireMod:Limb From Limb","Body Slam"],"picked":"Flex","floor":0},{"not_picked":["Uppercut","Havoc"],"picked":"Inflame","floor":0},{"not_picked":["Twin Strike","Iron Wave"],"picked":"ReplayTheSpireMod:LeadingStrike","floor":0},{"not_picked":["Clash","Pommel Strike"],"picked":"Armaments","floor":0}],"player_experience":115206,"relics_obtained":[{"floor":3,"key":"Champion Belt"},{"floor":7,"key":"Blue Doll"},{"floor":10,"key":"Bronze Scales"},{"floor":11,"key":"Blood Vial"},{"floor":13,"key":"Ancient Tea Set"}],"event_choices":[{"damage_healed":0,"gold_gain":0,"player_choice":"Entered Light","damage_taken":16,"max_hp_gain":0,"max_hp_loss":0,"event_name":"Shining Light","floor":6,"gold_loss":0,"cards_upgraded":["Inflame","Armaments"]}],"is_beta":false,"boss_relics":[],"items_purged_floors":[2],"is_endless":true,"potions_floor_spawned":[3,10,11],"killed_by":"Lagavulin","ascension_level":0}}