{"host":"yawnmhdh5u4s0p8o","time":1614329622,"event":{"mods":["AchievementEnabler","Aspiration","BaseMod","BetterRewards","Colored Powertips","Conspire","Downfall","Friendly Minions","GifTheSpireLib","Gremlin Mod","Hermit","Hubris","Infinite Spire","Ironclad Rager","Minty Spire (QoL Compilation)","Permanent Neow","Reliquary","Replay The Spire","Robot Space Explorer","Shop Mod","Spicy Shops","StSLib","The Construct","The Cursed","The Disciple","The Gatherer","The Hierophant","The Marked","The Necromancer","The Runesmith","The Wild Card"],"gold_per_floor":[99,111,18,18,18,35,60,70,83,83,83,361,371,77,91,188,188,188,200,212,212,212,228,228,242,242,242],"floor_reached":25,"language":"ENG","playtime":1993,"items_purged":["conspire:NecroticWound","hubris:Disease"],"score":406,"play_id":"ab84bcb5-3243-4afd-96bb-aff62d345f73","local_time":"20210226195342","is_ascension_mode":true,"campfire_choices":[{"floor":1,"key":"RECALL"},{"data":"bronze:Verify","floor":18,"key":"SMITH"}],"circlet_count":0,"master_deck":["bronze:Defend","bronze:Defend","bronze:Defend","bronze:Defend","bronze:Replicate","bronze:Goto","bronze:Verify+1","bronze:WhirlingStrike","bronze:Iterate","bronze:Optimize","theWildCard:Scathach","downfall:Haunted","bronze:ShipIt","downfall:Bewildered","bronze:DelayedSlice","hubris:Lust","bronze:Verify","bronze:DelayedSlice","Hallucinations","bronze:ForceShield","bronze:Flail","bronze:ItsAFeature","bronze:CutThrough","bronze:FollowUp","bronze:CloningBeam","bronze:Iterate","bronze:Assembly","bronze:Optimize","Bite","Bite","Bite","Bite","Bite","bronze:Repair","Doubt","Regret"],"relics":["bronze:BronzeCore","ReplayTheSpireMod:CursedCoin","reliquary:ExpiredCoupon","downfall:ExtraCursedKey","hubris:Towel","Ring of Fury","MerchantsRug","BargainBundle","reliquary:TridentHead","Iron Hammer","Lee\u0027s Waffle","Black Star","Nilry\u0027s Codex","Golden Egg"],"acts_visited":["Exordium","TheCity"],"potions_floor_usage":[16],"damage_taken":[{"damage":17,"enemies":"2 Louse","floor":2,"turns":3},{"damage":5,"enemies":"downfall:FleeingMerchant","floor":3,"turns":4},{"damage":4,"enemies":"Small Slimes","floor":6,"turns":3},{"damage":0,"enemies":"Cultist","floor":8,"turns":2},{"damage":24,"enemies":"2 Fungi Beasts","floor":9,"turns":3},{"damage":4,"enemies":"downfall:FleeingMerchant","floor":12,"turns":4},{"damage":19,"enemies":"Blue Slaver","floor":13,"turns":3},{"damage":0,"enemies":"downfall:FleeingMerchant","floor":14,"turns":1},{"damage":23,"enemies":"downfall:LooterAlt","floor":15,"turns":4},{"damage":40,"enemies":"IC_STATUS_ARCHETYPE","floor":16,"turns":5},{"damage":10,"enemies":"Chosen","floor":19,"turns":2},{"damage":0,"enemies":"3 Byrds","floor":20,"turns":1},{"damage":34,"enemies":"Centurion and Healer","floor":23,"turns":4},{"damage":31,"enemies":"Chosen and Byrds","floor":25,"turns":5}],"seed_played":"8369605047821222992","potions_obtained":[{"floor":2,"key":"Explosive Potion"},{"floor":9,"key":"bronze:FreeFunctionsPotion"},{"floor":13,"key":"hexamod:SoulburnPotion"},{"floor":19,"key":"bronze:BurnAndBuffPotion"},{"floor":20,"key":"Strength Potion"}],"is_trial":false,"path_per_floor":["R","M","$","?","?","M","T","M","M","?","?","$","M","$","M","B",null,"R","M","M","?","?","M","T","M"],"character_chosen":"THE_AUTOMATON","items_purchased":["ReplayTheSpireMod:CursedCoin","bronze:Optimize","reliquary:ExpiredCoupon","MerchantsRug","BargainBundle","bronze:Flail","bronze:ItsAFeature","reliquary:TridentHead","bronze:CutThrough","Iron Hammer","Lee\u0027s Waffle","bronze:CloningBeam"],"campfire_rested":0,"item_purchase_floors":[3,3,3,12,12,12,12,12,12,14,14,14],"current_hp_per_floor":[63,46,41,41,46,42,42,42,18,18,18,14,45,75,52,12,75,75,65,65,49,49,20,20,6,6,6],"gold":242,"neow_bonus":"THREE_RARE_CARDS","is_daily":false,"chose_seed":false,"campfire_upgraded":1,"win_rate":0.0,"timestamp":1614329622,"path_taken":["R","M","$","?","?","M","T","M","M","?","?","?","M","$","M","BOSS","R","M","M","?","?","M","T","M"],"items_purchased_type":["Relic","Card","Relic","Relic","Relic","Card","Card","Relic","Card","Relic","Relic","Card"],"build_version":"2020-12-22","purchased_purges":2,"victory":false,"max_hp_per_floor":[63,63,63,63,68,68,68,68,68,68,68,68,68,75,75,75,75,75,75,75,75,52,52,52,52,52,52],"card_choices":[{"not_picked":["bronze:ShipIt","bronze:RecursiveStrike"],"picked":"bronze:Verify","floor":0},{"not_picked":["bronze:WildBeam","bronze:OilSpill"],"picked":"bronze:WhirlingStrike","floor":2},{"not_picked":["bronze:OilSpill","bronze:Repair"],"picked":"bronze:Iterate","floor":3},{"not_picked":["bronze:BitShift","bronze:Shield"],"picked":"bronze:DelayedSlice","floor":6},{"not_picked":["bronze:BronzeArmor","bronze:WhirlingStrike"],"picked":"bronze:Verify","floor":8},{"not_picked":["bronze:Return","bronze:BuggyMess"],"picked":"bronze:DelayedSlice","floor":9},{"not_picked":["bronze:ChildClass","bronze:DigitalCarnage"],"picked":"bronze:ForceShield","floor":12},{"not_picked":["bronze:Deprecate","bronze:Shield","bronze:BugBarrage"],"picked":"SKIP","floor":13},{"not_picked":["bronze:Allocate","bronze:Shield"],"picked":"bronze:FollowUp","floor":14},{"not_picked":["bronze:DelayedSlice","bronze:GetLatest"],"picked":"bronze:Iterate","floor":15},{"not_picked":["bronze:FindAndReplace","bronze:Break"],"picked":"bronze:Assembly","floor":16},{"not_picked":["bronze:DelayedGuard","bronze:Frontload+1"],"picked":"bronze:Optimize","floor":19},{"not_picked":["bronze:Turbo","bronze:Shield","bronze:BugBarrage"],"picked":"SKIP","floor":20},{"not_picked":["bronze:Boost+1","bronze:Invalidate+1"],"picked":"bronze:Repair","floor":23}],"player_experience":148100,"relics_obtained":[{"floor":11,"key":"Ring of Fury"},{"floor":21,"key":"Nilry\u0027s Codex"},{"floor":24,"key":"Golden Egg"}],"event_choices":[{"damage_healed":0,"gold_gain":0,"player_choice":"Became a vampire","damage_taken":0,"max_hp_gain":0,"max_hp_loss":23,"event_name":"Vampires","floor":22,"gold_loss":0,"cards_obtained":["Bite","Bite","Bite","Bite","Bite"]}],"is_beta":false,"boss_relics":[{"not_picked":["aspiration:SecretTechniqueScroll","bronze:MakeshiftBattery"],"picked":"Black Star"}],"items_purged_floors":[12,14],"is_endless":false,"potions_floor_spawned":[2,9,13,15,19,20],"killed_by":"Chosen and Byrds","ascension_level":1}}