{"host":"ez9lh5a3k31ytd04","time":1614319745,"event":{"mods":["Act Like it!","Arknights","Aspiration","BaseMod","Conspire","Downfall","Energized Spire","Jedi Mod","Minty Spire (QoL Compilation)","Quarter Circle Forward PUNCH!","Quick Restart","Relic Filter Mod","Reliquary","Replay The Spire","Spicy Shops","StSLib","TestMod","noobMod","¡¾ÒÅÎï¿¨ÅÆ¡¿REMEMod"],"gold_per_floor":[109,123,29,29,45,45,79,93,147,157,172,172,188,203,203,306,306,322,58,94,193,93,93,93],"floor_reached":23,"language":"ZHS","playtime":1171,"items_purged":["Strike_R","Strike_R"],"score":218,"play_id":"6b356888-b25e-4aca-a684-005ee2535f15","local_time":"20210226140905","is_ascension_mode":false,"campfire_choices":[{"data":"Searing Blow","floor":6,"key":"SMITH"},{"data":"Searing Blow+1","floor":12,"key":"SMITH"},{"data":"Searing Blow+2","floor":15,"key":"SMITH"}],"circlet_count":0,"master_deck":["Strike_R","Strike_R","Defend_R","Defend_R","Bash","Flex","Thunderclap","Trip","Searing Blow+3","Spot Weakness","REME_Scribble","Clash","Burning Pact","Thunderclap"],"relics":["Burning Blood","testmod-TestBox","REME_ComplimentaryCards","ice","Replay:Wax Seal","Empty Cage","Magic Flower","REME_LimitBreaker"],"acts_visited":["Exordium","TheCity"],"potions_floor_usage":[16,16,18,20],"damage_taken":[{"damage":9,"enemies":"Jaw Worm","floor":1,"turns":5},{"damage":0,"enemies":"Cultist","floor":2,"turns":4},{"damage":0,"enemies":"Small Slimes","floor":5,"turns":3},{"damage":42,"enemies":"Gremlin Nob","floor":7,"turns":5},{"damage":5,"enemies":"Looter","floor":8,"turns":2},{"damage":11,"enemies":"2 Fungi Beasts","floor":10,"turns":3},{"damage":12,"enemies":"3 Louse","floor":11,"turns":3},{"damage":10,"enemies":"Gremlin Gang","floor":13,"turns":4},{"damage":7,"enemies":"2 Fungi Beasts","floor":14,"turns":3},{"damage":44,"enemies":"Fading Forest","floor":16,"turns":11},{"damage":7,"enemies":"Shell Parasite","floor":18,"turns":2},{"damage":63,"enemies":"conspire:MimicChest","floor":20,"turns":6},{"damage":38,"enemies":"Book of Stabbing","floor":23,"turns":4}],"seed_played":"7018100607864065863","potions_obtained":[{"floor":10,"key":"SkillPotion"},{"floor":13,"key":"ColorlessPotion"},{"floor":14,"key":"LiquidBronze"},{"floor":16,"key":"SkillPotion"},{"floor":18,"key":"EssenceOfSteel"}],"is_trial":false,"path_per_floor":["M","M","$","?","M","R","E","M","T","M","M","R","M","M","R","B",null,"M","$","?","?","$","E"],"character_chosen":"IRONCLAD","items_purchased":["Trip","Magic Flower","Burning Pact"],"campfire_rested":0,"item_purchase_floors":[3,19,19],"current_hp_per_floor":[85,88,88,88,88,88,52,53,53,50,46,46,44,45,45,19,98,97,97,46,46,46,11,11],"gold":93,"neow_bonus":"TEN_PERCENT_HP_BONUS","is_daily":false,"chose_seed":false,"campfire_upgraded":3,"win_rate":0.0,"timestamp":1614319745,"path_taken":["M","M","$","?","M","R","E","M","T","?","M","R","M","M","R","BOSS","M","$","?","?","$","E"],"items_purchased_type":["Card","Relic","Card"],"build_version":"2020-12-22","purchased_purges":2,"victory":false,"max_hp_per_floor":[88,88,88,88,88,88,88,88,88,90,92,92,94,96,96,98,98,98,98,100,100,100,102,102],"card_choices":[{"not_picked":["Perfected Strike","Sword Boomerang"],"picked":"Flex","floor":1},{"not_picked":["Run Through","Cleave"],"picked":"Thunderclap","floor":2},{"not_picked":["Wild Strike","Body Slam"],"picked":"Searing Blow","floor":5},{"not_picked":["Replay:Undeath\u0027s Touch","Flex"],"picked":"Spot Weakness","floor":7},{"not_picked":["Warcry","Sword Boomerang"],"picked":"REME_Scribble","floor":8},{"not_picked":["Havoc","Dark Embrace","Perfected Strike"],"picked":"SKIP","floor":10},{"not_picked":["Clothesline","ReplayTheSpireMod:Stacked"],"picked":"Clash","floor":11},{"not_picked":["Brutality","Run Through","ReplayTheSpireMod:Strike From Hell"],"picked":"SKIP","floor":13},{"not_picked":["Anger","Cleave","jedi:controlledanger"],"picked":"SKIP","floor":14},{"not_picked":["Replay:Undeath\u0027s Touch+1","Clothesline","Evolve"],"picked":"SKIP","floor":18},{"not_picked":["Fire Breathing","Abandon"],"picked":"Thunderclap","floor":20}],"player_experience":79324,"relics_obtained":[{"floor":7,"key":"Replay:Wax Seal"},{"floor":20,"key":"REME_LimitBreaker"}],"event_choices":[{"cards_removed":["Defend_R"],"damage_healed":0,"gold_gain":0,"player_choice":"Offered Basic","damage_taken":0,"max_hp_gain":0,"max_hp_loss":0,"event_name":"Bonfire Elementals","floor":4,"gold_loss":0},{"damage_healed":0,"gold_gain":99,"player_choice":"Stole From Cult","damage_taken":0,"max_hp_gain":0,"max_hp_loss":0,"event_name":"Nest","floor":21,"gold_loss":0}],"is_beta":false,"boss_relics":[{"not_picked":["reliquary:RustamsPendant","Replay:Grab Bag"],"picked":"Empty Cage"}],"items_purged_floors":[19,22],"is_endless":false,"potions_floor_spawned":[10,13,14,16,18],"killed_by":"Book of Stabbing","ascension_level":0}}