{"host":"eeb412nj2w7f9cz8","time":1614314514,"event":{"mods":["Act Like it!","BaseMod","Library of Ruina","Library of Ruina Extra","Minty Spire (QoL Compilation)","StSLib"],"gold_per_floor":[117,117,131,56,6,6,33,49,76,76,102,102,118,136,136,233,233,245,245,245,245,97,123,142,167,190,207,237,237,256,287,287,382,382,397,410,460,460,474,474,502,502,502,18,33,64,80,93,93,93,93,93,93,120,120],"floor_reached":56,"language":"ZHS","playtime":4038,"items_purged":["FocusedStrikes"],"score":1397,"play_id":"d9219f12-5950-43ce-bad4-93aa57fe8a4d","local_time":"20210226124154","is_ascension_mode":true,"campfire_choices":[{"floor":6.0,"key":"RECALL"},{"data":"AGoldenOpportunity","floor":10.0,"key":"SMITH"},{"data":"BattleCommand","floor":12.0,"key":"SMITH"},{"data":"EnergyShield","floor":15.0,"key":"SMITH"},{"data":"UncannyStrike","floor":29.0,"key":"SMITH"},{"data":"BulkyImpact","floor":32.0,"key":"SMITH"},{"data":"GroundSmash","floor":40.0,"key":"SMITH"},{"data":"RipSpace","floor":42.0,"key":"SMITH"},{"data":"DevastatingThrash","floor":49.0,"key":"SMITH"},{"data":"Rewind","floor":52,"key":"SMITH"}],"circlet_count":0,"master_deck":["Dodge","LightDefense+1","LightAttack+1","LightAttack+1","LightAttack+1","LightDefense+1","LightDefense+1","LightDefense+1","ChargeAndCover+1","Dramatic Entrance","Rewind+1","GrazeTheGrass","AGoldenOpportunity+1","BattleCommand+1","EnergyShield+1","EnergyCycle+1","BulkyImpact+1","UncannyStrike+1","Rewind+1","ForTheFamily+1","GroundSmash+1","DevastatingThrash+1","EnergyBeam","TrashDisposal","AbsorbImpact","Parasite","Parry2+1","RipSpace+1","IronWall+1","Unlock1","SilentMist+1","WildCard"],"relics":["PageOfLibrarian","Ancient Tea Set","PageOfLittleHelper","Lantern","PageOfBlackSwan","Orrery","Eternal Feather","Tiny Chest","PageOfBloodbath","HornCleat","Mummified Hand","Runic Dome","Gambling Chip","Toy Ornithopter","PageOfGreed","PageOfScarecrow","Frozen Egg 2","PageOfTheQueenOfHatred","PageOfTheKnightOfDespair"],"acts_visited":["Exordium","TheCity","TheBeyond","TheEnding"],"potions_floor_usage":[55,55],"damage_taken":[{"damage":0.0,"enemies":"2 Louse","floor":1.0,"turns":2.0},{"damage":0.0,"enemies":"Jaw Worm","floor":3.0,"turns":3.0},{"damage":4.0,"enemies":"3 Sentries","floor":7.0,"turns":6.0},{"damage":0.0,"enemies":"Cultist","floor":8.0,"turns":3.0},{"damage":6.0,"enemies":"Lagavulin","floor":11.0,"turns":5.0},{"damage":6.0,"enemies":"Exordium Thugs","floor":13.0,"turns":3.0},{"damage":0.0,"enemies":"Blue Slaver","floor":14.0,"turns":3.0},{"damage":6.0,"enemies":"The Guardian","floor":16.0,"turns":5.0},{"damage":1.0,"enemies":"Chosen","floor":18.0,"turns":6.0},{"damage":6.0,"enemies":"Slavers","floor":23.0,"turns":4.0},{"damage":0.0,"enemies":"Spheric Guardian","floor":24.0,"turns":4.0},{"damage":8.0,"enemies":"Book of Stabbing","floor":25.0,"turns":5.0},{"damage":12.0,"enemies":"Chosen and Byrds","floor":27.0,"turns":4.0},{"damage":0.0,"enemies":"Slavers","floor":28.0,"turns":4.0},{"damage":0.0,"enemies":"Cultist and Chosen","floor":30.0,"turns":3.0},{"damage":0.0,"enemies":"Gremlin Leader","floor":31.0,"turns":5.0},{"damage":18.0,"enemies":"Automaton","floor":33.0,"turns":11.0},{"damage":0.0,"enemies":"Orb Walker","floor":35.0,"turns":3.0},{"damage":4.0,"enemies":"3 Shapes","floor":36.0,"turns":3.0},{"damage":9.0,"enemies":"Mind Bloom Boss Battle","floor":37.0,"turns":5.0},{"damage":6.0,"enemies":"Writhing Mass","floor":39.0,"turns":6.0},{"damage":42.0,"enemies":"Nemesis","floor":41.0,"turns":11.0},{"damage":4.0,"enemies":"Maw","floor":45.0,"turns":6.0},{"damage":26.0,"enemies":"Giant Head","floor":46.0,"turns":7.0},{"damage":0.0,"enemies":"Jaw Worm Horde","floor":47.0,"turns":2.0},{"damage":18.0,"enemies":"Sphere and 2 Shapes","floor":48.0,"turns":5.0},{"damage":17.0,"enemies":"Time Eater","floor":50.0,"turns":9.0},{"damage":7,"enemies":"Shield and Spear","floor":54,"turns":6},{"damage":68,"enemies":"The Heart","floor":55,"turns":11}],"seed_played":"8389281500835148947","potions_obtained":[{"floor":8.0,"key":"Dexterity Potion"},{"floor":11.0,"key":"Weak Potion"},{"floor":13.0,"key":"DistilledChaos"},{"floor":27.0,"key":"Energy Potion"},{"floor":28.0,"key":"EssenceOfSteel"},{"floor":33.0,"key":"BlessingOfTheForge"},{"floor":35.0,"key":"PowerPotion"},{"floor":39.0,"key":"EssenceOfSteel"},{"floor":41.0,"key":"PowerPotion"},{"floor":45.0,"key":"Fruit Juice"},{"floor":54,"key":"DuplicationPotion"}],"is_trial":false,"path_per_floor":["M","?","M","$","?","R","E","M","T","R","E","R","M","M","R","B",null,"M","?","?","?","$","E","M","E","T","M","E","R","M","E","R","B",null,"M","M","?","?","M","R","E","R","T","$","M","E","M","M","R","B",null,"R","$","E","B",null],"character_chosen":"Librarian","items_purchased":["Orrery","PageOfScarecrow","Frozen Egg 2"],"campfire_rested":0,"item_purchase_floors":[22,44,44],"current_hp_per_floor":[60,65,65,65,65,65,61,61,61,61,55,55,49,49,49,43,89,88,88,88,71,71,65,65,57,57,45,45,57,57,57,69,51,96,96,92,87,87,89,96,54,69,69,69,99,75,81,81,99,97,101,101,101,101,75],"gold":120,"neow_bonus":"RANDOM_COLORLESS","is_daily":false,"chose_seed":false,"campfire_upgraded":9,"win_rate":0.0,"timestamp":1614314514,"path_taken":["M","?","M","$","?","R","E","M","T","R","E","R","M","?","R","BOSS","M","?","?","?","$","E","M","E","T","M","E","R","M","E","R","BOSS","M","M","?","?","M","R","E","R","T","$","M","E","M","?","R","BOSS","R","$","E","BOSS"],"items_purchased_type":["Relic","Relic","Relic"],"build_version":"2020-12-22","purchased_purges":1,"victory":true,"max_hp_per_floor":[62,67,89,89,89,89,89,89,89,89,89,89,89,89,89,89,89,89,89,89,94,94,94,94,94,94,94,96,96,96,96,96,96,96,96,96,96,96,96,96,96,96,96,96,101,101,101,101,101,101,101,101,101,101,101],"card_choices":[{"not_picked":["Madness","Purity"],"picked":"Dramatic Entrance","floor":0.0},{"not_picked":["BackAttack","FleetEdge","SnakesPrey","BiAn","WillOfThePrescript","MultiHit","SmokingPipe","ScatteringSlash"],"picked":"Rewind","floor":1.0},{"not_picked":["ShockRound","FendThisOffIfYouCan","ChiWen","Pound","BulkyImpact","AsThePrescriptOrders","HighKick","FrontalAssault"],"picked":"GrazeTheGrass","floor":3.0},{"not_picked":["Quickness","SinglePointStab","ExtractFuel","DefenseOrder","ConcentratedFire","SuppressingShot","Suppress","HiddenBlade","ShockRound"],"picked":"SKIP","floor":7.0},{"not_picked":["VioletBlade","DesperateStruggle","Endure","ClassAndRespect","FleetFootsteps","Fence","EnergyBeam","PuppetBlockade"],"picked":"AGoldenOpportunity","floor":8.0},{"not_picked":["SuanNi","ClassAndRespect","GreatSerpentsImpact","DarkCloud","SkitterAway","SmokingPipe","BackAttack","DesperateStruggle"],"picked":"BattleCommand","floor":11.0},{"not_picked":["PreemptiveStrike","Clone","WillOfThePrescript","DarkCloud","BackAttack","ClassAndRespect","StrikeDown","RagingStormLove"],"picked":"EnergyShield","floor":13.0},{"not_picked":["NightInTheBackstreets","DefenseOrder","Guardian_lor","QuickAttack","Crush","FeatherShield","StrikeDown","SpearedSweep","CircusKnives"],"picked":"SKIP","floor":14.0},{"not_picked":["Wallop_lor","Laceration+1","UpbeatPerformance+1","RatsGuideToSurvival","InhaleSmoke","TimeForALittleTest","Parry","Gamble","HandlingWork"],"picked":"SKIP","floor":18.0},{"not_picked":["FleetFootsteps+1","ViolentFlame+1","StayCalm","Decapitation","SweepTheBackstreets","ShrineToMusic+1","Transpierce","RulesOfTheBackstreets"],"picked":"EnergyCycle+1","floor":22.0},{"not_picked":["Endure+1","TendonChords","MultiHit","Eject","SharpNails+1","DesperateStruggle","StrongStrike","GaleKick+1"],"picked":"BulkyImpact","floor":22.0},{"not_picked":["FendThisOffIfYouCan","MultiBlock","YoureTooSlow","FleetEdge+1","EnergyCycle","UpbeatPerformance","SinglePointStab","DirtyBlow"],"picked":"UncannyStrike","floor":22.0},{"not_picked":["TrimTheIngredients","FleetEdge","Standoff+1","SturdyDefense","SnakeSlit","GuardingStance+1","SuppressingShot","WillOfThePrescript"],"picked":"Rewind+1","floor":23.0},{"not_picked":["StrikeDown","ChiWen","FierceCharge","ClassAndRespect","GuidanceOfTheGears","HandleRequest+1","EndlessBattle+1","InkOver","CircusKnives"],"picked":"SKIP","floor":24.0},{"not_picked":["StrongStrike+1","VenomousFangs+1","SunsetBlade+1","DarkCloud","Gamble","UnavoidableGaze","SuppressingShot","GatherIntel+1","InkOver"],"picked":"SKIP","floor":25.0},{"not_picked":["UpbeatPerformance","BindingArms+1","Eradication","EnergyCycle","KeepItFresh","TimeForALittleTest","BiXi","SuppressingShot"],"picked":"ForTheFamily+1","floor":27.0},{"not_picked":["EnergyCycle","CircusKnives","FieryDragonSlash","SearingSword+1","SerpentSwordTechnique","Thrust","ButterflySlash","FierceCharge+1"],"picked":"GroundSmash","floor":28.0},{"not_picked":["ExtractFuel+1","EnergyStrike","Feast","SuanNi","SuppressingShot","GuardingStance","FierceCharge","AsThePrescriptOrders"],"picked":"DevastatingThrash","floor":30.0},{"not_picked":["StructuralAnalysis","OpportunitySpotted","MindPrepared","PinpointShot+1","GuidanceOfTheGears","SinglePointStab","Deflect_lor","RulesOfTheBackstreets"],"picked":"EnergyBeam","floor":31.0},{"not_picked":["EnergyBeam","Transpierce"],"picked":"TrashDisposal","floor":33.0},{"not_picked":["Diversion","Clone","SkitterAway+1","Execute_lor","CoordinatedAssault","WillOfThePrescript","WaitUp","RepressedFlesh","QuickAttack+1"],"picked":"SKIP","floor":35.0},{"not_picked":["CoordinatedAssault+1","SkitterAway+1","BulkyImpact","SnakeSlit","UpbeatPerformance+1","SpearedSweep+1","AsThePrescriptOrders+1","HardRehearsal+1"],"picked":"AbsorbImpact","floor":36.0},{"not_picked":["FlyingSword","CoordinatedAssault+1","FrontalAssault+1","DeepDrag+1","BulkyImpact","Creak","GuidanceOfTheGears","UnavoidableGaze"],"picked":"Parry2+1","floor":39.0},{"not_picked":["StructuralAnalysis+1","SearingSword","TendonChords","SinglePointStab+1","SilentNight","GuardingStance","ButterflySlash","SmokingPipe"],"picked":"RipSpace","floor":41.0},{"not_picked":["StrongStrike+1","StrikeDown","QuickAttack+1","SparkingSpear+1","EmotionalTurbulence","EnergyCycle","NightInTheBackstreets","Duel_lor"],"picked":"IronWall+1","floor":45.0},{"not_picked":["EnergyStrike+1","PinpointShot","UnavoidableGaze","Riposte+1","Parry+1","FleetFootsteps","FleetEdge","InnerArdor+1"],"picked":"Unlock1","floor":46.0},{"not_picked":["SinglePointStab","FleetFootsteps","AutonomousRush+1","BladeWhirl+1","SnakesPrey+1","Outburst+1","EnergyShield","BiAn"],"picked":"SilentMist+1","floor":47.0},{"not_picked":["QuickAttack","TasteMyFlamingBat","DeepDrag+1","EndlessBattle","WildCard","SnakesPrey+1","SharpSwipe+1","Track+1","IngredientHunt"],"picked":"SKIP","floor":48.0},{"not_picked":["FlamingDragonFist","ShockRound","PuppetBlockade","MultiHit+1","SturdyDefense","StrikeDown+1","Punishment","EnergyCycle+1"],"picked":"WildCard","floor":54}],"player_experience":126674,"relics_obtained":[{"floor":7.0,"key":"PageOfLittleHelper"},{"floor":11.0,"key":"Lantern"},{"floor":23.0,"key":"Eternal Feather"},{"floor":25.0,"key":"Tiny Chest"},{"floor":26.0,"key":"PageOfBloodbath"},{"floor":28.0,"key":"HornCleat"},{"floor":31.0,"key":"Mummified Hand"},{"floor":37.0,"key":"Gambling Chip"},{"floor":41.0,"key":"Toy Ornithopter"},{"floor":43.0,"key":"PageOfGreed"},{"floor":46.0,"key":"PageOfTheQueenOfHatred"},{"floor":54,"key":"PageOfTheKnightOfDespair"}],"event_choices":[{"damage_healed":0.0,"max_hp_gain":5.0,"max_hp_loss":0.0,"gold_gain":0.0,"event_name":"Big Fish","player_choice":"Donut","floor":2.0,"gold_loss":0.0,"damage_taken":0.0},{"damage_healed":0.0,"max_hp_gain":0.0,"max_hp_loss":0.0,"gold_gain":0.0,"event_name":"WeMeetAgain","player_choice":"Paid Gold","floor":5.0,"gold_loss":50.0,"damage_taken":0.0,"relics_obtained":["Ancient Tea Set"]},{"damage_healed":0.0,"max_hp_gain":0.0,"max_hp_loss":0.0,"gold_gain":0.0,"event_name":"Vampires","player_choice":"Ignored","floor":19.0,"gold_loss":0.0,"damage_taken":0.0},{"damage_healed":0.0,"max_hp_gain":0.0,"max_hp_loss":0.0,"gold_gain":0.0,"event_name":"Back to Basics","player_choice":"Simplicity","floor":20.0,"gold_loss":0.0,"damage_taken":0.0,"cards_upgraded":["LightDefense","LightAttack","LightAttack","LightAttack","LightDefense","LightDefense","LightDefense","ChargeAndCover"]},{"damage_healed":0.0,"max_hp_gain":5.0,"max_hp_loss":0.0,"gold_gain":0.0,"event_name":"Forgotten Altar","player_choice":"Shed Blood","floor":21.0,"gold_loss":0.0,"damage_taken":22.0},{"damage_healed":0.0,"max_hp_gain":0.0,"max_hp_loss":0.0,"gold_gain":0.0,"event_name":"MindBloom","player_choice":"Fight","floor":37.0,"gold_loss":0.0,"damage_taken":0.0},{"damage_healed":0.0,"max_hp_gain":0.0,"max_hp_loss":0.0,"gold_gain":0.0,"event_name":"Tomb of Lord Red Mask","player_choice":"Ignored","floor":38.0,"gold_loss":0.0,"damage_taken":0.0}],"is_beta":false,"boss_relics":[{"not_picked":["Coffee Dripper","Astrolabe"],"picked":"PageOfBlackSwan"},{"not_picked":["Fusion Hammer","Velvet Choker"],"picked":"Runic Dome"}],"items_purged_floors":[4],"is_endless":false,"potions_floor_spawned":[8,11,13,14,27,28,33,35,39,41,45,54],"ascension_level":1}}