{"host":"rm9kyv5qre96wi31","time":1614332875,"event":{"mods":["Act Like it!","Ascension Reborn","BaseMod","BetterRewards","Colored Map","Conspire","Gensokyo","Halation","Hubris","Infinite Spire","Minty Spire (QoL Compilation)","Replay The Spire","StSLib","The Jungle","[IsaacMod]????"],"gold_per_floor":[113,113,63,83,47,47,77,77,77,94,94,94,113,126,126,226,226,246,246,246],"floor_reached":19,"language":"ENG","playtime":589,"items_purged":[],"score":192,"play_id":"fb9eda70-6afd-4f8b-8ff4-6154afbd11e8","local_time":"20210226104755","is_ascension_mode":true,"campfire_choices":[{"data":"Redo","floor":6,"key":"SMITH"},{"data":"BloodyBrimstone","floor":8,"key":"SMITH"},{"data":"Fan","floor":15,"key":"SMITH"}],"circlet_count":0,"master_deck":["Strike_B","Strike_B","Strike_B","Defend_B","Defend_B","Defend_B","Defend_B","Zap","Dualcast","BloodyBrimstone+1","Hello World","Redo","Redo+1","Capacitor+1","Streamline","Panic Button+1","Panic Button","Fan+1","Biased Cognition"],"relics":["Cracked Core","HushsDoor","hubris:MysteriousPyramids","BloodDonationMachine","halation:SwordOfLegend","Shuriken","conspire:SpecialSausage"],"acts_visited":["Exordium","TheCity"],"potions_floor_usage":[18,18,18],"damage_taken":[{"damage":0,"enemies":"2 Louse","floor":1,"turns":2},{"damage":0,"enemies":"Small Slimes","floor":4,"turns":2},{"damage":22,"enemies":"3 Sentries","floor":7,"turns":3},{"damage":0,"enemies":"conspire:RoseBush","floor":10,"turns":1},{"damage":0,"enemies":"Blue Slaver","floor":13,"turns":1},{"damage":0,"enemies":"3 Louse","floor":14,"turns":1},{"damage":16,"enemies":"Fading Forest","floor":16,"turns":8},{"damage":35,"enemies":"conspire:FuzzyDice","floor":18,"turns":4}],"seed_played":"6654800952446387603","potions_obtained":[{"floor":1,"key":"SteroidPotion"},{"floor":7,"key":"Languid Potion"},{"floor":13,"key":"LiquidMemories"}],"is_trial":false,"path_per_floor":["M","?","?","M","$","R","E","R","T","M","?","$","M","M","R","B",null,"M","$"],"character_chosen":"DEFECT","items_purchased":["Thunder Strike","hubris:MysteriousPyramids","Capacitor"],"campfire_rested":0,"item_purchase_floors":[0,0,5],"current_hp_per_floor":[61,61,61,61,61,61,39,38,38,38,25,25,25,25,31,25,57,22,22,22],"gold":246,"neow_bonus":"","is_daily":false,"chose_seed":false,"campfire_upgraded":3,"win_rate":0.0,"timestamp":1614332875,"path_taken":["M","?","?","M","$","R","E","R","T","M","?","$","M","?","R","BOSS","M","?"],"items_purchased_type":["Card","Relic","Card"],"build_version":"2020-12-22","purchased_purges":0,"victory":false,"max_hp_per_floor":[72,72,72,72,72,72,69,69,69,66,66,66,63,60,60,57,57,54,54,54],"card_choices":[{"not_picked":[],"picked":"BloodyBrimstone","floor":0},{"not_picked":["Beam Cell","BasicCrystalCard"],"picked":"Redo","floor":1},{"not_picked":["ReplayTheSpireMod:Reroute Power","Cold Snap"],"picked":"Redo","floor":4},{"not_picked":["Aggregate","ReplayTheSpireMod:Calculation Training"],"picked":"Streamline","floor":7},{"not_picked":["conspire:SharedLibrary","Skim"],"picked":"Panic Button","floor":10},{"not_picked":["Capacitor","Static Discharge"],"picked":"Panic Button","floor":13},{"not_picked":["Hologram","hubris:SpecializedCircuitry"],"picked":"Fan","floor":14},{"not_picked":["hubris:Prefetch","Seek"],"picked":"Biased Cognition","floor":16},{"not_picked":["Rebound","ReplaySolidLightProjector","Leap"],"picked":"SKIP","floor":18}],"player_experience":238443,"relics_obtained":[{"floor":7,"key":"halation:SwordOfLegend"},{"floor":9,"key":"Shuriken"}],"event_choices":[{"damage_healed":0,"gold_gain":0,"player_choice":"Ignored","damage_taken":0,"max_hp_gain":0,"max_hp_loss":0,"event_name":"Golden Idol","floor":2,"gold_loss":0},{"cards_removed":["Thunder Strike"],"damage_healed":0,"gold_gain":0,"player_choice":"Card Removal","damage_taken":0,"max_hp_gain":0,"max_hp_loss":0,"event_name":"The Cleric","floor":3,"gold_loss":50},{"damage_healed":0,"gold_gain":0,"player_choice":"Entered Light","damage_taken":13,"max_hp_gain":0,"max_hp_loss":0,"event_name":"Shining Light","floor":11,"gold_loss":0,"cards_upgraded":["Capacitor","Panic Button"]}],"is_beta":false,"boss_relics":[{"not_picked":["hubris:Stopwatch","halation:PinkAlligatorPlush"],"picked":"conspire:SpecialSausage"},{"not_picked":[]}],"items_purged_floors":[],"is_endless":false,"potions_floor_spawned":[1,7,13,14],"ascension_level":0}}