{"host":"k7udt7atmcuzf6l0","time":1614338588,"event":{"mods":["Act Like it!","BaseMod","Colored Map","Colored Powertips","Highlight Path","Minty Spire (QoL Compilation)","Quick Restart","Rare Cards Sparkle","Relic Stats","StSLib","UnlockEverythingMod"],"gold_per_floor":[113,125,125,200,216,216,216,4,52,78,88,88,104,104,104,206,206,219,318,23,23,40,40,40,73,73,73,101,101,111,111,111,216,216,235,235,251,16,34,34,84,84,156,156,156,176,38,38,38],"floor_reached":48,"language":"ZHS","playtime":1139,"items_purged":["Regret","Pain"],"score":639,"play_id":"769302f7-c30f-4032-affb-d756846f745a","local_time":"20210226192308","is_ascension_mode":false,"campfire_choices":[{"data":"Limit Break","floor":6.0,"key":"SMITH"},{"data":"Armaments","floor":12.0,"key":"SMITH"},{"data":"Rupture","floor":15.0,"key":"SMITH"},{"data":"Offering","floor":23.0,"key":"SMITH"},{"data":"Blind","floor":27.0,"key":"SMITH"},{"data":"Pommel Strike","floor":29.0,"key":"SMITH"},{"data":"Cleave","floor":32.0,"key":"SMITH"},{"data":"Feed","floor":40.0,"key":"SMITH"}],"circlet_count":0,"master_deck":["Strike_R","Defend_R","Defend_R","Defend_R","Defend_R","Bash","Bloodletting","Headbutt","Limit Break+1","Blind+1","Armaments+1","Cleave+1","Pommel Strike+1","Rupture+1","Offering+1","Warcry+1","Power Through+1","Feel No Pain+1","Combust+1","Rupture+1","Warcry+1","Shockwave+1","Flex+1","Feed+1","Shrug It Off+1","Sword Boomerang+1","Flex+1","Intimidate+1","Disarm+1","Madness+1","Madness+1"],"relics":["Burning Blood","NeowsBlessing","Paper Frog","Pocketwatch","Strawberry","Oddly Smooth Stone","Pen Nib","Astrolabe","Ancient Tea Set","Frozen Eye","Toxic Egg 2","The Courier","Unceasing Top","Runic Pyramid","WarpedTongs","Bottled Flame","Charon\u0027s Ashes","Shuriken"],"acts_visited":["Exordium","TheCity","TheBeyond"],"potions_floor_usage":[],"damage_taken":[{"damage":0.0,"enemies":"Jaw Worm","floor":1.0,"turns":1.0},{"damage":0.0,"enemies":"2 Louse","floor":2.0,"turns":1.0},{"damage":0.0,"enemies":"Small Slimes","floor":5.0,"turns":1.0},{"damage":26.0,"enemies":"Gremlin Nob","floor":10.0,"turns":3.0},{"damage":24.0,"enemies":"Exordium Thugs","floor":11.0,"turns":4.0},{"damage":3.0,"enemies":"2 Fungi Beasts","floor":13.0,"turns":2.0},{"damage":6.0,"enemies":"Slime Boss","floor":16.0,"turns":6.0},{"damage":13.0,"enemies":"Shell Parasite","floor":18.0,"turns":4.0},{"damage":18.0,"enemies":"2 Thieves","floor":22.0,"turns":4.0},{"damage":17.0,"enemies":"Book of Stabbing","floor":25.0,"turns":4.0},{"damage":34.0,"enemies":"Gremlin Leader","floor":28.0,"turns":4.0},{"damage":20.0,"enemies":"Snake Plant","floor":30.0,"turns":3.0},{"damage":14.0,"enemies":"Champ","floor":33.0,"turns":5.0},{"damage":9.0,"enemies":"3 Shapes","floor":35.0,"turns":4.0},{"damage":19.0,"enemies":"Orb Walker","floor":37.0,"turns":3.0},{"damage":14.0,"enemies":"Sphere and 2 Shapes","floor":39.0,"turns":2.0},{"damage":13.0,"enemies":"Mind Bloom Boss Battle","floor":41.0,"turns":4.0},{"damage":35,"enemies":"Jaw Worm Horde","floor":46,"turns":3},{"damage":34,"enemies":"Reptomancer","floor":48,"turns":5}],"seed_played":"-9214655971361743052","potions_obtained":[{"floor":1.0,"key":"LiquidBronze"},{"floor":2.0,"key":"BloodPotion"},{"floor":11.0,"key":"Explosive Potion"},{"floor":13.0,"key":"FearPotion"},{"floor":18.0,"key":"Regen Potion"},{"floor":25.0,"key":"AttackPotion"},{"floor":37.0,"key":"FearPotion"},{"floor":39.0,"key":"ColorlessPotion"}],"is_trial":false,"path_per_floor":["M","M","?","?","M","R","?","$","T","E","M","R","M","?","R","B",null,"M","?","$","?","M","R","?","E","T","R","E","R","M","?","R","B",null,"M","?","M","$","M","R","?","?","T","?","?","M","$","E"],"character_chosen":"IRONCLAD","items_purchased":["Blind","Armaments","Ancient Tea Set","Frozen Eye","Bottled Flame","Flex+1","DuplicationPotion"],"campfire_rested":0,"item_purchase_floors":[8,8,20,20,38,38,47],"current_hp_per_floor":[80,80,73,62,68,68,68,68,75,55,37,37,40,40,40,40,87,80,80,80,80,68,68,68,69,69,69,58,58,44,73,73,65,87,87,87,78,78,70,70,67,67,67,55,55,30,30,0,0],"gold":38,"neow_bonus":"THREE_ENEMY_KILL","is_daily":false,"chose_seed":false,"campfire_upgraded":8,"win_rate":0.0,"timestamp":1614338588,"path_taken":["M","M","?","?","M","R","?","$","T","E","M","R","M","?","R","BOSS","M","?","?","?","?","R","?","E","T","R","E","R","M","?","R","BOSS","M","?","?","$","M","R","?","?","T","?","?","M","$","E"],"items_purchased_type":["Card","Card","Relic","Relic","Relic","Card","Potion"],"build_version":"2020-12-22","purchased_purges":2,"victory":false,"max_hp_per_floor":[80,80,80,80,80,80,80,80,87,87,87,87,87,87,87,87,87,87,87,87,87,87,87,87,87,87,87,87,87,87,87,87,87,87,90,90,94,94,94,94,98,98,98,98,98,102,102,102,102],"relic_stats":{"counters":[19,63],"Shuriken":[1],"Astrolabe":["Warcry","Power Through","Feel No Pain"],"Pen Nib":[8],"Charon\u0027s Ashes":[54],"obtain_stats":[{"NeowsBlessing":0,"Astrolabe":17,"Oddly Smooth Stone":10,"Pen Nib":14,"The Courier":26,"Charon\u0027s Ashes":41,"Ancient Tea Set":20,"Burning Blood":0,"WarpedTongs":36,"Frozen Eye":20,"Bottled Flame":38,"Shuriken":43,"Strawberry":9,"Toxic Egg 2":25,"Unceasing Top":28,"Paper Frog":3,"Pocketwatch":7,"Runic Pyramid":34},{"NeowsBlessing":0,"Astrolabe":7,"Oddly Smooth Stone":4,"Pen Nib":6,"The Courier":10,"Charon\u0027s Ashes":17,"Ancient Tea Set":8,"Burning Blood":0,"WarpedTongs":14,"Frozen Eye":8,"Bottled Flame":15,"Shuriken":17,"Strawberry":3,"Toxic Egg 2":10,"Unceasing Top":11,"Paper Frog":2,"Pocketwatch":3,"Runic Pyramid":13},{"NeowsBlessing":0,"Astrolabe":18,"Oddly Smooth Stone":6,"Pen Nib":12,"The Courier":30,"Charon\u0027s Ashes":55,"Ancient Tea Set":22,"Burning Blood":0,"WarpedTongs":46,"Frozen Eye":22,"Bottled Flame":49,"Shuriken":55,"Strawberry":3,"Toxic Egg 2":30,"Unceasing Top":34,"Paper Frog":2,"Pocketwatch":3,"Runic Pyramid":42}],"Burning Blood":96,"Unceasing Top":[0],"Pocketwatch":[39],"WarpedTongs":[16]},"card_choices":[{"not_picked":["Battle Trance","Clothesline"],"picked":"Bloodletting","floor":1.0},{"not_picked":["Searing Blow","Thunderclap"],"picked":"Headbutt","floor":2.0},{"not_picked":["Flame Barrier","Evolve"],"picked":"Limit Break","floor":5.0},{"not_picked":["Twin Strike","Clash"],"picked":"Cleave","floor":10.0},{"not_picked":["Wild Strike","Anger"],"picked":"Pommel Strike","floor":11.0},{"not_picked":["Carnage","Second Wind"],"picked":"Rupture","floor":13.0},{"not_picked":["Exhume","Reaper"],"picked":"Offering","floor":16.0},{"not_picked":["Pummel","Body Slam"],"picked":"Combust+1","floor":18.0},{"not_picked":["Pommel Strike","Havoc","Sever Soul"],"picked":"SKIP","floor":22.0},{"not_picked":["Clash+1","Headbutt+1"],"picked":"Warcry+1","floor":25.0},{"not_picked":["Battle Trance+1","Havoc+1"],"picked":"Shockwave+1","floor":28.0},{"not_picked":["Wild Strike","Impervious+1"],"picked":"Flex+1","floor":30.0},{"not_picked":["Barricade","Demon Form"],"picked":"Feed","floor":33.0},{"not_picked":["Thunderclap","Dark Embrace"],"picked":"Shrug It Off+1","floor":35.0},{"not_picked":["Searing Blow+1","Iron Wave"],"picked":"Sword Boomerang+1","floor":37.0},{"not_picked":["True Grit+1","Searing Blow+1"],"picked":"Intimidate+1","floor":39.0},{"not_picked":["Twin Strike","Perfected Strike+1"],"picked":"Disarm+1","floor":41.0},{"not_picked":["Body Slam","Thunderclap","Power Through+1"],"picked":"SKIP","floor":46}],"player_experience":164640,"relics_obtained":[{"floor":9.0,"key":"Strawberry"},{"floor":10.0,"key":"Oddly Smooth Stone"},{"floor":25.0,"key":"Toxic Egg 2"},{"floor":26.0,"key":"The Courier"},{"floor":28.0,"key":"Unceasing Top"},{"floor":41.0,"key":"Charon\u0027s Ashes"},{"floor":43.0,"key":"Shuriken"}],"event_choices":[{"damage_healed":0.0,"max_hp_gain":0.0,"max_hp_loss":0.0,"gold_gain":0.0,"event_name":"Scrap Ooze","player_choice":"Success","floor":3.0,"gold_loss":0.0,"damage_taken":7.0,"relics_obtained":["Paper Frog"]},{"damage_healed":0.0,"max_hp_gain":0.0,"max_hp_loss":0.0,"gold_gain":75.0,"event_name":"World of Goop","player_choice":"Gather Gold","floor":4.0,"gold_loss":0.0,"damage_taken":11.0},{"damage_healed":0.0,"max_hp_gain":0.0,"max_hp_loss":0.0,"gold_gain":0.0,"event_name":"Big Fish","player_choice":"Box","floor":7.0,"gold_loss":0.0,"damage_taken":0.0,"relics_obtained":["Pocketwatch"],"cards_obtained":["Regret"]},{"damage_healed":0.0,"max_hp_gain":0.0,"max_hp_loss":0.0,"gold_gain":0.0,"event_name":"Dead Adventurer","player_choice":"Searched \u00271\u0027 times","floor":14.0,"gold_loss":0.0,"damage_taken":0.0,"relics_obtained":["Pen Nib"]},{"damage_healed":0.0,"max_hp_gain":0.0,"max_hp_loss":0.0,"gold_gain":99.0,"event_name":"Nest","player_choice":"Stole From Cult","floor":19.0,"gold_loss":0.0,"damage_taken":0.0},{"damage_healed":0.0,"max_hp_gain":0.0,"max_hp_loss":0.0,"gold_gain":0.0,"event_name":"Duplicator","player_choice":"Copied","floor":21.0,"gold_loss":0.0,"damage_taken":0.0,"cards_obtained":["Rupture"]},{"damage_healed":0.0,"max_hp_gain":0.0,"max_hp_loss":0.0,"gold_gain":0.0,"event_name":"Ghosts","player_choice":"Ignored","floor":24.0,"gold_loss":0.0,"damage_taken":0.0},{"damage_healed":29.0,"max_hp_gain":0.0,"max_hp_loss":0.0,"gold_gain":0.0,"event_name":"The Library","player_choice":"Heal","floor":31.0,"gold_loss":0.0,"damage_taken":0.0},{"damage_healed":0.0,"max_hp_gain":0.0,"max_hp_loss":0.0,"gold_gain":0.0,"event_name":"Accursed Blacksmith","player_choice":"Rummage","floor":36.0,"gold_loss":0.0,"damage_taken":0.0,"relics_obtained":["WarpedTongs"],"cards_obtained":["Pain"]},{"damage_healed":0.0,"max_hp_gain":0.0,"max_hp_loss":0.0,"gold_gain":0.0,"event_name":"MindBloom","player_choice":"Fight","floor":41.0,"gold_loss":0.0,"damage_taken":0.0},{"cards_removed":["Strike_R"],"damage_healed":0.0,"max_hp_gain":0.0,"max_hp_loss":0.0,"gold_gain":0.0,"event_name":"Falling","player_choice":"Removed Attack","floor":42.0,"gold_loss":0.0,"damage_taken":0.0},{"damage_healed":0.0,"max_hp_gain":0.0,"max_hp_loss":0.0,"gold_gain":0.0,"event_name":"Winding Halls","player_choice":"Embrace Madness","floor":44.0,"gold_loss":0.0,"damage_taken":12.0,"cards_obtained":["Madness","Madness"]},{"damage_healed":0.0,"max_hp_gain":0.0,"max_hp_loss":0.0,"gold_gain":0.0,"event_name":"Tomb of Lord Red Mask","player_choice":"Ignored","floor":45.0,"gold_loss":0.0,"damage_taken":0.0}],"is_beta":false,"boss_relics":[{"not_picked":["Tiny House","Ectoplasm"],"picked":"Astrolabe"},{"not_picked":["Fusion Hammer","Mark of Pain"],"picked":"Runic Pyramid"}],"items_purged_floors":[8,47],"is_endless":false,"potions_floor_spawned":[1,2,11,13,18,25,37,39],"killed_by":"Reptomancer","ascension_level":0}}