{"host":"a9gsz7kv8aebwp1f","time":1614360114,"event":{"mods":["AchievementEnabler","BaseMod","Minty Spire (QoL Compilation)"],"gold_per_floor":[109,74,93,193,213,213,213,213,262,0,11,22,22,35,35,130,130,120,46,64,64,80,80,80,80],"floor_reached":24,"language":"KOR","playtime":825,"items_purged":[],"score":301,"play_id":"cf3e82b0-3e1f-4ad4-b5d3-e6e2aa5e3d3c","local_time":"20210227022154","is_ascension_mode":true,"campfire_choices":[{"data":"Blizzard","floor":6,"key":"SMITH"},{"floor":13,"key":"REST"},{"floor":15,"key":"REST"},{"floor":23,"key":"REST"}],"circlet_count":0,"master_deck":["AscendersBane","Strike_B+1","Strike_B+1","Strike_B+1","Defend_B+1","Defend_B+1","Defend_B+1","Zap","Dualcast+1","Chill","Steam","Blizzard+1","Secret Weapon","Capacitor","Streamline","Steam","Hello World","Multi-Cast","Redo","Coolheaded","Gash","Rebound","Tempest"],"relics":["Cracked Core","Cables","Ancient Tea Set","Empty Cage"],"acts_visited":["Exordium","TheCity"],"potions_floor_usage":[16,24,24],"damage_taken":[{"damage":2,"enemies":"Jaw Worm","floor":1,"turns":3},{"damage":8,"enemies":"2 Louse","floor":3,"turns":3},{"damage":0,"enemies":"Cultist","floor":5,"turns":4},{"damage":10,"enemies":"Large Slime","floor":11,"turns":6},{"damage":7,"enemies":"Blue Slaver","floor":12,"turns":3},{"damage":2,"enemies":"Exordium Wildlife","floor":14,"turns":3},{"damage":70,"enemies":"Hexaghost","floor":16,"turns":13},{"damage":21,"enemies":"2 Thieves","floor":18,"turns":4},{"damage":18,"enemies":"Spheric Guardian","floor":20,"turns":6},{"damage":12,"enemies":"Shelled Parasite and Fungi","floor":22,"turns":9},{"damage":30,"enemies":"Book of Stabbing","floor":24,"turns":2}],"seed_played":"2878243482744521844","potions_obtained":[{"floor":11,"key":"DuplicationPotion"},{"floor":14,"key":"BlessingOfTheForge"},{"floor":16,"key":"FocusPotion"}],"is_trial":false,"path_per_floor":["M","?","M","?","M","R","?","?","T","$","M","M","R","M","R","B",null,"M","$","M","?","M","R","E"],"character_chosen":"DEFECT","items_purchased":["Secret Weapon","Capacitor","Coolheaded","Gash"],"campfire_rested":3,"item_purchase_floors":[10,10,19,19],"current_hp_per_floor":[66,75,67,67,67,67,49,49,49,49,39,32,54,52,74,4,57,36,36,18,18,6,28,0,0],"gold":80,"neow_bonus":"UPGRADE_CARD","is_daily":false,"chose_seed":false,"campfire_upgraded":1,"win_rate":0.0,"timestamp":1614360114,"path_taken":["M","?","M","?","?","R","?","?","T","$","M","M","R","M","R","BOSS","M","$","M","?","M","R","E"],"items_purchased_type":["Card","Card","Card","Card"],"build_version":"2020-12-22","purchased_purges":0,"victory":false,"max_hp_per_floor":[75,75,75,75,75,75,75,75,75,75,75,75,75,75,75,75,75,75,75,75,75,75,75,75,75],"card_choices":[{"not_picked":["Go for the Eyes","Sweeping Beam"],"picked":"Chill","floor":1},{"not_picked":["Redo","Stack"],"picked":"Steam","floor":3},{"not_picked":["Ball Lightning","All For One"],"picked":"Blizzard","floor":5},{"not_picked":["Conserve Battery","Fusion"],"picked":"Streamline","floor":11},{"not_picked":["Rebound","Chill"],"picked":"Steam","floor":12},{"not_picked":["Self Repair","Chaos"],"picked":"Hello World","floor":14},{"not_picked":["Amplify","Meteor Strike"],"picked":"Multi-Cast","floor":16},{"not_picked":["Storm","Heatsinks"],"picked":"Redo","floor":18},{"not_picked":["Compile Driver","Chill"],"picked":"Rebound","floor":20},{"not_picked":["Sweeping Beam","Recycle+1"],"picked":"Tempest","floor":22}],"player_experience":491811,"relics_obtained":[{"floor":9,"key":"Ancient Tea Set"}],"event_choices":[{"damage_healed":18,"gold_gain":0,"player_choice":"Healed","damage_taken":0,"max_hp_gain":0,"max_hp_loss":0,"event_name":"The Cleric","floor":2,"gold_loss":35},{"damage_healed":0,"gold_gain":100,"player_choice":"Gold","damage_taken":0,"max_hp_gain":0,"max_hp_loss":0,"event_name":"Wheel of Change","floor":4,"gold_loss":0},{"damage_healed":0,"gold_gain":0,"player_choice":"Success","damage_taken":18,"relics_obtained":["Cables"],"max_hp_gain":0,"max_hp_loss":0,"event_name":"Scrap Ooze","floor":7,"gold_loss":0},{"damage_healed":0,"gold_gain":0,"player_choice":"Ignored","damage_taken":0,"max_hp_gain":0,"max_hp_loss":0,"event_name":"Golden Wing","floor":8,"gold_loss":0},{"damage_healed":0,"gold_gain":0,"player_choice":"Simplicity","damage_taken":0,"max_hp_gain":0,"max_hp_loss":0,"event_name":"Back to Basics","floor":21,"gold_loss":0,"cards_upgraded":["Strike_B","Strike_B","Strike_B","Defend_B","Defend_B","Defend_B"]}],"is_beta":false,"boss_relics":[{"not_picked":["Coffee Dripper","Runic Dome"],"picked":"Empty Cage"}],"items_purged_floors":[],"is_endless":false,"potions_floor_spawned":[11,14,16,18],"killed_by":"Book of Stabbing","ascension_level":12}}