{"host":"g907ck67u7c3hrs6","time":1614306519,"event":{"mods":["BaseMod","Colored Map","DeckTracker","Force Act Four","Highlight Path","Keyboard Shortcuts","Minty Spire (QoL Compilation)","Permanent Neow","Say the Spire","SuperFastMode"],"gold_per_floor":[114,129,144,144,159,189,189,219,269,269,299,299,314,314,314,439,439,458,477,496,496,515,515,515,515,540,15,30,30,60,75,75,175,175,190,240,240,240,255,255,285,285,310,340,355,385,14,44,44,44,44,44,44,74,74],"floor_reached":56,"language":"KOR","playtime":1776,"items_purged":["Eruption"],"score":1378,"play_id":"1e8bb027-6df6-401b-9a58-fcf84cd67b20","local_time":"20210226112839","daily_mods":["Chimera","Time Dilation","Elite Swarm"],"is_ascension_mode":false,"campfire_choices":[{"data":"Biased Cognition","floor":7,"key":"SMITH"},{"data":"Consume","floor":10,"key":"SMITH"},{"data":"Electrodynamics","floor":12,"key":"SMITH"},{"floor":15,"key":"REST"},{"data":"Seek","floor":23,"key":"SMITH"},{"data":"Heatsinks","floor":25,"key":"SMITH"},{"data":"Capacitor","floor":29,"key":"SMITH"},{"data":"Electrodynamics","floor":32,"key":"SMITH"},{"data":"Turbo","floor":40,"key":"SMITH"},{"data":"Skim","floor":42,"key":"SMITH"},{"floor":49,"key":"RECALL"},{"data":"Creative AI","floor":52,"key":"SMITH"}],"circlet_count":0,"master_deck":["Bash","Survivor","Zap+1","Strike_R","Strike_G","Strike_B","Defend_R","Defend_G","Defend_P","Skim+1","Ball Lightning","Consume+1","Capacitor+1","Biased Cognition+1","Electrodynamics+1","Core Surge","Seek+1","Heatsinks+1","Conserve Battery","Echo Form","Glacier","Coolheaded","Electrodynamics+1","Reboot","White Noise+1","Turbo+1","Echo Form","Seek","Thunder Strike","Echo Form","Self Repair","Creative AI+1","Seek"],"relics":["Cracked Core","Bag of Preparation","Happy Flower","Potion Belt","Bag of Marbles","Bloody Idol","Coffee Dripper","Lee\u0027s Waffle","TungstenRod","Gambling Chip","Nuclear Battery","CaptainsWheel","Prayer Wheel","Lantern","Blood Vial","Question Card","Lizard Tail","Dream Catcher","Orichalcum"],"acts_visited":["Exordium","TheCity","TheBeyond","TheEnding"],"potions_floor_usage":[5,13,45,55,55],"damage_taken":[{"damage":0,"enemies":"2 Louse","floor":1,"turns":3},{"damage":0,"enemies":"Small Slimes","floor":2,"turns":2},{"damage":6,"enemies":"Jaw Worm","floor":3,"turns":2},{"damage":11,"enemies":"3 Louse","floor":5,"turns":2},{"damage":19,"enemies":"Gremlin Nob","floor":6,"turns":4},{"damage":22,"enemies":"3 Sentries","floor":8,"turns":5},{"damage":0,"enemies":"Gremlin Nob","floor":11,"turns":2},{"damage":5,"enemies":"Looter","floor":13,"turns":2},{"damage":21,"enemies":"The Guardian","floor":16,"turns":5},{"damage":5,"enemies":"Spheric Guardian","floor":18,"turns":3},{"damage":12,"enemies":"Shell Parasite","floor":19,"turns":3},{"damage":0,"enemies":"Cultist and Chosen","floor":20,"turns":4},{"damage":18,"enemies":"Snecko","floor":22,"turns":4},{"damage":9,"enemies":"Shelled Parasite and Fungi","floor":28,"turns":3},{"damage":14,"enemies":"Book of Stabbing","floor":30,"turns":5},{"damage":0,"enemies":"Centurion and Healer","floor":31,"turns":2},{"damage":12,"enemies":"Automaton","floor":33,"turns":6},{"damage":0,"enemies":"3 Darklings","floor":35,"turns":2},{"damage":0,"enemies":"Mind Bloom Boss Battle","floor":36,"turns":4},{"damage":0,"enemies":"3 Shapes","floor":39,"turns":1},{"damage":5,"enemies":"Reptomancer","floor":41,"turns":4},{"damage":0,"enemies":"Giant Head","floor":44,"turns":8},{"damage":0,"enemies":"Writhing Mass","floor":45,"turns":3},{"damage":0,"enemies":"Reptomancer","floor":46,"turns":2},{"damage":0,"enemies":"Giant Head","floor":48,"turns":5},{"damage":37,"enemies":"Donu and Deca","floor":50,"turns":4},{"damage":14,"enemies":"Shield and Spear","floor":54,"turns":4},{"damage":62,"enemies":"The Heart","floor":55,"turns":7}],"seed_played":"4728103701414758894","potions_obtained":[{"floor":2,"key":"SteroidPotion"},{"floor":3,"key":"Swift Potion"},{"floor":6,"key":"FocusPotion"},{"floor":13,"key":"Fruit Juice"},{"floor":18,"key":"CultistPotion"},{"floor":22,"key":"ColorlessPotion"},{"floor":30,"key":"BlessingOfTheForge"},{"floor":45,"key":"Fruit Juice"},{"floor":48,"key":"Strength Potion"},{"floor":54,"key":"Swift Potion"}],"is_trial":false,"path_per_floor":["M","M","M","?","M","E","R","E","T","R","E","R","M","?","R","B",null,"M","M","M","?","M","R","?","R","T","$","M","R","E","M","R","B",null,"M","?","?","?","M","R","E","R","T","E","M","E","$","E","R","B",null,"R","$","E","B",null],"character_chosen":"DEFECT","items_purchased":["Lee\u0027s Waffle","TungstenRod","Self Repair","Lizard Tail"],"campfire_rested":1,"item_purchase_floors":[27,27,47,47],"current_hp_per_floor":[75,75,69,69,58,39,39,17,17,17,17,17,17,17,39,18,74,69,57,57,57,39,39,39,39,44,81,77,77,68,73,73,66,81,81,81,81,81,81,81,81,81,81,81,86,86,86,86,86,56,86,86,86,84,38],"gold":74,"neow_bonus":"","is_daily":true,"chose_seed":false,"campfire_upgraded":10,"win_rate":0.0,"timestamp":1614306519,"path_taken":["M","M","M","?","M","E","R","E","T","R","E","R","M","?","R","BOSS","M","M","M","?","M","R","?","R","T","$","M","R","E","M","R","BOSS","M","?","?","?","M","R","E","R","T","E","M","E","?","E","R","BOSS","R","$","E","BOSS"],"items_purchased_type":["Relic","Relic","Card","Relic"],"build_version":"2020-12-22","purchased_purges":1,"victory":true,"max_hp_per_floor":[75,75,75,75,75,75,75,75,75,75,75,75,80,74,74,74,74,74,74,74,74,74,74,74,74,74,81,81,81,81,81,81,81,81,81,81,81,81,81,81,81,81,81,81,86,86,86,86,86,86,86,86,86,86,86],"card_choices":[{"not_picked":["Go for the Eyes","Hologram"],"picked":"Skim","floor":1},{"not_picked":["Redo","Sweeping Beam"],"picked":"Ball Lightning","floor":2},{"not_picked":["Compile Driver","Scrape"],"picked":"Consume","floor":3},{"not_picked":["Coolheaded","Undo"],"picked":"Capacitor","floor":5},{"not_picked":["Machine Learning","Hyperbeam"],"picked":"Biased Cognition","floor":6},{"not_picked":["Multi-Cast","Meteor Strike"],"picked":"Electrodynamics","floor":8},{"not_picked":["Buffer","Fission"],"picked":"Core Surge","floor":11},{"not_picked":["Genetic Algorithm","Rebound","Chaos"],"picked":"SKIP","floor":13},{"not_picked":["Multi-Cast","Meteor Strike"],"picked":"Seek","floor":16},{"not_picked":["Melter","Cold Snap"],"picked":"Heatsinks","floor":18},{"not_picked":["Stack","Redo"],"picked":"Conserve Battery","floor":19},{"not_picked":["Coolheaded","Streamline"],"picked":"Echo Form","floor":20},{"not_picked":["Ball Lightning","Beam Cell","Rebound"],"picked":"SKIP","floor":22},{"not_picked":["Reinforced Body","Meteor Strike"],"picked":"Coolheaded","floor":28},{"not_picked":["All For One","Rainbow"],"picked":"Electrodynamics","floor":30},{"not_picked":["Go for the Eyes","Chaos+1"],"picked":"Undo","floor":31},{"not_picked":["Multi-Cast","Rainbow"],"picked":"Reboot","floor":33},{"not_picked":["Beam Cell","Go for the Eyes","Steam+1"],"picked":"SKIP","floor":35},{"not_picked":["Recycle+1","Gash+1"],"picked":"White Noise+1","floor":36},{"not_picked":["Cold Snap+1","Beam Cell+1"],"picked":"Turbo","floor":39},{"not_picked":["Buffer","Thunder Strike"],"picked":"Echo Form","floor":41},{"not_picked":["Hyperbeam","Machine Learning"],"picked":"Seek","floor":44},{"not_picked":["Leap","Sweeping Beam+1"],"picked":"Thunder Strike","floor":45},{"not_picked":["Barrage","Go for the Eyes+1","Stack"],"picked":"SKIP","floor":45},{"not_picked":["Multi-Cast","Fission"],"picked":"Echo Form","floor":46},{"not_picked":["Electrodynamics","Buffer","Thunder Strike"],"picked":"Creative AI","floor":48},{"not_picked":["Hyperbeam","Reboot","Buffer"],"picked":"Seek","floor":54}],"player_experience":364440,"relics_obtained":[{"floor":6,"key":"Bag of Preparation"},{"floor":8,"key":"Happy Flower"},{"floor":9,"key":"Potion Belt"},{"floor":11,"key":"Bag of Marbles"},{"floor":30,"key":"Gambling Chip"},{"floor":36,"key":"CaptainsWheel"},{"floor":41,"key":"Prayer Wheel"},{"floor":43,"key":"Lantern"},{"floor":44,"key":"Blood Vial"},{"floor":46,"key":"Question Card"},{"floor":48,"key":"Dream Catcher"},{"floor":54,"key":"Orichalcum"}],"event_choices":[{"damage_healed":0,"gold_gain":0,"player_choice":"Grow","damage_taken":0,"max_hp_gain":0,"max_hp_loss":0,"event_name":"Living Wall","floor":4,"gold_loss":0,"cards_upgraded":["Zap"]},{"damage_healed":0,"gold_gain":0,"player_choice":"Lose Max HP","damage_taken":0,"relics_obtained":["Golden Idol"],"max_hp_gain":0,"max_hp_loss":6,"event_name":"Golden Idol","floor":14,"gold_loss":0},{"damage_healed":0,"gold_gain":0,"player_choice":"Read","damage_taken":0,"max_hp_gain":0,"max_hp_loss":0,"event_name":"The Library","floor":21,"gold_loss":0,"cards_obtained":["Glacier"]},{"damage_healed":0,"gold_gain":0,"player_choice":"Gave Idol","damage_taken":0,"relics_obtained":["Bloody Idol"],"max_hp_gain":0,"max_hp_loss":0,"event_name":"Forgotten Altar","floor":24,"relics_lost":["Golden Idol"],"gold_loss":0},{"damage_healed":0,"gold_gain":0,"player_choice":"Fight","damage_taken":0,"max_hp_gain":0,"max_hp_loss":0,"event_name":"MindBloom","floor":36,"gold_loss":0},{"damage_healed":0,"gold_gain":0,"player_choice":"Ignored","damage_taken":0,"max_hp_gain":0,"max_hp_loss":0,"event_name":"Tomb of Lord Red Mask","floor":37,"gold_loss":0},{"cards_removed":["Undo"],"damage_healed":0,"gold_gain":0,"player_choice":"Removed Skill","damage_taken":0,"max_hp_gain":0,"max_hp_loss":0,"event_name":"Falling","floor":38,"gold_loss":0}],"is_beta":false,"boss_relics":[{"not_picked":["Runic Dome","Calling Bell"],"picked":"Coffee Dripper"},{"not_picked":["SlaversCollar","Runic Pyramid"],"picked":"Nuclear Battery"}],"items_purged_floors":[27],"is_endless":false,"potions_floor_spawned":[2,3,6,13,18,22,30,39,44,45,48,54],"ascension_level":0}}