{"host":"pszcj3piwl6eu8b1","time":1614383698,"event":{"mods":["2.2 Compatiblity","Act Like it!","Aspiration","BaseMod","Better Altar","Better Match","Better Note","Better Sensory Stone","Better Skull","Better Third Choice","Better Vampires","CCEM2","Downfall","Elementarium","Energized Spire","Gensokyo","GifTheSpireLib","Hallownest","Hubris","Marisa????????","Menagerie","Minty Spire (QoL Compilation)","Permanent Neow","Quarter Circle Forward PUNCH!","Quick Restart","Replay The Spire","Shop Mod","StSLib","Stuff the Spire","The Animator","The Blue Laboratory"],"gold_per_floor":[119,119,119,119,134,160,32,50,50,50,69,101,130,30,30,101,101,125,148,23,23,23,23,23,23],"floor_reached":24,"language":"ENG","playtime":1996,"items_purged":["animator:Defend","animator:Strike"],"score":463,"play_id":"aecadb52-23a0-409b-9a69-821e8fb654fc","local_time":"20210226155458","is_ascension_mode":true,"campfire_choices":[{"floor":23.0,"key":"REST"}],"circlet_count":0,"master_deck":["AscendersBane","animator:Strike_TenSura","animator:Defend_TenSura","animator:Defend","animator:Benimaru","animator:SwordMaiden","animator:Millim+2","animator:Souei","animator:Rimuru","animator:Hakurou+1","animator:Cocytus+1","animator:Rimuru","animator:Ainz+1","animator:ChaikaTrabant+1","Gensokyo:FourOfAKind","Gensokyo:FourOfAKind","Gensokyo:FourOfAKind","Gensokyo:FourOfAKind"],"relics":["animator:LivingPicture","animator:TheMissingPiece","animator:PurgingStone","Gensokyo:Justice","Replay:Bottled Snecko","StuffTheSpire:Rhapsscallions","Molten Egg 2","Strawberry","aspiration:SneckoTail","CCEMRelics:DefectiveTurbocharger"],"acts_visited":["Gensokyo:Gensokyo","Gensokyo:Gensokyoer"],"potions_floor_usage":[24],"damage_taken":[{"damage":1.0,"enemies":"Gensokyo:Gryphon","floor":1.0,"turns":3.0},{"damage":5.0,"enemies":"Gensokyo:2_Kodama","floor":5.0,"turns":3.0},{"damage":12.0,"enemies":"Gensokyo:Mamizou","floor":6.0,"turns":7.0},{"damage":2.0,"enemies":"Gensokyo:Python","floor":8.0,"turns":3.0},{"damage":0.0,"enemies":"Gensokyo:5_Fairies","floor":11.0,"turns":3.0},{"damage":5.0,"enemies":"Gensokyo:3_Kodama","floor":12.0,"turns":3.0},{"damage":0.0,"enemies":"Gensokyo:Cirno","floor":13.0,"turns":6.0},{"damage":8.0,"enemies":"Gensokyo:Reimu","floor":16.0,"turns":8.0},{"damage":40.0,"enemies":"Gensokyo:3_Dogs","floor":18.0,"turns":5.0},{"damage":9.0,"enemies":"Gensokyo:CosmicMonolith","floor":19.0,"turns":4.0},{"damage":46,"enemies":"Gensokyo:Tenshi","floor":24,"turns":3}],"seed_played":"8035628451425682263","potions_obtained":[{"floor":8.0,"key":"Block Potion"},{"floor":11.0,"key":"DistilledChaos"},{"floor":12.0,"key":"blueLaboratory:BottleOfVodka"},{"floor":13.0,"key":"Weak Potion"},{"floor":16.0,"key":"SpeedPotion"},{"floor":18.0,"key":"blueLaboratory:EnragingPotion"}],"is_trial":false,"path_per_floor":["M","?","T","T","M","E","$","M","T","?","M","M","E","$","R","B",null,"M","M","?","?","?","R","E"],"character_chosen":"THE_ANIMATOR","items_purchased":["animator:Millim"],"campfire_rested":1,"item_purchase_floors":[7],"current_hp_per_floor":[38,38,38,38,33,29,29,27,27,20,20,15,15,15,15,8,59,19,10,11,16,16,32,0,0],"gold":23,"neow_bonus":"REMOVE_TWO","is_daily":false,"chose_seed":false,"campfire_upgraded":0,"win_rate":0.0,"timestamp":1614383698,"path_taken":["M","?","?","?","?","E","?","M","T","?","M","?","E","?","R","BOSS","M","M","?","?","?","R","E"],"items_purchased_type":["Card"],"build_version":"2020-12-22","purchased_purges":2,"victory":false,"max_hp_per_floor":[60,60,60,60,60,68,68,68,68,75,75,75,75,75,75,76,76,76,76,77,82,54,54,54,54],"card_choices":[{"not_picked":["animator:YaoHaDucy","animator:DolaCouronne","animator:YuiTsuruno"],"picked":"SKIP","floor":1.0},{"not_picked":["animator:YachiyoNanami","animator:Lancer","animator:Fredrika"],"picked":"SKIP","floor":5.0},{"not_picked":["animator:Yuuichirou","animator:Assassin"],"picked":"animator:SwordMaiden","floor":6.0},{"not_picked":["animator:Kuribayashi+1","animator:Shinoa","animator:IrohaTamaki+1"],"picked":"SKIP","floor":11.0},{"not_picked":["animator:Illya","animator:Ara+1"],"picked":"animator:Souei","floor":12.0},{"not_picked":["animator:ChaikaBohdan+1","animator:Melzalgald+1","animator:Shigure+1"],"picked":"SKIP","floor":13.0},{"not_picked":["animator:MadokaKaname","animator:HomuraAkemi"],"picked":"animator:Rimuru","floor":16.0},{"not_picked":["animator:Millim+1","animator:Benimaru+1"],"picked":"animator:Hakurou+1","floor":18.0},{"not_picked":["animator:ZankiKiguchi+1","animator:DolaRiku"],"picked":"animator:Cocytus+1","floor":19.0},{"not_picked":["animator:Ainz+1","animator:Gilgamesh+1"],"picked":"animator:Rimuru","floor":20.0},{"not_picked":["animator:HomuraAkemi+1","animator:HigakiRinne+1"],"picked":"animator:Ainz+1","floor":20.0},{"not_picked":["animator:Envy+1","animator:Saber+1"],"picked":"animator:ChaikaTrabant+1","floor":20.0}],"player_experience":1450768,"relics_obtained":[{"floor":3.0,"key":"Replay:Bottled Snecko"},{"floor":6.0,"key":"StuffTheSpire:Rhapsscallions"},{"floor":9.0,"key":"Molten Egg 2"},{"floor":13.0,"key":"aspiration:SneckoTail"}],"event_choices":[{"damage_healed":0.0,"max_hp_gain":0.0,"max_hp_loss":0.0,"gold_gain":0.0,"event_name":"betterMatch:BetterMatch","player_choice":"3","floor":20.0,"gold_loss":0.0,"damage_taken":0.0,"cards_obtained":["betterMatch:RareCard"]}],"is_beta":false,"boss_relics":[{"not_picked":["CCEMRelics:ExpiredCReal","energizedSpire:RedRose"],"picked":"CCEMRelics:DefectiveTurbocharger"}],"items_purged_floors":[7,14],"is_endless":false,"potions_floor_spawned":[8,11,12,13,16,18],"killed_by":"Gensokyo:Tenshi","ascension_level":20}}