{"host":"za9ilm1uiwmpmin1","time":1614323000,"event":{"mods":["AchievementEnabler","Act Like it!","BaseMod","Friendly Minions","Gensokyo","KomeijiMod","Library of Ruina","Library of Ruina Extra","Minty Spire (QoL Compilation)","MostiFishMod","StSLib","TestMod","Waifu the Spire"],"gold_per_floor":[12,12,112,130,130,161,161,192,268,268,282,294,294,324,324,397,397,410,0,18,34,48,48,76,76,76,105,117,129,172,199,211,297,309,337,363,375,405,1069,1107,1519,1563,1602,1614,2142,210,251,188,188,188,188,188,188,88,1104,1104],"floor_reached":57,"language":"ZHS","playtime":2072,"items_purged":["LightAttack+1","LightAttack+1"],"score":3190,"play_id":"9e143f41-b614-425f-92f6-2f0143cb6840","local_time":"20210226150320","is_ascension_mode":true,"campfire_choices":[{"data":"FocusedStrikes","floor":7.0,"key":"SMITH"},{"data":"Quickness","floor":13.0,"key":"SMITH"},{"floor":15.0,"key":"RECALL"},{"data":"LightDefense","floor":23.0,"key":"SMITH"},{"data":"LightDefense","floor":25.0,"key":"SMITH"},{"data":"LightAttack","floor":28.0,"key":"SMITH"},{"data":"BindingChains","floor":32.0,"key":"SMITH"},{"floor":44,"key":"REST"},{"floor":49,"key":"REST"},{"floor":53,"key":"REST"}],"circlet_count":0,"master_deck":["AscendersBane","Dodge+1","LightAttack+1","LightDefense+1","LightDefense+1","LightDefense+1","ChargeAndCover+1","FocusedStrikes+1","Parry2+1","CoordinatedAssault+1","Quickness+1","FrontalAssault+1","TheWillOfTheCity+1","SilentMist+1","Faith+1","BindingChains+1","SenseQuarry+1","UnavoidableGaze+1"],"relics":["PageOfLibrarian","testmod-TestBox","testmod-SaigiyounoYou","FeatherPendant","testmod-Brilliant","SynthV:TestCard","Gensokyo:OccultBall","Lizard Tail","Pantograph","Kunai","Ginger","testmod-BloodSacrificeSpiritualization","Ornamental Fan","MawBank","testmod-Antiphasic","Runic Pyramid","testmod-ObsoleteBoomerang","PageOfSnowWhitesApple","CeramicFish","testmod-BlackFramedGlasses","Medical Kit","TheAbacus","SynthV:MejaisSoulstealer","SynthV:C4","Art of War","testmod-Muramasa","Pen Nib"],"acts_visited":["Exordium","Gensokyo:Gensokyo","Gensokyo:Gensokyoer","TheEnding"],"potions_floor_usage":[56,56],"damage_taken":[{"damage":4.0,"enemies":"Gensokyo:2_Kodama","floor":1.0,"turns":3.0},{"damage":0.0,"enemies":"Gensokyo:3_Fairies","floor":4.0,"turns":3.0},{"damage":0.0,"enemies":"Gensokyo:Mamizou","floor":6.0,"turns":6.0},{"damage":0.0,"enemies":"Gensokyo:Aya","floor":8.0,"turns":3.0},{"damage":0.0,"enemies":"Gensokyo:Python","floor":11.0,"turns":2.0},{"damage":0.0,"enemies":"Gensokyo:LivingMonolith","floor":12.0,"turns":1.0},{"damage":0.0,"enemies":"Gensokyo:Cirno","floor":14.0,"turns":4.0},{"damage":5.0,"enemies":"Gensokyo:Yukari","floor":16.0,"turns":9.0},{"damage":8.0,"enemies":"Gensokyo:AngelMirror","floor":18.0,"turns":4.0},{"damage":8.0,"enemies":"Gensokyo:CosmicMonolith","floor":20.0,"turns":1.0},{"damage":8.0,"enemies":"Gensokyo:Wraith","floor":21.0,"turns":2.0},{"damage":8.0,"enemies":"Gensokyo:Chomper_and_Gloop","floor":22.0,"turns":2.0},{"damage":9.0,"enemies":"Gensokyo:Tenshi","floor":24.0,"turns":2.0},{"damage":9.0,"enemies":"Gensokyo:Koishi","floor":27.0,"turns":4.0},{"damage":9.0,"enemies":"Gensokyo:Reisen","floor":30.0,"turns":5.0},{"damage":21.0,"enemies":"Gensokyo:Swordslinger","floor":31.0,"turns":1.0},{"damage":9.0,"enemies":"Gensokyo:Eiki","floor":33.0,"turns":4.0},{"damage":9,"enemies":"Gensokyo:3_Bats","floor":35,"turns":1},{"damage":9,"enemies":"Gensokyo:AncientGuardian","floor":36,"turns":2},{"damage":9,"enemies":"Gensokyo:3_Boulders","floor":38,"turns":1},{"damage":54,"enemies":"Gensokyo:SeedOfUnknown","floor":39,"turns":2},{"damage":9,"enemies":"Gensokyo:Marisa","floor":40,"turns":2},{"damage":9,"enemies":"Gensokyo:Doremy","floor":42,"turns":1},{"damage":54,"enemies":"Gensokyo:Kasen","floor":45,"turns":1},{"damage":0,"enemies":"Gensokyo:Marisa","floor":47,"turns":4},{"damage":0,"enemies":"Gensokyo:Scarlet_Devils","floor":50,"turns":4},{"damage":11,"enemies":"Gensokyo:Scarlet_Devils","floor":51,"turns":3},{"damage":86,"enemies":"Shield and Spear","floor":55,"turns":2},{"damage":12,"enemies":"The Heart","floor":56,"turns":4}],"seed_played":"4275044521681799195","potions_obtained":[{"floor":14.0,"key":"Swift Potion"},{"floor":22.0,"key":"Fruit Juice"},{"floor":27.0,"key":"CultistPotion"}],"is_trial":false,"path_per_floor":["M","?","?","M","?","E","R","E","T","?","M","M","R","E","R","B",null,"M","?","M","M","M","R","E","R","T","E","R","?","E","M","R","B",null,"M","M","?","M","M","E","?","E","T","R","E","COS","E","$","R","B",null,null,"R","$","E","B",null],"character_chosen":"Librarian","items_purchased":[],"campfire_rested":3,"item_purchase_floors":[],"current_hp_per_floor":[56,63,63,65,65,73,73,77,77,56,60,64,64,66,66,85,85,83,83,85,85,90,90,89,89,89,90,90,90,89,42,42,76,87,80,76,76,69,30,30,30,39,39,67,24,24,61,61,94,111,111,111,111,111,50,115],"gold":1104,"neow_bonus":"ONE_RARE_RELIC","is_daily":false,"chose_seed":false,"campfire_upgraded":6,"win_rate":0.0,"timestamp":1614323000,"path_taken":["M","?","?","M","?","E","R","E","T","?","?","M","R","E","R","BOSS","M","?","M","M","M","R","E","R","T","E","R","?","E","M","R","BOSS","M","M","?","M","M","E","?","E","T","R","E","COS","E","?","R","BOSS","R","$","E","BOSS"],"items_purchased_type":[],"build_version":"2020-12-22","purchased_purges":2,"victory":true,"max_hp_per_floor":[70,77,77,77,77,77,77,85,85,85,85,85,85,85,85,85,85,85,85,85,85,90,90,90,90,90,90,90,90,213,213,90,90,90,90,90,90,90,95,95,95,95,95,95,111,111,111,111,111,111,111,111,111,111,121,121],"card_choices":[{"not_picked":["StayCalm","EnergyShield","WillOfThePrescript","Marionette","QuickSuppression","FendThisOffIfYouCan","ChargeUp","SmokingPipe"],"picked":"SilentMist","floor":1.0},{"not_picked":["ExtremeEdge","DaringDecision","FierceOnslaught","SmokingPipe","Thrust","SturdyDefense","AutonomousRush","FleetEdge","BlowItUp","InhaleSmoke","BindingArms"],"picked":"SKIP","floor":4.0},{"not_picked":["SwordOfVolition","ExtractFuel","SomberProcuration","Quickness","PinpointShot","FleetEdge","Diversion","Deflect_lor","Juggling","ExtremeEdge"],"picked":"Parry2","floor":6.0},{"not_picked":["PreparedMind","SunsetBlade","FleetEdge","Reload","SharpenedBlade","HighSpeedStabbing","ScatteringSlash","WillBeTasty","DesperateStruggle","RagingStormLove","SuppressingShot"],"picked":"SKIP","floor":8.0},{"not_picked":["SharpSwipe","Fence","FleetEdge","SearingSword","QuickSuppression","Castigation","AsThePrescriptOrders","ButterflySlash","BayonetCombat","LossOfSenses"],"picked":"CoordinatedAssault","floor":11.0},{"not_picked":["SmokingPipe","ToOvercomeCrisis","UpbeatPerformance","FleetEdge","HighSpeedStabbing","BiAn","SerpentSwordTechnique","StructuralAnalysis","Parry2","DaringDecision"],"picked":"Quickness","floor":12.0},{"not_picked":["FleetFootsteps","BladeWhirl","ChiWen","SilentNight","Unlock1","Track","FaintMemories","YoureTooSlow","Diversion","SnakesPrey","SerpentSwordTechnique"],"picked":"SKIP","floor":14.0},{"not_picked":["EndlessBattle","TasteMyFlamingBat","Clone","HighKick","SerpentSwordTechnique+1","Rewind","SharpNails","DestructiveImpact","ViolentFlame","TrashDisposal"],"picked":"FrontalAssault","floor":18.0},{"not_picked":["MultiHit","DesperateStruggle","GuidanceOfTheGears+1","NightInTheBackstreets","IdentifyWeakpoint","FlashingStrike","IronWall","SerpentineBarrier","BackAttack","QuickAttack"],"picked":"TheWillOfTheCity","floor":20.0},{"not_picked":["Collision","MultiBlock","FrontalAssault","EnergyCycle+1","Pound","SmokingPipe+1","ConcentratedFire","SkitterAway+1","DarkCloud","VioletBlade","AutonomousRush"],"picked":"SKIP","floor":21.0},{"not_picked":["Rampage_lor","Struggle","SpearedSweep","JiaoTu","CoordinatedAssault","TheWillOfTheCity","Reload","SharpSwipe","SnakesPrey","EndlessBattle"],"picked":"SilentMist","floor":22.0},{"not_picked":["UndertakePrescript","FlashingStrike","HandleRequest+1","HiddenBlade","Execute_lor","ShockRound","Struggle","Multislash","SparkingSpear","IdentifyWeakpoint","EndlessBattle"],"picked":"SKIP","floor":24.0},{"not_picked":["GaleKick","GuardingStance","BackAttack","GrazeTheGrass","Juggling","Preparation+1","CumulusWall","FleetEdge","Brawl","StrikeDown+1","SharpenedBlade"],"picked":"SKIP","floor":27.0},{"not_picked":["SearingSword","DesperateStruggle","Ripple","SharpSwipe","RulesOfTheBackstreets","CoordinatedAssault","SharpNails","Commandeering","BiAn","RapidGashes"],"picked":"Faith","floor":30.0},{"not_picked":["StrongStrike","Decapitation","Unlock1","ClassAndRespect","EnergyConversion","SummaryJudgment","EnergyCycle","BurningFlash","Quickness","Rewind"],"picked":"BindingChains","floor":31.0},{"not_picked":["Observe","BalefulBrand","CrackOfDawn","Cruelty"],"picked":"SenseQuarry","floor":33.0},{"not_picked":["Pound","SmokingPipe","TimeForALittleTest","Faith","WaitUp","SinglePointStab","BiAn+1","HardRehearsal","NightInTheBackstreets+1","SerpentSwordTechnique","DistortedBlade"],"picked":"SKIP","floor":35},{"not_picked":["WillOfThePrescript","SteelKnuckles","Reload","FleetEdge","MindCrush","Rewind+1","MultiBlock+1","Riposte","Tailoring+1","IronWall+1"],"picked":"UnavoidableGaze+1","floor":36},{"not_picked":["PuppetBlockade","DarkCloud","DriedUp","BindingChains","BiAn","FleetEdge","EndlessBattle","DimensionalRift","FervidEmotions+1","DestructiveImpact","TheWillOfTheCity"],"picked":"SKIP","floor":38},{"not_picked":["SharpSwipe+1","Parry2","Wallop_lor","FlowOfTheSword","GroundSmash","SerpentSwordTechnique+1","ChopItOff","UpbeatPerformance","FlashOfSunup","MindWhip","Outburst"],"picked":"SKIP","floor":39},{"not_picked":["TrashDisposal","RatsGuideToSurvival","TendonChords","Slice_lor","ButterflySlash","HeavyPeaks","EnergyCycle","EnergyShield","Duel_lor","Quickness","DistortedBlade"],"picked":"SKIP","floor":40},{"not_picked":["TrashDisposal","RatsGuideToSurvival","TendonChords","Slice_lor","ButterflySlash","HeavyPeaks","EnergyCycle","EnergyShield","Duel_lor","Quickness","DistortedBlade"],"picked":"SKIP","floor":40},{"not_picked":["GrazeTheGrass","BladeWhirl+1","StrikeDown","RapidGashes","KeepItFresh","RushDown","Leap_lor","Concentration","Riposte","PreemptiveStrike+1","Multislash"],"picked":"SKIP","floor":42},{"not_picked":["SmokingPipe","FocusFire","LoosenUp","Parry","ClassAndRespect","OminousPower+1","GoinFirst","BackstreetsDash","ElectricShock","ProselytesBlade","ButterflySlash+1"],"picked":"SKIP","floor":45},{"not_picked":["AsThePrescriptOrders","StructuralAnalysis+1","Tttonst","EnergyBeam","CoordinatedAssault+1","BattleCommand","GuidanceOfTheGears","TheWillOfTheCity","RagingStormLove","Thrust","SerpentSwordTechnique+1"],"picked":"SKIP","floor":47},{"not_picked":["Standoff","SharpNails","DefenseOrder","SmokingPipe","SpearedSweep","WillProduceFineSilk","Pound","HiddenBlade","EnergyStrike+1","Parry2+1","Parry"],"picked":"SKIP","floor":55}],"player_experience":788008,"relics_obtained":[{"floor":1.0,"key":"SynthV:TestCard"},{"floor":6.0,"key":"Lizard Tail"},{"floor":8.0,"key":"Pantograph"},{"floor":9.0,"key":"Kunai"},{"floor":11.0,"key":"Gensokyo:OccultBall"},{"floor":16.0,"key":"Gensokyo:OccultBall"},{"floor":24.0,"key":"Ornamental Fan"},{"floor":27.0,"key":"MawBank"},{"floor":30.0,"key":"testmod-Antiphasic"},{"floor":33.0,"key":"Gensokyo:OccultBall"},{"floor":38,"key":"Gensokyo:OccultBall"},{"floor":40,"key":"testmod-ObsoleteBoomerang"},{"floor":42,"key":"PageOfSnowWhitesApple"},{"floor":43,"key":"CeramicFish"},{"floor":45,"key":"testmod-BlackFramedGlasses"},{"floor":47,"key":"SynthV:C4"},{"floor":55,"key":"Pen Nib"}],"event_choices":[{"damage_healed":0.0,"max_hp_gain":0.0,"max_hp_loss":0.0,"gold_gain":0.0,"event_name":"给自己的盒子","player_choice":"Ignored","floor":29.0,"gold_loss":0.0,"damage_taken":0.0},{"damage_healed":0,"gold_gain":400,"player_choice":"Sell","damage_taken":0,"max_hp_gain":0,"max_hp_loss":0,"event_name":"恩洛斯的盘子","floor":41,"relics_lost":["DaveBox"],"gold_loss":0}],"is_beta":false,"boss_relics":[{"not_picked":["testmod-HarvestTotem","Cursed Key"],"picked":"testmod-BloodSacrificeSpiritualization"},{"not_picked":["OneHitWonderSystem","RhineCircuit"],"picked":"Runic Pyramid"}],"items_purged_floors":[48,54],"is_endless":false,"potions_floor_spawned":[1,8,14,22,27,30,33,36,38,39,47],"ascension_level":16}}