{"host":"amnup8uv961nil3y","time":1614310765,"event":{"mods":["Act Like it!","Aspiration","Aya Shameimaru","BaseMod","Bestiary","Better Altar","Better Match","Better Sensory Stone","Better Synergies","Better Third Choice","Block Reminder","Challenge The Spire","Colored Map","Colored Powertips","Colorless Booster Pack","Conspire","DeckTracker","Disable Question Mark Monsters","Elementarium","Energized Spire","Evolution","Extra Virgin Snecko Oil","GifTheSpireLib","Halation","Hermit","HexUI Lib","Highlight Path","Hubris","Infinite Spire","JesterMod","Lotus Mark","Menagerie","Minty Spire (QoL Compilation)","Pale of the Ancients","Potion Indicator Mod","Quarter Circle Forward PUNCH!","Random Character Button","Relic Stats","Reliquary","Replay The Spire","Reworked Bosses","Ruina","Shapeshifter Mod","Shop Mod","Small Relic Pack","Spicy Shops","Spikes Relics","StSLib","Stuff the Spire","Swap Starting Deck Mod","TheVacant","Trackpad","Useless Jewels Mod","Wandering Minibosses","??????REMEMod"],"gold_per_floor":[109,125,162,178,188,216,233,266,266,278,278,343,343,149,149,251,251,261,329,304,304,304,330,330,344,344,355,387,437,454,464,464,564,564,581,596,596,596,713,742,742,811,811,811,811,607,625,625,725,725],"floor_reached":51,"language":"ENG","playtime":7470,"items_purged":["shameimaru:Strike"],"score":779,"play_id":"7903ce6d-6c58-40af-b7e7-662b7609cd77","local_time":"20210226033925","is_ascension_mode":false,"campfire_choices":[{"data":"Adrenaline","floor":13,"key":"SMITH"},{"data":"shameimaru:Defend","floor":15,"key":"PURGE"},{"data":"shameimaru:QuickReporting","floor":24,"key":"SMITH"},{"data":"shameimaru:WhispersOfTheWind","floor":32,"key":"SMITH"},{"data":"shameimaru:IllusoryDominance","floor":41,"key":"SMITH"},{"data":"shameimaru:Preparation","floor":45,"key":"SMITH"}],"circlet_count":0,"master_deck":["shameimaru:Strike","shameimaru:Strike","shameimaru:Defend","shameimaru:Defend","shameimaru:Defend","shameimaru:PlayfulTaunt","shameimaru:SnapshotStrike","Adrenaline+1","shameimaru:SuddenOutburst","shameimaru:Imitation","shameimaru:HighlightReel","shameimaru:Telescoping","shameimaru:Imitation","shameimaru:WhispersOfTheWind+1","shameimaru:DoctoredImage","shameimaru:QuickReporting+1","shameimaru:DoctoredImage","shameimaru:CherishingBreeze","shameimaru:Persuade","shameimaru:OutburstingGust","shameimaru:InstantShotJournalist","shameimaru:DashingDomination+1","shameimaru:Preparation","shameimaru:Imitation","shameimaru:AirSlash","shameimaru:MountainProcession","shameimaru:DashingDomination+1","shameimaru:Preparation+1","shameimaru:IllusoryDominance+1","CurseOfTheBell","shameimaru:AirSlash","shameimaru:HighlightReel+1","shameimaru:Duality","shameimaru:GaleBullet+1","shameimaru:Tailwind","shameimaru:EvasiveManeuver+1","shameimaru:HurricaneOfFreedom+1","shameimaru:WidespreadPropaganda","shameimaru:AdverseWind","shameimaru:AirSlash+1","shameimaru:CherishingBreeze+1","StuffTheSpire:BrainWave"],"relics":["shameimaru:blackbirdfeather","REME_ComplimentaryCards","LugNut","infinitespire:EmpoweringShard","StuffTheSpire:Experiment12","hubris:MedicalManual","hubris:MobiusCoin","Sandwich","Nloth\u0027s Gift","trackpad:AdjectivePendant","reliquary:RoseTintedGlasses","trackpad:Compendium","Calling Bell","qcfpunch:Not_Strongest_Fighting_Style_Guidebook","reliquary:NewFriend","halation:SwordOfLegend","hubris:Towel","Prayer Wheel","RollingBoulder","infinitespire:Midas Blood","aspiration:VileToxins"],"acts_visited":["Exordium","TheCity","TheBeyond"],"potions_floor_usage":[6,33],"damage_taken":[{"damage":1,"enemies":"Cultist","floor":1,"turns":4},{"damage":1,"enemies":"Jaw Worm","floor":2,"turns":4},{"damage":10,"enemies":"conspire:MimicChest","floor":3,"turns":6},{"damage":0,"enemies":"2 Louse","floor":4,"turns":3},{"damage":5,"enemies":"Looter","floor":5,"turns":3},{"damage":10,"enemies":"Lagavulin","floor":6,"turns":7},{"damage":7,"enemies":"Blue Slaver","floor":7,"turns":5},{"damage":0,"enemies":"Replay:BlueRogue","floor":8,"turns":8},{"damage":7,"enemies":"conspire:2 RoseBushes","floor":10,"turns":7},{"damage":0,"enemies":"Slime Boss","floor":16,"turns":4},{"damage":0,"enemies":"Shell Parasite","floor":18,"turns":2},{"damage":0,"enemies":"Spheric Guardian","floor":19,"turns":1},{"damage":8,"enemies":"REME_1_Revenger","floor":23,"turns":3},{"damage":0,"enemies":"Centurion and Healer","floor":25,"turns":4},{"damage":0,"enemies":"Chosen and Byrds","floor":27,"turns":2},{"damage":4,"enemies":"Replay:Snechameleon","floor":28,"turns":2},{"damage":0,"enemies":"Shelled Parasite and Fungi","floor":30,"turns":2},{"damage":0,"enemies":"Sentry and Sphere","floor":31,"turns":3},{"damage":0,"enemies":"bossMod:newChamp","floor":33,"turns":5},{"damage":3,"enemies":"Orb Walker","floor":35,"turns":2},{"damage":0,"enemies":"3 Darklings","floor":36,"turns":3},{"damage":0,"enemies":"Transient","floor":39,"turns":5},{"damage":0,"enemies":"Nemesis","floor":40,"turns":1},{"damage":5,"enemies":"4 Shapes","floor":42,"turns":2},{"damage":0,"enemies":"Writhing Mass","floor":47,"turns":2},{"damage":0,"enemies":"Replay:Hell Engine","floor":50,"turns":2}],"seed_played":"-5011245581465606142","potions_obtained":[{"floor":1,"key":"BlessingOfTheForge"},{"floor":2,"key":"Reflective Coating"},{"floor":7,"key":"Adrenaline Potion"},{"floor":10,"key":"Explosive Potion"},{"floor":12,"key":"Regen Potion"},{"floor":27,"key":"ColorlessPotion"},{"floor":33,"key":"EssenceOfSteel"}],"is_trial":false,"path_per_floor":["M","M","?","M","M","E","M","E","T","M","?","?","R","$","R_BF","B",null,"M","M","$","?","?","E","R","M","T","M","E","$","M","M","R","B",null,"M","M","?","?","M","E","R","M","T","AVR","R","$","M","?","R_BF","B",null],"character_chosen":"AYA","items_purchased":["hubris:MobiusCoin","shameimaru:Persuade","shameimaru:Preparation","shameimaru:WidespreadPropaganda","shameimaru:AdverseWind"],"campfire_rested":0,"item_purchase_floors":[14,14,20,46,46],"current_hp_per_floor":[87,86,76,76,71,61,54,54,54,47,47,12,12,12,12,12,88,88,88,88,88,88,80,80,80,80,80,76,76,76,76,76,76,88,85,85,85,85,85,85,88,83,83,83,86,86,86,80,80,80],"gold":725,"neow_bonus":"TEN_PERCENT_HP_BONUS","is_daily":false,"chose_seed":false,"campfire_upgraded":5,"win_rate":0.0,"timestamp":1614310765,"path_taken":["M","?","?","M","?","E","M","E","T","?","?","?","R","?","R_BF","BOSS","M","M","?","?","?","E","R","M","T","M","E","$","M","?","R","BOSS","M","M","?","?","M","E","R","M","T","AVR","R","$","M","?","R_BF","BOSS"],"items_purchased_type":["Relic","Card","Card","Card","Card"],"build_version":"2020-12-22","purchased_purges":1,"victory":true,"max_hp_per_floor":[88,88,88,88,88,88,88,88,88,88,88,88,88,88,88,88,88,88,88,88,88,88,88,88,88,88,88,88,88,88,88,88,88,88,88,88,88,88,88,88,88,88,88,88,88,88,88,80,80,80],"relic_stats":{"counters":[26,92],"Prayer Wheel":6,"Nloth\u0027s Gift":10,"obtain_stats":[{"aspiration:VileToxins":44,"hubris:MobiusCoin":14,"shameimaru:blackbirdfeather":0,"qcfpunch:Not_Strongest_Fighting_Style_Guidebook":34,"hubris:MedicalManual":10,"EVO:Axolotl":0,"hubris:Towel":38,"reliquary:FerryPass":9,"Sandwich":17,"Calling Bell":34,"Frozen Eye":5,"StuffTheSpire:Experiment12":8,"halation:SwordOfLegend":34,"reliquary:NewFriend":34,"Prayer Wheel":39,"RollingBoulder":40,"reliquary:RoseTintedGlasses":26,"trackpad:Compendium":28,"infinitespire:EmpoweringShard":6,"Nloth\u0027s Gift":22,"trackpad:AdjectivePendant":23,"LugNut":3,"REME_ComplimentaryCards":0,"infinitespire:Midas Blood":43},{"aspiration:VileToxins":24,"hubris:MobiusCoin":9,"shameimaru:blackbirdfeather":0,"qcfpunch:Not_Strongest_Fighting_Style_Guidebook":19,"hubris:MedicalManual":9,"EVO:Axolotl":0,"hubris:Towel":21,"reliquary:FerryPass":8,"Sandwich":10,"Calling Bell":19,"Frozen Eye":5,"StuffTheSpire:Experiment12":8,"halation:SwordOfLegend":19,"reliquary:NewFriend":19,"Prayer Wheel":22,"RollingBoulder":23,"reliquary:RoseTintedGlasses":14,"trackpad:Compendium":16,"infinitespire:EmpoweringShard":6,"Nloth\u0027s Gift":12,"trackpad:AdjectivePendant":13,"LugNut":3,"REME_ComplimentaryCards":0,"infinitespire:Midas Blood":24},{"aspiration:VileToxins":88,"hubris:MobiusCoin":47,"shameimaru:blackbirdfeather":0,"qcfpunch:Not_Strongest_Fighting_Style_Guidebook":75,"hubris:MedicalManual":47,"EVO:Axolotl":0,"hubris:Towel":80,"reliquary:FerryPass":40,"Sandwich":51,"Calling Bell":75,"Frozen Eye":18,"StuffTheSpire:Experiment12":40,"halation:SwordOfLegend":75,"reliquary:NewFriend":75,"Prayer Wheel":82,"RollingBoulder":86,"reliquary:RoseTintedGlasses":61,"trackpad:Compendium":65,"infinitespire:EmpoweringShard":27,"Nloth\u0027s Gift":54,"trackpad:AdjectivePendant":57,"LugNut":14,"REME_ComplimentaryCards":0,"infinitespire:Midas Blood":88}]},"card_choices":[{"not_picked":["shameimaru:DoctoredImage","shameimaru:DashingGrace"],"picked":"shameimaru:SuddenOutburst","floor":1},{"not_picked":["shameimaru:Persuade","shameimaru:Telescoping"],"picked":"shameimaru:Imitation","floor":2},{"not_picked":["shameimaru:AirSlash","shameimaru:Photocopier"],"picked":"shameimaru:HighlightReel","floor":3},{"not_picked":["shameimaru:Persuade","shameimaru:CandidShot"],"picked":"shameimaru:Telescoping","floor":4},{"not_picked":["shameimaru:FranticSearch","shameimaru:PhotoAlbum"],"picked":"shameimaru:Imitation","floor":5},{"not_picked":["shameimaru:AirCutter","shameimaru:PeerlessWind"],"picked":"shameimaru:WhispersOfTheWind","floor":6},{"not_picked":["shameimaru:SuddenOutburst","shameimaru:Persuade"],"picked":"shameimaru:DoctoredImage","floor":7},{"not_picked":["shameimaru:BlindingSpeed","shameimaru:HurricaneOfFreedom"],"picked":"shameimaru:QuickReporting","floor":8},{"not_picked":["shameimaru:DashingDomination","shameimaru:BlindingSpeed"],"picked":"shameimaru:DoctoredImage","floor":10},{"not_picked":["shameimaru:WidespreadPropaganda","shameimaru:ReporterInstinct"],"picked":"shameimaru:CherishingBreeze","floor":12},{"not_picked":["shameimaru:OverclockedCamera","shameimaru:DeadlineDay"],"picked":"shameimaru:OutburstingGust","floor":16},{"not_picked":["shameimaru:BlindingSpeed","shameimaru:Galeforce"],"picked":"shameimaru:InstantShotJournalist","floor":18},{"not_picked":["shameimaru:AdverseWind","shameimaru:AirCutter"],"picked":"shameimaru:DashingDomination+1","floor":19},{"not_picked":["shameimaru:LoadedStatement+1","shameimaru:SuddenOutburst+1"],"picked":"shameimaru:Imitation","floor":23},{"not_picked":["shameimaru:CandidShot","shameimaru:LoadedStatement"],"picked":"shameimaru:AirSlash","floor":25},{"not_picked":["shameimaru:DoctoredImage","shameimaru:SuddenOutburst"],"picked":"shameimaru:MountainProcession","floor":27},{"not_picked":["shameimaru:Photoshoot","shameimaru:PeerlessWind+1"],"picked":"shameimaru:DashingDomination+1","floor":28},{"not_picked":["shameimaru:FlutteringFeyFan","shameimaru:BlindingSpeed","shameimaru:OverclockedCamera"],"picked":"SKIP","floor":30},{"not_picked":["shameimaru:Imitation","shameimaru:QuickReporting+1"],"picked":"shameimaru:Preparation","floor":31},{"not_picked":["shameimaru:BunbunmaruNewspaper","shameimaru:DeadlineDay"],"picked":"shameimaru:IllusoryDominance","floor":33},{"not_picked":["shameimaru:CandidShot","shameimaru:Telescoping"],"picked":"shameimaru:AirSlash","floor":35},{"not_picked":["shameimaru:DoctoredImage+1","shameimaru:Galeforce+1"],"picked":"shameimaru:HighlightReel+1","floor":36},{"not_picked":["shameimaru:LoadedStatement+1","shameimaru:DashingDomination"],"picked":"shameimaru:Duality","floor":39},{"not_picked":["shameimaru:GustFan","shameimaru:Photoshoot"],"picked":"shameimaru:GaleBullet+1","floor":39},{"not_picked":["shameimaru:GaleBlade","shameimaru:CoerciveReport+1"],"picked":"shameimaru:Tailwind","floor":40},{"not_picked":["shameimaru:PeerlessWind","shameimaru:Plagiarism"],"picked":"shameimaru:EvasiveManeuver+1","floor":42},{"not_picked":["shameimaru:PeerlessWind","shameimaru:Foresight+1"],"picked":"shameimaru:HurricaneOfFreedom+1","floor":42},{"not_picked":["shameimaru:HurricaneOfFreedom+1","shameimaru:SkywardSonnet"],"picked":"shameimaru:AirSlash+1","floor":47},{"not_picked":["shameimaru:DashingGrace","shameimaru:InstantShotJournalist+1"],"picked":"shameimaru:CherishingBreeze+1","floor":47}],"player_experience":426618,"relics_obtained":[{"floor":3,"key":"LugNut"},{"floor":6,"key":"infinitespire:EmpoweringShard"},{"floor":8,"key":"StuffTheSpire:Experiment12"},{"floor":9,"key":"reliquary:FerryPass"},{"floor":10,"key":"hubris:MedicalManual"},{"floor":23,"key":"trackpad:AdjectivePendant"},{"floor":26,"key":"reliquary:RoseTintedGlasses"},{"floor":28,"key":"trackpad:Compendium"},{"floor":34,"key":"qcfpunch:Not_Strongest_Fighting_Style_Guidebook"},{"floor":34,"key":"reliquary:NewFriend"},{"floor":34,"key":"halation:SwordOfLegend"},{"floor":40,"key":"RollingBoulder"},{"floor":43,"key":"infinitespire:Midas Blood"}],"event_choices":[{"cards_removed":["shameimaru:Strike"],"damage_healed":0,"gold_gain":0,"player_choice":"Forget","damage_taken":0,"max_hp_gain":0,"max_hp_loss":0,"event_name":"Living Wall","floor":11,"gold_loss":0},{"damage_healed":0,"gold_gain":0,"player_choice":"Traded Relic","damage_taken":0,"relics_obtained":["Nloth\u0027s Gift"],"max_hp_gain":0,"max_hp_loss":0,"event_name":"N\u0027loth","floor":22,"relics_lost":["EVO:Axolotl"],"gold_loss":0}],"is_beta":false,"boss_relics":[{"not_picked":["Ring of Chaos","StuffTheSpire:ModemDavis"],"picked":"Sandwich"},{"not_picked":["hubris:CrackedHourglass","aspiration:SecretTechniqueScroll"],"picked":"Calling Bell"}],"items_purged_floors":[46],"is_endless":false,"potions_floor_spawned":[1,2,7,10,16,18,27,31,33,35,40,42],"ascension_level":0}}