{"host":"dr8zw64a6ikw4f73","time":1614351649,"event":{"mods":["AchievementEnabler","BaseMod","Colored Map","DeckTracker","Minty Spire (QoL Compilation)","StSLib","SuperFastMode"],"gold_per_floor":[115,115,126,126,51,65,65,85,85,85,96,96,96,108,108,205,205,217,228,228,40,40,40,75,75,75,93,93,93],"floor_reached":28,"language":"KOR","playtime":1357,"items_purged":["Regret"],"score":390,"play_id":"f0df49f0-371f-4f7a-b8e9-38c02405b1a1","local_time":"20210227000049","is_ascension_mode":true,"campfire_choices":[{"data":"Shockwave","floor":7.0,"key":"SMITH"},{"floor":10.0,"key":"REST"},{"floor":13.0,"key":"REST"},{"data":"Hemokinesis","floor":15.0,"key":"SMITH"},{"floor":23,"key":"REST"}],"circlet_count":0,"master_deck":["AscendersBane","Strike_R","Strike_R","Strike_R","Strike_R","Defend_R","Defend_R","Defend_R","Defend_R","Bash","Bloodletting","Burning Pact+1","Shockwave+1","Hemokinesis+1","Blood for Blood","Shrug It Off","Feed","Whirlwind","Pummel+1","Apotheosis","Shame","True Grit+1","Dropkick+1"],"relics":["Burning Blood","HornCleat","Letter Opener","Philosopher\u0027s Stone","Molten Egg 2","Tiny Chest","War Paint","Ornamental Fan"],"acts_visited":["Exordium","TheCity"],"potions_floor_usage":[19],"damage_taken":[{"damage":4.0,"enemies":"Small Slimes","floor":1.0,"turns":4.0},{"damage":5.0,"enemies":"Jaw Worm","floor":3.0,"turns":3.0},{"damage":0.0,"enemies":"Cultist","floor":6.0,"turns":4.0},{"damage":32.0,"enemies":"Exordium Thugs","floor":8.0,"turns":6.0},{"damage":30.0,"enemies":"Large Slime","floor":11.0,"turns":7.0},{"damage":8.0,"enemies":"Blue Slaver","floor":14.0,"turns":3.0},{"damage":50.0,"enemies":"Hexaghost","floor":16.0,"turns":7.0},{"damage":17.0,"enemies":"3 Byrds","floor":18.0,"turns":6.0},{"damage":16,"enemies":"Chosen","floor":19,"turns":3},{"damage":41,"enemies":"Slavers","floor":24,"turns":5},{"damage":39,"enemies":"Shelled Parasite and Fungi","floor":27,"turns":5},{"damage":13,"enemies":"Cultist and Chosen","floor":28,"turns":4}],"seed_played":"5780442946549072353","potions_obtained":[{"floor":3.0,"key":"EntropicBrew"},{"floor":14.0,"key":"BloodPotion"},{"floor":16.0,"key":"Strength Potion"},{"floor":27,"key":"Weak Potion"}],"is_trial":false,"path_per_floor":["M","?","M","?","$","M","R","M","T","R","M","$","R","M","R","B",null,"M","M","?","$","?","R","E","T","T","M","M"],"character_chosen":"IRONCLAD","items_purchased":["Apotheosis"],"campfire_rested":3,"item_purchase_floors":[21],"current_hp_per_floor":[69,62,63,63,63,69,69,43,43,71,47,47,75,73,73,48,84,73,63,44,44,44,74,42,42,42,9,0,0],"gold":93,"neow_bonus":"TWENTY_PERCENT_HP_BONUS","is_daily":false,"chose_seed":false,"campfire_upgraded":2,"win_rate":0.0,"timestamp":1614351649,"path_taken":["M","?","M","?","?","M","R","M","T","R","M","$","R","M","R","BOSS","M","M","?","$","?","R","E","?","T","M","?"],"items_purchased_type":["Card"],"build_version":"2020-12-22","purchased_purges":1,"victory":false,"max_hp_per_floor":[96,96,96,96,96,96,96,96,96,96,96,96,96,96,96,96,96,96,96,101,101,101,101,104,104,104,104,104,104],"card_choices":[{"not_picked":["Clash","Iron Wave"],"picked":"Bloodletting","floor":1.0},{"not_picked":["Havoc","Shrug It Off"],"picked":"Burning Pact","floor":3.0},{"not_picked":["Inflame","Wild Strike"],"picked":"Shockwave","floor":6.0},{"not_picked":["Iron Wave","Carnage"],"picked":"Hemokinesis","floor":8.0},{"not_picked":["Clothesline","Sever Soul"],"picked":"Blood for Blood","floor":11.0},{"not_picked":["Entrench","Twin Strike"],"picked":"Shrug It Off","floor":14.0},{"not_picked":["Fiend Fire","Double Tap"],"picked":"Feed","floor":16.0},{"not_picked":["Fire Breathing","Anger"],"picked":"Whirlwind","floor":18.0},{"not_picked":["Wild Strike","Body Slam"],"picked":"Pummel+1","floor":19},{"not_picked":["Entrench","Clothesline+1"],"picked":"True Grit","floor":24},{"not_picked":["Pommel Strike+1","True Grit"],"picked":"Dropkick+1","floor":27}],"player_experience":135061,"relics_obtained":[{"floor":9.0,"key":"Letter Opener"},{"floor":24,"key":"Tiny Chest"},{"floor":25,"key":"War Paint"},{"floor":26,"key":"Ornamental Fan"}],"event_choices":[{"cards_removed":["Strike_R"],"damage_healed":0.0,"max_hp_gain":0.0,"max_hp_loss":0.0,"gold_gain":0.0,"event_name":"Golden Wing","player_choice":"Card Removal","floor":2.0,"gold_loss":0.0,"damage_taken":7.0},{"damage_healed":0.0,"max_hp_gain":0.0,"max_hp_loss":0.0,"gold_gain":0.0,"event_name":"Big Fish","player_choice":"Box","floor":4.0,"gold_loss":0.0,"damage_taken":0.0,"relics_obtained":["HornCleat"],"cards_obtained":["Regret"]},{"damage_healed":0,"gold_gain":0,"player_choice":"Shed Blood","damage_taken":24,"max_hp_gain":5,"max_hp_loss":0,"event_name":"Forgotten Altar","floor":20,"gold_loss":0},{"damage_healed":0,"gold_gain":0,"player_choice":"Stole Relic","damage_taken":0,"relics_obtained":["Molten Egg 2"],"max_hp_gain":0,"max_hp_loss":0,"event_name":"Addict","floor":22,"gold_loss":0,"cards_obtained":["Shame"]}],"is_beta":false,"boss_relics":[{"not_picked":["Tiny House","Fusion Hammer"],"picked":"Philosopher\u0027s Stone"}],"items_purged_floors":[5],"is_endless":false,"potions_floor_spawned":[3,14,16,27],"killed_by":"Cultist and Chosen","ascension_level":12}}