{"host":"njruw0b0uprlitpx","time":1614311535,"event":{"mods":["2.2 Compatiblity","Bartender","BaseMod","Better Altar","Better Match","Better Note","Better Sensory Stone","Better Skull","Better Third Choice","BetterRewards","Block Reminder","Colored Map","Colored Powertips","Curses Come First","Energized Spire","Jedi Mod","Keyboard Shortcuts","Minty Spire (QoL Compilation)","Quick Restart","Rare Cards Sparkle","Relic Stats","Replay The Spire","SacredBarkPlus","Spicy Shops","StSLib","SuperFastMode","The Blackbeard","The Mystic"],"gold_per_floor":[115,40,40,40,56,56,99,99,99,99,134,147,147,168,168,299,299,319,60,60,60,11,50,50,81,81,104,104,127,142,186,186,317,317,342,41,95,95,171,242,242,321,321,369,369,369,3,51,51,131],"floor_reached":51,"language":"ENG","playtime":2811,"items_purged":["Shame"],"score":1030,"play_id":"6c408d4d-be0f-4df7-a6bc-515247a942b7","local_time":"20210225215215","daily_mods":["SealedDeck","Vintage","Lethality"],"is_ascension_mode":true,"campfire_choices":[{"data":"Raptor_Form","floor":6,"key":"SMITH"},{"data":"Momentum","floor":8,"key":"SMITH"},{"data":"Dolphin_Blow","floor":15,"key":"SMITH"},{"data":"Beat_Rush","floor":24,"key":"SMITH"},{"data":"Power_Up_Punch","floor":32,"key":"SMITH"},{"data":"Cold_Blooded","floor":41,"key":"SMITH"},{"data":"1","floor":46,"key":"LIFT"},{"data":"2","floor":49,"key":"LIFT"}],"circlet_count":0,"master_deck":["Cross","Waterkick+1","Stick_and_Move","Power_Up_Punch+1","Wall_of_Ice","Ball_Of_Ice+1","Momentum+1","Raptor_Form+1","Alacrity+1","Injury","Stick_and_Move","Rising_Crane","Hook","Moonsault_Kick","Sucker_Punch","Beat_Rush+1","Dolphin_Blow+1","Windup+1","Ripple+1","Ripple+1","Scowl+1","Wall_of_Ice+1","Axe_Heel_Kick","Moonsault_Kick","Rope_A_Dope","Sucker_Punch+1","Cold_Blooded+1","Momentum","Alacrity+1","Alacrity+1"],"relics":["Sneakers","Toxic Egg 2","DollysMirror","Golden Idol","Replay:Rubber Ducky","Cleaning_Rag","Orrery","Divine Protection","Meat on the Bone","Strawberry","MealTicket","Silver_Glasses","Mirror","ReplayTheSpireMod:Ninjato","jedi:shrinkray","Omamori","PreservedInsect","Peace Pipe","Bag of Preparation","ReplayFunnel","jedi:archwizardhat","Blue Doll","Ginger","ChewingGum","StrikeDummy","Replay:Bandana","Protect_Vest","Letter Opener","Bottled Lightning","War Paint","Girya","Darkstone Periapt","Toy Ornithopter","Du-Vu Doll","Blood Vial"],"acts_visited":["Exordium","TheCity","TheBeyond"],"potions_floor_usage":[16,16,16,23,23,25,33,40,44,50],"damage_taken":[{"damage":4,"enemies":"2 Louse","floor":1,"turns":2},{"damage":3,"enemies":"Small Slimes","floor":5,"turns":2},{"damage":0,"enemies":"Lagavulin","floor":11,"turns":3},{"damage":0,"enemies":"Jaw Worm","floor":12,"turns":2},{"damage":0,"enemies":"2 Fungi Beasts","floor":14,"turns":2},{"damage":6,"enemies":"Hexaghost","floor":16,"turns":4},{"damage":0,"enemies":"Shell Parasite","floor":18,"turns":2},{"damage":0,"enemies":"Book of Stabbing","floor":23,"turns":2},{"damage":13,"enemies":"Slavers","floor":25,"turns":3},{"damage":0,"enemies":"2 Thieves","floor":27,"turns":2},{"damage":0,"enemies":"Snecko","floor":29,"turns":3},{"damage":0,"enemies":"Sentry and Sphere","floor":30,"turns":2},{"damage":0,"enemies":"Gremlin Leader","floor":31,"turns":2},{"damage":0,"enemies":"Champ","floor":33,"turns":4},{"damage":0,"enemies":"3 Darklings","floor":35,"turns":2},{"damage":0,"enemies":"3 Shapes","floor":37,"turns":2},{"damage":0,"enemies":"3 Darklings","floor":39,"turns":2},{"damage":0,"enemies":"Reptomancer","floor":40,"turns":1},{"damage":0,"enemies":"Giant Head","floor":42,"turns":1},{"damage":0,"enemies":"4 Shapes","floor":44,"turns":2},{"damage":0,"enemies":"Writhing Mass","floor":48,"turns":1},{"damage":16,"enemies":"Awakened One","floor":50,"turns":4}],"seed_played":"2667923751532063431","potions_obtained":[{"floor":1,"key":"CultistPotion"},{"floor":5,"key":"Venom Potion"},{"floor":12,"key":"EssenceOfSteel"},{"floor":18,"key":"Dexterity Potion"},{"floor":23,"key":"Strength Potion"},{"floor":30,"key":"AttackPotion"},{"floor":31,"key":"Swift Potion"},{"floor":40,"key":"jedi:hoardpotion"},{"floor":42,"key":"Reflective Coating"},{"floor":48,"key":"LiquidMemories"}],"is_trial":true,"path_per_floor":["M","$","?","?","M","R","$","R","T","?","E","M","?","M","R","B",null,"M","$","?","?","$","E","R","E","T","M","?","M","M","E","R","B",null,"M","$","M","?","M","E","R","E","T","M","?","R","$","M","R","B",null],"character_chosen":"BARTENDER","items_purchased":["DollysMirror","Orrery","ReplayTheSpireMod:Ninjato","jedi:shrinkray","Ripple+1","PowerPotion","Replay:Bandana","Protect_Vest","Momentum","Alacrity+1","Du-Vu Doll","Fire Potion"],"campfire_rested":0,"item_purchase_floors":[2,7,19,19,19,22,36,36,47,47,47,47],"current_hp_per_floor":[66,66,66,59,56,56,56,56,56,56,56,63,63,63,63,57,77,77,77,77,77,77,77,77,64,64,64,64,64,64,64,64,64,77,77,77,77,77,77,77,77,77,77,77,77,77,77,77,77,61],"gold":131,"neow_bonus":"","is_daily":false,"chose_seed":false,"campfire_upgraded":6,"win_rate":0.0,"timestamp":1614311535,"path_taken":["M","$","?","?","M","R","$","R","T","?","E","?","?","M","R","BOSS","M","$","?","?","?","E","R","E","T","?","?","M","?","E","R","BOSS","M","$","M","?","M","E","R","E","T","M","?","R","$","M","R","BOSS"],"items_purchased_type":["Relic","Relic","Relic","Relic","Card","Potion","Relic","Relic","Card","Card","Relic","Potion"],"build_version":"2020-12-22","purchased_purges":1,"victory":true,"max_hp_per_floor":[70,70,70,70,70,70,70,70,70,70,70,77,77,77,77,77,77,77,77,77,77,77,77,77,77,77,77,77,77,77,77,77,77,77,77,77,77,77,77,77,77,77,77,77,77,77,77,77,77,77],"relic_stats":{"Darkstone Periapt":0,"counters":[22,50],"Golden Idol":169,"PreservedInsect":268,"Bag of Preparation":[26],"Ginger":[0],"Letter Opener":[82],"War Paint":["Ball_Of_Ice","Ripple"],"Peace Pipe":0,"Blood Vial":0,"MealTicket":0,"obtain_stats":[{"ReplayFunnel":27,"Darkstone Periapt":43,"Divine Protection":9,"Blue Doll":30,"Bag of Preparation":26,"Ginger":31,"jedi:archwizardhat":29,"Replay:Rubber Ducky":4,"Cleaning_Rag":5,"Silver_Glasses":17,"jedi:shrinkray":19,"Blood Vial":48,"Replay:Bandana":36,"DollysMirror":2,"Strawberry":12,"MealTicket":14,"Toxic Egg 2":1,"Girya":42,"Sneakers":0,"ReplayTheSpireMod:Ninjato":19,"Golden Idol":3,"PreservedInsect":23,"Omamori":21,"Protect_Vest":36,"Letter Opener":37,"War Paint":40,"Peace Pipe":25,"Du-Vu Doll":47,"Orrery":7,"ChewingGum":34,"Bottled Lightning":39,"Mirror":18,"StrikeDummy":35,"Toy Ornithopter":44,"Meat on the Bone":11},{"ReplayFunnel":10,"Darkstone Periapt":19,"Divine Protection":2,"Blue Doll":12,"Bag of Preparation":9,"Ginger":13,"jedi:archwizardhat":11,"Replay:Rubber Ducky":1,"Cleaning_Rag":2,"Silver_Glasses":6,"jedi:shrinkray":7,"Blood Vial":21,"Replay:Bandana":15,"DollysMirror":1,"Strawberry":4,"MealTicket":5,"Toxic Egg 2":1,"Girya":19,"Sneakers":0,"ReplayTheSpireMod:Ninjato":7,"Golden Idol":1,"PreservedInsect":8,"Omamori":7,"Protect_Vest":15,"Letter Opener":16,"War Paint":18,"Peace Pipe":9,"Du-Vu Doll":20,"Orrery":2,"ChewingGum":14,"Bottled Lightning":17,"Mirror":7,"StrikeDummy":15,"Toy Ornithopter":20,"Meat on the Bone":3},{"ReplayFunnel":24,"Darkstone Periapt":43,"Divine Protection":4,"Blue Doll":29,"Bag of Preparation":22,"Ginger":31,"jedi:archwizardhat":27,"Replay:Rubber Ducky":2,"Cleaning_Rag":4,"Silver_Glasses":15,"jedi:shrinkray":17,"Blood Vial":46,"Replay:Bandana":37,"DollysMirror":2,"Strawberry":9,"MealTicket":11,"Toxic Egg 2":2,"Girya":43,"Sneakers":0,"ReplayTheSpireMod:Ninjato":17,"Golden Idol":2,"PreservedInsect":19,"Omamori":17,"Protect_Vest":37,"Letter Opener":39,"War Paint":42,"Peace Pipe":22,"Du-Vu Doll":45,"Orrery":4,"ChewingGum":35,"Bottled Lightning":41,"Mirror":17,"StrikeDummy":37,"Toy Ornithopter":45,"Meat on the Bone":7}],"Toy Ornithopter":0,"Meat on the Bone":0},"card_choices":[{"not_picked":["Dancing_Jab","On_The_Rocks+1"],"picked":"Stick_and_Move","floor":7},{"not_picked":["With_A_Twist+1","Feint+1"],"picked":"Rising_Crane","floor":7},{"not_picked":["Torment+1","Press_Forward+1"],"picked":"Hook","floor":7},{"not_picked":["Step_Of_The_Wind+1","RockBreaker"],"picked":"Moonsault_Kick","floor":7},{"not_picked":["Dragonkick","Meditate+1"],"picked":"Sucker_Punch","floor":7},{"not_picked":["Center_Self+1","On_The_Rocks+1"],"picked":"Beat_Rush","floor":11},{"not_picked":["Butterfly_Float+1","Storage"],"picked":"Windup+1","floor":16},{"not_picked":["Feint+1","Foot_Thrust"],"picked":"Scowl+1","floor":23},{"not_picked":["Pony_Shot","Feint+1"],"picked":"Wall_of_Ice+1","floor":25},{"not_picked":["Hook+1","Vortex"],"picked":"Axe_Heel_Kick","floor":31},{"not_picked":["Patience","Liquid_Armor"],"picked":"Moonsault_Kick","floor":33},{"not_picked":["Rope_A_Dope+1","Feint+1","Bitters+1"],"picked":"SKIP","floor":42}],"player_experience":1397268,"relics_obtained":[{"floor":1,"key":"Toxic Egg 2"},{"floor":5,"key":"Cleaning_Rag"},{"floor":9,"key":"Divine Protection"},{"floor":11,"key":"Meat on the Bone"},{"floor":12,"key":"Strawberry"},{"floor":14,"key":"MealTicket"},{"floor":18,"key":"Mirror"},{"floor":23,"key":"PreservedInsect"},{"floor":25,"key":"Peace Pipe"},{"floor":26,"key":"Bag of Preparation"},{"floor":27,"key":"ReplayFunnel"},{"floor":29,"key":"jedi:archwizardhat"},{"floor":30,"key":"Blue Doll"},{"floor":31,"key":"Ginger"},{"floor":35,"key":"StrikeDummy"},{"floor":37,"key":"Letter Opener"},{"floor":39,"key":"Bottled Lightning"},{"floor":40,"key":"War Paint"},{"floor":42,"key":"Girya"},{"floor":43,"key":"Darkstone Periapt"},{"floor":44,"key":"Toy Ornithopter"},{"floor":48,"key":"Blood Vial"}],"event_choices":[{"damage_healed":0,"gold_gain":0,"player_choice":"Take Wound","damage_taken":0,"relics_obtained":["Golden Idol"],"max_hp_gain":0,"max_hp_loss":0,"event_name":"Golden Idol","floor":3,"gold_loss":0,"cards_obtained":["Injury"]},{"damage_healed":0,"gold_gain":0,"player_choice":"Relic ","damage_taken":7,"max_hp_gain":0,"max_hp_loss":0,"event_name":"betterThird:BetterScrap","floor":4,"gold_loss":0,"cards_obtained":["Leg Sweep"]},{"cards_removed":["Moonsault_Kick"],"damage_healed":0,"gold_gain":0,"player_choice":"Give","damage_taken":0,"max_hp_gain":0,"max_hp_loss":0,"event_name":"betterNote:BetterNote","floor":10,"gold_loss":0,"cards_obtained":["None"]},{"damage_healed":0,"gold_gain":0,"cards_transformed":["Alacrity"],"player_choice":"Transformed","damage_taken":0,"max_hp_gain":0,"max_hp_loss":0,"event_name":"Transmorgrifier","floor":13,"gold_loss":0,"cards_obtained":["Dolphin_Blow"]},{"damage_healed":0,"gold_gain":0,"player_choice":"Stole Relic","damage_taken":0,"relics_obtained":["Omamori"],"max_hp_gain":0,"max_hp_loss":0,"event_name":"Addict","floor":21,"gold_loss":0,"cards_obtained":["Shame"]},{"damage_healed":0,"gold_gain":0,"player_choice":"Upgraded","damage_taken":0,"max_hp_gain":0,"max_hp_loss":0,"event_name":"Upgrade Shrine","floor":28,"gold_loss":0,"cards_upgraded":["Waterkick"]},{"damage_healed":0,"gold_gain":0,"player_choice":"Ignored","damage_taken":0,"max_hp_gain":0,"max_hp_loss":0,"event_name":"Tomb of Lord Red Mask","floor":38,"gold_loss":0},{"cards_removed":["Ripple"],"damage_healed":0,"gold_gain":0,"player_choice":"Removed Skill","damage_taken":0,"max_hp_gain":0,"max_hp_loss":0,"event_name":"Falling","floor":45,"gold_loss":0}],"is_beta":false,"boss_relics":[{"not_picked":["jedi:paperlyon","Snecko Heart"],"picked":"Silver_Glasses"},{"not_picked":["Kintsugi","SlaversCollar"],"picked":"ChewingGum"}],"items_purged_floors":[47],"is_endless":false,"potions_floor_spawned":[1,5,12,18,23,30,31,40,42,48],"ascension_level":1}}