{"host":"ls9famm0cjqbttri","time":1614313955,"event":{"mods":["AchievementEnabler","Act Like it!","BaseMod","Hermit","Minty Spire (QoL Compilation)","Quick Restart","Relic Stats","Robot Space Explorer","Ruina","StSLib","The Animator","The Death Knight","The Marked","????"],"gold_per_floor":[413,425,425,310,328,362,362,362,362],"floor_reached":8,"language":"ENG","playtime":785,"items_purged":[],"score":112,"play_id":"da70342c-47fb-4738-8067-27f5926db1ca","local_time":"20210226053235","daily_mods":["SealedDeck","Heirloom","DeadlyEvents","Elite Swarm","Night Terrors"],"is_ascension_mode":true,"campfire_choices":[{"data":"DeathKnight:FrosPresence","floor":7,"key":"SMITH"}],"circlet_count":0,"master_deck":["AscendersBane","DeathKnight:BludPresence","DeathKnight:DarkSuccor","DeathKnight:DarkSuccor","DeathKnight:HowlingBlast","DeathKnight:Contagion","DeathKnight:Hysteria","DeathKnight:FrosPresence+1","DeathKnight:Pestilence","DeathKnight:IcyTouch","DeathKnight:Contagion","DeathKnight:IceboundArmor","Bandage Up","DeathKnight:IcyTouch"],"relics":["DeathKnight:BrokenRuneblade","Old Coin","Shovel"],"acts_visited":["Exordium"],"potions_floor_usage":[6,6],"damage_taken":[{"damage":7,"enemies":"Cultist","floor":1,"turns":5},{"damage":12,"enemies":"2 Louse","floor":2,"turns":3},{"damage":5,"enemies":"Jaw Worm","floor":5,"turns":5},{"damage":34,"enemies":"3 Sentries","floor":6,"turns":11},{"damage":22,"enemies":"Gremlin Nob","floor":8,"turns":3}],"seed_played":"-2728938247467168382","potions_obtained":[{"floor":2,"key":"Dexterity Potion"},{"floor":5,"key":"Swift Potion"}],"is_trial":true,"path_per_floor":["M","M","?","$","M","E","R","E"],"character_chosen":"DEATH_KNIGHT","items_purchased":["DeathKnight:IceboundArmor","Bandage Up"],"campfire_rested":0,"item_purchase_floors":[4,4],"current_hp_per_floor":[57,45,45,45,44,14,14,0,0],"gold":362,"neow_bonus":"","is_daily":false,"chose_seed":false,"campfire_upgraded":1,"win_rate":0.0,"timestamp":1614313955,"path_taken":["M","?","?","$","M","E","R","E"],"items_purchased_type":["Card","Card"],"build_version":"2020-12-22","purchased_purges":0,"victory":false,"max_hp_per_floor":[71,71,71,71,71,71,71,71,71],"relic_stats":{"Shovel":0,"counters":[5,27],"obtain_stats":[{"Shovel":6,"DeathKnight:BrokenRuneblade":0,"Old Coin":0},{"Shovel":4,"DeathKnight:BrokenRuneblade":0,"Old Coin":0},{"Shovel":24,"DeathKnight:BrokenRuneblade":0,"Old Coin":0}]},"card_choices":[{"not_picked":["DeathKnight:HornOfWinter","DeathKnight:BloodBoil","DeathKnight:RuneShock"],"picked":"SKIP","floor":1},{"not_picked":["DeathKnight:MutagenicPlague","DeathKnight:Razorice","DeathKnight:Pestilence"],"picked":"SKIP","floor":2},{"not_picked":["DeathKnight:Pestilence","DeathKnight:FoulBulwark"],"picked":"DeathKnight:IcyTouch","floor":5},{"not_picked":["DeathKnight:RunicDetonation","DeathKnight:Outbreak","DeathKnight:SindragosasBreath"],"picked":"SKIP","floor":6}],"player_experience":96512,"relics_obtained":[{"floor":6,"key":"Shovel"}],"event_choices":[{"damage_healed":0,"gold_gain":0,"player_choice":"Leave","damage_taken":0,"max_hp_gain":0,"max_hp_loss":0,"event_name":"The Cleric","floor":3,"gold_loss":0}],"is_beta":false,"boss_relics":[],"items_purged_floors":[],"is_endless":false,"potions_floor_spawned":[2,5],"killed_by":"Gremlin Nob","ascension_level":20}}