{"host":"v86vpwf004p2esb7","time":1614324394,"event":{"mods":["AchievementEnabler","BaseMod","BetterRewards","Colored Powertips","Minty Spire (QoL Compilation)","Quick Restart","StSLib","Transform Curses"],"gold_per_floor":[119,294,309,17,30,30,63,79,103,103,114,114,147,147,147,225,225,238,256,28,45,10,36,106,133,158,73,101,101,122,161,161,246,246,268,287,297,30,64,64,64],"floor_reached":40,"language":"ENG","playtime":2048,"items_purged":["Doubt"],"score":1055,"play_id":"3e60c594-4387-463b-8750-3505042105b0","local_time":"20210225232634","is_ascension_mode":true,"campfire_choices":[{"floor":6.0,"key":"REST"},{"data":"After Image","floor":10.0,"key":"SMITH"},{"data":"Cloak And Dagger","floor":12.0,"key":"SMITH"},{"data":"Mayhem","floor":15.0,"key":"SMITH"},{"floor":29,"key":"REST"},{"floor":32,"key":"REST"}],"circlet_count":0,"master_deck":["AscendersBane","Strike_G","Strike_G","Defend_G","Defend_G+1","Defend_G","Defend_G","Defend_G","Survivor","Neutralize","After Image+1","Escape Plan","Accuracy","Cloak And Dagger+1","Mayhem+1","Blade Dance+1","Poisoned Stab","Blur","Backflip","Outmaneuver","Dagger Spray","Dagger Spray","Phantasmal Killer","Venomology+1","Reflex+1","Footwork+1","Blade Dance","Poisoned Stab","Caltrops","Noxious Fumes","Crippling Poison","Burst","Crippling Poison","Finisher+1","Phantasmal Killer","Adrenaline","Prepared+1","Crippling Poison+1","Noxious Fumes","PiercingWail+1"],"relics":["Ring of the Snake","Pen Nib","Orichalcum","Torii","Tough Bandages","Juzu Bracelet","Paper Crane","Blood Vial","War Paint","Art of War","Astrolabe","TwistedFunnel","Toy Ornithopter","InkBottle","Snake Skull","CeramicFish","Bronze Scales","HornCleat","HoveringKite","Membership Card","Oddly Smooth Stone","CaptainsWheel"],"acts_visited":["Exordium","TheCity","TheBeyond"],"potions_floor_usage":[19,19,23,23,25,28,30,30,31,33,33,35,36,37],"damage_taken":[{"damage":0.0,"enemies":"Small Slimes","floor":1.0,"turns":4.0},{"damage":1.0,"enemies":"Cultist","floor":3.0,"turns":4.0},{"damage":2.0,"enemies":"Jaw Worm","floor":5.0,"turns":4.0},{"damage":2.0,"enemies":"Lagavulin","floor":7.0,"turns":8.0},{"damage":0.0,"enemies":"Looter","floor":8.0,"turns":4.0},{"damage":0.0,"enemies":"Large Slime","floor":11.0,"turns":8.0},{"damage":14.0,"enemies":"3 Sentries","floor":13.0,"turns":8.0},{"damage":21.0,"enemies":"The Guardian","floor":16.0,"turns":13.0},{"damage":0.0,"enemies":"Chosen","floor":18.0,"turns":6.0},{"damage":1,"enemies":"3 Byrds","floor":19,"turns":4},{"damage":9,"enemies":"Centurion and Healer","floor":21,"turns":5},{"damage":12,"enemies":"Book of Stabbing","floor":23,"turns":6},{"damage":42,"enemies":"Slavers","floor":25,"turns":6},{"damage":0,"enemies":"Snecko","floor":28,"turns":4},{"damage":0,"enemies":"Snake Plant","floor":30,"turns":3},{"damage":15,"enemies":"Book of Stabbing","floor":31,"turns":3},{"damage":46,"enemies":"Collector","floor":33,"turns":7},{"damage":0,"enemies":"3 Darklings","floor":35,"turns":5},{"damage":9,"enemies":"3 Shapes","floor":36,"turns":3},{"damage":14,"enemies":"Transient","floor":37,"turns":5},{"damage":0,"enemies":"Mind Bloom Boss Battle","floor":39,"turns":3},{"damage":77,"enemies":"Reptomancer","floor":40,"turns":7}],"seed_played":"5904592043665912265","potions_obtained":[{"floor":3.0,"key":"FairyPotion"},{"floor":5.0,"key":"Weak Potion"},{"floor":8.0,"key":"CunningPotion"},{"floor":21,"key":"CultistPotion"},{"floor":25,"key":"Weak Potion"},{"floor":28,"key":"CunningPotion"},{"floor":31,"key":"Poison Potion"},{"floor":33,"key":"LiquidBronze"},{"floor":35,"key":"DistilledChaos"},{"floor":39,"key":"Regen Potion"}],"is_trial":false,"path_per_floor":["M","?","M","$","M","R","E","M","T","R","M","R","E","?","R","B",null,"M","M","$","M","$","E","T","E","T","?","M","R","M","E","R","B",null,"M","M","M","$","?","E"],"character_chosen":"THE_SILENT","items_purchased":["Pen Nib","Orichalcum","After Image","Torii","Escape Plan","Accuracy","Cloak And Dagger","Tough Bandages","Juzu Bracelet","Mayhem","Paper Crane","Blur","TwistedFunnel","Noxious Fumes","Membership Card","Noxious Fumes","Oddly Smooth Stone"],"campfire_rested":3,"item_purchase_floors":[0,0,0,0,0,0,0,0,0,0,4,4,20,22,38,38,38],"current_hp_per_floor":[17,17,16,16,14,33,31,33,33,33,35,35,23,23,23,4,51,53,54,54,47,47,37,37,2,2,2,9,28,40,32,51,17,54,61,59,52,52,54,0,0],"gold":64,"neow_bonus":"","is_daily":false,"chose_seed":false,"campfire_upgraded":3,"win_rate":0.0,"timestamp":1614324394,"path_taken":["M","?","M","$","M","R","E","M","T","R","M","R","E","?","R","BOSS","M","M","$","M","?","E","?","E","T","?","M","R","M","E","R","BOSS","M","M","M","$","?","E"],"items_purchased_type":["Relic","Relic","Card","Relic","Card","Card","Card","Relic","Relic","Card","Relic","Card","Relic","Card","Relic","Card","Relic"],"build_version":"2020-12-22","purchased_purges":1,"victory":false,"max_hp_per_floor":[66,66,66,66,66,66,66,66,66,66,66,66,66,66,66,66,66,66,66,66,66,66,66,66,66,66,66,66,66,66,66,66,66,66,66,66,66,66,66,66,66],"card_choices":[{"not_picked":["Heel Hook","Deflect"],"picked":"Blade Dance","floor":1.0},{"not_picked":["Deadly Poison","Tactician"],"picked":"Poisoned Stab","floor":3.0},{"not_picked":["Prepared","Acrobatics"],"picked":"Endless Agony","floor":5.0},{"not_picked":["Tools of the Trade","Crippling Poison"],"picked":"Backflip","floor":7.0},{"not_picked":["Slice","Backflip"],"picked":"Outmaneuver","floor":8.0},{"not_picked":["Eviscerate","Backflip"],"picked":"Dagger Spray","floor":11.0},{"not_picked":["Outmaneuver","Dash"],"picked":"Dagger Spray","floor":13.0},{"not_picked":["Doppelganger","Unload"],"picked":"Phantasmal Killer","floor":16.0},{"not_picked":["All Out Attack","Deadly Poison+1"],"picked":"Blade Dance","floor":18.0},{"not_picked":["Flechettes","Concentrate"],"picked":"Poisoned Stab","floor":19},{"not_picked":["Outmaneuver","Dash"],"picked":"Caltrops","floor":21},{"not_picked":["Sucker Punch","Backflip"],"picked":"Crippling Poison","floor":23},{"not_picked":["Skewer","Distraction"],"picked":"Burst","floor":25},{"not_picked":["Eviscerate+1","Distraction+1"],"picked":"Crippling Poison","floor":28},{"not_picked":["Dagger Throw","Blur"],"picked":"Finisher+1","floor":30},{"not_picked":["Deadly Poison","Dagger Throw"],"picked":"Phantasmal Killer","floor":31},{"not_picked":["Night Terror","Doppelganger"],"picked":"Adrenaline","floor":33},{"not_picked":["Concentrate","Dagger Throw+1"],"picked":"Prepared+1","floor":35},{"not_picked":["Dagger Throw","Distraction"],"picked":"Crippling Poison+1","floor":36},{"not_picked":["Underhanded Strike+1","Bane","Flying Knee"],"picked":"SKIP","floor":37},{"not_picked":["Predator","Sucker Punch"],"picked":"PiercingWail+1","floor":39}],"player_experience":215648,"relics_obtained":[{"floor":7.0,"key":"Blood Vial"},{"floor":13.0,"key":"War Paint"},{"floor":23,"key":"Toy Ornithopter"},{"floor":24,"key":"InkBottle"},{"floor":25,"key":"Snake Skull"},{"floor":26,"key":"CeramicFish"},{"floor":31,"key":"HornCleat"},{"floor":39,"key":"CaptainsWheel"}],"event_choices":[{"damage_healed":0.0,"max_hp_gain":0.0,"max_hp_loss":0.0,"gold_gain":175.0,"event_name":"Liars Game","player_choice":"AGREE","floor":2.0,"gold_loss":0.0,"damage_taken":0.0,"cards_obtained":["Doubt"]},{"cards_removed":["Endless Agony"],"damage_healed":0.0,"max_hp_gain":0.0,"max_hp_loss":0.0,"gold_gain":0.0,"event_name":"WeMeetAgain","player_choice":"Gave Card","floor":14.0,"gold_loss":0.0,"damage_taken":0.0,"relics_obtained":["Art of War"]},{"damage_healed":0,"gold_gain":0,"player_choice":"Obtained Relic","damage_taken":0,"relics_obtained":["Bronze Scales"],"max_hp_gain":0,"max_hp_loss":0,"event_name":"Addict","floor":27,"gold_loss":85},{"damage_healed":0,"gold_gain":0,"player_choice":"Fight","damage_taken":0,"max_hp_gain":0,"max_hp_loss":0,"event_name":"MindBloom","floor":39,"gold_loss":0}],"is_beta":false,"boss_relics":[{"not_picked":["Ectoplasm","Coffee Dripper"],"picked":"Astrolabe"},{"not_picked":["Ring of the Serpent","Sozu"],"picked":"HoveringKite"}],"items_purged_floors":[20],"is_endless":false,"potions_floor_spawned":[3,5,8,11,21,25,28,31,33,35,39],"killed_by":"Reptomancer","ascension_level":14}}