{"host":"2wp95sdfrgw3k439","time":1614366214,"event":{"mods":["BaseMod","Better Altar","Better Skull","Better Third Choice","Curses Come First","Minty Spire (QoL Compilation)","Permanent Neow","StSLib"],"gold_per_floor":[113,127,127,77,77,77,105,105,105,105,116,134,22,33,33,138,138,155,171,171,184,184,184,109,141,141,141,17,47,64,64,64,64,64],"floor_reached":33,"language":"ENG","playtime":985,"items_purged":["Strike_B"],"score":447,"play_id":"744c674f-0010-4852-b628-0d3185a8a90e","local_time":"20210226120334","is_ascension_mode":true,"campfire_choices":[{"data":"Dualcast","floor":6,"key":"SMITH"},{"floor":8,"key":"REST"},{"floor":10,"key":"REST"},{"data":"Streamline","floor":15,"key":"SMITH"},{"floor":23,"key":"REST"},{"floor":32,"key":"REST"}],"circlet_count":0,"master_deck":["Strike_B","Defend_B","Defend_B+1","Defend_B","Zap","Dualcast+1","Stack+1","Ball Lightning","Conserve Battery","Streamline+1","Scrape","Storm","Machine Learning","Seek","Electrodynamics","RitualDagger","Barrage+1","Defragment"],"relics":["Cracked Core","The Courier","Ancient Tea Set","Busted Crown","Mercury Hourglass","Nunchaku","MutagenicStrength","Pen Nib"],"acts_visited":["Exordium","TheCity"],"potions_floor_usage":[18,25,30],"damage_taken":[{"damage":2,"enemies":"2 Louse","floor":1,"turns":3},{"damage":0,"enemies":"Small Slimes","floor":2,"turns":3},{"damage":30,"enemies":"Gremlin Nob","floor":7,"turns":4},{"damage":0,"enemies":"Cultist","floor":11,"turns":3},{"damage":9,"enemies":"Red Slaver","floor":12,"turns":2},{"damage":0,"enemies":"Large Slime","floor":14,"turns":5},{"damage":14,"enemies":"Slime Boss","floor":16,"turns":9},{"damage":13,"enemies":"Shell Parasite","floor":18,"turns":4},{"damage":4,"enemies":"Chosen","floor":19,"turns":4},{"damage":35,"enemies":"Snecko","floor":21,"turns":6},{"damage":35,"enemies":"Slavers","floor":25,"turns":4},{"damage":0,"enemies":"Gremlin Leader","floor":29,"turns":4},{"damage":0,"enemies":"3 Cultists","floor":30,"turns":2},{"damage":65,"enemies":"Collector","floor":33,"turns":7}],"seed_played":"3505837226107985245","potions_obtained":[{"floor":1,"key":"Strength Potion"},{"floor":16,"key":"Dexterity Potion"},{"floor":25,"key":"LiquidMemories"},{"floor":29,"key":"Strength Potion"}],"is_trial":false,"path_per_floor":["M","M","?","?","?","R","E","R","T","R","M","M","$","M","R","B",null,"M","M","?","M","?","R","?","E","T","?","$","E","M","$","R","B"],"character_chosen":"DEFECT","items_purchased":["Machine Learning","Defragment"],"campfire_rested":4,"item_purchase_floors":[13,28],"current_hp_per_floor":[66,66,51,51,44,44,14,36,36,58,58,49,49,49,49,35,65,52,48,42,7,32,54,54,19,19,19,19,19,19,19,41,0,0],"gold":64,"neow_bonus":"TRANSFORM_CARD","is_daily":false,"chose_seed":false,"campfire_upgraded":2,"win_rate":0.0,"timestamp":1614366214,"path_taken":["M","M","?","?","?","R","E","R","T","R","M","M","$","?","R","BOSS","M","M","?","M","?","R","?","E","T","?","$","E","?","?","R","BOSS"],"items_purchased_type":["Card","Card"],"build_version":"2020-12-22","purchased_purges":1,"victory":false,"max_hp_per_floor":[75,75,75,75,75,75,75,75,75,75,75,75,75,75,75,75,75,75,75,75,75,75,75,75,75,75,75,75,75,75,75,75,75,75],"card_choices":[{"not_picked":["Static Discharge","Hologram"],"picked":"Ball Lightning","floor":1},{"not_picked":["Ball Lightning","Force Field"],"picked":"Conserve Battery","floor":2},{"not_picked":["Turbo","Barrage"],"picked":"Streamline","floor":7},{"not_picked":["Cold Snap","Double Energy"],"picked":"Scrape","floor":11},{"not_picked":["Darkness","Stack"],"picked":"Storm","floor":12},{"not_picked":["Compile Driver","Conserve Battery"],"picked":"Seek","floor":14},{"not_picked":["Thunder Strike","Core Surge"],"picked":"Electrodynamics","floor":16},{"not_picked":["Reprogram+1"],"picked":"SKIP","floor":18},{"not_picked":["Ball Lightning"],"picked":"SKIP","floor":19},{"not_picked":[],"picked":"Barrage+1","floor":21},{"not_picked":["Steam Power+1"],"picked":"SKIP","floor":25},{"not_picked":["Redo"],"picked":"SKIP","floor":29},{"not_picked":["Redo"],"picked":"SKIP","floor":30}],"player_experience":580868,"relics_obtained":[{"floor":7,"key":"The Courier"},{"floor":9,"key":"Ancient Tea Set"},{"floor":25,"key":"Mercury Hourglass"},{"floor":26,"key":"Nunchaku"},{"floor":29,"key":"Pen Nib"}],"event_choices":[{"damage_healed":66,"gold_gain":0,"player_choice":"Upgrade","damage_taken":15,"max_hp_gain":0,"max_hp_loss":75,"event_name":"betterThird:BetterShining","floor":3,"gold_loss":0,"cards_upgraded":["Stack","Defend_B"]},{"cards_removed":["Strike_B"],"damage_healed":0,"gold_gain":0,"player_choice":"Card Removal","damage_taken":0,"max_hp_gain":0,"max_hp_loss":0,"event_name":"The Cleric","floor":4,"gold_loss":50},{"damage_healed":0,"gold_gain":0,"player_choice":"Damaged","damage_taken":7,"max_hp_gain":0,"max_hp_loss":0,"event_name":"Wheel of Change","floor":5,"gold_loss":0},{"damage_healed":0,"gold_gain":0,"player_choice":"Dagger","damage_taken":6,"max_hp_gain":0,"max_hp_loss":0,"event_name":"betterThird:BetterNest","floor":20,"gold_loss":0,"cards_obtained":["RitualDagger"]},{"damage_healed":25,"gold_gain":0,"player_choice":"Heal","damage_taken":0,"max_hp_gain":0,"max_hp_loss":0,"event_name":"The Library","floor":22,"gold_loss":0},{"cards_removed":["Defend_B"],"damage_healed":0,"gold_gain":0,"player_choice":"Gave Gold","damage_taken":0,"max_hp_gain":0,"max_hp_loss":0,"event_name":"Beggar","floor":24,"gold_loss":75},{"damage_healed":0,"gold_gain":0,"player_choice":"Inject Mutagens","damage_taken":0,"relics_obtained":["MutagenicStrength"],"max_hp_gain":0,"max_hp_loss":0,"event_name":"Drug Dealer","floor":27,"gold_loss":0}],"is_beta":false,"boss_relics":[{"not_picked":["Black Star","Fusion Hammer"],"picked":"Busted Crown"}],"items_purged_floors":[28],"is_endless":false,"potions_floor_spawned":[1,16,25,29],"killed_by":"Collector","ascension_level":9}}