{"host":"za9ilm1uiwmpmin1","time":1614326300,"event":{"mods":["AchievementEnabler","Act Like it!","BaseMod","Friendly Minions","Gensokyo","KomeijiMod","Library of Ruina","Library of Ruina Extra","Minty Spire (QoL Compilation)","MostiFishMod","StSLib","TestMod","Waifu the Spire"],"gold_per_floor":[215,225,18,31,49,49,277,291,291,291,305,33,33,66,66,141,141,159,172,17,34,50,80,80,80,80,80,90,120,150,180,180,257,257,275,295,312,237,44,72,99,99,99,133,166,166,166,197,197,197,197,197,197,33,60,60],"floor_reached":57,"language":"ZHS","playtime":2689,"items_purged":["LightAttack"],"score":2973,"play_id":"ed1d43de-bb37-45b7-aade-3e0529e2ddd1","local_time":"20210226155820","is_ascension_mode":true,"campfire_choices":[{"data":"Quickness","floor":6.0,"key":"SMITH"},{"data":"QuickAttack","floor":10.0,"key":"SMITH"},{"floor":15.0,"key":"RECALL"},{"data":"UnforgettableMelody","floor":24.0,"key":"SMITH"},{"data":"SenseQuarry","floor":32.0,"key":"SMITH"},{"data":"ChargeAndCover","floor":49,"key":"SMITH"},{"data":"FocusedStrikes","floor":53,"key":"SMITH"}],"circlet_count":0,"master_deck":["AscendersBane","LightAttack","LightAttack","LightDefense","LightDefense+1","ChargeAndCover+1","FocusedStrikes+1","SenseQuarry+1","CoordinatedAssault","Fence+1","Quickness+1","QuickAttack+1","UnforgettableMelody+1","Gensokyo:ShootingStar","FrontalAssault+1","Parry2+1","StartinOutLightly"],"relics":["PageOfLibrarian","DaveBox","testmod-TestBox","testmod-BatchProcessingSystem","ShadowXiaoBlade","SynthV:TestCard","War Paint","Anchor","PageOfBigBird","PageOfTheKnightOfDespair","PageOfTheQueenOfHatred","PageOfJudgementBird","Gensokyo:PortableGap","PageOfGreed","Philosopher\u0027s Stone","Civilization","PageOfWrath","Gensokyo:RedStar","PageOfNihil","PageOfNosferatu","Bag of Marbles","HornCleat","SlaversCollar","BirthdayGift-Tetrahedron","PageOfPorccubus","Toy Ornithopter","Blood Vial","Lantern","PageOfScarecrow","Toxic Egg 2","PageOfPinocchio","Membership Card","testmod-Justice"],"acts_visited":["Exordium","Gensokyo:Gensokyo","Gensokyo:Gensokyoer","TheEnding"],"potions_floor_usage":[56,56,56,56],"damage_taken":[{"damage":6.0,"enemies":"Gensokyo:Python","floor":1.0,"turns":4.0},{"damage":4.0,"enemies":"Gensokyo:2_Kodama","floor":2.0,"turns":3.0},{"damage":1.0,"enemies":"Gensokyo:Gryphon","floor":4.0,"turns":4.0},{"damage":7.0,"enemies":"Gensokyo:3_Kodama","floor":5.0,"turns":6.0},{"damage":1.0,"enemies":"Gensokyo:Cirno","floor":7.0,"turns":9.0},{"damage":0.0,"enemies":"Gensokyo:LivingMonolith","floor":8.0,"turns":3.0},{"damage":0.0,"enemies":"Gensokyo:VengefulSpirit","floor":11.0,"turns":2.0},{"damage":1.0,"enemies":"Gensokyo:Mamizou","floor":14.0,"turns":4.0},{"damage":13.0,"enemies":"Gensokyo:Yukari","floor":16.0,"turns":6.0},{"damage":0.0,"enemies":"Gensokyo:3_Dogs","floor":18.0,"turns":3.0},{"damage":0.0,"enemies":"Gensokyo:AngelMirror","floor":19.0,"turns":2.0},{"damage":0.0,"enemies":"Gensokyo:Swordslinger","floor":21.0,"turns":2.0},{"damage":0.0,"enemies":"Gensokyo:Monolith_and_Dog","floor":22.0,"turns":2.0},{"damage":0.0,"enemies":"Gensokyo:Tenshi","floor":23.0,"turns":2.0},{"damage":38.0,"enemies":"Gensokyo:Slime_Group","floor":28.0,"turns":4.0},{"damage":2.0,"enemies":"Gensokyo:Reisen","floor":29.0,"turns":2.0},{"damage":15.0,"enemies":"Gensokyo:Tenshi","floor":30.0,"turns":2.0},{"damage":0.0,"enemies":"Gensokyo:Reisen","floor":31.0,"turns":3.0},{"damage":0.0,"enemies":"Gensokyo:Eiki","floor":33.0,"turns":2.0},{"damage":0.0,"enemies":"Gensokyo:3_Boulders","floor":35.0,"turns":2.0},{"damage":0.0,"enemies":"Gensokyo:AncientGuardian","floor":36.0,"turns":1.0},{"damage":0.0,"enemies":"Gensokyo:AtlasGolem","floor":37.0,"turns":2.0},{"damage":2.0,"enemies":"Gensokyo:Doremy","floor":40.0,"turns":2.0},{"damage":2.0,"enemies":"Gensokyo:Marisa","floor":41.0,"turns":2.0},{"damage":2,"enemies":"Gensokyo:Kasen","floor":44,"turns":2},{"damage":2,"enemies":"Gensokyo:Doremy","floor":45,"turns":2},{"damage":11,"enemies":"Gensokyo:Kasen","floor":48,"turns":2},{"damage":0,"enemies":"Gensokyo:Yuyuko","floor":50,"turns":1},{"damage":4,"enemies":"Gensokyo:Yuyuko","floor":51,"turns":3},{"damage":0,"enemies":"Shield and Spear","floor":55,"turns":1},{"damage":4,"enemies":"The Heart","floor":56,"turns":3}],"seed_played":"-4163907941211377389","potions_obtained":[{"floor":1.0,"key":"EssenceOfSteel"},{"floor":2.0,"key":"Swift Potion"},{"floor":11.0,"key":"GamblersBrew"},{"floor":28.0,"key":"EntropicBrew"},{"floor":31.0,"key":"Block Potion"}],"is_trial":false,"path_per_floor":["M","M","COS","M","M","R","E","M","T","R","M","$","?","E","R","B",null,"M","M","COS","M","M","E","R","?","T","?","M","E","E","E","R","B",null,"M","M","M","$","COS","E","E","?","T","E","E","?","?","E","R","B",null,null,"R","$","E","B",null],"character_chosen":"Librarian","items_purchased":["PageOfJudgementBird","Membership Card"],"campfire_rested":0,"item_purchase_floors":[12,54],"current_hp_per_floor":[48,44,44,43,36,36,35,35,35,35,37,37,37,46,46,50,65,69,70,70,71,74,78,78,78,78,78,53,12,11,24,24,110,139,148,155,163,160,160,162,167,164,164,166,171,171,171,169,169,169,185,186,186,186,191,195],"gold":60,"neow_bonus":"HUNDRED_GOLD","is_daily":false,"chose_seed":false,"campfire_upgraded":6,"win_rate":0.0,"timestamp":1614326300,"path_taken":["M","?","COS","?","M","R","E","M","T","R","M","?","?","E","R","BOSS","M","M","COS","M","M","E","R","?","T","?","M","E","E","E","R","BOSS","M","?","M","$","COS","E","E","?","T","E","E","?","?","E","R","BOSS","R","$","E","BOSS"],"items_purchased_type":["Relic","Relic"],"build_version":"2020-12-22","purchased_purges":1,"victory":true,"max_hp_per_floor":[63,63,63,63,63,63,82,82,82,82,82,82,70,70,70,70,70,70,70,70,71,74,78,78,78,78,78,83,136,138,143,143,148,148,153,158,163,160,160,162,167,164,164,166,171,171,171,176,176,181,186,186,186,186,191,196],"card_choices":[{"not_picked":["HiddenBlade","Diversion","Thrust","ForTheFamily","RulesOfTheBackstreets","DimensionalRift","Track","Rewind"],"picked":"SenseQuarry","floor":1.0},{"not_picked":["GuardingStance","Wallop_lor","StructuralAnalysis","Castigation","ToWhereThePrescriptPoints","ReadyUp","Unlock1","BiteOff","AsThePrescriptOrders","LoosenUp"],"picked":"CoordinatedAssault","floor":2.0},{"not_picked":["FleetEdge","WillOfThePrescript","GuardingStance","Eradication","StrongStrike","GreatSerpentsImpact","Wallop_lor","FlowOfTheSword","FleetFootsteps","TheWillOfTheCity"],"picked":"Fence","floor":4.0},{"not_picked":["CutIn","Overpower","HiddenBlade","DarkCloud","IronWall","GroundSmash","SunsetBlade","Wallop_lor","Standoff","QuickSuppression"],"picked":"Quickness","floor":5.0},{"not_picked":["Execute_lor","CoordinatedAssault","SinglePointStab","AutonomousRush","FierceCharge","RipSpace","FleetEdge","FlowOfTheSword","UnavoidableGaze","InhaleSmoke"],"picked":"QuickAttack","floor":7.0},{"not_picked":["DirtyBlow","ViolentFlame","BlowItUp","HandlingWork","Standoff","ElectricShock","UpbeatPerformance","SteelKnuckles","BiAn","Wallop_lor","PinpointShot"],"picked":"SKIP","floor":8.0},{"not_picked":["StrongStrike","TieShanKao","StructuralAnalysis","Multislash","UnavoidableGaze","ScatteringSlash","ExtractFuel","EnergyCycle","RushDown","SerpentSwordTechnique","ToOvercomeCrisis"],"picked":"SKIP","floor":11.0},{"not_picked":["StrongStrike","TieShanKao","StructuralAnalysis","Multislash","UnavoidableGaze","ScatteringSlash","ExtractFuel","EnergyCycle","RushDown","SerpentSwordTechnique","ToOvercomeCrisis"],"picked":"SKIP","floor":11.0},{"not_picked":["ChopItOff","OminousPower","BoundaryOfDeath","FeatherShield","ExtremeEdge","BiAn","YoureAHindrance","EndlessBattle","TieShanKao","ViolentFlame","SpearedSweep"],"picked":"SKIP","floor":14.0},{"not_picked":["MultiHit","PinpointShot","Collision","Ripple","QuickSuppression","SmokingPipe","Zzzzzap","FleetEdge","DarkCloud","ShockingBlow","UpbeatPerformance"],"picked":"SKIP","floor":18.0},{"not_picked":["TheRedNotes","Ripple","Thirst","EnergyShield","DarkCloud","Rampage_lor","GrazeTheGrass","FierceCharge","YoureAHindrance","SinglePointStab","FierceOnslaught"],"picked":"SKIP","floor":19.0},{"not_picked":["BayonetCombat","VenomousFangs","YourShield","HighKick","Laceration","EndlessBattle","EnergyConversion","ScratchThat","YouOnlyLiveOnce","StrongStrike","FrontalAssault"],"picked":"SKIP","floor":21.0},{"not_picked":["ChiWen","FendThisOffIfYouCan","Wallop_lor","UnavoidableGaze","Parry","FierceCharge","Multislash","CoordinatedAssault+1","AlloutWar+1","FlashingStrike+1","ReadyUp"],"picked":"SKIP","floor":22.0},{"not_picked":["GrazeTheGrass","BlindFaith","Eliminate","OminousPower","BiteOff+1","Quickness","FleetFootsteps","Wallop_lor+1","Parry","Pound"],"picked":"UnforgettableMelody","floor":23.0},{"not_picked":["Crush","Juggling","Standoff","DevastatingThrash","StrikeDown","Commandeering","FervidEmotions","SinglePointStab","Multislash","MultiHit","EnergyCycle"],"picked":"SKIP","floor":28.0},{"not_picked":["Fence","NightInTheBackstreets","Gamble","UpbeatPerformance","YourShield","Thrust","HandlingWork","AsThePrescriptOrders","BackAttack","Castigation","SharpSwipe"],"picked":"SKIP","floor":29.0},{"not_picked":["Diversion+1","Faith","StrikeDown","QuickAttack","Juggling","PreemptiveStrike","SmokingPipe+1","AGoldenOpportunity","InkOver","PinpointShot","SnakesPrey"],"picked":"SKIP","floor":30.0},{"not_picked":["Unlock1+1","UnavoidableGaze+1","Reload","Bvapour","RipSpace","MultiBlock","DefenseOrder","HighKick","Parry","FierceCharge","EnergyCycle"],"picked":"SKIP","floor":31.0},{"not_picked":[],"picked":"Gensokyo:ShootingStar","floor":33.0},{"not_picked":["EmotionalTurbulence","CutIn","Unlock1","Outburst","BurningFlash+1","SinglePointStab","DeepDrag","EnergyShield","Parry","SteelKnuckles"],"picked":"FrontalAssault+1","floor":35.0},{"not_picked":["ScatteringSlash+1","PreemptiveStrike+1","AsThePrescriptOrders","Wallop_lor","Tailoring","Ripple","EnergyCycle+1","QuickSuppression","ViolentFlame","BayonetCombat"],"picked":"Parry2","floor":36.0},{"not_picked":["FendThisOffIfYouCan","EnergyStrike+1","GatherIntel","CutIn","ElectricShock","EnergyCycle","SkyClearingCut","Rampage_lor","CoordinatedAssault","Tttonst","GreatSerpentsImpact"],"picked":"SKIP","floor":37.0},{"not_picked":["BiteOff","FleetEdge+1","EnergyShield+1","SinglePointStab","QuickAttack+1","Brawl","LawAndOrder+1","SmokingPipe+1","Rewind+1","PreemptiveStrike+1","ChargeUp"],"picked":"SKIP","floor":40.0},{"not_picked":["StartinOutLightly","TrimTheIngredients+1","ScratchThat","CoordinatedAssault","Thrust","FleetFootsteps+1","GroundSmash","BiAn","OpportunitySpotted","Unlock1","Outburst"],"picked":"SKIP","floor":41.0},{"not_picked":["TrimTheIngredients+1","ScratchThat","CoordinatedAssault","Thrust","FleetFootsteps+1","GroundSmash","BiAn","OpportunitySpotted","Unlock1","Outburst"],"picked":"StartinOutLightly","floor":41.0},{"not_picked":["SpearedSweep","HeavyPeaks","BackstreetsDash","EnergyShield","FleetFootsteps+1","TrimTheIngredients","Ripple","ForcefulGesture+1","SummaryJudgment","WaitUp+1","DistortedBlade"],"picked":"SKIP","floor":44},{"not_picked":["Eject","HandleRequest","Reload+1","Creak+1","NonstopAssault","BackAttack+1","FierceOnslaught","Pound","MirageStorm","FleetFootsteps+1","QuickSuppression"],"picked":"SKIP","floor":45},{"not_picked":["QuickSuppression","ClassAndRespect","StructuralAnalysis+1","FeatherShield+1","HardRehearsal+1","MindCrush","FieryDragonSlash+1","Rewind+1","DirtyBlow+1","Unlock1","LossOfSenses"],"picked":"SKIP","floor":48},{"not_picked":["QuickSuppression","ClassAndRespect","StructuralAnalysis+1","FeatherShield+1","HardRehearsal+1","MindCrush","FieryDragonSlash+1","Rewind+1","DirtyBlow+1","Unlock1","LossOfSenses"],"picked":"SKIP","floor":48},{"not_picked":["ClassAndRespect","GuardingStance+1","Thrust","Endure+1","ViolentFlame","UnavoidableGaze+1","Diversion","Unlock1+1","TendonChords","FleetFootsteps+1","BlowItUp"],"picked":"SKIP","floor":55}],"player_experience":790080,"relics_obtained":[{"floor":1.0,"key":"SynthV:TestCard"},{"floor":7.0,"key":"PageOfBigBird"},{"floor":9.0,"key":"PageOfTheQueenOfHatred"},{"floor":14.0,"key":"PageOfGreed"},{"floor":23.0,"key":"PageOfWrath"},{"floor":28.0,"key":"PageOfNihil"},{"floor":29.0,"key":"PageOfNosferatu"},{"floor":30.0,"key":"Bag of Marbles"},{"floor":31.0,"key":"HornCleat"},{"floor":40.0,"key":"PageOfPorccubus"},{"floor":41.0,"key":"Blood Vial"},{"floor":44,"key":"PageOfScarecrow"},{"floor":45,"key":"Toxic Egg 2"},{"floor":48,"key":"PageOfPinocchio"},{"floor":55,"key":"testmod-Justice"}],"event_choices":[],"is_beta":false,"boss_relics":[{"not_picked":["ExusiaiGun","testmod-IncinerationGenerator"],"picked":"Philosopher\u0027s Stone"},{"not_picked":["HereWithMe","OneHitWonderSystem"],"picked":"SlaversCollar"}],"items_purged_floors":[38],"is_endless":false,"potions_floor_spawned":[1,2,11,18,28,29,31,37,41,44,45],"ascension_level":17}}