{"host":"0ovaty6kt1bxc3eb","time":1614345636,"event":{"mods":["AchievementEnabler","BaseMod","Colored Map","Minty Spire (QoL Compilation)","StSLib"],"gold_per_floor":[109,87,262,262,277,277,277,287,287,302,316,346,359,359,359,462,462,475,488,587,587,604,630,630,630,630],"floor_reached":25,"language":"KOR","playtime":1971,"items_purged":[],"score":323,"play_id":"3598ec1a-3f03-487a-a4c8-1d0588357103","local_time":"20210226222036","is_ascension_mode":false,"campfire_choices":[{"data":"Neutralize","floor":7.0,"key":"SMITH"},{"data":"Terror","floor":15.0,"key":"SMITH"},{"data":"Venomology","floor":24,"key":"SMITH"}],"circlet_count":0,"master_deck":["Strike_G","Strike_G","Strike_G","Strike_G","Strike_G","Defend_G","Defend_G","Defend_G+1","Defend_G","Defend_G","Survivor","Neutralize+1","Flying Knee","Blade Dance+1","Venomology+1","Blur","Dagger Spray","Terror+1","Slice+1","Blade Dance","Venomology+1","Footwork","Flying Knee+1","Necronomicurse","Dodge and Roll+1","Footwork"],"relics":["Coffee Dripper","Anchor","Molten Egg 2","Philosopher\u0027s Stone","Necronomicon","Question Card"],"acts_visited":["TheCity"],"potions_floor_usage":[16,16,16,16,16,16,19,22,22,23,23,23,25],"damage_taken":[{"damage":1.0,"enemies":"2 Louse","floor":1.0,"turns":5.0},{"damage":11.0,"enemies":"Jaw Worm","floor":5.0,"turns":3.0},{"damage":0.0,"enemies":"Small Slimes","floor":8.0,"turns":4.0},{"damage":4.0,"enemies":"Blue Slaver","floor":10.0,"turns":4.0},{"damage":0.0,"enemies":"Looter","floor":11.0,"turns":3.0},{"damage":1.0,"enemies":"Lagavulin","floor":12.0,"turns":5.0},{"damage":0.0,"enemies":"Large Slime","floor":13.0,"turns":5.0},{"damage":4,"enemies":"Hexaghost","floor":16,"turns":5},{"damage":1,"enemies":"Shell Parasite","floor":18,"turns":4},{"damage":0,"enemies":"3 Byrds","floor":19,"turns":4},{"damage":19,"enemies":"Snecko","floor":22,"turns":5},{"damage":65,"enemies":"Gremlin Leader","floor":23,"turns":15},{"damage":3,"enemies":"Book of Stabbing","floor":25,"turns":4}],"seed_played":"-4956044155240745254","potions_obtained":[{"floor":5.0,"key":"Weak Potion"},{"floor":8.0,"key":"EntropicBrew"},{"floor":13.0,"key":"Swift Potion"},{"floor":22,"key":"CunningPotion"}],"is_trial":false,"path_per_floor":["M","$","?","?","M","?","R","M","T","M","M","E","M","?","R","B",null,"M","M","?","?","M","E","R","E"],"character_chosen":"THE_SILENT","items_purchased":["Blade Dance"],"campfire_rested":0,"item_purchase_floors":[2],"current_hp_per_floor":[69,69,69,55,44,44,44,44,44,40,40,39,39,39,39,35,70,69,69,69,53,34,2,2,0,0],"gold":630,"neow_bonus":"BOSS_RELIC","is_daily":false,"chose_seed":false,"campfire_upgraded":3,"win_rate":0.0,"timestamp":1614345636,"path_taken":["M","$","?","?","M","?","R","M","T","?","M","E","M","?","R","BOSS","M","M","?","?","M","E","R","E"],"items_purchased_type":["Card"],"build_version":"2020-12-22","purchased_purges":0,"victory":false,"max_hp_per_floor":[70,70,70,70,70,70,70,70,70,70,70,70,70,70,70,70,70,70,70,70,70,70,70,70,70,70],"card_choices":[{"not_picked":["Slice","Sucker Punch"],"picked":"Flying Knee","floor":1.0},{"not_picked":["Terror","Footwork"],"picked":"Venomology","floor":5.0},{"not_picked":["Deadly Poison","Dagger Throw"],"picked":"Blur","floor":8.0},{"not_picked":["Dodge and Roll","Expertise"],"picked":"Dagger Spray","floor":10.0},{"not_picked":["Underhanded Strike","Heel Hook"],"picked":"Terror","floor":11.0},{"not_picked":["Flying Knee+1","Crippling Poison"],"picked":"Slice+1","floor":12.0},{"not_picked":["Riddle With Holes+1","Flying Knee+1"],"picked":"Blade Dance","floor":13.0},{"not_picked":["Wraith Form v2","Unload+1"],"picked":"Venomology","floor":16},{"not_picked":["Poisoned Stab+1","Deflect"],"picked":"Footwork","floor":18},{"not_picked":["Dash+1","Outmaneuver"],"picked":"Flying Knee+1","floor":19},{"not_picked":["Heel Hook+1","Sucker Punch+1"],"picked":"Dodge and Roll+1","floor":22},{"not_picked":["Catalyst","Quick Slash+1"],"picked":"Footwork","floor":23}],"player_experience":59025,"relics_obtained":[{"floor":9.0,"key":"Anchor"},{"floor":12.0,"key":"Molten Egg 2"},{"floor":21,"key":"Necronomicon"},{"floor":23,"key":"Question Card"}],"event_choices":[{"damage_healed":0.0,"max_hp_gain":0.0,"max_hp_loss":0.0,"gold_gain":175.0,"event_name":"Liars Game","player_choice":"AGREE","floor":3.0,"gold_loss":0.0,"damage_taken":0.0,"cards_obtained":["Doubt"]},{"damage_healed":0.0,"max_hp_gain":0.0,"max_hp_loss":0.0,"gold_gain":0.0,"event_name":"Shining Light","player_choice":"Entered Light","floor":4.0,"gold_loss":0.0,"damage_taken":14.0,"cards_upgraded":["Blade Dance","Defend_G"]},{"damage_healed":0.0,"max_hp_gain":0.0,"max_hp_loss":0.0,"gold_gain":0.0,"event_name":"Accursed Blacksmith","player_choice":"Forge","floor":6.0,"gold_loss":0.0,"damage_taken":0.0,"cards_upgraded":["Venomology"]},{"cards_removed":["Doubt"],"damage_healed":0.0,"max_hp_gain":0.0,"max_hp_loss":0.0,"gold_gain":0.0,"event_name":"Living Wall","player_choice":"Forget","floor":14.0,"gold_loss":0.0,"damage_taken":0.0},{"damage_healed":0,"gold_gain":99,"player_choice":"Stole From Cult","damage_taken":0,"max_hp_gain":0,"max_hp_loss":0,"event_name":"Nest","floor":20,"gold_loss":0},{"damage_healed":0,"gold_gain":0,"player_choice":"Obtained Book","damage_taken":16,"max_hp_gain":0,"max_hp_loss":0,"event_name":"Cursed Tome","floor":21,"gold_loss":0}],"is_beta":false,"boss_relics":[{"not_picked":["Runic Pyramid","Runic Dome"],"picked":"Philosopher\u0027s Stone"}],"items_purged_floors":[],"is_endless":false,"potions_floor_spawned":[5,8,11,13,19,22],"killed_by":"Book of Stabbing","ascension_level":0}}