{"host":"5bsc0nab6whpyrbj","time":1614312695,"event":{"mods":["AchievementEnabler","BaseMod","BetterRewards","Colored Map","Dark Map","Downfall","Highlight Path","Infinite Spire","Minty Spire (QoL Compilation)","StSLib"],"gold_per_floor":[112,129,153,164,116,116,116,116,116,130,130,130,23,23,23,125,125,136,152,180,180,61,61,61,71,71,103,103,113,163,163,163,268,268,285,285,298,298,314,314,361,374,374,374,374],"floor_reached":44,"language":"ENG","playtime":1552,"items_purged":[],"score":439,"play_id":"70210d19-9e96-4339-a728-cfca6fea5ead","local_time":"20210225231135","is_ascension_mode":false,"campfire_choices":[{"data":"Gash","floor":6,"key":"SMITH"},{"data":"Scrape","floor":8,"key":"SMITH"},{"floor":12,"key":"REST"},{"floor":15,"key":"RECALL"},{"floor":23,"key":"REST"},{"floor":32,"key":"REST"},{"floor":40,"key":"REST"}],"circlet_count":0,"master_deck":["Strike_B","Strike_B","Strike_B","Strike_B","Defend_B","Defend_B","Defend_B","Zap","Dualcast+1","Undo","Streamline","Steam","Scrape+1","Gash+1","Streamline","Beam Cell","Swift Strike","All For One","Streamline","Steam","Flash of Steel","Streamline","infinitespire:Starlight","infinitespire:FutureSight","Melter","Beam Cell+1","Static Discharge+1"],"relics":["FrozenCore","Ice Cream","WarpedTongs","Mummified Hand","Bottled Flame","Empty Cage","Red Mask","Tiny Chest","infinitespire:EmpoweringShard","White Beast Statue","Tiny House","FaceOfCleric","Regal Pillow","Eternal Feather"],"acts_visited":["Exordium","TheCity","TheBeyond"],"potions_floor_usage":[10,27,37,39,42,42,44,44],"damage_taken":[{"damage":1,"enemies":"Cultist","floor":1,"turns":3},{"damage":5,"enemies":"2 Louse","floor":2,"turns":2},{"damage":0,"enemies":"Jaw Worm","floor":4,"turns":3},{"damage":16,"enemies":"Exordium Thugs","floor":10,"turns":4},{"damage":40,"enemies":"Hexaghost","floor":16,"turns":8},{"damage":10,"enemies":"Chosen","floor":18,"turns":3},{"damage":11,"enemies":"Shell Parasite","floor":19,"turns":4},{"damage":39,"enemies":"Masked Bandits","floor":20,"turns":4},{"damage":17,"enemies":"Snake Plant","floor":25,"turns":4},{"damage":23,"enemies":"Slavers","floor":27,"turns":5},{"damage":17,"enemies":"Sentry and Sphere","floor":29,"turns":4},{"damage":0,"enemies":"Automaton","floor":33,"turns":1},{"damage":25,"enemies":"3 Darklings","floor":35,"turns":7},{"damage":20,"enemies":"3 Shapes","floor":37,"turns":4},{"damage":38,"enemies":"Jaw Worm Horde","floor":39,"turns":6},{"damage":43,"enemies":"Writhing Mass","floor":42,"turns":6},{"damage":32,"enemies":"Giant Head","floor":44,"turns":5}],"seed_played":"8562020622248878449","potions_obtained":[{"floor":1,"key":"Swift Potion"},{"floor":25,"key":"sneckomod:MuddlingPotion"},{"floor":27,"key":"CultistPotion"},{"floor":30,"key":"PotionOfCapacity"},{"floor":33,"key":"SteroidPotion"},{"floor":35,"key":"FocusPotion"},{"floor":37,"key":"SneckoOil"},{"floor":39,"key":"Swift Potion"},{"floor":42,"key":"Regen Potion"}],"is_trial":false,"path_per_floor":["M","M","T","M","$","R","?","R","T","M","?","R","$","T","R","B",null,"M","M","?","?","$","R","?","M","T","E","$","M","AVR","?","R","B",null,"M","$","M","?","M","R","T","M","T","E"],"character_chosen":"DEFECT","items_purchased":["Turbo","Streamline","Gash","Beam Cell","Swift Strike","Flash of Steel","Streamline"],"campfire_rested":4,"item_purchase_floors":[0,0,5,13,13,22,22],"current_hp_per_floor":[68,63,63,63,63,63,63,63,63,47,40,62,62,62,62,22,75,65,54,15,15,15,37,62,45,45,22,22,5,10,10,34,35,81,57,57,38,38,11,36,36,9,9,0,0],"gold":374,"neow_bonus":"","is_daily":false,"chose_seed":false,"campfire_upgraded":2,"win_rate":0.0,"timestamp":1614312695,"path_taken":["M","M","?","M","$","R","?","R","T","?","?","R","$","?","R","BOSS","M","M","?","?","$","R","?","M","T","E","$","M","AVR","?","R","BOSS","M","?","M","?","M","R","?","M","T","E"],"items_purchased_type":["Card","Card","Card","Card","Card","Card","Card"],"build_version":"2020-12-22","purchased_purges":0,"victory":false,"max_hp_per_floor":[75,75,75,75,75,75,75,75,75,75,75,75,75,75,75,75,75,75,75,75,75,75,75,75,75,75,75,75,75,80,80,80,81,81,82,82,83,83,84,84,84,85,85,85,85],"card_choices":[{"not_picked":["Steam Power","Leap"],"picked":"Steam","floor":1},{"not_picked":["Ball Lightning","Coolheaded","Rebound"],"picked":"SKIP","floor":2},{"not_picked":["Go for the Eyes","Cold Snap"],"picked":"Scrape","floor":4},{"not_picked":["Rip and Tear","Creative AI"],"picked":"Streamline","floor":10},{"not_picked":["Electrodynamics","Biased Cognition"],"picked":"All For One","floor":16},{"not_picked":["Tempest+1","Barrage","Undo"],"picked":"SKIP","floor":18},{"not_picked":["Tempest","Barrage"],"picked":"Streamline","floor":19},{"not_picked":["Heatsinks","Leap+1"],"picked":"Steam","floor":20},{"not_picked":["Aggregate","Genetic Algorithm","Compile Driver"],"picked":"SKIP","floor":25},{"not_picked":["Fission","Capacitor","Ball Lightning"],"picked":"SKIP","floor":27},{"not_picked":["Ball Lightning","Compile Driver","Static Discharge"],"picked":"SKIP","floor":29},{"not_picked":["Reinforced Body","Double Energy"],"picked":"Melter","floor":30},{"not_picked":["Doom and Gloom","Loop+1","Blizzard"],"picked":"SKIP","floor":35},{"not_picked":["Rebound","Darkness","Storm"],"picked":"SKIP","floor":37},{"not_picked":["Stack+1","Leap+1"],"picked":"Beam Cell+1","floor":39},{"not_picked":["Leap+1","Barrage+1"],"picked":"Static Discharge+1","floor":42}],"player_experience":129797,"relics_obtained":[{"floor":9,"key":"Mummified Hand"},{"floor":14,"key":"Bottled Flame"},{"floor":20,"key":"Red Mask"},{"floor":26,"key":"Tiny Chest"},{"floor":27,"key":"infinitespire:EmpoweringShard"},{"floor":41,"key":"Regal Pillow"},{"floor":43,"key":"Eternal Feather"}],"event_choices":[{"damage_healed":0,"gold_gain":0,"player_choice":"Rummage","damage_taken":0,"relics_obtained":["WarpedTongs"],"max_hp_gain":0,"max_hp_loss":0,"event_name":"Accursed Blacksmith","floor":7,"gold_loss":0,"cards_obtained":["Pain"]},{"damage_healed":0,"gold_gain":0,"player_choice":"Damaged","damage_taken":7,"max_hp_gain":0,"max_hp_loss":0,"event_name":"Wheel of Change","floor":11,"gold_loss":0},{"damage_healed":0,"gold_gain":0,"player_choice":"Fought Bandits","damage_taken":0,"max_hp_gain":0,"max_hp_loss":0,"event_name":"Masked Bandits","floor":20,"gold_loss":0},{"damage_healed":25,"gold_gain":0,"player_choice":"Heal","damage_taken":0,"max_hp_gain":0,"max_hp_loss":0,"event_name":"The Library","floor":24,"gold_loss":0},{"damage_healed":0,"gold_gain":0,"player_choice":"Trade","damage_taken":0,"relics_obtained":["FaceOfCleric"],"max_hp_gain":0,"max_hp_loss":0,"event_name":"FaceTrader","floor":31,"gold_loss":0},{"cards_removed":["Defend_B"],"damage_healed":0,"gold_gain":0,"player_choice":"Removed Skill","damage_taken":0,"max_hp_gain":0,"max_hp_loss":0,"event_name":"Falling","floor":38,"gold_loss":0}],"is_beta":false,"boss_relics":[{"not_picked":["bronze:MakeshiftBattery","Runic Dome"],"picked":"Empty Cage"},{"not_picked":["SlaversCollar","Calling Bell"],"picked":"FrozenCore"}],"items_purged_floors":[],"is_endless":false,"potions_floor_spawned":[1,25,27,33,35,37,39,42],"killed_by":"Giant Head","ascension_level":0}}