{"host":"8vqkh0x3c7vpgzzm","time":1614372718,"event":{"mods":["AchievementEnabler","BaseMod","Colored Map","Colored Powertips","Curses Come First","DeckTracker","Highlight Path","Minty Spire (QoL Compilation)","Permanent Neow","Quick Restart","Random Character Mod","Rare Cards Sparkle","Relic Sorter","Relic Stats","StSLib","SuperFastMode","Unceasing Turn Reminder","egg","everything is the same but u backflip on backflip"],"gold_per_floor":[113,38,38,38,51,85,85,85,111,21,54,54,54,70,70,146,146,116,86,102,3,18,18,18,43,67,67,83,83,116,132,132,132,132],"floor_reached":33,"language":"ENG","playtime":1183,"items_purged":[],"score":592,"play_id":"b34ae624-c0a4-462a-bfde-45ec0c695d7a","local_time":"20210226215158","is_ascension_mode":true,"campfire_choices":[{"data":"Neutralize","floor":8,"key":"SMITH"},{"data":"Catalyst","floor":15,"key":"SMITH"},{"data":"Wraith Form v2","floor":23,"key":"SMITH"},{"data":"Bouncing Flask","floor":29,"key":"SMITH"},{"floor":32,"key":"REST"}],"circlet_count":0,"master_deck":["AscendersBane","Strike_G","Strike_G","Strike_G","Strike_G","Defend_G","Defend_G","Defend_G","Defend_G","Survivor","Neutralize+1","Deflect","Bouncing Flask+1","Dash","Catalyst+1","Wraith Form v2+1","Acrobatics","Corpse Explosion","Backflip","Blur","Well Laid Plans","Blade Dance","Ghostly","Ghostly","Ghostly","Prepared+1","Outmaneuver+1","After Image"],"relics":["Ring of the Snake","NeowsBlessing","Blood Vial","Toy Ornithopter","Juzu Bracelet","Potion Belt","Lantern","Snecko Eye","Red Mask","Dream Catcher","Mummified Hand","Nunchaku"],"acts_visited":["Exordium","TheCity"],"potions_floor_usage":[11,16,16,30,31,33,33],"damage_taken":[{"damage":0,"enemies":"Jaw Worm","floor":1,"turns":1},{"damage":0,"enemies":"Cultist","floor":5,"turns":1},{"damage":0,"enemies":"Lagavulin","floor":6,"turns":1},{"damage":23,"enemies":"3 Sentries","floor":11,"turns":11},{"damage":0,"enemies":"2 Louse","floor":14,"turns":4},{"damage":33,"enemies":"Hexaghost","floor":16,"turns":9},{"damage":7,"enemies":"2 Thieves","floor":18,"turns":4},{"damage":4,"enemies":"3 Byrds","floor":20,"turns":2},{"damage":1,"enemies":"Shelled Parasite and Fungi","floor":22,"turns":5},{"damage":1,"enemies":"Masked Bandits","floor":25,"turns":4},{"damage":2,"enemies":"Sentry and Sphere","floor":28,"turns":4},{"damage":3,"enemies":"Slavers","floor":30,"turns":3},{"damage":37,"enemies":"Snecko","floor":31,"turns":5},{"damage":58,"enemies":"Automaton","floor":33,"turns":6}],"seed_played":"6066084045456002219","potions_obtained":[{"floor":1,"key":"CunningPotion"},{"floor":6,"key":"Poison Potion"},{"floor":11,"key":"Weak Potion"},{"floor":18,"key":"SpeedPotion"},{"floor":19,"key":"Fire Potion"},{"floor":19,"key":"SteroidPotion"},{"floor":20,"key":"SpeedPotion"},{"floor":25,"key":"Swift Potion"}],"is_trial":false,"path_per_floor":["M","?","?","$","M","E","?","R","T","$","E","?","?","M","R","B",null,"M","?","M","$","M","R","?","?","T","T","M","R","E","M","R","B"],"character_chosen":"THE_SILENT","items_purchased":["Catalyst","Well Laid Plans","Blade Dance"],"campfire_rested":1,"item_purchase_floors":[10,21,21],"current_hp_per_floor":[59,59,59,59,61,63,68,68,68,68,48,41,36,38,38,17,58,53,53,51,51,52,52,35,34,34,34,33,33,32,2,12,0,0],"gold":132,"neow_bonus":"THREE_ENEMY_KILL","is_daily":false,"chose_seed":false,"campfire_upgraded":4,"win_rate":0.0,"timestamp":1614372718,"path_taken":["M","?","?","$","?","E","?","R","T","?","E","?","?","M","R","BOSS","M","?","M","$","M","R","?","?","T","?","M","R","E","M","R","BOSS"],"items_purchased_type":["Card","Card","Card"],"build_version":"2020-12-22","purchased_purges":0,"victory":false,"max_hp_per_floor":[66,66,66,66,66,66,71,71,71,71,71,71,71,71,71,71,71,71,71,71,71,71,71,35,35,35,35,35,35,35,35,35,35,35],"relic_stats":{"Blood Vial":23,"Dream Catcher":1,"Nunchaku":[1],"counters":[14,60],"Mummified Hand":[7],"Snecko Eye":[63,60,71,73],"Juzu Bracelet":1,"obtain_stats":[{"Blood Vial":3,"Potion Belt":11,"Lantern":13,"Dream Catcher":26,"Nunchaku":30,"NeowsBlessing":0,"Mummified Hand":27,"Snecko Eye":17,"Juzu Bracelet":9,"Red Mask":25,"Toy Ornithopter":6,"Ring of the Snake":0},{"Blood Vial":1,"Potion Belt":4,"Lantern":4,"Dream Catcher":10,"Nunchaku":12,"NeowsBlessing":0,"Mummified Hand":10,"Snecko Eye":6,"Juzu Bracelet":3,"Red Mask":10,"Toy Ornithopter":3,"Ring of the Snake":0},{"Blood Vial":1,"Potion Belt":14,"Lantern":14,"Dream Catcher":42,"Nunchaku":49,"NeowsBlessing":0,"Mummified Hand":42,"Snecko Eye":27,"Juzu Bracelet":3,"Red Mask":42,"Toy Ornithopter":3,"Ring of the Snake":0}],"Toy Ornithopter":26,"Ring of the Snake":[28]},"card_choices":[{"not_picked":["Finisher","Deadly Poison"],"picked":"Deflect","floor":1},{"not_picked":["Deflect","Dodge and Roll"],"picked":"Bouncing Flask","floor":5},{"not_picked":["Prepared","Quick Slash"],"picked":"Dash","floor":6},{"not_picked":["Footwork","Flechettes"],"picked":"Wraith Form v2","floor":11},{"not_picked":["Setup","Underhanded Strike"],"picked":"Acrobatics","floor":14},{"not_picked":["After Image","Glass Knife"],"picked":"Corpse Explosion","floor":16},{"not_picked":["Infinite Blades","Underhanded Strike"],"picked":"Backflip","floor":18},{"not_picked":["Choke","Finisher"],"picked":"Blur","floor":20},{"not_picked":["Escape Plan","Slice","Poisoned Stab"],"picked":"SKIP","floor":22},{"not_picked":["Sucker Punch+1","Deflect"],"picked":"Prepared+1","floor":25},{"not_picked":["Sucker Punch+1","Blade Dance+1"],"picked":"Outmaneuver+1","floor":28},{"not_picked":["Blade Dance","Quick Slash","Outmaneuver+1"],"picked":"SKIP","floor":30},{"not_picked":["Blade Dance","Quick Slash","Outmaneuver+1"],"picked":"SKIP","floor":30},{"not_picked":["Infinite Blades","Heel Hook","Bane"],"picked":"SKIP","floor":31},{"not_picked":["Cloak And Dagger","Blade Dance+1"],"picked":"After Image","floor":32}],"player_experience":664729,"relics_obtained":[{"floor":3,"key":"Blood Vial"},{"floor":6,"key":"Toy Ornithopter"},{"floor":9,"key":"Juzu Bracelet"},{"floor":11,"key":"Potion Belt"},{"floor":25,"key":"Red Mask"},{"floor":26,"key":"Dream Catcher"},{"floor":27,"key":"Mummified Hand"},{"floor":30,"key":"Nunchaku"}],"event_choices":[{"cards_removed":["Defend_G"],"damage_healed":0,"gold_gain":0,"player_choice":"Card Removal","damage_taken":0,"max_hp_gain":0,"max_hp_loss":0,"event_name":"The Cleric","floor":2,"gold_loss":75},{"damage_healed":0,"gold_gain":0,"player_choice":"Relic","damage_taken":0,"max_hp_gain":0,"max_hp_loss":0,"event_name":"Wheel of Change","floor":3,"gold_loss":0},{"damage_healed":0,"gold_gain":0,"player_choice":"Donut","damage_taken":0,"max_hp_gain":5,"max_hp_loss":0,"event_name":"Big Fish","floor":7,"gold_loss":0},{"cards_removed":["Strike_G"],"damage_healed":0,"gold_gain":0,"player_choice":"Card Removal","damage_taken":7,"max_hp_gain":0,"max_hp_loss":0,"event_name":"Golden Wing","floor":12,"gold_loss":0},{"damage_healed":0,"gold_gain":0,"player_choice":"Success","damage_taken":5,"relics_obtained":["Lantern"],"max_hp_gain":0,"max_hp_loss":0,"event_name":"Scrap Ooze","floor":13,"gold_loss":0},{"damage_healed":0,"gold_gain":0,"player_choice":"Bought 2 Potions","damage_taken":0,"max_hp_gain":0,"max_hp_loss":0,"event_name":"The Woman in Blue","floor":19,"gold_loss":0},{"damage_healed":0,"gold_gain":0,"player_choice":"Became a Ghost","damage_taken":0,"max_hp_gain":0,"max_hp_loss":36,"event_name":"Ghosts","floor":24,"gold_loss":0,"cards_obtained":["Ghostly","Ghostly","Ghostly"]},{"damage_healed":0,"gold_gain":0,"player_choice":"Fought Bandits","damage_taken":0,"max_hp_gain":0,"max_hp_loss":0,"event_name":"Masked Bandits","floor":25,"gold_loss":0}],"is_beta":false,"boss_relics":[{"not_picked":["Fusion Hammer","WristBlade"],"picked":"Snecko Eye"}],"items_purged_floors":[],"is_endless":false,"potions_floor_spawned":[1,6,11,18,20,25,28],"killed_by":"Automaton","ascension_level":20}}