{"host":"d52brwsy6af8zvaq","time":1614298314,"event":{"mods":["AchievementEnabler","BaseMod","Bestiary","Highlight Path","Minty Spire (QoL Compilation)","Quick Restart","Relic Stats","ojb\u0027s Better Paths Mod"],"gold_per_floor":[109,128,128,140,153,153,185,185,185,197,197,197,215,240,240,319,319,331,348,348,348,365,391,391,316,316,346,346,378,378,378],"floor_reached":30,"language":"ENG","playtime":1029,"items_purged":[],"score":621,"play_id":"2ff7db3b-7127-42c4-96ee-92490acda5e5","local_time":"20210225171154","is_ascension_mode":true,"campfire_choices":[{"data":"Doom and Gloom","floor":6.0,"key":"SMITH"},{"data":"Hologram","floor":8.0,"key":"SMITH"},{"data":"Sunder","floor":11.0,"key":"SMITH"},{"floor":15.0,"key":"REST"},{"floor":24.0,"key":"REST"},{"floor":28.0,"key":"REST"}],"circlet_count":0,"master_deck":["AscendersBane","Strike_B","Strike_B","Defend_B","Defend_B","Defend_B","Defend_B","Zap+1","Dualcast","Doom and Gloom+1","Ball Lightning","Cold Snap","Hologram+1","Conserve Battery","Sunder+1","Rebound","Fusion","Meteor Strike","Leap+1","Go for the Eyes","Glacier","Compile Driver+1"],"relics":["Cracked Core","Question Card","Singing Bowl","Blood Vial","Nuclear Battery","Torii","Strawberry","Molten Egg 2","MealTicket","Calipers"],"acts_visited":["Exordium","TheCity"],"potions_floor_usage":[30],"damage_taken":[{"damage":7.0,"enemies":"2 Louse","floor":1.0,"turns":3.0},{"damage":1.0,"enemies":"Cultist","floor":2.0,"turns":3.0},{"damage":7.0,"enemies":"Small Slimes","floor":4.0,"turns":2.0},{"damage":14.0,"enemies":"Exordium Thugs","floor":5.0,"turns":4.0},{"damage":10.0,"enemies":"3 Sentries","floor":7.0,"turns":6.0},{"damage":0.0,"enemies":"3 Louse","floor":10.0,"turns":1.0},{"damage":0.0,"enemies":"2 Fungi Beasts","floor":13.0,"turns":2.0},{"damage":11.0,"enemies":"Gremlin Nob","floor":14.0,"turns":3.0},{"damage":21.0,"enemies":"Slime Boss","floor":16.0,"turns":6.0},{"damage":39.0,"enemies":"Shell Parasite","floor":18.0,"turns":5.0},{"damage":0.0,"enemies":"Spheric Guardian","floor":19.0,"turns":3.0},{"damage":10.0,"enemies":"Snecko","floor":22.0,"turns":4.0},{"damage":25.0,"enemies":"Gremlin Leader","floor":23.0,"turns":7.0},{"damage":27.0,"enemies":"Slavers","floor":27.0,"turns":6.0},{"damage":44,"enemies":"Gremlin Leader","floor":29,"turns":6},{"damage":24,"enemies":"Shelled Parasite and Fungi","floor":30,"turns":2}],"seed_played":"-5802063639832669439","potions_obtained":[{"floor":2.0,"key":"PowerPotion"},{"floor":4.0,"key":"Energy Potion"},{"floor":19.0,"key":"Fire Potion"},{"floor":23.0,"key":"AttackPotion"},{"floor":29,"key":"EssenceOfSteel"}],"is_trial":false,"path_per_floor":["M","M","?","M","M","R","E","R","T","M","R","?","M","E","R","B",null,"M","M","?","T","M","E","R","?","T","E","R","E","M"],"character_chosen":"DEFECT","items_purchased":[],"campfire_rested":3,"item_purchase_floors":[],"current_hp_per_floor":[64,63,63,56,42,42,32,32,32,32,32,32,34,23,47,28,67,30,32,48,48,40,26,52,52,52,27,53,13,0,0],"gold":378,"neow_bonus":"TEN_PERCENT_HP_BONUS","is_daily":false,"chose_seed":false,"campfire_upgraded":3,"win_rate":0.0,"timestamp":1614298314,"path_taken":["M","M","?","M","?","R","E","R","T","M","R","?","M","E","R","BOSS","M","M","?","?","M","E","R","?","T","E","R","E","M"],"items_purchased_type":[],"build_version":"2020-12-22","purchased_purges":0,"victory":false,"max_hp_per_floor":[78,78,78,78,78,78,78,78,78,78,78,78,80,80,80,80,80,80,80,80,80,80,89,89,89,89,89,89,91,91,91],"relic_stats":{"Blood Vial":16,"Singing Bowl":6,"Torii":13,"counters":[16,63],"MealTicket":0,"Question Card":10,"obtain_stats":[{"Blood Vial":14,"Calipers":29,"Singing Bowl":9,"Torii":21,"Strawberry":23,"Molten Egg 2":26,"MealTicket":27,"Cracked Core":0,"Question Card":7,"Nuclear Battery":17},{"Blood Vial":8,"Calipers":15,"Singing Bowl":5,"Torii":11,"Strawberry":13,"Molten Egg 2":13,"MealTicket":14,"Cracked Core":0,"Question Card":5,"Nuclear Battery":9},{"Blood Vial":24,"Calipers":61,"Singing Bowl":18,"Torii":38,"Strawberry":49,"Molten Egg 2":49,"MealTicket":55,"Cracked Core":0,"Question Card":18,"Nuclear Battery":30}]},"card_choices":[{"not_picked":["Sweeping Beam","Capacitor"],"picked":"Doom and Gloom","floor":1.0},{"not_picked":["Tempest","Hologram"],"picked":"Ball Lightning","floor":2.0},{"not_picked":["Lockon","Rebound"],"picked":"Cold Snap","floor":4.0},{"not_picked":["All For One","Rebound"],"picked":"Hologram","floor":5.0},{"not_picked":["Fusion","Rebound"],"picked":"Conserve Battery","floor":7.0},{"not_picked":["Hyperbeam","Heatsinks","Hologram"],"picked":"Sunder","floor":10.0},{"not_picked":["Cold Snap","Sunder","Scrape","Sweeping Beam"],"picked":"Singing Bowl","floor":13.0},{"not_picked":["Sweeping Beam","Go for the Eyes","Streamline"],"picked":"Fusion","floor":14.0},{"not_picked":["Seek","Core Surge","Machine Learning"],"picked":"Meteor Strike","floor":16.0},{"not_picked":["Hologram","Hello World","Static Discharge"],"picked":"Leap+1","floor":18.0},{"not_picked":["Gash","Redo","Rebound"],"picked":"Go for the Eyes","floor":19.0},{"not_picked":["Hologram","Blizzard","Redo"],"picked":"Glacier","floor":22.0},{"not_picked":["Rebound","Cold Snap","Go for the Eyes","Steam Power"],"picked":"Singing Bowl","floor":23.0},{"not_picked":["Hello World","Sunder+1","Barrage+1"],"picked":"Compile Driver+1","floor":27.0},{"not_picked":["Rainbow","Beam Cell+1","Cold Snap+1","Darkness"],"picked":"Singing Bowl","floor":29}],"player_experience":2375628,"relics_obtained":[{"floor":7.0,"key":"Question Card"},{"floor":9.0,"key":"Singing Bowl"},{"floor":14.0,"key":"Blood Vial"},{"floor":21.0,"key":"Torii"},{"floor":23.0,"key":"Strawberry"},{"floor":26.0,"key":"Molten Egg 2"},{"floor":27.0,"key":"MealTicket"},{"floor":29,"key":"Calipers"}],"event_choices":[{"damage_healed":0.0,"max_hp_gain":0.0,"max_hp_loss":0.0,"gold_gain":0.0,"event_name":"Upgrade Shrine","player_choice":"Upgraded","floor":3.0,"gold_loss":0.0,"damage_taken":0.0,"cards_upgraded":["Zap"]},{"damage_healed":0.0,"max_hp_gain":0.0,"max_hp_loss":0.0,"gold_gain":0.0,"cards_transformed":["Strike_B"],"event_name":"Living Wall","player_choice":"Change","floor":12.0,"gold_loss":0.0,"damage_taken":0.0,"cards_obtained":["Rebound"]},{"damage_healed":16.0,"max_hp_gain":0.0,"max_hp_loss":0.0,"gold_gain":0.0,"event_name":"The Library","player_choice":"Heal","floor":20.0,"gold_loss":0.0,"damage_taken":0.0},{"cards_removed":["Strike_B"],"damage_healed":0.0,"max_hp_gain":0.0,"max_hp_loss":0.0,"gold_gain":0.0,"event_name":"Beggar","player_choice":"Gave Gold","floor":25.0,"gold_loss":75.0,"damage_taken":0.0}],"is_beta":false,"boss_relics":[{"not_picked":["Astrolabe","Philosopher\u0027s Stone"],"picked":"Nuclear Battery"}],"items_purged_floors":[],"is_endless":false,"potions_floor_spawned":[2,4,7,10,19,23,29],"killed_by":"Shelled Parasite and Fungi","ascension_level":20}}