{"host":"r4yhuzs0e1z69tr3","time":1614363906,"event":{"mods":["BaseMod","Minty Spire (QoL Compilation)","Rare Cards Sparkle"],"gold_per_floor":[216,230,405,424,205,233,246,279,331,331,357,357,357,369,369,467,467,486,43,61,71,91,91,101,120,120,133,149,149,149,161,161,258,258,273,273,286,246,257,257,284,284,362,362,390,133,144,144,144,144],"floor_reached":51,"language":"ENG","playtime":3155,"items_purged":["Doubt"],"score":765,"play_id":"768b4b18-a364-4cc6-af55-1eddb4f70798","local_time":"20210226132506","is_ascension_mode":true,"campfire_choices":[{"data":"Tempest","floor":10.0,"key":"SMITH"},{"floor":12.0,"key":"REST"},{"data":"Hologram","floor":15.0,"key":"SMITH"},{"data":"Self Repair","floor":23.0,"key":"SMITH"},{"data":"Echo Form","floor":30.0,"key":"SMITH"},{"floor":32.0,"key":"REST"},{"data":"Defragment","floor":40.0,"key":"SMITH"},{"floor":42.0,"key":"REST"},{"data":"Sunder","floor":44.0,"key":"SMITH"},{"floor":49.0,"key":"REST"}],"circlet_count":0,"master_deck":["Strike_B","Strike_B","Strike_B","Strike_B","Defend_B","Defend_B","Defend_B","Defend_B","Zap","Dualcast","Melter","Tempest+1","Hologram+1","Ball Lightning","Compile Driver","Redo+1","Defragment+1","Ball Lightning","Echo Form+1","Leap+1","Doom and Gloom","Self Repair+1","Chaos","Fission+1","CurseOfTheBell","Sunder+1","Defragment+1","Go for the Eyes+1","Beam Cell+1"],"relics":["Cracked Core","Chemical X","Bronze Scales","Letter Opener","Regal Pillow","Anchor","SlaversCollar","StoneCalendar","Lee\u0027s Waffle","Toy Ornithopter","Calling Bell","Oddly Smooth Stone","InkBottle","FossilizedHelix","Cables","Darkstone Periapt","Blue Candle","Meat on the Bone"],"acts_visited":["Exordium","TheCity","TheBeyond"],"potions_floor_usage":[50,50],"damage_taken":[{"damage":0.0,"enemies":"Cultist","floor":1.0,"turns":4.0},{"damage":0.0,"enemies":"Small Slimes","floor":2.0,"turns":2.0},{"damage":0.0,"enemies":"2 Louse","floor":4.0,"turns":2.0},{"damage":6.0,"enemies":"Lagavulin","floor":6.0,"turns":5.0},{"damage":7.0,"enemies":"Blue Slaver","floor":7.0,"turns":3.0},{"damage":15.0,"enemies":"Gremlin Nob","floor":8.0,"turns":4.0},{"damage":23.0,"enemies":"3 Sentries","floor":11.0,"turns":4.0},{"damage":0.0,"enemies":"Exordium Wildlife","floor":14.0,"turns":2.0},{"damage":11.0,"enemies":"Slime Boss","floor":16.0,"turns":5.0},{"damage":18.0,"enemies":"Shell Parasite","floor":18.0,"turns":4.0},{"damage":0.0,"enemies":"3 Byrds","floor":20.0,"turns":3.0},{"damage":26.0,"enemies":"3 Cultists","floor":21.0,"turns":4.0},{"damage":5.0,"enemies":"Snecko","floor":22.0,"turns":4.0},{"damage":30.0,"enemies":"Shelled Parasite and Fungi","floor":24.0,"turns":5.0},{"damage":10.0,"enemies":"Chosen and Byrds","floor":25.0,"turns":4.0},{"damage":1.0,"enemies":"Snake Plant","floor":27.0,"turns":3.0},{"damage":0.0,"enemies":"Sentry and Sphere","floor":28.0,"turns":3.0},{"damage":33.0,"enemies":"3 Cultists","floor":31.0,"turns":5.0},{"damage":47.0,"enemies":"Automaton","floor":33.0,"turns":8.0},{"damage":0.0,"enemies":"3 Shapes","floor":35.0,"turns":4.0},{"damage":0.0,"enemies":"Orb Walker","floor":37.0,"turns":3.0},{"damage":40.0,"enemies":"Maw","floor":39.0,"turns":7.0},{"damage":48.0,"enemies":"Giant Head","floor":41.0,"turns":8.0},{"damage":26.0,"enemies":"Nemesis","floor":45.0,"turns":5.0},{"damage":19.0,"enemies":"Transient","floor":47.0,"turns":5.0},{"damage":75,"enemies":"Awakened One","floor":50,"turns":12}],"seed_played":"4474833508985608595","potions_obtained":[{"floor":1.0,"key":"Block Potion"},{"floor":2.0,"key":"SpeedPotion"},{"floor":6.0,"key":"Energy Potion"},{"floor":16.0,"key":"PotionOfCapacity"},{"floor":20.0,"key":"Swift Potion"},{"floor":24.0,"key":"PowerPotion"},{"floor":27.0,"key":"Energy Potion"},{"floor":28.0,"key":"Weak Potion"},{"floor":33.0,"key":"SpeedPotion"},{"floor":41.0,"key":"GamblersBrew"}],"is_trial":false,"path_per_floor":["M","M","?","M","$","E","M","E","T","R","E","R","?","M","R","B",null,"M","$","M","M","M","R","M","M","T","M","M","$","R","M","R","B",null,"M","?","M","?","M","R","E","R","T","R","E","$","M","?","R","B",null],"character_chosen":"DEFECT","items_purchased":["Chemical X","StoneCalendar","Lee\u0027s Waffle","Meat on the Bone"],"campfire_rested":4,"item_purchase_floors":[5,19,19,46],"current_hp_per_floor":[75,75,75,75,75,69,62,47,47,47,24,61,61,61,61,50,75,57,82,82,56,51,51,31,41,41,55,55,55,55,37,76,39,82,82,82,82,82,52,52,19,58,58,58,32,32,35,35,74,41],"gold":144,"neow_bonus":"HUNDRED_GOLD","is_daily":false,"chose_seed":false,"campfire_upgraded":6,"win_rate":0.0,"timestamp":1614363906,"path_taken":["M","M","?","M","$","E","M","E","T","R","E","R","?","M","R","BOSS","M","$","M","M","M","R","M","?","T","M","M","$","R","M","R","BOSS","M","?","?","?","?","R","E","R","T","R","E","$","M","?","R","BOSS"],"items_purchased_type":["Relic","Relic","Relic","Relic"],"build_version":"2020-12-22","purchased_purges":1,"victory":true,"max_hp_per_floor":[75,75,75,75,75,75,75,75,75,75,75,75,75,75,75,75,75,75,82,82,82,82,82,82,82,82,82,82,82,82,82,82,82,82,82,82,82,82,82,82,82,82,82,82,82,82,82,82,82,82],"card_choices":[{"not_picked":["FTL","Compile Driver"],"picked":"Melter","floor":1.0},{"not_picked":["Conserve Battery","Beam Cell"],"picked":"Tempest","floor":2.0},{"not_picked":["Sweeping Beam","Auto Shields"],"picked":"Hologram","floor":4.0},{"not_picked":["Stack","Undo"],"picked":"Ball Lightning","floor":6.0},{"not_picked":["Auto Shields","Rebound"],"picked":"Compile Driver","floor":7.0},{"not_picked":["Reprogram","Rebound"],"picked":"Redo","floor":8.0},{"not_picked":["Blizzard","Conserve Battery"],"picked":"Defragment","floor":11.0},{"not_picked":["Go for the Eyes","Reinforced Body"],"picked":"Ball Lightning","floor":14.0},{"not_picked":["Creative AI","Core Surge"],"picked":"Echo Form","floor":16.0},{"not_picked":["Coolheaded","Genetic Algorithm"],"picked":"Leap+1","floor":18.0},{"not_picked":["Sweeping Beam+1","Storm"],"picked":"Doom and Gloom","floor":20.0},{"not_picked":["FTL+1","Reprogram"],"picked":"Self Repair","floor":21.0},{"not_picked":["Gash+1","Sweeping Beam"],"picked":"Chaos","floor":22.0},{"not_picked":["Melter+1","Stack"],"picked":"Streamline","floor":24.0},{"not_picked":["Leap","Steam","Coolheaded+1"],"picked":"SKIP","floor":25.0},{"not_picked":["Blizzard+1","Turbo","Streamline"],"picked":"SKIP","floor":27.0},{"not_picked":["Auto Shields","Sweeping Beam+1","Chaos"],"picked":"SKIP","floor":28.0},{"not_picked":["Redo","Sweeping Beam","Loop"],"picked":"SKIP","floor":31.0},{"not_picked":["Buffer","Echo Form"],"picked":"Fission","floor":33.0},{"not_picked":["Steam","Coolheaded+1","Sweeping Beam+1"],"picked":"SKIP","floor":35.0},{"not_picked":["Coolheaded+1","Turbo+1"],"picked":"Sunder","floor":37.0},{"not_picked":["Beam Cell","Coolheaded"],"picked":"Defragment","floor":39.0},{"not_picked":["Aggregate","Core Surge","Turbo+1"],"picked":"SKIP","floor":41.0},{"not_picked":["Hologram","Steam Power"],"picked":"Go for the Eyes+1","floor":45.0},{"not_picked":["Rip and Tear","Hologram+1"],"picked":"Beam Cell+1","floor":47.0}],"player_experience":196032,"relics_obtained":[{"floor":6.0,"key":"Bronze Scales"},{"floor":8.0,"key":"Letter Opener"},{"floor":9.0,"key":"Regal Pillow"},{"floor":11.0,"key":"Anchor"},{"floor":26.0,"key":"Toy Ornithopter"},{"floor":34.0,"key":"Oddly Smooth Stone"},{"floor":34.0,"key":"InkBottle"},{"floor":34.0,"key":"FossilizedHelix"},{"floor":41.0,"key":"Cables"},{"floor":43.0,"key":"Darkstone Periapt"},{"floor":45.0,"key":"Blue Candle"}],"event_choices":[{"damage_healed":0.0,"max_hp_gain":0.0,"max_hp_loss":0.0,"gold_gain":175.0,"event_name":"Liars Game","player_choice":"AGREE","floor":3.0,"gold_loss":0.0,"damage_taken":0.0,"cards_obtained":["Doubt"]},{"damage_healed":0.0,"max_hp_gain":0.0,"max_hp_loss":0.0,"gold_gain":0.0,"event_name":"Upgrade Shrine","player_choice":"Upgraded","floor":13.0,"gold_loss":0.0,"damage_taken":0.0,"cards_upgraded":["Defragment"]},{"cards_removed":["Streamline"],"damage_healed":5.0,"max_hp_gain":0.0,"max_hp_loss":0.0,"gold_gain":0.0,"event_name":"Bonfire Elementals","player_choice":"Offered Common","floor":36.0,"gold_loss":0.0,"damage_taken":0.0},{"cards_removed":["Streamline"],"damage_healed":5.0,"max_hp_gain":0.0,"max_hp_loss":0.0,"gold_gain":0.0,"event_name":"Bonfire Elementals","player_choice":"Offered Special","floor":36.0,"gold_loss":0.0,"damage_taken":0.0},{"damage_healed":0.0,"max_hp_gain":0.0,"max_hp_loss":0.0,"gold_gain":0.0,"event_name":"Designer","player_choice":"Upgraded Two","floor":38.0,"gold_loss":40.0,"damage_taken":0.0,"cards_upgraded":["Fission","Redo"]},{"damage_healed":0.0,"max_hp_gain":0.0,"max_hp_loss":0.0,"gold_gain":0.0,"event_name":"SensoryStone","player_choice":"Memory 1","floor":48.0,"gold_loss":0.0,"damage_taken":0.0}],"is_beta":false,"boss_relics":[{"not_picked":["FrozenCore","Philosopher\u0027s Stone"],"picked":"SlaversCollar"},{"not_picked":["Runic Pyramid","Velvet Choker"],"picked":"Calling Bell"}],"items_purged_floors":[5],"is_endless":false,"potions_floor_spawned":[1,2,6,16,20,24,27,28,33,35,41,45],"ascension_level":1}}