{"host":"d7qmn60fs48wu5y6","time":1614379177,"event":{"mods":["BaseMod","Downfall","Marisa????????","Minty Spire (QoL Compilation)","Shade Mod","StSLib","The Bug Knight","The Cursed","The Necromancer","The Servant 0.9.4"],"gold_per_floor":[114,114,114,132,26,26,59,59,82,100,100,28,28,28,28,158,158,179,74,74,88,112,112,112,112],"floor_reached":24,"language":"ENG","playtime":895,"items_purged":[],"score":227,"play_id":"c458c39c-9ff8-4787-bc4a-3d7ebdde93bd","local_time":"20210226143937","is_ascension_mode":true,"campfire_choices":[{"data":"Shade:Brains","floor":6,"key":"SMITH"},{"data":"Shade:FreshBones","floor":8,"key":"SMITH"},{"data":"Shade:Carnophage","floor":11,"key":"SMITH"},{"data":"Shade:Carnophage","floor":13,"key":"SMITH"},{"data":"Shade:AuraOfUnlife","floor":15,"key":"SMITH"},{"floor":23,"key":"REST"}],"circlet_count":0,"master_deck":["Shade:Strike_Shade","Shade:Strike_Shade","Shade:Strike_Shade","Shade:Defend_Shade","Shade:Defend_Shade","Shade:Defend_Shade","Shade:AnimateDead","Shade:CarefulCut","Shade:Bonestorm","Shade:Carnophage","Injury","Shade:FreshBones+1","Shade:AuraOfUnlife+1","Shade:Brains+1","Shade:Carnophage+1","Shade:Carnophage+1","Shade:LichForm","Shade:Carnophage+1","Shade:Trample+1","Shade:Carnophage","Shade:RavenousHorde","Shade:PressTheAttack+1"],"relics":["Shade:YorickSkull","Golden Idol","Molten Egg 2","Kunai","Empty Cage","MutagenicStrength"],"acts_visited":["Exordium","TheCity"],"potions_floor_usage":[7,7,24],"damage_taken":[{"damage":0,"enemies":"Jaw Worm","floor":1,"turns":4},{"damage":0,"enemies":"2 Louse","floor":4,"turns":2},{"damage":2,"enemies":"3 Sentries","floor":7,"turns":8},{"damage":0,"enemies":"Small Slimes","floor":10,"turns":3},{"damage":23,"enemies":"Slime Boss","floor":16,"turns":8},{"damage":19,"enemies":"Spheric Guardian","floor":18,"turns":5},{"damage":35,"enemies":"2 Thieves","floor":21,"turns":4},{"damage":11,"enemies":"Snake Plant","floor":22,"turns":7},{"damage":31,"enemies":"Book of Stabbing","floor":24,"turns":4}],"seed_played":"-7627726724839766737","potions_obtained":[{"floor":1,"key":"Energy Potion"},{"floor":4,"key":"Explosive Potion"},{"floor":22,"key":"Swift Potion"}],"is_trial":false,"path_per_floor":["M","?","?","M","$","R","E","R","T","M","R","$","R","?","R","B",null,"M","$","?","M","M","R","E"],"character_chosen":"SHADE","items_purchased":["Shade:AuraOfUnlife","Shade:Brains","Shade:Carnophage","Shade:Trample+1","Shade:Carnophage"],"campfire_rested":1,"item_purchase_floors":[5,5,12,19,19],"current_hp_per_floor":[65,65,62,62,62,62,60,60,60,60,60,60,60,65,65,42,70,51,51,51,16,5,26,0,0],"gold":112,"neow_bonus":"THREE_CARDS","is_daily":false,"chose_seed":false,"campfire_upgraded":5,"win_rate":0.0,"timestamp":1614379177,"path_taken":["M","?","?","M","$","R","E","R","T","M","R","$","R","?","R","BOSS","M","$","?","M","M","R","E"],"items_purchased_type":["Card","Card","Card","Card","Card"],"build_version":"2020-12-22","purchased_purges":0,"victory":false,"max_hp_per_floor":[65,65,65,65,65,65,65,65,65,65,65,65,65,70,70,70,70,70,70,70,70,70,70,70,70],"card_choices":[{"not_picked":["Shade:Doomsay","Shade:PotionOfRestlessness"],"picked":"Shade:Bonestorm","floor":0},{"not_picked":["Shade:Trample","Shade:PoundOfFlesh"],"picked":"Shade:Carnophage","floor":1},{"not_picked":["Shade:PotionOfRestlessness","Shade:PoundOfFlesh+1"],"picked":"Shade:FreshBones","floor":4},{"not_picked":["Shade:RavenousHorde","Shade:BoneShards+1","Shade:GreyBargain"],"picked":"SKIP","floor":7},{"not_picked":["Shade:PoundOfFlesh+1","Shade:SpontaneousRitual+1"],"picked":"Shade:Carnophage","floor":10},{"not_picked":["Shade:Consume+1","Shade:OneIsEnough+1"],"picked":"Shade:LichForm","floor":16},{"not_picked":["Shade:AuraOfUnlife","Shade:Bonestorm+1"],"picked":"Shade:Carnophage+1","floor":18},{"not_picked":["Shade:PotionOfRestlessness","Shade:RitualOffering"],"picked":"Shade:RavenousHorde","floor":21},{"not_picked":["Shade:RavenousHorde","Shade:FeralStrike+1"],"picked":"Shade:PressTheAttack+1","floor":22}],"player_experience":983827,"relics_obtained":[{"floor":7,"key":"Kunai"}],"event_choices":[{"damage_healed":0,"gold_gain":0,"player_choice":"Take Wound","damage_taken":0,"relics_obtained":["Golden Idol"],"max_hp_gain":0,"max_hp_loss":0,"event_name":"Golden Idol","floor":2,"gold_loss":0,"cards_obtained":["Injury"]},{"damage_healed":0,"gold_gain":0,"player_choice":"Success","damage_taken":3,"relics_obtained":["Molten Egg 2"],"max_hp_gain":0,"max_hp_loss":0,"event_name":"Scrap Ooze","floor":3,"gold_loss":0},{"damage_healed":0,"gold_gain":0,"player_choice":"Donut","damage_taken":0,"max_hp_gain":5,"max_hp_loss":0,"event_name":"Big Fish","floor":14,"gold_loss":0},{"damage_healed":0,"gold_gain":0,"player_choice":"Inject Mutagens","damage_taken":0,"relics_obtained":["MutagenicStrength"],"max_hp_gain":0,"max_hp_loss":0,"event_name":"Drug Dealer","floor":20,"gold_loss":0}],"is_beta":false,"boss_relics":[{"not_picked":["Black Star","SlaversCollar"],"picked":"Empty Cage"}],"items_purged_floors":[],"is_endless":false,"potions_floor_spawned":[1,4,22],"killed_by":"Book of Stabbing","ascension_level":1}}