{"host":"xhy9gc4eyomy2i9o","time":1614343387,"event":{"mods":["AchievementEnabler","Act Like it!","BaseMod","Better Vampires","Minty Spire (QoL Compilation)","Permanent Neow","Quick Restart","Shop Mod","StSLib","Waifu the Spire"],"gold_per_floor":[110,123,298,41,53,53,3,3,53,53,53,53],"floor_reached":11,"language":"ZHS","playtime":247,"items_purged":["Doubt"],"score":104,"play_id":"1e305920-6ac6-469e-b432-bd8daf4cee86","local_time":"20210226204307","is_ascension_mode":true,"campfire_choices":[{"data":"Dualcast","floor":6,"key":"SMITH"},{"data":"Master of Strategy","floor":8,"key":"SMITH"},{"floor":10,"key":"RECALL"}],"circlet_count":0,"master_deck":["AscendersBane","Strike_B","Strike_B","Defend_B","Defend_B","Defend_B","Zap","Dualcast+1","Master of Strategy+1"],"relics":["Empty Cage","Vajra"],"acts_visited":["Exordium"],"potions_floor_usage":[],"damage_taken":[{"damage":0.0,"enemies":"Small Slimes","floor":1.0,"turns":4.0},{"damage":5,"enemies":"Jaw Worm","floor":2,"turns":5},{"damage":0,"enemies":"2 Louse","floor":5,"turns":4},{"damage":30,"enemies":"3 Sentries","floor":11,"turns":5}],"seed_played":"235563667705300732","potions_obtained":[{"floor":5,"key":"SpeedPotion"}],"is_trial":false,"path_per_floor":["M","M","?","$","M","R","?","R","T","R","E"],"character_chosen":"DEFECT","items_purchased":["Master of Strategy"],"campfire_rested":0,"item_purchase_floors":[4],"current_hp_per_floor":[64,59,59,59,59,59,59,59,59,59,29,29],"gold":53,"neow_bonus":"BOSS_RELIC","is_daily":false,"chose_seed":false,"campfire_upgraded":2,"win_rate":0.0,"timestamp":1614343387,"path_taken":["M","M","?","$","M","R","?","R","T","R","E"],"items_purchased_type":["Card"],"build_version":"2020-12-22","purchased_purges":1,"victory":false,"max_hp_per_floor":[71,71,71,71,71,71,71,71,71,71,71,71],"card_choices":[{"not_picked":["Conserve Battery","Sweeping Beam","Storm"],"picked":"SKIP","floor":1.0},{"not_picked":["Stack","Streamline","Gash"],"picked":"SKIP","floor":2},{"not_picked":["Heatsinks","Go for the Eyes","Conserve Battery"],"picked":"SKIP","floor":5}],"player_experience":448775,"relics_obtained":[{"floor":9,"key":"Vajra"}],"event_choices":[{"damage_healed":0,"gold_gain":175,"player_choice":"AGREE","damage_taken":0,"max_hp_gain":0,"max_hp_loss":0,"event_name":"Liars Game","floor":3,"gold_loss":0,"cards_obtained":["Doubt"]},{"cards_removed":["Defend_B"],"damage_healed":0,"gold_gain":0,"player_choice":"Card Removal","damage_taken":0,"max_hp_gain":0,"max_hp_loss":0,"event_name":"The Cleric","floor":7,"gold_loss":50}],"is_beta":false,"boss_relics":[],"items_purged_floors":[4],"is_endless":false,"potions_floor_spawned":[5],"killed_by":"3 Sentries","ascension_level":14}}