{"host":"or8fr2mp0k3eluj8","time":1614342960,"event":{"mods":["AchievementEnabler","BaseMod","Colored Map","DeckTracker","Keyboard Shortcuts","Minty Spire (QoL Compilation)","StSLib","SuperFastMode","everything is the same but u backflip on backflip"],"gold_per_floor":[111,111,125,125,50,50,50,50,98,117,131,151,182,197,197,197,197],"floor_reached":16,"language":"KOR","playtime":297,"items_purged":["Strike_P"],"score":107,"play_id":"e632c5db-1dbf-4d3e-a045-eb75703401e6","local_time":"20210226213600","is_ascension_mode":true,"campfire_choices":[{"data":"Eruption","floor":6,"key":"SMITH"},{"data":"CrushJoints","floor":8,"key":"SMITH"},{"floor":15,"key":"REST"}],"circlet_count":0,"master_deck":["Strike_P","Strike_P","Strike_P","Defend_P","Defend_P","Defend_P","Eruption+1","Vigilance","CrushJoints+1","Adaptation"],"relics":["PureWater","Tiny Chest","Golden Idol","Pen Nib","Potion Belt","Ancient Tea Set"],"acts_visited":["Exordium"],"potions_floor_usage":[],"damage_taken":[{"damage":2,"enemies":"Cultist","floor":1,"turns":3},{"damage":2,"enemies":"Small Slimes","floor":3,"turns":3},{"damage":0,"enemies":"2 Louse","floor":10,"turns":2},{"damage":0,"enemies":"Large Slime","floor":11,"turns":3},{"damage":0,"enemies":"Exordium Wildlife","floor":12,"turns":2},{"damage":27,"enemies":"Gremlin Nob","floor":13,"turns":4},{"damage":0,"enemies":"2 Fungi Beasts","floor":14,"turns":2},{"damage":0,"enemies":"Slime Boss","floor":16,"turns":3}],"seed_played":"-8393151277007215676","potions_obtained":[{"floor":3,"key":"Strength Potion"},{"floor":11,"key":"LiquidBronze"},{"floor":13,"key":"StancePotion"}],"is_trial":false,"path_per_floor":["M","T","M","?","$","R","?","R","T","M","M","M","E","M","R","B"],"character_chosen":"WATCHER","items_purchased":[],"campfire_rested":1,"item_purchase_floors":[],"current_hp_per_floor":[70,70,68,50,50,50,43,43,43,43,43,43,16,16,37,37,37],"gold":197,"neow_bonus":"REMOVE_CARD","is_daily":false,"chose_seed":false,"campfire_upgraded":2,"win_rate":0.0,"timestamp":1614342960,"path_taken":["M","?","M","?","$","R","?","R","T","M","M","M","E","M","R","BOSS"],"items_purchased_type":[],"build_version":"2020-12-22","purchased_purges":1,"victory":false,"max_hp_per_floor":[72,72,72,72,72,72,72,72,72,72,72,72,72,72,72,72,72],"card_choices":[{"not_picked":["EmptyBody","SashWhip"],"picked":"CrushJoints","floor":1},{"not_picked":["Evaluate","FollowUp","SashWhip"],"picked":"SKIP","floor":3},{"not_picked":["ClearTheMind","Conclude","CrushJoints"],"picked":"SKIP","floor":10},{"not_picked":["ClearTheMind","Conclude","CrushJoints"],"picked":"SKIP","floor":10},{"not_picked":["ClearTheMind","PathToVictory","CarveReality"],"picked":"SKIP","floor":11},{"not_picked":["Collect","SashWhip","ClearTheMind"],"picked":"SKIP","floor":12},{"not_picked":["Alpha","Swivel"],"picked":"Adaptation","floor":13},{"not_picked":["CarveReality","Evaluate","ReachHeaven"],"picked":"SKIP","floor":14}],"player_experience":472142,"relics_obtained":[{"floor":2,"key":"Tiny Chest"},{"floor":9,"key":"Potion Belt"},{"floor":13,"key":"Ancient Tea Set"}],"event_choices":[{"damage_healed":0,"gold_gain":0,"player_choice":"Take Damage","damage_taken":18,"relics_obtained":["Golden Idol"],"max_hp_gain":0,"max_hp_loss":0,"event_name":"Golden Idol","floor":4,"gold_loss":0},{"damage_healed":0,"gold_gain":0,"player_choice":"Success","damage_taken":7,"relics_obtained":["Pen Nib"],"max_hp_gain":0,"max_hp_loss":0,"event_name":"Scrap Ooze","floor":7,"gold_loss":0}],"is_beta":false,"boss_relics":[],"items_purged_floors":[5],"is_endless":false,"potions_floor_spawned":[3,11,13],"killed_by":"Slime Boss","ascension_level":1}}