{"host":"dzvdy2cvkhifjmvi","time":1614321093,"event":{"mods":["BaseMod","Downfall","Infinite Spire","Marisa????????","Minty Spire (QoL Compilation)","Replay The Spire","StSLib","The Cursed","The Disciple","The Servant 0.9.4"],"gold_per_floor":[99,114,126,126,137,171,196,96,109,109,109,129,29,40,60,60,60,60],"floor_reached":16,"language":"ENG","playtime":749,"items_purged":[],"score":104,"play_id":"f00af4db-2650-4548-9ebb-e52cda17f4dd","local_time":"20210225233133","is_ascension_mode":false,"campfire_choices":[{"data":"bronze:Goto","floor":1,"key":"SMITH"},{"data":"bronze:BugBarrage","floor":8,"key":"SMITH"},{"data":"bronze:Verify","floor":13,"key":"SMITH"}],"circlet_count":0,"master_deck":["bronze:Strike","bronze:Strike","bronze:Strike","bronze:Defend","bronze:Defend","bronze:Defend","bronze:Defend","bronze:Replicate+1","bronze:Goto+1","bronze:BugBarrage+1","bronze:WildBeam","bronze:CleanCode","bronze:ClassDefault","bronze:BugBarrage","bronze:DazingPulse","bronze:Allocate","bronze:Verify+1","bronze:Optimize","bronze:FineTuning"],"relics":["bronze:BronzeCore","Bronze Scales","downfall:HeartBlessingGreen","Iron Hammer","downfall:HeartBlessingBlue"],"acts_visited":["Exordium"],"potions_floor_usage":[14,14],"damage_taken":[{"damage":1,"enemies":"2 Louse","floor":2,"turns":4},{"damage":2,"enemies":"Small Slimes","floor":3,"turns":4},{"damage":6,"enemies":"Jaw Worm","floor":5,"turns":2},{"damage":27,"enemies":"3 Sentries","floor":6,"turns":7},{"damage":0,"enemies":"2 Fungi Beasts","floor":9,"turns":2},{"damage":0,"enemies":"2 Fungi Beasts","floor":11,"turns":2},{"damage":1,"enemies":"downfall:LooterAlt","floor":12,"turns":2},{"damage":4,"enemies":"Blue Slaver","floor":14,"turns":2},{"damage":2,"enemies":"Large Slime","floor":15,"turns":3},{"damage":34,"enemies":"IC_STATUS_ARCHETYPE","floor":16,"turns":8}],"seed_played":"4030662772409784318","potions_obtained":[{"floor":5,"key":"Energy Potion"},{"floor":6,"key":"Swift Potion"},{"floor":9,"key":"SmokeBomb"}],"is_trial":false,"path_per_floor":["R","M","M","?","M","E","T","R","M","?","?","M","R","M","M","B"],"character_chosen":"THE_AUTOMATON","items_purchased":[],"campfire_rested":0,"item_purchase_floors":[],"current_hp_per_floor":[70,69,67,67,61,34,34,34,34,27,27,26,36,32,30,0,0,0],"gold":60,"neow_bonus":"REMOVE_CARD","is_daily":false,"chose_seed":false,"campfire_upgraded":3,"win_rate":0.0,"timestamp":1614321093,"path_taken":["R","M","M","?","M","E","T","R","M","?","?","M","R","M","M","BOSS"],"items_purchased_type":[],"build_version":"2020-12-22","purchased_purges":0,"victory":false,"max_hp_per_floor":[70,70,70,70,70,70,70,70,70,70,70,70,80,80,80,80,80,80],"card_choices":[{"not_picked":["bronze:BronzeArmor","bronze:BitShift"],"picked":"bronze:BugBarrage","floor":2},{"not_picked":["bronze:FollowUp","bronze:Deprecate"],"picked":"bronze:WildBeam","floor":3},{"not_picked":["bronze:Overload","bronze:Backtrace"],"picked":"bronze:CleanCode","floor":5},{"not_picked":["bronze:Constructor","bronze:Boost"],"picked":"bronze:ClassDefault","floor":6},{"not_picked":["bronze:Separator","bronze:CutThrough"],"picked":"bronze:BugBarrage","floor":9},{"not_picked":[],"picked":"bronze:DazingPulse","floor":11},{"not_picked":["bronze:Separator","bronze:Overload"],"picked":"bronze:Allocate","floor":11},{"not_picked":["bronze:Invalidate","bronze:Philosophize"],"picked":"bronze:Verify","floor":12},{"not_picked":["bronze:ClassDefault","bronze:OilSpill"],"picked":"bronze:Optimize","floor":14},{"not_picked":["bronze:WhirlingStrike","bronze:CutThrough"],"picked":"bronze:FineTuning","floor":15}],"player_experience":1446247,"relics_obtained":[{"floor":6,"key":"Bronze Scales"}],"event_choices":[{"damage_healed":0,"gold_gain":0,"player_choice":"Success","damage_taken":7,"relics_obtained":["Iron Hammer"],"max_hp_gain":0,"max_hp_loss":0,"event_name":"Scrap Ooze","floor":10,"gold_loss":0}],"is_beta":false,"boss_relics":[],"items_purged_floors":[],"is_endless":false,"potions_floor_spawned":[5,6,9,11],"killed_by":"IC_STATUS_ARCHETYPE","ascension_level":0}}