{"host":"m3txpv198clqze8f","time":1614335652,"event":{"mods":["ATMod(°¢èªMod)","Act Like it!","BaseMod","Colored Powertips","Friendly Minions","Library of Ruina","Library of Ruina Extra","Lobotomy","Minty Spire (QoL Compilation)","MostiFishMod","Quick Restart","Relic Filter Mod","StSLib"],"gold_per_floor":[118,118,193,229,229,229,260,260,260,286,299,312,312,347,347,446,446,446],"floor_reached":17,"language":"ZHS","playtime":1020,"items_purged":[],"score":278,"play_id":"f0144bcd-00cd-40de-8000-eaa0f4be8c0a","local_time":"20210226183412","is_ascension_mode":true,"campfire_choices":[{"data":"AT_FamilyPortrait","floor":6.0,"key":"SMITH"},{"data":"ChargeAndCover","floor":8.0,"key":"SMITH"},{"data":"Parry2","floor":13,"key":"SMITH"},{"data":"Parry2","floor":15,"key":"SMITH"}],"circlet_count":0,"master_deck":["Dodge","LightDefense","LightAttack","LightAttack","LightAttack","LightDefense","LightDefense","LightDefense","ChargeAndCover+1","FocusedStrikes","AT_FamilyPortrait+1","CherryBlossoms","Parry2+1","Parry2+1","BalefulBrand"],"relics":["PageOfLibrarian","AT_ATBox","DaveBox","MetatronsCube","CogitoBucket","SynthV:TestCard","Meat on the Bone","AT_Manta","PageOfLumberjack","Oddly Smooth Stone","Toy Ornithopter","RhineSuit"],"acts_visited":["Exordium","TheCity"],"potions_floor_usage":[],"damage_taken":[{"damage":0.0,"enemies":"Small Slimes","floor":1.0,"turns":2.0},{"damage":0.0,"enemies":"2 Louse","floor":4.0,"turns":3.0},{"damage":2.0,"enemies":"Lagavulin","floor":7.0,"turns":6.0},{"damage":10.0,"enemies":"3 Sentries","floor":10.0,"turns":3.0},{"damage":0.0,"enemies":"Cultist","floor":11.0,"turns":3.0},{"damage":20.0,"enemies":"3 Louse","floor":12.0,"turns":5.0},{"damage":0,"enemies":"Lagavulin","floor":14,"turns":4},{"damage":27,"enemies":"Slime Boss","floor":16,"turns":9}],"seed_played":"6894024739014329696","potions_obtained":[{"floor":4.0,"key":"SmokeBomb"},{"floor":11.0,"key":"Ancient Potion"}],"is_trial":false,"path_per_floor":["M","?","?","M","?","R","E","R","T","E","M","M","R","E","R","B",null],"character_chosen":"Librarian","items_purchased":[],"campfire_rested":0,"item_purchase_floors":[],"current_hp_per_floor":[60,42,31,45,45,45,49,49,49,44,45,43,43,49,49,45,93,93],"gold":446,"neow_bonus":"","is_daily":false,"chose_seed":false,"campfire_upgraded":4,"win_rate":0.0,"timestamp":1614335652,"path_taken":["M","?","?","M","?","R","E","R","T","E","?","M","R","E","R","BOSS"],"items_purchased_type":[],"build_version":"2020-12-22","purchased_purges":0,"victory":false,"max_hp_per_floor":[74,74,74,74,74,74,74,74,74,74,74,74,74,74,74,93,93,93],"card_choices":[{"not_picked":["Scorched","MHz","MeatLantern"],"picked":"Singing Bowl","floor":1.0},{"not_picked":["CENSORED","MeatLantern"],"picked":"CherryBlossoms","floor":1.0},{"not_picked":["DarkCloud","HighKick","SkyClearingCut","ClassAndRespect"],"picked":"SKIP","floor":1.0},{"not_picked":["YourShield","TendonChords","WillOfThePrescript","SerpentineBarrier","MirageStorm","ClassAndRespect"],"picked":"SKIP","floor":4.0},{"not_picked":["DarkCloud","UpbeatPerformance","DistortedBlade","Faith","SunsetBlade","InkOver"],"picked":"SKIP","floor":7.0},{"not_picked":["SerpentineBarrier","SuppressingShot","GreatSerpentsImpact","Pound","Marionette","MultiBlock"],"picked":"SKIP","floor":10.0},{"not_picked":["ForcefulGesture","Faith","DarkCloud","TheWillOfTheCity","Suppress","Marionette"],"picked":"SKIP","floor":11.0},{"not_picked":["ToWhereThePrescriptPoints","PuppetBlockade","StrongStrike","ChopItOff","Laceration"],"picked":"Parry2","floor":12},{"not_picked":["RepressedFlesh","ScatteringSlash","SharpenedBlade","BladeWhirl","ChopItOff"],"picked":"Parry2","floor":14},{"not_picked":["Deflect_lor","Punishment","TieShanKao","Lock"],"picked":"BalefulBrand","floor":16}],"player_experience":152561,"relics_obtained":[{"floor":1.0,"key":"SynthV:TestCard"},{"floor":7.0,"key":"AT_Manta"},{"floor":9.0,"key":"PageOfLumberjack"},{"floor":10.0,"key":"Oddly Smooth Stone"},{"floor":14,"key":"Toy Ornithopter"}],"event_choices":[{"damage_healed":0.0,"max_hp_gain":0.0,"max_hp_loss":0.0,"gold_gain":0.0,"event_name":"Scrap Ooze","player_choice":"Success","floor":2.0,"gold_loss":0.0,"damage_taken":18.0,"relics_obtained":["Meat on the Bone"]},{"damage_healed":0.0,"max_hp_gain":0.0,"max_hp_loss":0.0,"gold_gain":75.0,"event_name":"World of Goop","player_choice":"Gather Gold","floor":3.0,"gold_loss":0.0,"damage_taken":11.0},{"damage_healed":0.0,"max_hp_gain":0.0,"max_hp_loss":0.0,"gold_gain":0.0,"event_name":"The Woman in Blue","player_choice":"Bought 0 Potions","floor":5.0,"gold_loss":0.0,"damage_taken":0.0}],"is_beta":false,"boss_relics":[{"not_picked":["JellyFishMachine","GreenFoldingFan"],"picked":"RhineSuit"}],"items_purged_floors":[],"is_endless":false,"potions_floor_spawned":[1,4,11],"ascension_level":3}}