{"host":"0ovaty6kt1bxc3eb","time":1614347301,"event":{"mods":["AchievementEnabler","BaseMod","Colored Map","Minty Spire (QoL Compilation)","StSLib"],"gold_per_floor":[111,36,48,48,68,68,127,157,157,186,196,196,196,207,207,311,311,326,336,18,18,18,43,43,55,79,79,94,94,117,136,136,240,240,258,274,285,58,69,94,113,147,147,147,174,191,243,255,255,255,255],"floor_reached":50,"language":"KOR","playtime":1563,"items_purged":["Pain"],"score":634,"play_id":"a941d4df-cbb8-43ac-a199-f98f0da9fcd7","local_time":"20210226224821","is_ascension_mode":false,"campfire_choices":[{"data":"Blade Dance","floor":6.0,"key":"SMITH"},{"floor":13.0,"key":"REST"},{"data":"Infinite Blades","floor":15.0,"key":"SMITH"},{"data":"Neutralize","floor":24.0,"key":"SMITH"},{"floor":27.0,"key":"REST"},{"data":"Envenom","floor":32.0,"key":"SMITH"},{"floor":44,"key":"REST"},{"floor":49,"key":"REST"}],"circlet_count":0,"master_deck":["Strike_G","Strike_G","Strike_G","Strike_G","Strike_G+1","Defend_G","Defend_G","Defend_G","Defend_G","Defend_G","Survivor","Neutralize+1","Dagger Spray","Infinite Blades+1","Blade Dance+1","Backstab+1","Blade Dance","Acrobatics","Backstab","Infinite Blades+1","Acrobatics","Envenom+1","Blade Dance","Backflip","Blade Dance","Slice+1","Distraction+1","Acrobatics","Backstab","Blade Dance","Phantasmal Killer","Terror+1","Prepared","Blade Dance","Blade Dance+1","Blade Dance+1","Blade Dance+1","Slice+1","Choke","Blade Dance+1"],"relics":["WristBlade","Pantograph","Regal Pillow","Toy Ornithopter","Shuriken","HoveringKite","Lee\u0027s Waffle","Tiny Chest","WarpedTongs","Potion Belt","Dream Catcher","White Beast Statue","Happy Flower","Sozu","Blood Vial","Boot","Ice Cream","Meat on the Bone","Centennial Puzzle","Strawberry"],"acts_visited":["Exordium","TheCity","TheBeyond"],"potions_floor_usage":[42,50],"damage_taken":[{"damage":0.0,"enemies":"Jaw Worm","floor":1.0,"turns":4.0},{"damage":0.0,"enemies":"Cultist","floor":3.0,"turns":3.0},{"damage":0.0,"enemies":"2 Louse","floor":5.0,"turns":2.0},{"damage":4.0,"enemies":"3 Sentries","floor":7.0,"turns":4.0},{"damage":14.0,"enemies":"Gremlin Nob","floor":8.0,"turns":3.0},{"damage":13.0,"enemies":"Lagavulin","floor":10.0,"turns":4.0},{"damage":0.0,"enemies":"Looter","floor":11.0,"turns":1.0},{"damage":7.0,"enemies":"Exordium Thugs","floor":14.0,"turns":2.0},{"damage":51.0,"enemies":"The Guardian","floor":16.0,"turns":3.0},{"damage":2.0,"enemies":"Chosen","floor":18.0,"turns":3.0},{"damage":0.0,"enemies":"Spheric Guardian","floor":19.0,"turns":1.0},{"damage":27.0,"enemies":"Slavers","floor":23.0,"turns":3.0},{"damage":15.0,"enemies":"Centurion and Healer","floor":25.0,"turns":4.0},{"damage":0.0,"enemies":"3 Cultists","floor":28.0,"turns":3.0},{"damage":21.0,"enemies":"Snake Plant","floor":31.0,"turns":2.0},{"damage":21.0,"enemies":"Champ","floor":33.0,"turns":4.0},{"damage":15.0,"enemies":"Orb Walker","floor":35.0,"turns":2.0},{"damage":14.0,"enemies":"3 Shapes","floor":36.0,"turns":3.0},{"damage":4.0,"enemies":"Maw","floor":37.0,"turns":3.0},{"damage":22.0,"enemies":"Writhing Mass","floor":39.0,"turns":3.0},{"damage":0.0,"enemies":"Reptomancer","floor":40.0,"turns":3.0},{"damage":5,"enemies":"Jaw Worm Horde","floor":41,"turns":3},{"damage":10,"enemies":"Nemesis","floor":42,"turns":3},{"damage":16,"enemies":"Spire Growth","floor":46,"turns":3},{"damage":15,"enemies":"Maw","floor":48,"turns":3},{"damage":99,"enemies":"Time Eater","floor":50,"turns":5}],"seed_played":"-8115473303562664362","potions_obtained":[{"floor":5.0,"key":"SteroidPotion"},{"floor":10.0,"key":"Ancient Potion"},{"floor":16.0,"key":"Swift Potion"},{"floor":25.0,"key":"SkillPotion"},{"floor":28.0,"key":"BlessingOfTheForge"},{"floor":31.0,"key":"CunningPotion"},{"floor":33.0,"key":"AttackPotion"}],"is_trial":false,"path_per_floor":["M","$","M","?","M","R","?","E","T","E","M","?","R","M","R","B",null,"M","M","$","?","$","E","R","M","T","R","M","T","T","M","R","B",null,"M","M","M","$","M","E","M","E","T","R","T","M","T","M","R","B"],"character_chosen":"THE_SILENT","items_purchased":["Infinite Blades","Blade Dance","Lee\u0027s Waffle","Tiny Chest","Blood Vial"],"campfire_rested":4,"item_purchase_floors":[2,20,20,20,38],"current_hp_per_floor":[70,70,70,70,70,70,66,52,52,39,39,25,61,54,54,19,70,68,68,77,77,77,50,50,35,35,73,73,73,73,52,52,56,77,62,48,44,44,24,36,33,30,30,68,68,54,61,48,84,0,0],"gold":255,"neow_bonus":"BOSS_RELIC","is_daily":false,"chose_seed":false,"campfire_upgraded":4,"win_rate":0.0,"timestamp":1614347301,"path_taken":["M","$","M","?","?","R","?","E","T","E","M","?","R","M","R","BOSS","M","M","$","?","?","E","R","M","T","R","M","?","?","M","R","BOSS","M","?","?","$","M","E","M","E","T","R","?","M","?","M","R","BOSS"],"items_purchased_type":["Card","Card","Relic","Relic","Relic"],"build_version":"2020-12-22","purchased_purges":1,"victory":false,"max_hp_per_floor":[70,70,70,70,70,70,70,70,70,70,70,70,70,70,70,70,70,70,70,77,77,77,77,77,77,77,77,77,77,77,77,77,77,77,77,77,77,77,77,77,77,77,77,77,77,77,84,84,84,84,84],"card_choices":[{"not_picked":["Sucker Punch","Riddle With Holes"],"picked":"Dagger Spray","floor":1.0},{"not_picked":["Deflect","Bouncing Flask"],"picked":"Blade Dance","floor":3.0},{"not_picked":["Underhanded Strike","Crippling Poison"],"picked":"Backstab","floor":5.0},{"not_picked":["Prepared","Outmaneuver"],"picked":"Blade Dance","floor":7.0},{"not_picked":["PiercingWail","Crippling Poison"],"picked":"Acrobatics","floor":8.0},{"not_picked":["Slice","Quick Slash"],"picked":"Backstab","floor":10.0},{"not_picked":["Flying Knee","PiercingWail"],"picked":"Infinite Blades","floor":11.0},{"not_picked":["Outmaneuver","Noxious Fumes"],"picked":"Acrobatics","floor":14.0},{"not_picked":["Tools of the Trade","Night Terror"],"picked":"Envenom","floor":16.0},{"not_picked":["Underhanded Strike","Reflex+1"],"picked":"Blade Dance","floor":18.0},{"not_picked":["Quick Slash","Dagger Throw"],"picked":"Backflip","floor":19.0},{"not_picked":["Bouncing Flask","Dagger Spray+1"],"picked":"Slice+1","floor":23.0},{"not_picked":["Expertise","Backflip"],"picked":"Distraction+1","floor":25.0},{"not_picked":["Dagger Throw","Poisoned Stab+1"],"picked":"Acrobatics","floor":27.0},{"not_picked":["Acrobatics","Calculated Gamble"],"picked":"Backstab","floor":28.0},{"not_picked":["Flying Knee+1","Sucker Punch+1"],"picked":"Blade Dance","floor":31.0},{"not_picked":["Wraith Form v2","Corpse Explosion"],"picked":"Phantasmal Killer","floor":33.0},{"not_picked":["Blade Dance+1","Sucker Punch"],"picked":"Terror+1","floor":35.0},{"not_picked":["Crippling Poison","Backflip"],"picked":"Prepared","floor":36.0},{"not_picked":["Escape Plan","Sucker Punch+1"],"picked":"Blade Dance","floor":37.0},{"not_picked":["Leg Sweep+1","PiercingWail+1"],"picked":"Blade Dance+1","floor":39.0},{"not_picked":["Noxious Fumes+1","Dodge and Roll"],"picked":"Blade Dance+1","floor":40.0},{"not_picked":["Dagger Spray","All Out Attack"],"picked":"Blade Dance+1","floor":41},{"not_picked":["PiercingWail+1","Poisoned Stab+1"],"picked":"Slice+1","floor":42},{"not_picked":["Footwork","Escape Plan+1"],"picked":"Choke","floor":44},{"not_picked":["Calculated Gamble","Crippling Poison+1","Masterful Stab+1"],"picked":"SKIP","floor":46},{"not_picked":["Sucker Punch+1","Prepared+1"],"picked":"Blade Dance+1","floor":48}],"player_experience":60996,"relics_obtained":[{"floor":7.0,"key":"Pantograph"},{"floor":8.0,"key":"Regal Pillow"},{"floor":9.0,"key":"Toy Ornithopter"},{"floor":10.0,"key":"Shuriken"},{"floor":23.0,"key":"Potion Belt"},{"floor":26.0,"key":"Dream Catcher"},{"floor":29.0,"key":"White Beast Statue"},{"floor":30.0,"key":"Happy Flower"},{"floor":40.0,"key":"Boot"},{"floor":42,"key":"Ice Cream"},{"floor":43,"key":"Meat on the Bone"},{"floor":45,"key":"Centennial Puzzle"},{"floor":47,"key":"Strawberry"}],"event_choices":[{"damage_healed":0.0,"max_hp_gain":0.0,"max_hp_loss":0.0,"gold_gain":0.0,"event_name":"Upgrade Shrine","player_choice":"Upgraded","floor":4.0,"gold_loss":0.0,"damage_taken":0.0,"cards_upgraded":["Infinite Blades"]},{"damage_healed":0.0,"max_hp_gain":0.0,"max_hp_loss":0.0,"gold_gain":30.0,"event_name":"Dead Adventurer","player_choice":"Searched \u00273\u0027 times","floor":7.0,"gold_loss":0.0,"damage_taken":0.0},{"damage_healed":0.0,"max_hp_gain":0.0,"max_hp_loss":0.0,"gold_gain":0.0,"event_name":"Shining Light","player_choice":"Entered Light","floor":12.0,"gold_loss":0.0,"damage_taken":14.0,"cards_upgraded":["Strike_G","Backstab"]},{"damage_healed":0.0,"max_hp_gain":0.0,"max_hp_loss":0.0,"gold_gain":0.0,"event_name":"Accursed Blacksmith","player_choice":"Rummage","floor":21.0,"gold_loss":0.0,"damage_taken":0.0,"relics_obtained":["WarpedTongs"],"cards_obtained":["Pain"]}],"is_beta":false,"boss_relics":[{"not_picked":["Astrolabe","Coffee Dripper"],"picked":"HoveringKite"},{"not_picked":["Velvet Choker","Cursed Key"],"picked":"Sozu"}],"items_purged_floors":[38],"is_endless":false,"potions_floor_spawned":[5,10,16,25,28,31,33,35,36,37,39,40,41,42,46,48],"killed_by":"Time Eater","ascension_level":0}}