{"host":"zu1swnxjkaahohqc","time":1614377296,"event":{"mods":["BaseMod","Minty Spire (QoL Compilation)","Replay The Spire","StSLib"],"gold_per_floor":[111,111,123,141,141,141,168,168,220,245,262,280,307,307,307,407,407,423,523,536,163,163,163,196,196,246,272,272,289,185,219,219,326,326,339,339,350,350,300,325,325,396,420,352,352,352,398,398,455,455,455,539],"floor_reached":53,"language":"ENG","playtime":3317,"items_purged":["Strike_G","Strike_G","Strike_G","Defend_G"],"score":1259,"play_id":"1e16eae2-cbf9-4a16-8bac-affba20d0b3d","local_time":"20210226170816","is_ascension_mode":true,"campfire_choices":[{"data":"Tactician","floor":6,"key":"SMITH"},{"floor":8,"key":"REST"},{"data":"ReplayTheSpireMod:The Works","floor":15,"key":"SMITH"},{"data":"Tools of the Trade","floor":23,"key":"SMITH"},{"floor":25,"key":"REST"},{"floor":32,"key":"REST"},{"data":"Envenom","floor":41,"key":"SMITH"},{"floor":48,"key":"REST"},{"data":"Acrobatics","floor":51,"key":"SMITH"}],"circlet_count":0,"master_deck":["Strike_G+1","Strike_G+1","Defend_G","Defend_G","Survivor","Neutralize","Quick Slash","Heel Hook","Tactician+1","Dagger Throw","Underhanded Strike","Acrobatics+1","ReplayTheSpireMod:The Works+1","Expertise","Tools of the Trade+1","Escape Plan","Hidden Blade+1","Underhanded Strike","Envenom+1","Acrobatics","Underhanded Strike"],"relics":["Ring of the Snake","NeowsBlessing","Akabeko","Centennial Puzzle","Simple Rune","Nunchaku","SlaversCollar","Oddly Smooth Stone","Ring of Hypnosis","Pet Ghost","Smiling Mask","Orichalcum","CeramicFish","Black Star","Replay:Bandana","Ancient Tea Set","Pen Nib","Eternal Feather","Potion Belt","Ninja Scroll"],"acts_visited":["Exordium","TheCity","TheBeyond"],"potions_floor_usage":[20,20,29,40,42],"damage_taken":[{"damage":0,"enemies":"Jaw Worm","floor":1,"turns":1},{"damage":0,"enemies":"Cultist","floor":3,"turns":1},{"damage":0,"enemies":"Small Slimes","floor":4,"turns":1},{"damage":29,"enemies":"3 Sentries","floor":7,"turns":10},{"damage":6,"enemies":"Gremlin Nob","floor":10,"turns":4},{"damage":0,"enemies":"3 Louse","floor":11,"turns":1},{"damage":4,"enemies":"Exordium Wildlife","floor":12,"turns":3},{"damage":9,"enemies":"3 Sentries","floor":13,"turns":6},{"damage":40,"enemies":"Slime Boss","floor":16,"turns":9},{"damage":1,"enemies":"Spheric Guardian","floor":18,"turns":2},{"damage":0,"enemies":"3 Byrds","floor":20,"turns":3},{"damage":52,"enemies":"Book of Stabbing","floor":24,"turns":6},{"damage":2,"enemies":"Replay:Snechameleon","floor":27,"turns":3},{"damage":5,"enemies":"Shelled Parasite and Fungi","floor":29,"turns":4},{"damage":12,"enemies":"Book of Stabbing","floor":31,"turns":3},{"damage":23,"enemies":"Pondfish","floor":33,"turns":9},{"damage":1,"enemies":"3 Darklings","floor":35,"turns":4},{"damage":0,"enemies":"Orb Walker","floor":37,"turns":2},{"damage":0,"enemies":"R_Hoarder","floor":40,"turns":6},{"damage":26,"enemies":"Nemesis","floor":42,"turns":5},{"damage":0,"enemies":"Spire Growth","floor":49,"turns":3},{"damage":12,"enemies":"Donu and Deca","floor":52,"turns":3}],"seed_played":"4687055751390622242","potions_obtained":[{"floor":1,"key":"Dexterity Potion"},{"floor":4,"key":"Elixir"},{"floor":10,"key":"SkillPotion"},{"floor":11,"key":"LiquidMemories"},{"floor":24,"key":"GhostInAJar"},{"floor":27,"key":"PowerPotion"},{"floor":31,"key":"Elixir"},{"floor":33,"key":"BlessingOfTheForge"},{"floor":40,"key":"SkillPotion"},{"floor":47,"key":"Flashbang"}],"is_trial":false,"path_per_floor":["M","?","M","M","?","R","E","R","T","E","M","M","E","?","R","B",null,"M","?","M","$","?","R","E","R","T","E","?","M","$","E","R","B",null,"M","?","M","?","$","E","R","E","T","$","PTL","PTL","?","R","M","?","R","B",null],"character_chosen":"THE_SILENT","items_purchased":["Tools of the Trade","Oddly Smooth Stone","Underhanded Strike","Acrobatics"],"campfire_rested":4,"item_purchase_floors":[21,21,30,44],"current_hp_per_floor":[70,70,70,70,70,70,41,62,62,56,56,52,43,43,43,3,70,69,69,69,69,69,69,17,38,38,36,36,31,31,19,40,17,70,69,69,69,66,66,66,66,40,40,40,40,40,40,66,66,66,66,54],"gold":539,"neow_bonus":"THREE_ENEMY_KILL","is_daily":false,"chose_seed":false,"campfire_upgraded":5,"win_rate":0.0,"timestamp":1614377296,"path_taken":["M","?","?","M","?","R","E","R","T","E","M","M","E","?","R","BOSS","M","?","?","$","?","R","E","R","T","E","?","M","?","E","R","BOSS","M","?","M","?","$","E","R","E","T","?","PTL","PTL","?","R","?","?","R","BOSS"],"items_purchased_type":["Card","Relic","Card","Card"],"build_version":"2020-12-13","purchased_purges":4,"victory":true,"max_hp_per_floor":[70,70,70,70,70,70,70,70,70,70,70,70,70,70,70,70,70,70,70,70,70,70,70,70,70,70,70,70,70,70,70,70,70,70,70,70,70,66,66,66,66,66,66,66,66,66,66,66,66,66,66,66],"card_choices":[{"not_picked":["Sneak Up","Underhanded Strike"],"picked":"Quick Slash","floor":1},{"not_picked":["Flechettes","Hidden Blade"],"picked":"Heel Hook","floor":3},{"not_picked":["Hidden Blade","Replay:Poison Smokescreen"],"picked":"Tactician","floor":4},{"not_picked":["Deadly Poison","Quick Slash"],"picked":"Dagger Throw","floor":7},{"not_picked":["Slice","Sucker Punch"],"picked":"Underhanded Strike","floor":10},{"not_picked":["Riddle With Holes","Deadly Poison"],"picked":"Acrobatics","floor":11},{"not_picked":["Bane","Footwork","PiercingWail"],"picked":"SKIP","floor":12},{"not_picked":["Caltrops","ReplayTheSpireMod:Speed Training"],"picked":"ReplayTheSpireMod:The Works","floor":13},{"not_picked":["Replay:Poison Smokescreen+1","Dagger Spray"],"picked":"Expertise","floor":18},{"not_picked":["Dagger Spray","Terror+1","Bane+1"],"picked":"SKIP","floor":20},{"not_picked":["PiercingWail","Footwork"],"picked":"Escape Plan","floor":24},{"not_picked":["Venomology","PiercingWail","Acrobatics"],"picked":"SKIP","floor":27},{"not_picked":["Acrobatics+1","Noxious Fumes+1"],"picked":"Hidden Blade+1","floor":29},{"not_picked":["Dagger Throw","Dodge and Roll+1","ReplayTheSpireMod:Exploit Weakness"],"picked":"SKIP","floor":31},{"not_picked":["Poison Darts","A Thousand Cuts"],"picked":"Envenom","floor":33},{"not_picked":["Flying Knee+1","ReplayTheSpireMod:Speed Training+1","Catalyst+1"],"picked":"SKIP","floor":35},{"not_picked":["Deflect","Deadly Poison+1","Caltrops"],"picked":"SKIP","floor":37},{"not_picked":["Hidden Blade","Acrobatics+1","ReplayTheSpireMod:Shiv Toss+1"],"picked":"SKIP","floor":40},{"not_picked":["Burst","Outmaneuver+1","Bane+1"],"picked":"SKIP","floor":42},{"not_picked":["Dagger Throw","Sucker Punch+1"],"picked":"Underhanded Strike","floor":49}],"player_experience":37426,"relics_obtained":[{"floor":7,"key":"Akabeko"},{"floor":9,"key":"Centennial Puzzle"},{"floor":10,"key":"Simple Rune"},{"floor":13,"key":"Nunchaku"},{"floor":22,"key":"Ring of Hypnosis"},{"floor":24,"key":"Pet Ghost"},{"floor":26,"key":"Smiling Mask"},{"floor":27,"key":"Orichalcum"},{"floor":31,"key":"CeramicFish"},{"floor":40,"key":"Replay:Bandana"},{"floor":40,"key":"Ancient Tea Set"},{"floor":42,"key":"Pen Nib"},{"floor":42,"key":"Eternal Feather"},{"floor":43,"key":"Potion Belt"},{"floor":47,"key":"Ninja Scroll"}],"event_choices":[{"cards_removed":["Defend_G"],"damage_healed":0,"gold_gain":0,"player_choice":"Offered Basic","damage_taken":0,"max_hp_gain":0,"max_hp_loss":0,"event_name":"Bonfire Elementals","floor":2,"gold_loss":0},{"cards_removed":["Defend_G"],"damage_healed":0,"gold_gain":0,"player_choice":"Forget","damage_taken":0,"max_hp_gain":0,"max_hp_loss":0,"event_name":"Living Wall","floor":5,"gold_loss":0},{"damage_healed":0,"gold_gain":0,"player_choice":"Ignored","damage_taken":0,"max_hp_gain":0,"max_hp_loss":0,"event_name":"Liars Game","floor":14,"gold_loss":0},{"damage_healed":0,"gold_gain":100,"player_choice":"Pray","damage_taken":0,"max_hp_gain":0,"max_hp_loss":0,"event_name":"Golden Shrine","floor":19,"gold_loss":0},{"damage_healed":0,"gold_gain":0,"player_choice":"Ignored","damage_taken":0,"max_hp_gain":0,"max_hp_loss":0,"event_name":"Cursed Tome","floor":28,"gold_loss":0},{"damage_healed":0,"gold_gain":0,"player_choice":"Ignored","damage_taken":0,"max_hp_gain":0,"max_hp_loss":0,"event_name":"Tomb of Lord Red Mask","floor":36,"gold_loss":0},{"damage_healed":0,"gold_gain":0,"player_choice":"Max HP","damage_taken":0,"max_hp_gain":0,"max_hp_loss":4,"event_name":"Winding Halls","floor":38,"gold_loss":0},{"damage_healed":0,"gold_gain":0,"player_choice":"Ignored","damage_taken":0,"max_hp_gain":0,"max_hp_loss":0,"event_name":"Mysterious Sphere","floor":50,"gold_loss":0}],"is_beta":false,"boss_relics":[{"not_picked":["Abe\u0027s Treasure","Snecko Eye"],"picked":"SlaversCollar"},{"not_picked":["Pandora\u0027s Box","Astrolabe"],"picked":"Black Star"}],"items_purged_floors":[21,30,39,44],"is_endless":false,"potions_floor_spawned":[1,4,10,11,16,24,27,31,33,35,40],"ascension_level":4}}