{"host":"61y0z9o9vf3ujftj","time":1614324672,"event":{"mods":["BaseMod","Colored Map","Colored Powertips","GifTheSpireLib","HexUI Lib","Highlight Path","Minty Spire (QoL Compilation)","Permanent Neow","Relic Stats","StSLib","ojb\u0027s Info Mod"],"gold_per_floor":[110,128,142,122,35,60,60,93,93,108,120,120,141,199,199,272,272,286,286,286,211,231,264,264,291,291,291,319,319,319,346,346,423,423,434,324,339,339,351,383,12,44,69,82,82,112,112,137,137,137],"floor_reached":51,"language":"ENG","playtime":3268,"items_purged":[],"score":1546,"play_id":"7781b042-46ad-42b4-97c4-5ba0ae8c019f","local_time":"20210226013112","is_ascension_mode":true,"campfire_choices":[{"data":"Uppercut","floor":7.0,"key":"SMITH"},{"floor":12.0,"key":"REST"},{"floor":15.0,"key":"REST"},{"data":"Immolate","floor":24.0,"key":"SMITH"},{"data":"Bludgeon","floor":27.0,"key":"SMITH"},{"data":"Fiend Fire","floor":32.0,"key":"SMITH"},{"data":"Disarm","floor":45,"key":"SMITH"},{"data":"Clothesline","floor":47,"key":"SMITH"},{"data":"Immolate","floor":49,"key":"SMITH"}],"circlet_count":0,"master_deck":["AscendersBane","Defend_R","Defend_R","Bash","Uppercut+1","Shrug It Off","Infernal Blade+1","Feel No Pain","Clothesline+1","Fiend Fire+1","Warcry+1","Bludgeon+1","Cleave","Pommel Strike","Immolate+1","True Grit+1","Necronomicurse","Sentinel","Feed","Brutality","Bite","Bite","Bite","Bite+1","Bite","Reaper","Sever Soul","Disarm+1","Burning Pact+1","Inflame","Battle Trance+1","Feel No Pain","Immolate+1"],"relics":["Burning Blood","Nunchaku","Unceasing Top","Matryoshka","Odd Mushroom","Pocketwatch","Velvet Choker","Necronomicon","Juzu Bracelet","Letter Opener","Bag of Marbles","The Courier","Centennial Puzzle","Bag of Preparation","Charon\u0027s Ashes","Darkstone Periapt","Cursed Key","Omamori","War Paint","Thread and Needle","Strawberry","Art of War","Bottled Lightning","StoneCalendar"],"acts_visited":["Exordium","TheCity","TheBeyond"],"potions_floor_usage":[50,50],"damage_taken":[{"damage":1.0,"enemies":"2 Louse","floor":1.0,"turns":3.0},{"damage":6.0,"enemies":"Cultist","floor":2.0,"turns":4.0},{"damage":12.0,"enemies":"Small Slimes","floor":3.0,"turns":4.0},{"damage":33.0,"enemies":"Gremlin Nob","floor":6.0,"turns":4.0},{"damage":23.0,"enemies":"3 Sentries","floor":8.0,"turns":11.0},{"damage":4.0,"enemies":"Blue Slaver","floor":10.0,"turns":2.0},{"damage":17.0,"enemies":"3 Louse","floor":11.0,"turns":3.0},{"damage":24.0,"enemies":"The Mushroom Lair","floor":13.0,"turns":5.0},{"damage":0.0,"enemies":"Gremlin Nob","floor":14.0,"turns":2.0},{"damage":17.0,"enemies":"Slime Boss","floor":16.0,"turns":7.0},{"damage":0.0,"enemies":"Spheric Guardian","floor":18.0,"turns":4.0},{"damage":0.0,"enemies":"Chosen","floor":22.0,"turns":2.0},{"damage":20.0,"enemies":"Gremlin Leader","floor":23.0,"turns":4.0},{"damage":21.0,"enemies":"Book of Stabbing","floor":25.0,"turns":4.0},{"damage":2.0,"enemies":"Slavers","floor":28.0,"turns":3.0},{"damage":13.0,"enemies":"Gremlin Leader","floor":31.0,"turns":3.0},{"damage":41.0,"enemies":"Champ","floor":33.0,"turns":8.0},{"damage":3.0,"enemies":"Orb Walker","floor":35.0,"turns":3.0},{"damage":0.0,"enemies":"3 Darklings","floor":37.0,"turns":1.0},{"damage":9.0,"enemies":"Sphere and 2 Shapes","floor":39.0,"turns":1.0},{"damage":10.0,"enemies":"Nemesis","floor":40.0,"turns":4.0},{"damage":33.0,"enemies":"Reptomancer","floor":42.0,"turns":3.0},{"damage":3,"enemies":"4 Shapes","floor":44,"turns":4},{"damage":8,"enemies":"Giant Head","floor":46,"turns":5},{"damage":0,"enemies":"Mind Bloom Boss Battle","floor":48,"turns":3},{"damage":47,"enemies":"Donu and Deca","floor":50,"turns":5}],"seed_played":"3575432626547537844","potions_obtained":[{"floor":4.0,"key":"GamblersBrew"},{"floor":10.0,"key":"PowerPotion"},{"floor":11.0,"key":"SteroidPotion"},{"floor":13.0,"key":"SneckoOil"},{"floor":14.0,"key":"PowerPotion"},{"floor":23.0,"key":"Explosive Potion"},{"floor":25.0,"key":"AttackPotion"},{"floor":28.0,"key":"FearPotion"},{"floor":31.0,"key":"Fruit Juice"},{"floor":35.0,"key":"SteroidPotion"},{"floor":37.0,"key":"GamblersBrew"},{"floor":44,"key":"Regen Potion"},{"floor":48,"key":"Swift Potion"}],"is_trial":false,"path_per_floor":["M","M","M","?","$","E","R","E","T","M","M","R","?","?","R","B",null,"M","?","T","?","M","E","R","E","T","R","E","?","?","E","R","B",null,"M","?","M","?","M","E","$","E","T","M","R","E","R","?","R","B",null],"character_chosen":"IRONCLAD","items_purchased":["Feel No Pain","War Paint","Thread and Needle"],"campfire_rested":2,"item_purchase_floors":[5,41,41],"current_hp_per_floor":[69,69,63,63,63,36,36,19,19,21,10,36,18,24,50,39,77,83,62,62,62,68,54,54,39,39,39,46,46,46,51,51,20,59,72,72,72,72,72,70,70,55,55,67,67,76,76,91,91,62],"gold":137,"neow_bonus":"TWENTY_PERCENT_HP_BONUS","is_daily":false,"chose_seed":false,"campfire_upgraded":7,"win_rate":0.0,"timestamp":1614324672,"path_taken":["M","M","M","?","$","E","R","E","T","M","?","R","?","?","R","BOSS","M","?","?","?","M","E","R","E","T","R","E","?","?","E","R","BOSS","M","?","M","?","M","E","$","E","T","M","R","E","R","?","R","BOSS"],"items_purchased_type":["Card","Relic","Relic"],"build_version":"2020-12-22","purchased_purges":0,"victory":true,"max_hp_per_floor":[89,89,89,89,89,89,89,89,89,89,89,89,89,89,89,89,89,89,89,89,89,89,89,89,89,89,89,92,92,64,72,72,72,72,72,72,72,72,75,75,75,82,82,85,85,88,88,91,91,91],"relic_stats":{"Darkstone Periapt":0,"counters":[26,102],"StoneCalendar":[0],"Charon\u0027s Ashes":[259],"Juzu Bracelet":2,"Bag of Preparation":[24],"Letter Opener":[71],"War Paint":["Warcry","Infernal Blade"],"Cursed Key":1,"Burning Blood":143,"Nunchaku":[18],"Centennial Puzzle":[30],"Necronomicon":[45],"Art of War":[1],"obtain_stats":[{"Darkstone Periapt":31,"Velvet Choker":17,"Thread and Needle":41,"StoneCalendar":48,"The Courier":25,"Charon\u0027s Ashes":28,"Juzu Bracelet":20,"Bag of Preparation":26,"Omamori":40,"Letter Opener":20,"Odd Mushroom":13,"War Paint":41,"Cursed Key":34,"Burning Blood":0,"Nunchaku":6,"Centennial Puzzle":26,"Matryoshka":9,"Strawberry":42,"Necronomicon":19,"Bag of Marbles":23,"Art of War":43,"Bottled Lightning":46,"Unceasing Top":8,"Pocketwatch":14},{"Darkstone Periapt":16,"Velvet Choker":10,"Thread and Needle":21,"StoneCalendar":25,"The Courier":14,"Charon\u0027s Ashes":15,"Juzu Bracelet":11,"Bag of Preparation":14,"Omamori":21,"Letter Opener":11,"Odd Mushroom":8,"War Paint":21,"Cursed Key":17,"Burning Blood":0,"Nunchaku":4,"Centennial Puzzle":14,"Matryoshka":5,"Strawberry":22,"Necronomicon":11,"Bag of Marbles":13,"Art of War":22,"Bottled Lightning":24,"Unceasing Top":5,"Pocketwatch":8},{"Darkstone Periapt":65,"Velvet Choker":45,"Thread and Needle":82,"StoneCalendar":97,"The Courier":59,"Charon\u0027s Ashes":62,"Juzu Bracelet":49,"Bag of Preparation":59,"Omamori":82,"Letter Opener":49,"Odd Mushroom":36,"War Paint":82,"Cursed Key":73,"Burning Blood":0,"Nunchaku":15,"Centennial Puzzle":59,"Matryoshka":26,"Strawberry":85,"Necronomicon":49,"Bag of Marbles":55,"Art of War":85,"Bottled Lightning":94,"Unceasing Top":26,"Pocketwatch":36}],"Unceasing Top":[6],"Pocketwatch":[58]},"card_choices":[{"not_picked":["Heavy Blade","Body Slam"],"picked":"Uppercut","floor":1.0},{"not_picked":["Perfected Strike","Iron Wave"],"picked":"Shrug It Off","floor":2.0},{"not_picked":["Heavy Blade","Havoc"],"picked":"Infernal Blade","floor":3.0},{"not_picked":["Body Slam","Searing Blow"],"picked":"Clothesline","floor":6.0},{"not_picked":["Uppercut","Sentinel"],"picked":"Fiend Fire","floor":8.0},{"not_picked":["Entrench","Havoc"],"picked":"Warcry","floor":10.0},{"not_picked":["Clash","Headbutt"],"picked":"Bludgeon","floor":11.0},{"not_picked":["Havoc","Clothesline"],"picked":"Cleave","floor":13.0},{"not_picked":["Body Slam","Twin Strike"],"picked":"Pommel Strike","floor":14.0},{"not_picked":["Limit Break","Bludgeon"],"picked":"Immolate","floor":16.0},{"not_picked":["Rupture","Carnage"],"picked":"True Grit+1","floor":18.0},{"not_picked":["Evolve","Entrench","Sword Boomerang"],"picked":"SKIP","floor":22.0},{"not_picked":["Clash","Juggernaut"],"picked":"Sentinel","floor":23.0},{"not_picked":["Headbutt","Entrench"],"picked":"Feed","floor":25.0},{"not_picked":["Power Through","Thunderclap","Fire Breathing"],"picked":"SKIP","floor":28.0},{"not_picked":["Flex","Power Through","Berserk"],"picked":"SKIP","floor":31.0},{"not_picked":["Immolate","Offering"],"picked":"Reaper","floor":33.0},{"not_picked":["Cleave","Infernal Blade+1"],"picked":"Sever Soul","floor":35.0},{"not_picked":["Shrug It Off","Havoc"],"picked":"Disarm","floor":37.0},{"not_picked":["Warcry","Armaments+1"],"picked":"Burning Pact+1","floor":39.0},{"not_picked":["Evolve","Pummel"],"picked":"Inflame","floor":40.0},{"not_picked":["Spot Weakness","Pommel Strike+1"],"picked":"Battle Trance+1","floor":42.0},{"not_picked":["Cleave","Rupture"],"picked":"Feel No Pain","floor":44},{"not_picked":["Warcry+1","Intimidate","Clash"],"picked":"SKIP","floor":46},{"not_picked":["Uppercut+1","Clothesline+1"],"picked":"Immolate","floor":48}],"player_experience":572862,"relics_obtained":[{"floor":6.0,"key":"Nunchaku"},{"floor":8.0,"key":"Unceasing Top"},{"floor":9.0,"key":"Matryoshka"},{"floor":13.0,"key":"Odd Mushroom"},{"floor":19.0,"key":"Necronomicon"},{"floor":20.0,"key":"Juzu Bracelet"},{"floor":20.0,"key":"Letter Opener"},{"floor":23.0,"key":"Bag of Marbles"},{"floor":25.0,"key":"The Courier"},{"floor":26.0,"key":"Centennial Puzzle"},{"floor":26.0,"key":"Bag of Preparation"},{"floor":28.0,"key":"Charon\u0027s Ashes"},{"floor":31.0,"key":"Darkstone Periapt"},{"floor":40.0,"key":"Omamori"},{"floor":42.0,"key":"Strawberry"},{"floor":43.0,"key":"Art of War"},{"floor":46,"key":"Bottled Lightning"},{"floor":48,"key":"StoneCalendar"}],"event_choices":[{"damage_healed":0.0,"max_hp_gain":0.0,"max_hp_loss":0.0,"gold_gain":0.0,"event_name":"The Woman in Blue","player_choice":"Bought 1 Potion","floor":4.0,"gold_loss":0.0,"damage_taken":0.0},{"damage_healed":0.0,"max_hp_gain":0.0,"max_hp_loss":0.0,"gold_gain":0.0,"event_name":"Mushrooms","player_choice":"Fought Mushrooms","floor":13.0,"gold_loss":0.0,"damage_taken":0.0},{"damage_healed":0.0,"max_hp_gain":0.0,"max_hp_loss":0.0,"gold_gain":30.0,"event_name":"Dead Adventurer","player_choice":"Searched \u00273\u0027 times","floor":14.0,"gold_loss":0.0,"damage_taken":0.0,"relics_obtained":["Pocketwatch"]},{"damage_healed":0.0,"max_hp_gain":0.0,"max_hp_loss":0.0,"gold_gain":0.0,"event_name":"Cursed Tome","player_choice":"Obtained Book","floor":19.0,"gold_loss":0.0,"damage_taken":21.0},{"cards_removed":["Defend_R"],"damage_healed":0.0,"max_hp_gain":0.0,"max_hp_loss":0.0,"gold_gain":0.0,"event_name":"Beggar","player_choice":"Gave Gold","floor":21.0,"gold_loss":75.0,"damage_taken":0.0},{"damage_healed":0.0,"max_hp_gain":0.0,"max_hp_loss":0.0,"gold_gain":0.0,"cards_transformed":["Strike_R"],"event_name":"Transmorgrifier","player_choice":"Transformed","floor":29.0,"gold_loss":0.0,"damage_taken":0.0,"cards_obtained":["Brutality"]},{"damage_healed":0.0,"max_hp_gain":0.0,"max_hp_loss":28.0,"gold_gain":0.0,"event_name":"Vampires","player_choice":"Became a vampire","floor":30.0,"gold_loss":0.0,"damage_taken":0.0,"cards_obtained":["Bite","Bite","Bite","Bite","Bite"]},{"cards_removed":["Defend_R"],"damage_healed":0.0,"max_hp_gain":0.0,"max_hp_loss":0.0,"gold_gain":0.0,"event_name":"Designer","player_choice":"Upgrade and Remove","floor":36.0,"gold_loss":110.0,"damage_taken":0.0,"cards_upgraded":["Bite"]},{"damage_healed":0.0,"max_hp_gain":0.0,"max_hp_loss":0.0,"gold_gain":0.0,"event_name":"Tomb of Lord Red Mask","player_choice":"Ignored","floor":38.0,"gold_loss":0.0,"damage_taken":0.0},{"damage_healed":0,"gold_gain":0,"player_choice":"Fight","damage_taken":0,"max_hp_gain":0,"max_hp_loss":0,"event_name":"MindBloom","floor":48,"gold_loss":0}],"is_beta":false,"boss_relics":[{"not_picked":["SlaversCollar","Pandora\u0027s Box"],"picked":"Velvet Choker"},{"not_picked":["Snecko Eye","Philosopher\u0027s Stone"],"picked":"Cursed Key"}],"items_purged_floors":[],"is_endless":false,"potions_floor_spawned":[10,11,13,14,16,23,25,28,31,35,37,44,48],"ascension_level":19}}