{"host":"gvgax75aunlv59s2","time":1614361112,"event":{"mods":["BaseMod","Bossed Relics","Curses Come First","Decade(???)","Googly Eyes","GungeonMod","Hermit","Highlight Path","Infinite Spire","Minty Spire (QoL Compilation)","Replay The Spire","Robot Space Explorer","Shop Mod","Spicy Shops","Spikes Relics","Spire Arcade","StSLib","Synergy Search","The Bug Knight","The Cursed","The Hierophant","The Runesmith","The Servant 0.9.4","TheBandit","[IsaacMod]????"],"gold_per_floor":[2367,2367,2380,2380,1102,1102,1155,569,595,17,28,28,46,64,64,163,163,176,176,227,227,227,252,252,272,320,320,320,338,338,338,338,441,441,456,456,456,456,52,52,102,102,126,126,146,146,238,280,335,335,335,335,71,97,97],"floor_reached":56,"language":"ENG","playtime":6580,"items_purged":["Strike_R","Looming Evil","Exhume","CloudedMind","Barricade"],"score":1285,"play_id":"0a895528-7643-46c5-ae57-8b6a0f4efd4a","local_time":"20210226123832","is_ascension_mode":false,"campfire_choices":[{"data":"ReplayUltimateDefense","floor":6,"key":"SMITH"},{"data":"Exchange","floor":15,"key":"PURGE"},{"data":"infinitespire:Collect","floor":24,"key":"SMITH"},{"floor":32,"key":"REST"},{"data":"Metamorphosis","floor":40,"key":"SMITH"},{"data":"infinitespire:Fortify","floor":42,"key":"SMITH"},{"data":"Pummel","floor":46,"key":"SMITH"},{"data":"Double Tap","floor":52,"key":"SMITH"}],"circlet_count":1,"master_deck":["Strike_R+1","Strike_R+1","Strike_R+2","Strike_R+2","Defend_R+2","Defend_R+1","Defend_R+1","Defend_R+1","Bash","Sword Boomerang","Jack Of All Trades","Jack Of All Trades","Uppercut","Replay:Bootleg Shield Generator","Pot Of Greed","Pot Of Greed","Pummel+1","Spot Weakness","Searing Blow+1","Run Through+1","infinitespire:Collect+1","Pot Of Greed","ReplayTheSpireMod:LeadingStrike+1","Seeing Red","infinitespire:Fortify+1","Double Tap+1","Finesse","Enlightenment+1","Metamorphosis+1","CloudedMind","ReplayTheSpireMod:Splinters","Twin Strike+1","Spot Weakness+1","Pot Of Greed+1","Parasite"],"relics":["Burning Blood","HushsDoor","BFFS","Circlet","Replay:Wax Seal","DemoMod:MeatBun","Pantograph","DemoMod:MeltedRock","ReplayTheSpireMod:ShopPack","BookOfRevelations","DemoMod:GnawedKey","InkBottle","BelialBook","Garlic","Grinning Jar","Runesmith:Locket","Medical Kit","infinitespire:Beetle Shell","ReplayTheSpireMod:CursedCoin","Whetstone","Paper Frog","Runic Cube","MyShadow","Red Skull","Juzu Bracelet","Centennial Puzzle","DemoMod:LamentConfigurum","Black Blood","Bag of Marbles","WingedGreaves","SlaversCollar","MagicMushroom","D4","ReplayTheSpireMod:Ring of Challenge","ReplayTheSpireMod:Ring of Collecting","Membership Card","HollowMod:PaleOreRelic","Toxic Egg 2","EdensBlessing","Ring of Misfortune","Simple Rune","Nunchaku","Blue Doll","GolemAmulet","War Paint","FossilizedHelix","Sling","Replay:Rubber Ducky"],"acts_visited":["Exordium","TheCity","TheBeyond","TheEnding"],"potions_floor_usage":[33,55,55],"damage_taken":[{"damage":7,"enemies":"Jaw Worm","floor":1,"turns":6},{"damage":6,"enemies":"Cultist","floor":3,"turns":3},{"damage":0,"enemies":"Gremlin Nob","floor":7,"turns":3},{"damage":1,"enemies":"2 Louse","floor":11,"turns":2},{"damage":2,"enemies":"Looter","floor":13,"turns":2},{"damage":2,"enemies":"Exordium Wildlife","floor":14,"turns":2},{"damage":0,"enemies":"Slime Boss","floor":16,"turns":7},{"damage":1,"enemies":"Chosen","floor":18,"turns":3},{"damage":5,"enemies":"Gremlin Leader","floor":23,"turns":3},{"damage":2,"enemies":"Shell Parasite","floor":25,"turns":2},{"damage":37,"enemies":"Snecko","floor":29,"turns":5},{"damage":6,"enemies":"Champ","floor":33,"turns":11},{"damage":0,"enemies":"3 Shapes","floor":35,"turns":3},{"damage":84,"enemies":"Mind Bloom Boss Battle","floor":41,"turns":3},{"damage":9,"enemies":"Orb Walker","floor":45,"turns":2},{"damage":8,"enemies":"Giant Head","floor":48,"turns":4},{"damage":0,"enemies":"2 Orb Walkers","floor":49,"turns":5},{"damage":3,"enemies":"Replay:Hell Engine","floor":50,"turns":4},{"damage":0,"enemies":"Shield and Spear","floor":54,"turns":3},{"damage":1005,"enemies":"Delirium","floor":55,"turns":34}],"seed_played":"4344080584456987381","potions_obtained":[{"floor":13,"key":"Elixir"},{"floor":14,"key":"SpeedPotion"},{"floor":33,"key":"Dexterity Potion"}],"is_trial":false,"path_per_floor":["M","?","M","?","$","R","E","$","T","$","M","?","M","M","R","B",null,"M","?","T","?","?","E","R","M","T","?","?","M","?","AVR","R","B",null,"M","AVR","?","?","$","R","?","R","T","?","M","R","?","E","R","B",null,"R","$","E","B",null],"character_chosen":"IRONCLAD","items_purchased":["DemoMod:MeatBun","Pantograph","DemoMod:MeltedRock","ReplayTheSpireMod:ShopPack","BookOfRevelations","DemoMod:GnawedKey","InkBottle","Garlic","Replay:Bootleg Shield Generator","Grinning Jar","Runesmith:Locket","Medical Kit","ReplayTheSpireMod:CursedCoin","Whetstone","Paper Frog","Pummel","Spot Weakness","MyShadow","Double Tap","Membership Card","HollowMod:PaleOreRelic","Toxic Egg 2","War Paint","FossilizedHelix","Sling"],"campfire_rested":1,"item_purchase_floors":[5,5,5,5,5,5,5,8,8,8,8,8,10,10,10,10,10,17,34,39,39,39,53,53,53],"current_hp_per_floor":[384,384,384,384,385,385,385,385,385,385,385,385,385,385,385,385,373,373,373,373,277,277,278,278,282,282,282,282,251,251,251,362,373,364,364,371,361,361,361,361,305,305,305,305,315,315,315,326,345,371,371,371,371,371,1603],"gold":97,"neow_bonus":"TWO_FIFTY_GOLD","is_daily":false,"chose_seed":false,"campfire_upgraded":6,"win_rate":0.0,"timestamp":1614361112,"path_taken":["M","?","?","?","$","R","E","?","T","$","M","?","M","M","R","BOSS","M","?","?","?","?","E","R","M","T","?","?","M","?","AVR","R","BOSS","M","AVR","?","?","?","R","?","R","T","?","M","R","?","E","R","BOSS","R","$","E","BOSS"],"items_purchased_type":["Relic","Relic","Relic","Relic","Relic","Relic","Relic","Relic","Card","Relic","Relic","Relic","Relic","Relic","Relic","Card","Card","Relic","Card","Relic","Relic","Relic","Relic","Relic","Relic"],"build_version":"2020-12-22","purchased_purges":5,"victory":true,"max_hp_per_floor":[385,385,385,385,385,385,385,385,385,385,385,385,385,385,385,385,373,373,373,373,373,373,373,373,373,373,373,373,373,373,373,373,373,364,364,371,371,371,371,371,371,371,371,371,371,371,371,371,371,371,371,371,371,371,2371],"card_choices":[{"not_picked":["Carnage","Body Slam"],"picked":"Sword Boomerang","floor":1},{"not_picked":["ReplayTheSpireMod:Strike From Hell","Clothesline","Flame Barrier"],"picked":"SKIP","floor":3},{"not_picked":["DemoMod:Invincible","EpicFetus"],"picked":"ReplayUltimateDefense","floor":5},{"not_picked":["Swift Strike","DemoMod:Spice"],"picked":"Jack Of All Trades","floor":5},{"not_picked":["Replay:Sssssssssshield","Deep Breath"],"picked":"Jack Of All Trades","floor":5},{"not_picked":["Sever Soul","Reaper"],"picked":"Uppercut","floor":7},{"not_picked":["ReplayTheSpireMod:Limb From Limb","Body Slam","Warcry"],"picked":"SKIP","floor":11},{"not_picked":["ReplayTheSpireMod:Muscle Training","Shrug It Off"],"picked":"Exhume","floor":13},{"not_picked":["Iron Wave","Pommel Strike"],"picked":"Searing Blow","floor":14},{"not_picked":["Replay:Undeath\u0027s Touch","Dropkick"],"picked":"Run Through+1","floor":18},{"not_picked":["ReplayTheSpireMod:Chaos Vortex","infinitespire:SealOfDarkness+"],"picked":"infinitespire:Collect","floor":21},{"not_picked":["Abandon","Cleave"],"picked":"ReplayTheSpireMod:LeadingStrike+1","floor":23},{"not_picked":["Rupture+1","Defy Death+1","Feel No Pain"],"picked":"SKIP","floor":25},{"not_picked":["Anger+1","Second Wind","Iron Wave"],"picked":"SKIP","floor":29},{"not_picked":["Immolate","Demonic Infusion"],"picked":"Barricade","floor":33},{"not_picked":["ReplayTheSpireMod:Strike From Hell+1","Power Through+1","Body Slam"],"picked":"SKIP","floor":35},{"not_picked":["The Bomb","Dark Shackles"],"picked":"Finesse","floor":37},{"not_picked":["DemoMod:Spice","Trip"],"picked":"Enlightenment","floor":37},{"not_picked":["Purity","Replay:Sssssssssstrike"],"picked":"Metamorphosis","floor":37},{"not_picked":["Warcry+1","Headbutt","Body Slam"],"picked":"SKIP","floor":45},{"not_picked":["Pommel Strike","Blood for Blood+1"],"picked":"Twin Strike+1","floor":47},{"not_picked":["Clash+1","Thunderclap","Demonic Infusion+1"],"picked":"SKIP","floor":48},{"not_picked":["Second Wind+1","Ghostly Armor+1"],"picked":"Spot Weakness+1","floor":49},{"not_picked":["Power Through+1","Fiend Fire","Clash+1"],"picked":"SKIP","floor":54}],"player_experience":201986,"relics_obtained":[{"floor":1,"key":"Replay:Wax Seal"},{"floor":7,"key":"BelialBook"},{"floor":9,"key":"infinitespire:Beetle Shell"},{"floor":20,"key":"Red Skull"},{"floor":23,"key":"Centennial Puzzle"},{"floor":26,"key":"DemoMod:LamentConfigurum"},{"floor":38,"key":"ReplayTheSpireMod:Ring of Challenge"},{"floor":38,"key":"ReplayTheSpireMod:Ring of Collecting"},{"floor":41,"key":"EdensBlessing"},{"floor":43,"key":"Ring of Misfortune"},{"floor":43,"key":"Simple Rune"},{"floor":47,"key":"Nunchaku"},{"floor":48,"key":"Blue Doll"},{"floor":49,"key":"GolemAmulet"},{"floor":54,"key":"Replay:Rubber Ducky"}],"event_choices":[{"damage_healed":0,"gold_gain":0,"player_choice":"Upgraded","damage_taken":0,"max_hp_gain":0,"max_hp_loss":0,"event_name":"Upgrade Shrine","floor":19,"gold_loss":0,"cards_upgraded":["Searing Blow"]},{"damage_healed":0,"gold_gain":0,"player_choice":"Read","damage_taken":0,"max_hp_gain":0,"max_hp_loss":0,"event_name":"The Library","floor":27,"gold_loss":0,"cards_obtained":["Seeing Red"]},{"damage_healed":0,"gold_gain":0,"player_choice":"Simplicity","damage_taken":0,"max_hp_gain":0,"max_hp_loss":0,"event_name":"Back to Basics","floor":28,"gold_loss":0,"cards_upgraded":["Strike_R","Strike_R","Defend_R","Defend_R","Defend_R"]},{"damage_healed":0,"gold_gain":0,"player_choice":"Ignored","damage_taken":0,"max_hp_gain":0,"max_hp_loss":0,"event_name":"Vampires","floor":30,"gold_loss":0},{"damage_healed":0,"gold_gain":0,"player_choice":"Memory 3","damage_taken":10,"max_hp_gain":0,"max_hp_loss":0,"event_name":"SensoryStone","floor":37,"gold_loss":0},{"damage_healed":0,"gold_gain":0,"player_choice":"Fight","damage_taken":0,"max_hp_gain":0,"max_hp_loss":0,"event_name":"MindBloom","floor":41,"gold_loss":0},{"cards_removed":["ReplayUltimateDefense"],"damage_healed":0,"gold_gain":0,"player_choice":"Removed Power","damage_taken":0,"max_hp_gain":0,"max_hp_loss":0,"event_name":"Falling","floor":44,"gold_loss":0},{"damage_healed":0,"gold_gain":0,"player_choice":"Fight","damage_taken":0,"max_hp_gain":0,"max_hp_loss":0,"event_name":"Mysterious Sphere","floor":49,"gold_loss":0}],"is_beta":false,"boss_relics":[{"not_picked":["Ooze Armor","Snecko Eye"],"picked":"Runic Cube"},{"not_picked":[]},{"not_picked":["Tiny House","CosmicIsotope"],"picked":"SlaversCollar"},{"not_picked":[]}],"items_purged_floors":[5,10,31,34,39],"is_endless":false,"potions_floor_spawned":[13,14,16,33,41,48,54],"ascension_level":0}}