{"host":"x8s7139x96bc3le0","time":1614371852,"event":{"mods":["AchievementEnabler","BaseMod","Bestiary","Minty Spire (QoL Compilation)","Relic Stats","ojb\u0027s Better Paths Mod","ojb\u0027s Info Mod"],"gold_per_floor":[110,110,122,135,149,180,180,211,211,228,188,223,223,250,250,352,352,369,20,36,71,83,83,112,112,112,112,112,125,156,170,170,267,267,278,295,265,277,329,359,359,359,383,401,430,10,35,48,48,48],"floor_reached":51,"language":"ENG","playtime":4151,"items_purged":["Defend_B"],"score":926,"play_id":"53423170-4fc1-4f39-a233-d65802aba528","local_time":"20210226213732","is_ascension_mode":true,"campfire_choices":[{"data":"Zap","floor":7.0,"key":"SMITH"},{"data":"Capacitor","floor":15.0,"key":"SMITH"},{"data":"Storm","floor":23.0,"key":"SMITH"},{"data":"Strike_B","floor":25.0,"key":"PURGE"},{"data":"Strike_B","floor":28.0,"key":"PURGE"},{"data":"Defend_B","floor":32.0,"key":"PURGE"},{"data":"Echo Form","floor":41.0,"key":"SMITH"},{"data":"Lockon","floor":49,"key":"SMITH"}],"circlet_count":0,"master_deck":["Defend_B","Zap+1","Dualcast","Amplify+1","Self Repair+1","White Noise+1","Glacier","Storm+1","Sweeping Beam","Capacitor+1","Coolheaded","Chill","Core Surge","White Noise+1","Glacier","Echo Form+1","Go for the Eyes+1","Core Surge","Ball Lightning+1","Doom and Gloom+1","Conserve Battery+1","Echo Form","Master of Strategy","Lockon+1"],"relics":["Astrolabe","Lizard Tail","Mercury Hourglass","Gambling Chip","Peace Pipe","MealTicket","Black Star","FossilizedHelix","Red Mask","Pen Nib","Mango","Blue Candle","NlothsMask","Orichalcum","Vajra","Coffee Dripper","Emotion Chip","Letter Opener","Bottled Tornado","Ancient Tea Set","Pocketwatch","Bag of Marbles","Sundial"],"acts_visited":["Exordium","TheCity","TheBeyond"],"potions_floor_usage":[45,50],"damage_taken":[{"damage":11.0,"enemies":"Cultist","floor":1.0,"turns":4.0},{"damage":9.0,"enemies":"2 Louse","floor":3.0,"turns":5.0},{"damage":9.0,"enemies":"Jaw Worm","floor":4.0,"turns":6.0},{"damage":9.0,"enemies":"3 Louse","floor":5.0,"turns":4.0},{"damage":30.0,"enemies":"3 Sentries","floor":6.0,"turns":6.0},{"damage":11.0,"enemies":"Lagavulin","floor":8.0,"turns":5.0},{"damage":12.0,"enemies":"Lots of Slimes","floor":10.0,"turns":2.0},{"damage":23.0,"enemies":"3 Sentries","floor":12.0,"turns":6.0},{"damage":12.0,"enemies":"Lagavulin","floor":14.0,"turns":6.0},{"damage":23.0,"enemies":"Hexaghost","floor":16.0,"turns":9.0},{"damage":45.0,"enemies":"3 Byrds","floor":18.0,"turns":4.0},{"damage":29.0,"enemies":"2 Thieves","floor":20.0,"turns":4.0},{"damage":0.0,"enemies":"Masked Bandits","floor":21.0,"turns":2.0},{"damage":0.0,"enemies":"Cultist and Chosen","floor":22.0,"turns":5.0},{"damage":0.0,"enemies":"Gremlin Leader","floor":24.0,"turns":4.0},{"damage":12.0,"enemies":"Shelled Parasite and Fungi","floor":29.0,"turns":7.0},{"damage":34.0,"enemies":"Book of Stabbing","floor":30.0,"turns":6.0},{"damage":10.0,"enemies":"3 Cultists","floor":31.0,"turns":5.0},{"damage":99.0,"enemies":"Champ","floor":33.0,"turns":25.0},{"damage":11.0,"enemies":"3 Darklings","floor":35.0,"turns":4.0},{"damage":0.0,"enemies":"3 Shapes","floor":36.0,"turns":4.0},{"damage":19.0,"enemies":"Sphere and 2 Shapes","floor":38.0,"turns":5.0},{"damage":20.0,"enemies":"2 Orb Walkers","floor":39.0,"turns":5.0},{"damage":0.0,"enemies":"Giant Head","floor":40.0,"turns":10.0},{"damage":0,"enemies":"Maw","floor":44,"turns":6},{"damage":18,"enemies":"Reptomancer","floor":45,"turns":6},{"damage":15,"enemies":"Giant Head","floor":47,"turns":7},{"damage":0,"enemies":"Transient","floor":48,"turns":5},{"damage":24,"enemies":"Time Eater","floor":50,"turns":12}],"seed_played":"7357800958069109452","potions_obtained":[{"floor":3.0,"key":"Explosive Potion"},{"floor":8.0,"key":"BlessingOfTheForge"},{"floor":10.0,"key":"LiquidMemories"},{"floor":12.0,"key":"LiquidMemories"},{"floor":16.0,"key":"CultistPotion"},{"floor":24.0,"key":"Fire Potion"},{"floor":37.0,"key":"FearPotion"},{"floor":40.0,"key":"Swift Potion"}],"is_trial":false,"path_per_floor":["M","?","M","M","M","E","R","E","T","M","?","E","?","E","R","B",null,"M","$","M","?","M","R","E","R","T","?","R","M","E","M","R","B",null,"M","M","?","M","?","E","R","?","T","M","E","$","E","M","R","B",null],"character_chosen":"DEFECT","items_purchased":["FossilizedHelix","PowerPotion","Master of Strategy","DistilledChaos","Lockon"],"campfire_rested":0,"item_purchase_floors":[19,19,46,46,46],"current_hp_per_floor":[75,75,75,75,75,55,55,44,44,42,42,29,54,62,62,59,75,40,55,46,56,66,66,89,89,89,89,89,89,75,85,85,49,89,89,89,89,89,79,89,89,89,89,89,89,89,89,89,89,75],"gold":48,"neow_bonus":"BOSS_RELIC","is_daily":false,"chose_seed":false,"campfire_upgraded":5,"win_rate":0.0,"timestamp":1614371852,"path_taken":["M","?","M","M","M","E","R","E","T","M","?","E","?","E","R","BOSS","M","$","M","?","M","R","E","R","T","?","R","M","E","M","R","BOSS","M","?","?","?","?","E","R","?","T","M","E","$","E","M","R","BOSS"],"items_purchased_type":["Relic","Potion","Card","Potion","Card"],"build_version":"2020-12-22","purchased_purges":1,"victory":true,"max_hp_per_floor":[75,75,75,75,75,75,75,75,75,75,75,75,75,75,75,75,75,75,75,75,75,75,75,89,89,89,89,89,89,89,89,89,89,89,89,89,89,89,89,89,89,89,89,89,89,89,89,89,89,89],"relic_stats":{"counters":[29,177],"Astrolabe":["Amplify","Self Repair","White Noise"],"Blue Candle":[0],"Pen Nib":[12],"Letter Opener":[129],"Orichalcum":[120],"Mercury Hourglass":[561],"Peace Pipe":4,"Lizard Tail":44,"Emotion Chip":[33,14,19,0,0],"Sundial":[4],"Gambling Chip":[62],"MealTicket":15,"Black Star":5,"obtain_stats":[{"Astrolabe":0,"Blue Candle":26,"Vajra":30,"Mango":24,"Pen Nib":24,"Letter Opener":40,"Orichalcum":30,"Bottled Tornado":40,"Ancient Tea Set":45,"Mercury Hourglass":8,"Peace Pipe":12,"Lizard Tail":6,"Emotion Chip":39,"Sundial":47,"Gambling Chip":9,"MealTicket":14,"Black Star":17,"Red Mask":21,"Coffee Dripper":34,"Bag of Marbles":47,"Cracked Core":0,"FossilizedHelix":19,"NlothsMask":27,"Pocketwatch":45},{"Astrolabe":0,"Blue Candle":15,"Vajra":17,"Mango":15,"Pen Nib":15,"Letter Opener":24,"Orichalcum":17,"Bottled Tornado":24,"Ancient Tea Set":26,"Mercury Hourglass":6,"Peace Pipe":8,"Lizard Tail":5,"Emotion Chip":23,"Sundial":27,"Gambling Chip":6,"MealTicket":9,"Black Star":10,"Red Mask":13,"Coffee Dripper":19,"Bag of Marbles":27,"Cracked Core":0,"FossilizedHelix":11,"NlothsMask":15,"Pocketwatch":26},{"Astrolabe":0,"Blue Candle":70,"Vajra":83,"Mango":70,"Pen Nib":70,"Letter Opener":141,"Orichalcum":83,"Bottled Tornado":141,"Ancient Tea Set":153,"Mercury Hourglass":30,"Peace Pipe":37,"Lizard Tail":25,"Emotion Chip":131,"Sundial":160,"Gambling Chip":30,"MealTicket":43,"Black Star":52,"Red Mask":62,"Coffee Dripper":113,"Bag of Marbles":160,"Cracked Core":0,"FossilizedHelix":56,"NlothsMask":70,"Pocketwatch":153}],"Pocketwatch":[9]},"card_choices":[{"not_picked":["Conserve Battery","Gash"],"picked":"Glacier","floor":1.0},{"not_picked":["Aggregate","Steam"],"picked":"Storm","floor":3.0},{"not_picked":["Rebound","Conserve Battery"],"picked":"Sweeping Beam","floor":4.0},{"not_picked":["Reinforced Body","Melter"],"picked":"Capacitor","floor":5.0},{"not_picked":["Conserve Battery","Chaos","Recycle"],"picked":"SKIP","floor":6.0},{"not_picked":["Fission","Beam Cell","Stack"],"picked":"SKIP","floor":8.0},{"not_picked":["Stack","White Noise"],"picked":"Coolheaded","floor":10.0},{"not_picked":["Redo","Lockon"],"picked":"Chill","floor":12.0},{"not_picked":["Ball Lightning","Meteor Strike","Rebound"],"picked":"SKIP","floor":14.0},{"not_picked":["All For One","Rainbow"],"picked":"Core Surge","floor":16.0},{"not_picked":["Double Energy","Tempest"],"picked":"White Noise","floor":18.0},{"not_picked":["Sweeping Beam","Undo","Streamline"],"picked":"SKIP","floor":20.0},{"not_picked":["Chill","Hologram","Beam Cell"],"picked":"SKIP","floor":22.0},{"not_picked":["Glacier","Stack","Steam Power"],"picked":"SKIP","floor":24.0},{"not_picked":["Turbo+1","Cold Snap"],"picked":"Glacier","floor":29.0},{"not_picked":["Leap+1","Turbo+1"],"picked":"Echo Form","floor":30.0},{"not_picked":["Undo","Force Field"],"picked":"Go for the Eyes+1","floor":31.0},{"not_picked":["Amplify","Meteor Strike"],"picked":"Core Surge","floor":33.0},{"not_picked":["Leap","Hologram"],"picked":"Ball Lightning+1","floor":35.0},{"not_picked":["Aggregate+1","Conserve Battery"],"picked":"Doom and Gloom+1","floor":36.0},{"not_picked":["Chaos+1","Go for the Eyes+1","Ball Lightning"],"picked":"SKIP","floor":38.0},{"not_picked":["Go for the Eyes","Leap"],"picked":"Conserve Battery+1","floor":39.0},{"not_picked":["Storm+1","Chaos"],"picked":"Echo Form","floor":40.0},{"not_picked":["Conserve Battery+1","Force Field","Redo"],"picked":"SKIP","floor":44},{"not_picked":["Storm","Reinforced Body","Skim"],"picked":"SKIP","floor":45},{"not_picked":["Skim","Rip and Tear","Compile Driver"],"picked":"SKIP","floor":47},{"not_picked":["Skim","Redo+1","Auto Shields+1"],"picked":"SKIP","floor":48}],"player_experience":889527,"relics_obtained":[{"floor":6.0,"key":"Lizard Tail"},{"floor":8.0,"key":"Mercury Hourglass"},{"floor":9.0,"key":"Gambling Chip"},{"floor":12.0,"key":"Peace Pipe"},{"floor":14.0,"key":"MealTicket"},{"floor":21.0,"key":"Red Mask"},{"floor":24.0,"key":"Pen Nib"},{"floor":24.0,"key":"Mango"},{"floor":26.0,"key":"Blue Candle"},{"floor":30.0,"key":"Orichalcum"},{"floor":30.0,"key":"Vajra"},{"floor":39.0,"key":"Emotion Chip"},{"floor":40.0,"key":"Letter Opener"},{"floor":40.0,"key":"Bottled Tornado"},{"floor":45,"key":"Ancient Tea Set"},{"floor":45,"key":"Pocketwatch"},{"floor":47,"key":"Bag of Marbles"},{"floor":47,"key":"Sundial"}],"event_choices":[{"damage_healed":0.0,"max_hp_gain":0.0,"max_hp_loss":0.0,"gold_gain":0.0,"event_name":"Liars Game","player_choice":"Ignored","floor":2.0,"gold_loss":0.0,"damage_taken":0.0},{"damage_healed":0.0,"max_hp_gain":0.0,"max_hp_loss":0.0,"gold_gain":0.0,"event_name":"World of Goop","player_choice":"Left Gold","floor":11.0,"gold_loss":40.0,"damage_taken":0.0},{"damage_healed":25.0,"max_hp_gain":0.0,"max_hp_loss":0.0,"gold_gain":0.0,"event_name":"Big Fish","player_choice":"Banana","floor":13.0,"gold_loss":0.0,"damage_taken":0.0},{"damage_healed":0.0,"max_hp_gain":0.0,"max_hp_loss":0.0,"gold_gain":0.0,"event_name":"Masked Bandits","player_choice":"Fought Bandits","floor":21.0,"gold_loss":0.0,"damage_taken":0.0},{"damage_healed":0.0,"max_hp_gain":0.0,"max_hp_loss":0.0,"gold_gain":0.0,"event_name":"FaceTrader","player_choice":"Trade","floor":27.0,"gold_loss":0.0,"damage_taken":0.0,"relics_obtained":["NlothsMask"]},{"damage_healed":0.0,"max_hp_gain":0.0,"max_hp_loss":0.0,"gold_gain":0.0,"event_name":"The Woman in Blue","player_choice":"Bought 2 Potions","floor":37.0,"gold_loss":0.0,"damage_taken":0.0},{"damage_healed":0.0,"max_hp_gain":0.0,"max_hp_loss":0.0,"gold_gain":0.0,"event_name":"Mysterious Sphere","player_choice":"Fight","floor":39.0,"gold_loss":0.0,"damage_taken":0.0},{"damage_healed":0.0,"max_hp_gain":0.0,"max_hp_loss":0.0,"gold_gain":0.0,"event_name":"Accursed Blacksmith","player_choice":"Forge","floor":42.0,"gold_loss":0.0,"damage_taken":0.0,"cards_upgraded":["White Noise"]}],"is_beta":false,"boss_relics":[{"not_picked":["Velvet Choker","Philosopher\u0027s Stone"],"picked":"Black Star"},{"not_picked":["Tiny House","Cursed Key"],"picked":"Coffee Dripper"}],"items_purged_floors":[46],"is_endless":false,"potions_floor_spawned":[3,8,10,12,16,20,24,29,30,33,35,36,40,47],"ascension_level":3}}