{"host":"7amvf8dip44jyuqm","time":1614299423,"event":{"mods":["BaseMod","Colored Map","Highlight Path","Minty Spire (QoL Compilation)","StSLib"],"gold_per_floor":[209,209,209,229,254,287,303,342,342,382,403,421,421,440,440,564,564,583,354,377,54,90,90,90],"floor_reached":23,"language":"ENG","playtime":2089,"items_purged":["Intimidate"],"score":213,"play_id":"b8270fd0-93c5-44a3-ba74-e578be00189a","local_time":"20210225183023","is_ascension_mode":false,"campfire_choices":[{"data":"Bash","floor":13,"key":"SMITH"},{"data":"Fire Breathing","floor":15,"key":"SMITH"}],"circlet_count":0,"master_deck":["Strike_R","Strike_R","Strike_R","Strike_R","Strike_R","Defend_R","Defend_R","Defend_R","Defend_R","Bash+1","Cleave","Mind Blast","Uppercut","Shrug It Off","Burning Pact","Battle Trance","Fire Breathing+1","Power Through","Barricade","True Grit","Heavy Blade","Impervious","Rupture+1","Hemokinesis","Body Slam"],"relics":["Burning Blood","Golden Idol","Meat on the Bone","Dream Catcher","Kunai","Torii","Snecko Eye","Orrery","Shuriken","Red Mask"],"acts_visited":["TheCity"],"potions_floor_usage":[8,10,22,22,23,23],"damage_taken":[{"damage":6,"enemies":"Cultist","floor":1,"turns":4},{"damage":5,"enemies":"Small Slimes","floor":4,"turns":3},{"damage":6,"enemies":"Jaw Worm","floor":5,"turns":3},{"damage":18,"enemies":"Gremlin Nob","floor":6,"turns":4},{"damage":8,"enemies":"Blue Slaver","floor":7,"turns":3},{"damage":31,"enemies":"Lagavulin","floor":8,"turns":8},{"damage":14,"enemies":"Gremlin Nob","floor":10,"turns":3},{"damage":3,"enemies":"Looter","floor":11,"turns":4},{"damage":21,"enemies":"Large Slime","floor":12,"turns":5},{"damage":19,"enemies":"Exordium Thugs","floor":14,"turns":5},{"damage":13,"enemies":"Hexaghost","floor":16,"turns":11},{"damage":20,"enemies":"Spheric Guardian","floor":18,"turns":5},{"damage":10,"enemies":"Shell Parasite","floor":20,"turns":7},{"damage":55,"enemies":"Masked Bandits","floor":22,"turns":7},{"damage":30,"enemies":"Book of Stabbing","floor":23,"turns":5}],"seed_played":"4797339347321865338","potions_obtained":[{"floor":5,"key":"SpeedPotion"},{"floor":6,"key":"SneckoOil"},{"floor":7,"key":"SteroidPotion"},{"floor":11,"key":"Energy Potion"},{"floor":14,"key":"CultistPotion"},{"floor":22,"key":"LiquidMemories"}],"is_trial":false,"path_per_floor":["M","?","?","M","M","E","M","E","T","E","M","M","R","M","R","B",null,"M","$","M","$","?","E"],"character_chosen":"IRONCLAD","items_purchased":["Orrery","Hemokinesis","Shuriken"],"campfire_rested":0,"item_purchase_floors":[19,21,21],"current_hp_per_floor":[80,60,60,61,61,49,47,34,34,38,53,50,50,49,49,54,80,66,66,62,62,25,0,0],"gold":90,"neow_bonus":"HUNDRED_GOLD","is_daily":false,"chose_seed":false,"campfire_upgraded":2,"win_rate":0.0,"timestamp":1614299423,"path_taken":["M","?","?","M","M","E","M","E","T","E","M","M","R","?","R","BOSS","M","$","M","$","?","E"],"items_purchased_type":["Relic","Card","Relic"],"build_version":"2020-12-22","purchased_purges":1,"victory":false,"max_hp_per_floor":[80,80,80,80,80,80,80,80,80,80,80,80,80,80,80,80,80,80,80,80,80,80,80,80],"card_choices":[{"not_picked":["Fire Breathing","Hemokinesis"],"picked":"Cleave","floor":1},{"not_picked":["Body Slam","Thunderclap"],"picked":"Uppercut","floor":4},{"not_picked":["Perfected Strike","Pommel Strike"],"picked":"Shrug It Off","floor":5},{"not_picked":["Feel No Pain","Clothesline"],"picked":"Intimidate","floor":6},{"not_picked":["Warcry","Heavy Blade"],"picked":"Burning Pact","floor":7},{"not_picked":["Entrench","Headbutt","Anger"],"picked":"SKIP","floor":8},{"not_picked":["Anger","Feel No Pain"],"picked":"Battle Trance","floor":10},{"not_picked":["Iron Wave","Pommel Strike"],"picked":"Fire Breathing","floor":11},{"not_picked":["Anger","Hemokinesis","Second Wind"],"picked":"SKIP","floor":12},{"not_picked":["Anger","Hemokinesis","Second Wind"],"picked":"SKIP","floor":12},{"not_picked":["Shockwave","Searing Blow"],"picked":"Power Through","floor":14},{"not_picked":["Demon Form","Reaper"],"picked":"Barricade","floor":16},{"not_picked":["Headbutt","Cleave"],"picked":"True Grit","floor":18},{"not_picked":["Inflame","Dark Embrace+1"],"picked":"Heavy Blade","floor":19},{"not_picked":["Cleave","Thunderclap"],"picked":"Impervious","floor":19},{"not_picked":["True Grit","Headbutt+1"],"picked":"Rupture+1","floor":20},{"not_picked":["Second Wind","Perfected Strike+1"],"picked":"Body Slam","floor":22}],"player_experience":4119,"relics_obtained":[{"floor":6,"key":"Meat on the Bone"},{"floor":8,"key":"Dream Catcher"},{"floor":9,"key":"Kunai"},{"floor":10,"key":"Torii"},{"floor":22,"key":"Red Mask"}],"event_choices":[{"damage_healed":0,"gold_gain":0,"player_choice":"Take Damage","damage_taken":20,"relics_obtained":["Golden Idol"],"max_hp_gain":0,"max_hp_loss":0,"event_name":"Golden Idol","floor":2,"gold_loss":0},{"damage_healed":0,"gold_gain":0,"player_choice":"1 cards matched","damage_taken":0,"max_hp_gain":0,"max_hp_loss":0,"event_name":"Match and Keep!","floor":3,"gold_loss":0,"cards_obtained":["Mind Blast"]},{"damage_healed":0,"gold_gain":0,"player_choice":"Fought Bandits","damage_taken":0,"max_hp_gain":0,"max_hp_loss":0,"event_name":"Masked Bandits","floor":22,"gold_loss":0}],"is_beta":false,"boss_relics":[{"not_picked":["Coffee Dripper","Cursed Key"],"picked":"Snecko Eye"}],"items_purged_floors":[19],"is_endless":false,"potions_floor_spawned":[5,6,7,11,14,22],"killed_by":"Book of Stabbing","ascension_level":0}}