{"host":"iv24d026eac8pm4e","time":1614352998,"event":{"mods":["BaseMod","Minty Spire (QoL Compilation)"],"gold_per_floor":[360,635,36,51,65,65,82,98,144,162,162,175,325,338,338,338,338],"floor_reached":16,"language":"ENG","playtime":470,"items_purged":["Regret"],"score":178,"play_id":"ffd38cc5-a040-4863-b061-c9e4532742dc","local_time":"20210226072318","is_ascension_mode":true,"campfire_choices":[{"data":"Consume","floor":6,"key":"SMITH"},{"data":"Recycle","floor":11,"key":"SMITH"},{"floor":15,"key":"REST"}],"circlet_count":0,"master_deck":["AscendersBane","Strike_B","Strike_B","Strike_B","Strike_B","Defend_B","Defend_B","Defend_B","Defend_B","Zap","Dualcast","Doubt","Consume+1","Barrage","Conserve Battery","Redo","BootSequence","Tempest","Rip and Tear","Recycle+1","Double Energy","Doom and Gloom","Stack","Doubt","Chill","Darkness"],"relics":["Cracked Core","Prayer Wheel","Nunchaku","Bag of Marbles"],"acts_visited":["Exordium"],"potions_floor_usage":[8,12,16],"damage_taken":[{"damage":1,"enemies":"Cultist","floor":1,"turns":3},{"damage":10,"enemies":"2 Louse","floor":4,"turns":3},{"damage":20,"enemies":"Small Slimes","floor":5,"turns":3},{"damage":6,"enemies":"2 Fungi Beasts","floor":7,"turns":3},{"damage":5,"enemies":"Gremlin Gang","floor":8,"turns":3},{"damage":3,"enemies":"Large Slime","floor":10,"turns":4},{"damage":9,"enemies":"Lots of Slimes","floor":12,"turns":4},{"damage":4,"enemies":"Blue Slaver","floor":14,"turns":4},{"damage":27,"enemies":"Hexaghost","floor":16,"turns":7}],"seed_played":"5032581060493844613","potions_obtained":[{"floor":1,"key":"ColorlessPotion"},{"floor":8,"key":"CultistPotion"},{"floor":12,"key":"PotionOfCapacity"}],"is_trial":false,"path_per_floor":["M","?","$","M","M","R","M","M","T","M","R","M","?","M","R","B"],"character_chosen":"DEFECT","items_purchased":["Prayer Wheel","Nunchaku","Barrage"],"campfire_rested":1,"item_purchase_floors":[3,3,3],"current_hp_per_floor":[63,63,63,53,33,33,27,22,22,19,19,10,10,6,27,0,0],"gold":338,"neow_bonus":"TWO_FIFTY_GOLD","is_daily":false,"chose_seed":false,"campfire_upgraded":2,"win_rate":0.0,"timestamp":1614352998,"path_taken":["M","?","$","M","M","R","M","?","T","M","R","M","?","M","R","BOSS"],"items_purchased_type":["Relic","Relic","Card"],"build_version":"2020-12-22","purchased_purges":1,"victory":false,"max_hp_per_floor":[71,71,71,71,71,71,71,71,71,71,71,71,71,71,71,71,71],"card_choices":[{"not_picked":["Rebound","Gash"],"picked":"Consume","floor":1},{"not_picked":["Aggregate","Reprogram"],"picked":"Conserve Battery","floor":4},{"not_picked":["Skim","Steam"],"picked":"Redo","floor":4},{"not_picked":["Turbo","Skim"],"picked":"BootSequence","floor":5},{"not_picked":["Blizzard","Static Discharge","Go for the Eyes"],"picked":"SKIP","floor":5},{"not_picked":["Barrage","Stack"],"picked":"Tempest","floor":7},{"not_picked":["Barrage","Streamline"],"picked":"Rip and Tear","floor":7},{"not_picked":["Streamline","Auto Shields"],"picked":"Recycle","floor":8},{"not_picked":["Amplify","Barrage"],"picked":"Double Energy","floor":8},{"not_picked":["Steam","Consume"],"picked":"Doom and Gloom","floor":10},{"not_picked":["Hologram","Skim"],"picked":"Stack","floor":10},{"not_picked":["Rip and Tear","Hologram","Stack"],"picked":"SKIP","floor":12},{"not_picked":["Steam","Storm","Sunder"],"picked":"SKIP","floor":12},{"not_picked":["Gash","Fission"],"picked":"Chill","floor":14},{"not_picked":["Beam Cell","Sweeping Beam"],"picked":"Darkness","floor":14}],"player_experience":2636663,"relics_obtained":[{"floor":9,"key":"Bag of Marbles"}],"event_choices":[{"damage_healed":0,"gold_gain":275,"player_choice":"Desecrate","damage_taken":0,"max_hp_gain":0,"max_hp_loss":0,"event_name":"Golden Shrine","floor":2,"gold_loss":0,"cards_obtained":["Regret"]},{"damage_healed":0,"gold_gain":150,"player_choice":"AGREE","damage_taken":0,"max_hp_gain":0,"max_hp_loss":0,"event_name":"Liars Game","floor":13,"gold_loss":0,"cards_obtained":["Doubt"]}],"is_beta":false,"boss_relics":[],"items_purged_floors":[3],"is_endless":false,"potions_floor_spawned":[1,8,12],"killed_by":"Hexaghost","ascension_level":17}}