{"host":"qp7xs8nuzfsyommi","time":1614345791,"event":{"mods":["2.2 Compatiblity","BaseMod","Colored Powertips","DeckTracker","Highlight Path","Minty Spire (QoL Compilation)","Permanent Neow","Quick Restart","StSLib","Weighted Paths"],"gold_per_floor":[119,138,153,153,167,197,197,197,197,197,207,239,251,265,265,336,336,347,306,286,298,298,48,74,74,74,74,124,124,141,175,175,253,253,271,271,288,1,1,1,32,32,32,32,52,70,70,70,70,70,70,70,70,15,49,49],"floor_reached":57,"language":"ENG","playtime":5065,"items_purged":["Normality"],"score":2731,"play_id":"60ec1c31-736b-4621-bbd3-4967c7f982d1","local_time":"20210226082311","is_ascension_mode":true,"campfire_choices":[{"data":"Wraith Form v2","floor":8.0,"key":"SMITH"},{"data":"Cloak And Dagger","floor":10.0,"key":"SMITH"},{"floor":15.0,"key":"REST"},{"floor":27.0,"key":"RECALL"},{"floor":32.0,"key":"DIG"},{"floor":40.0,"key":"DIG"},{"floor":42.0,"key":"DIG"},{"floor":44.0,"key":"DIG"},{"floor":47.0,"key":"DIG"},{"floor":49.0,"key":"DIG"},{"floor":53.0,"key":"DIG"}],"circlet_count":0,"master_deck":["AscendersBane","Survivor+1","Neutralize","Crippling Poison","Masterful Stab","Bouncing Flask+1","Accuracy","Envenom","Leg Sweep","Predator","Wraith Form v2+1","Outmaneuver","Deadly Poison","Cloak And Dagger+1","Acrobatics","Blade Dance","Footwork","Dodge and Roll","Finisher","PiercingWail+1","After Image","Infinite Blades","Leg Sweep","Calculated Gamble","Prepared+1","Ghostly+1","Ghostly","Ghostly","Clumsy","Prepared","Adrenaline","Predator+1","PiercingWail","Clumsy","Caltrops+1","Parasite","Envenom","Terror","Blade Dance+1"],"relics":["Pandora\u0027s Box","MealTicket","Paper Crane","Torii","Cursed Key","Nilry\u0027s Codex","HandDrill","The Specimen","Pocketwatch","Darkstone Periapt","Shovel","PreservedInsect","Snecko Eye","ClockworkSouvenir","Incense Burner","Dream Catcher","Ninja Scroll","Bottled Lightning","War Paint","CaptainsWheel","Calipers","Mercury Hourglass","HornCleat"],"acts_visited":["Exordium","TheCity","TheBeyond","TheEnding"],"potions_floor_usage":[56],"damage_taken":[{"damage":0.0,"enemies":"Small Slimes","floor":1.0,"turns":4.0},{"damage":0.0,"enemies":"2 Louse","floor":2.0,"turns":2.0},{"damage":0.0,"enemies":"Cultist","floor":3.0,"turns":3.0},{"damage":9.0,"enemies":"Blue Slaver","floor":5.0,"turns":4.0},{"damage":14.0,"enemies":"3 Sentries","floor":6.0,"turns":12.0},{"damage":8.0,"enemies":"Large Slime","floor":11.0,"turns":7.0},{"damage":2.0,"enemies":"Lagavulin","floor":12.0,"turns":6.0},{"damage":3.0,"enemies":"3 Louse","floor":13.0,"turns":3.0},{"damage":7.0,"enemies":"Exordium Thugs","floor":14.0,"turns":4.0},{"damage":8.0,"enemies":"The Guardian","floor":16.0,"turns":11.0},{"damage":27.0,"enemies":"Shell Parasite","floor":18.0,"turns":4.0},{"damage":1.0,"enemies":"3 Byrds","floor":21.0,"turns":5.0},{"damage":16.0,"enemies":"Book of Stabbing","floor":24.0,"turns":5.0},{"damage":2.0,"enemies":"3 Cultists","floor":30.0,"turns":5.0},{"damage":1.0,"enemies":"Gremlin Leader","floor":31.0,"turns":10.0},{"damage":10.0,"enemies":"Automaton","floor":33.0,"turns":11.0},{"damage":2.0,"enemies":"3 Shapes","floor":35.0,"turns":7.0},{"damage":1.0,"enemies":"Orb Walker","floor":37.0,"turns":4.0},{"damage":0.0,"enemies":"Nemesis","floor":41.0,"turns":7.0},{"damage":3.0,"enemies":"Writhing Mass","floor":45.0,"turns":6.0},{"damage":1.0,"enemies":"Transient","floor":46.0,"turns":6.0},{"damage":14.0,"enemies":"Donu and Deca","floor":50.0,"turns":12.0},{"damage":0.0,"enemies":"Time Eater","floor":51.0,"turns":10.0},{"damage":32,"enemies":"Shield and Spear","floor":55,"turns":11},{"damage":5,"enemies":"The Heart","floor":56,"turns":11}],"seed_played":"-924195351055625000","potions_obtained":[{"floor":1.0,"key":"LiquidMemories"},{"floor":2.0,"key":"Block Potion"},{"floor":6.0,"key":"CunningPotion"},{"floor":16.0,"key":"Regen Potion"},{"floor":20.0,"key":"Weak Potion"},{"floor":21.0,"key":"Fire Potion"},{"floor":24.0,"key":"AttackPotion"},{"floor":35.0,"key":"ColorlessPotion"},{"floor":46.0,"key":"LiquidMemories"}],"is_trial":false,"path_per_floor":["M","M","M","?","M","E","?","R","T","R","M","E","M","M","R","B",null,"M","$","?","M","?","$","E","?","T","R","?","T","M","E","R","B",null,"M","?","M","$","T","R","E","R","T","R","M","M","R","$","R","B","B",null,"R","$","E","B",null],"character_chosen":"THE_SILENT","items_purchased":["Infinite Blades","HandDrill","Calculated Gamble","ClockworkSouvenir","PiercingWail","PowerPotion"],"campfire_rested":1,"item_purchase_floors":[19,23,23,38,38,54],"current_hp_per_floor":[59,59,59,39,30,16,38,38,38,38,30,28,25,18,37,29,57,44,59,59,58,37,52,36,33,33,33,33,33,31,30,30,20,30,28,28,27,33,39,39,39,39,45,45,42,41,41,45,45,31,31,42,42,45,13,8],"gold":49,"neow_bonus":"BOSS_RELIC","is_daily":false,"chose_seed":false,"campfire_upgraded":2,"win_rate":0.0,"timestamp":1614345791,"path_taken":["M","M","M","?","M","E","?","R","T","R","M","E","M","M","R","BOSS","M","$","?","?","?","$","E","?","T","R","?","?","M","E","R","BOSS","M","?","M","$","?","R","E","R","T","R","M","M","R","$","R","BOSS","BOSS","R","$","E","BOSS"],"items_purchased_type":["Card","Relic","Card","Relic","Card","Potion"],"build_version":"2020-12-22","purchased_purges":1,"victory":true,"max_hp_per_floor":[66,66,66,66,66,66,66,66,66,66,66,66,66,66,66,66,66,66,66,66,66,66,66,66,33,33,33,33,33,33,33,33,33,33,33,33,33,33,39,39,39,39,45,45,45,45,45,45,45,45,45,45,45,45,45,45],"card_choices":[{"not_picked":["Endless Agony","Dodge and Roll","Footwork"],"picked":"SKIP","floor":1.0},{"not_picked":["Expertise","Escape Plan"],"picked":"Cloak And Dagger","floor":2.0},{"not_picked":["Deadly Poison","Noxious Fumes","Crippling Poison"],"picked":"SKIP","floor":3.0},{"not_picked":["Deadly Poison","Footwork"],"picked":"Acrobatics","floor":5.0},{"not_picked":["Poisoned Stab","Dagger Spray"],"picked":"Blade Dance","floor":6.0},{"not_picked":["Slice","Expertise"],"picked":"Footwork","floor":11.0},{"not_picked":["Bane","Glass Knife"],"picked":"Dodge and Roll","floor":12.0},{"not_picked":["Bouncing Flask","Skewer"],"picked":"Finisher","floor":13.0},{"not_picked":["Endless Agony","Acrobatics"],"picked":"PiercingWail","floor":14.0},{"not_picked":["Glass Knife","Grand Finale"],"picked":"After Image","floor":16.0},{"not_picked":["Dagger Spray","Footwork","Quick Slash"],"picked":"SKIP","floor":18.0},{"not_picked":["Expertise","Flying Knee"],"picked":"Leg Sweep","floor":21.0},{"not_picked":["Distraction","Deflect"],"picked":"Prepared+1","floor":24.0},{"not_picked":["Blade Dance","Deadly Poison"],"picked":"Prepared","floor":30.0},{"not_picked":["Deadly Poison","Distraction","Crippling Poison+1"],"picked":"SKIP","floor":31.0},{"not_picked":["Night Terror","Burst"],"picked":"Adrenaline","floor":33.0},{"not_picked":["Distraction","Backstab+1"],"picked":"Predator+1","floor":35.0},{"not_picked":["Bane","Deadly Poison+1","Dodge and Roll"],"picked":"SKIP","floor":37.0},{"not_picked":["Footwork","All Out Attack+1"],"picked":"Caltrops+1","floor":41.0},{"not_picked":["Deflect","All Out Attack"],"picked":"Envenom","floor":45.0},{"not_picked":["Cloak And Dagger","Quick Slash"],"picked":"Terror","floor":46.0},{"not_picked":["Die Die Die","Bane"],"picked":"Blade Dance+1","floor":55}],"player_experience":1534858,"relics_obtained":[{"floor":6.0,"key":"MealTicket"},{"floor":9.0,"key":"Paper Crane"},{"floor":12.0,"key":"Torii"},{"floor":22.0,"key":"Nilry\u0027s Codex"},{"floor":24.0,"key":"The Specimen"},{"floor":26.0,"key":"Pocketwatch"},{"floor":29.0,"key":"Darkstone Periapt"},{"floor":31.0,"key":"Shovel"},{"floor":32.0,"key":"PreservedInsect"},{"floor":40.0,"key":"Incense Burner"},{"floor":41.0,"key":"Dream Catcher"},{"floor":42.0,"key":"Ninja Scroll"},{"floor":43.0,"key":"Bottled Lightning"},{"floor":44.0,"key":"War Paint"},{"floor":47.0,"key":"CaptainsWheel"},{"floor":49.0,"key":"Calipers"},{"floor":53.0,"key":"Mercury Hourglass"},{"floor":55,"key":"HornCleat"}],"event_choices":[{"damage_healed":0.0,"max_hp_gain":0.0,"max_hp_loss":0.0,"gold_gain":0.0,"event_name":"Shining Light","player_choice":"Entered Light","floor":4.0,"gold_loss":0.0,"damage_taken":20.0,"cards_upgraded":["Survivor","Bouncing Flask"]},{"damage_healed":22.0,"max_hp_gain":0.0,"max_hp_loss":0.0,"gold_gain":0.0,"event_name":"Big Fish","player_choice":"Banana","floor":7.0,"gold_loss":0.0,"damage_taken":0.0},{"damage_healed":0.0,"max_hp_gain":0.0,"max_hp_loss":0.0,"gold_gain":0.0,"event_name":"The Woman in Blue","player_choice":"Bought 1 Potion","floor":20.0,"gold_loss":0.0,"damage_taken":0.0},{"damage_healed":0.0,"max_hp_gain":0.0,"max_hp_loss":0.0,"gold_gain":0.0,"event_name":"Cursed Tome","player_choice":"Obtained Book","floor":22.0,"gold_loss":0.0,"damage_taken":21.0},{"damage_healed":0.0,"max_hp_gain":0.0,"max_hp_loss":33.0,"gold_gain":0.0,"event_name":"Ghosts","player_choice":"Became a Ghost","floor":25.0,"gold_loss":0.0,"damage_taken":0.0,"cards_obtained":["Ghostly","Ghostly","Ghostly"]},{"damage_healed":0.0,"max_hp_gain":0.0,"max_hp_loss":0.0,"gold_gain":50.0,"event_name":"Nest","player_choice":"Stole From Cult","floor":28.0,"gold_loss":0.0,"damage_taken":0.0},{"damage_healed":0.0,"max_hp_gain":0.0,"max_hp_loss":0.0,"gold_gain":0.0,"event_name":"Tomb of Lord Red Mask","player_choice":"Ignored","floor":36.0,"gold_loss":0.0,"damage_taken":0.0}],"is_beta":false,"boss_relics":[{"not_picked":["Empty Cage","Philosopher\u0027s Stone"],"picked":"Cursed Key"},{"not_picked":["Velvet Choker","Tiny House"],"picked":"Snecko Eye"}],"items_purged_floors":[38],"is_endless":false,"potions_floor_spawned":[1,2,6,16,21,24,35,46],"ascension_level":20}}