{"host":"18wi9kpcl4eah7pe","time":1614372238,"event":{"mods":["BaseMod","Colored Powertips","Downfall","Minty Spire (QoL Compilation)","StSLib"],"gold_per_floor":[199,214,233,233,63,74,97,114,14,30,46,77,77,103,115,215,215,115,131,116,116,101,134,160,187,87,106,106,136,156,188,206,301,301,301,320,320,170,180,198,273,273,295,295,308,333,333,360,372,372,372,372],"floor_reached":50,"language":"ENG","playtime":3171,"items_purged":[],"score":774,"play_id":"faa75ab0-5f46-441f-aa3b-7693bb78213d","local_time":"20210226144358","is_ascension_mode":true,"campfire_choices":[{"floor":1,"key":"RECALL"},{"floor":9,"key":"REST"},{"data":"champ:ShieldWall","floor":13,"key":"SMITH"},{"data":"champ:Improvising","floor":18,"key":"SMITH"},{"data":"champ:EnchantShield","floor":26,"key":"SMITH"},{"data":"champ:Devastate","floor":28,"key":"SMITH"},{"data":"champ:VampiricStrike","floor":35,"key":"SMITH"},{"floor":42,"key":"REST"},{"data":"champ:HoldFirm","floor":47,"key":"SMITH"}],"circlet_count":0,"master_deck":["champ:Strike","champ:Strike","champ:Strike","champ:Defend","champ:Defend","champ:Defend","champ:Defend","champ:Execute","champ:Taunt","champ:Shatter","champ:RapidStrikes","champ:RapidStrikes","champ:Backstep","champ:GutPunch","champ:BringItOn","champ:DefensiveShout","champ:ShieldWall+1","champ:RageSigil","champ:ShieldSigil","champ:PreciseThrust","champ:Improvising+1","champ:TornadoPunch+1","champ:Devastate+1","champ:CrownThrow","champ:EnchantShield+1","champ:FocusedDefense","champ:EnragedBash","champ:Circumvent+1","champ:ViciousMockery+1","champ:FanOfKnives+1","champ:ArenaPreparation","champ:VampiricStrike+1","champ:IronFortress","champ:FalseCounter","champ:HeartStrike","champ:EndlessRage+1","champ:HoldFirm+1","champ:AdrenalArmor","champ:RisingSlash","champ:BerserkerStyle+1"],"relics":["champ:ChampionCrown","Vajra","Lantern","downfall:HeartBlessingRed","Regal Pillow","Smiling Mask","bronze:MakeshiftBattery","downfall:HeartBlessingGreen","FossilizedHelix","downfall:HeartBlessingBlue","InkBottle","Akabeko","SlaversCollar","Frozen Egg 2","Meat on the Bone","Torii","StrikeDummy"],"acts_visited":["Exordium","TheCity","TheBeyond"],"potions_floor_usage":[2,11,16,22,22,25,43,48,49],"damage_taken":[{"damage":15,"enemies":"2 Louse","floor":2,"turns":3},{"damage":18,"enemies":"Cultist","floor":3,"turns":5},{"damage":0,"enemies":"downfall:FleeingMerchant","floor":5,"turns":4},{"damage":10,"enemies":"Jaw Worm","floor":6,"turns":3},{"damage":18,"enemies":"3 Louse","floor":8,"turns":3},{"damage":10,"enemies":"downfall:LooterAlt","floor":10,"turns":2},{"damage":11,"enemies":"Exordium Thugs","floor":11,"turns":4},{"damage":33,"enemies":"Lagavulin","floor":12,"turns":8},{"damage":20,"enemies":"Gremlin Nob","floor":14,"turns":4},{"damage":19,"enemies":"Blue Slaver","floor":15,"turns":2},{"damage":45,"enemies":"IC_STATUS_ARCHETYPE","floor":16,"turns":5},{"damage":30,"enemies":"3 Byrds","floor":19,"turns":5},{"damage":5,"enemies":"downfall:FleeingMerchant","floor":20,"turns":4},{"damage":22,"enemies":"downfall:FleeingMerchant","floor":22,"turns":4},{"damage":5,"enemies":"Gremlin Leader","floor":23,"turns":5},{"damage":6,"enemies":"Book of Stabbing","floor":25,"turns":5},{"damage":7,"enemies":"downfall:LooterAlt2","floor":27,"turns":3},{"damage":40,"enemies":"Gremlin Leader","floor":29,"turns":9},{"damage":23,"enemies":"Centurion and Healer","floor":30,"turns":5},{"damage":36,"enemies":"Book of Stabbing","floor":31,"turns":5},{"damage":1,"enemies":"3 Cultists","floor":32,"turns":4},{"damage":25,"enemies":"DF_ARCHETYPE_CLAW","floor":33,"turns":5},{"damage":18,"enemies":"Orb Walker","floor":36,"turns":3},{"damage":0,"enemies":"3 Shapes","floor":39,"turns":3},{"damage":29,"enemies":"Jaw Worm Horde","floor":40,"turns":3},{"damage":40,"enemies":"downfall:FleeingMerchant","floor":43,"turns":4},{"damage":37,"enemies":"Maw","floor":45,"turns":9},{"damage":35,"enemies":"Reptomancer","floor":46,"turns":5},{"damage":66,"enemies":"Giant Head","floor":48,"turns":8},{"damage":50,"enemies":"Sphere and 2 Shapes","floor":49,"turns":5},{"damage":79,"enemies":"WA_ARCHETYPE_DIVINITY","floor":50,"turns":7}],"seed_played":"7970081821569899641","potions_obtained":[{"floor":2,"key":"Fruit Juice"},{"floor":3,"key":"FearPotion"},{"floor":10,"key":"GamblersBrew"},{"floor":14,"key":"bronze:BurnAndBuffPotion"},{"floor":16,"key":"sneckomod:MuddlingPotion"},{"floor":19,"key":"Energy Potion"},{"floor":23,"key":"LiquidBronze"},{"floor":25,"key":"SteroidPotion"},{"floor":31,"key":"Ancient Potion"},{"floor":36,"key":"CultistPotion"},{"floor":45,"key":"champ:CounterPotion"},{"floor":46,"key":"FearPotion"}],"is_trial":false,"path_per_floor":["R","M","M","?","$","M","T","M","R","M","M","E","R","E","M","B",null,"R","M","$","?","$","E","T","E","R","M","R","E","M","E","M","B",null,"R","M","?","?","M","M","T","R","$","?","M","E","R","E","M","B"],"character_chosen":"THE_CHAMP","items_purchased":["Vajra","Meat on the Bone","champ:EndlessRage+1"],"campfire_rested":2,"item_purchase_floors":[5,43,43],"current_hp_per_floor":[90,90,82,82,82,82,82,74,95,95,89,76,76,56,47,32,95,95,95,90,90,83,83,83,89,99,102,102,102,94,73,82,82,112,112,104,104,122,122,93,93,122,117,117,100,90,90,51,67,0,0,0],"gold":372,"neow_bonus":"HUNDRED_GOLD","is_daily":false,"chose_seed":false,"campfire_upgraded":6,"win_rate":0.0,"timestamp":1614372238,"path_taken":["R","M","M","?","?","M","T","M","R","M","M","E","R","E","M","BOSS","R","M","$","?","$","E","T","E","R","M","R","E","M","E","M","BOSS","R","M","?","?","M","?","T","R","$","?","?","E","R","E","M","BOSS"],"items_purchased_type":["Relic","Relic","Card"],"build_version":"2020-12-22","purchased_purges":0,"victory":false,"max_hp_per_floor":[90,95,95,95,95,95,95,95,95,95,95,95,95,95,95,95,95,95,95,95,95,95,95,95,102,112,112,112,112,112,112,112,112,112,112,112,112,122,122,122,122,122,122,122,122,122,122,122,122,122,122,122],"card_choices":[{"not_picked":["champ:BringItOn","champ:Lariat"],"picked":"champ:Shatter","floor":2},{"not_picked":["champ:BerserkersShout","champ:EndlessRage"],"picked":"champ:RapidStrikes","floor":3},{"not_picked":["champ:CrookedStrike","champ:Shatter"],"picked":"champ:Backstep","floor":5},{"not_picked":["champ:ShieldSigil","champ:Encircle"],"picked":"champ:GutPunch","floor":6},{"not_picked":["champ:RapidStrikes","champ:Haymaker"],"picked":"champ:BringItOn","floor":8},{"not_picked":["champ:ShieldThrow","champ:ShieldSigil"],"picked":"champ:DefensiveShout","floor":10},{"not_picked":["champ:Parry","champ:Duel"],"picked":"champ:ShieldWall","floor":11},{"not_picked":["champ:DefensiveShout","champ:Lariat"],"picked":"champ:RageSigil","floor":12},{"not_picked":["champ:CrookedStrike","champ:BerserkersShout"],"picked":"champ:ShieldSigil","floor":14},{"not_picked":["champ:Backstep","champ:Circumvent"],"picked":"champ:PreciseThrust","floor":15},{"not_picked":["champ:HeavySlash","champ:DancingMaster"],"picked":"champ:Improvising","floor":16},{"not_picked":["champ:BladeFlurry","champ:EnGarde+1"],"picked":"champ:TornadoPunch+1","floor":19},{"not_picked":["champ:PreciseThrust","champ:BerserkersShout"],"picked":"champ:Devastate","floor":20},{"not_picked":["champ:Parry","champ:GutPunch"],"picked":"champ:CrownThrow","floor":22},{"not_picked":["champ:Shatter","champ:DefensiveShout"],"picked":"champ:EnchantShield","floor":23},{"not_picked":["champ:PreemptiveStrike+1","champ:BladeFlurry"],"picked":"champ:FocusedDefense","floor":25},{"not_picked":["champ:BerserkersShout","champ:ShieldSigil"],"picked":"champ:EnragedBash","floor":27},{"not_picked":["champ:Backstep","champ:PreciseThrust"],"picked":"champ:Circumvent+1","floor":29},{"not_picked":["champ:BladeFlurry+1","champ:BringItOn+1"],"picked":"champ:ViciousMockery+1","floor":30},{"not_picked":["champ:GutPunch","champ:Circumvent+1"],"picked":"champ:FanOfKnives+1","floor":31},{"not_picked":["champ:PreciseThrust+1","champ:SteelEdge"],"picked":"champ:ArenaPreparation","floor":32},{"not_picked":["champ:Improvising","champ:EnchantShield"],"picked":"champ:VampiricStrike","floor":33},{"not_picked":["champ:Parry","champ:Circumvent"],"picked":"champ:IronFortress","floor":36},{"not_picked":["champ:ShieldSigil+1","champ:CrookedStrike"],"picked":"champ:FalseCounter","floor":39},{"not_picked":["champ:BladeFlurry","champ:BringItOn"],"picked":"champ:HeartStrike","floor":40},{"not_picked":["champ:Shatter+1","champ:TornadoPunch","champ:Circumvent+1"],"picked":"SKIP","floor":43},{"not_picked":["champ:BringItOn","champ:Endure"],"picked":"champ:AdrenalArmor","floor":45},{"not_picked":["champ:Backstep","champ:Endure+1"],"picked":"champ:RisingSlash","floor":46},{"not_picked":["champ:UltimateStance","champ:DefensiveShout+1"],"picked":"champ:BerserkerStyle+1","floor":48},{"not_picked":["champ:GutPunch+1","champ:TornadoPunch","champ:BladeFlurry+1"],"picked":"SKIP","floor":49}],"player_experience":1071242,"relics_obtained":[{"floor":7,"key":"Lantern"},{"floor":12,"key":"Regal Pillow"},{"floor":14,"key":"Smiling Mask"},{"floor":23,"key":"FossilizedHelix"},{"floor":25,"key":"Strawberry"},{"floor":29,"key":"InkBottle"},{"floor":31,"key":"Akabeko"},{"floor":41,"key":"Frozen Egg 2"},{"floor":46,"key":"Torii"},{"floor":48,"key":"StrikeDummy"}],"event_choices":[{"cards_removed":["champ:Strike"],"damage_healed":0,"gold_gain":0,"player_choice":"Removed Attack","damage_taken":0,"max_hp_gain":0,"max_hp_loss":0,"event_name":"Falling","floor":37,"gold_loss":0}],"is_beta":false,"boss_relics":[{"not_picked":["Empty Cage","Astrolabe"],"picked":"bronze:MakeshiftBattery"},{"not_picked":["champ:ChampionCrownUpgraded","Cursed Key"],"picked":"SlaversCollar"}],"items_purged_floors":[],"is_endless":false,"potions_floor_spawned":[2,3,10,14,16,19,23,25,31,33,36,45,46],"killed_by":"WA_ARCHETYPE_DIVINITY","ascension_level":1}}