{"host":"szp1d6dso4pv7ddl","time":1614300314,"event":{"mods":["AchievementEnabler","Alarm Clock","BaseMod","Bestiary","Block Reminder","Colored Map","Colored Powertips","Curses Come First","Dark Map","Displayed Cursed Tome","Highlight Path","Minty Spire (QoL Compilation)","Permanent Neow","Quick Restart","Relic Sorter","Relic Stats","StSLib","Synergy Search"],"gold_per_floor":[118,118,43,54,54,89,89,114,138,138,157,168,194,194,194,271,271,281,281,295,210,78,78,3,3,26,26,60,75,89,117,117,188,188,200,250,268,279,291,291,291,291,318,85,85,113,113,127,127,127,127],"floor_reached":52,"language":"ENG","playtime":3178,"items_purged":["Strike_R","Strike_R"],"score":1971,"play_id":"184dd89e-08dd-4b1c-8534-45ebc924dd2e","local_time":"20210225164514","is_ascension_mode":true,"campfire_choices":[{"data":"Searing Blow","floor":7,"key":"SMITH"},{"data":"Searing Blow+1","floor":15,"key":"SMITH"},{"data":"Searing Blow+2","floor":23,"key":"SMITH"},{"data":"Searing Blow+3","floor":25,"key":"SMITH"},{"floor":32,"key":"REST"},{"floor":40,"key":"REST"},{"floor":42,"key":"REST"},{"floor":47,"key":"REST"},{"floor":49,"key":"REST"}],"circlet_count":0,"master_deck":["AscendersBane","Defend_R+1","Defend_R","Defend_R","Bash","Fire Breathing","Searing Blow+4","Uppercut","Reckless Charge","Dark Embrace","Reaper","Burning Pact","Armaments","Shrug It Off","Armaments+1","True Grit","Evolve","Fire Breathing+1","Battle Trance+1","Sever Soul","Feel No Pain","Dual Wield","Intimidate+1"],"relics":["Burning Blood","Spirit Poop","NeowsBlessing","Potion Belt","Singing Bowl","Torii","Anchor","WarpedTongs","Mango","Snecko Eye","Mummified Hand","Ancient Tea Set","Bag of Marbles","Dream Catcher","Fusion Hammer","Incense Burner","War Paint","Strawberry"],"acts_visited":["Exordium","TheCity","TheBeyond"],"potions_floor_usage":[13,16,16,16,28,28,31,31,48,51,51,51],"damage_taken":[{"damage":0,"enemies":"2 Louse","floor":1,"turns":1},{"damage":0,"enemies":"Cultist","floor":4,"turns":1},{"damage":0,"enemies":"Gremlin Nob","floor":6,"turns":1},{"damage":40,"enemies":"3 Sentries","floor":8,"turns":5},{"damage":12,"enemies":"Jaw Worm","floor":11,"turns":4},{"damage":2,"enemies":"Gremlin Gang","floor":12,"turns":3},{"damage":11,"enemies":"Gremlin Nob","floor":13,"turns":3},{"damage":43,"enemies":"Slime Boss","floor":16,"turns":6},{"damage":6,"enemies":"Chosen","floor":18,"turns":3},{"damage":26,"enemies":"2 Thieves","floor":20,"turns":3},{"damage":17,"enemies":"Book of Stabbing","floor":28,"turns":4},{"damage":30,"enemies":"Sentry and Sphere","floor":29,"turns":4},{"damage":0,"enemies":"Cultist and Chosen","floor":30,"turns":4},{"damage":35,"enemies":"Slavers","floor":31,"turns":4},{"damage":44,"enemies":"Champ","floor":33,"turns":11},{"damage":0,"enemies":"Orb Walker","floor":35,"turns":2},{"damage":0,"enemies":"3 Shapes","floor":37,"turns":8},{"damage":32,"enemies":"Sphere and 2 Shapes","floor":38,"turns":4},{"damage":0,"enemies":"4 Shapes","floor":39,"turns":5},{"damage":1,"enemies":"Nemesis","floor":46,"turns":5},{"damage":70,"enemies":"Jaw Worm Horde","floor":48,"turns":6},{"damage":105,"enemies":"Awakened One","floor":50,"turns":10},{"damage":12,"enemies":"Donu and Deca","floor":51,"turns":6}],"seed_played":"-3516802043531665365","potions_obtained":[{"floor":1,"key":"ElixirPotion"},{"floor":6,"key":"Energy Potion"},{"floor":12,"key":"AttackPotion"},{"floor":13,"key":"Fruit Juice"},{"floor":16,"key":"Fire Potion"},{"floor":20,"key":"DistilledChaos"},{"floor":28,"key":"LiquidMemories"},{"floor":29,"key":"LiquidBronze"},{"floor":37,"key":"PowerPotion"},{"floor":39,"key":"Strength Potion"},{"floor":46,"key":"EssenceOfSteel"}],"is_trial":false,"path_per_floor":["M","?","?","M","?","E","R","E","T","?","M","M","E","?","R","B",null,"M","?","M","?","$","R","?","R","T","?","E","M","M","E","R","B",null,"M","?","M","M","M","R","T","R","T","$","?","E","R","M","R","B","B",null],"character_chosen":"IRONCLAD","items_purchased":["Armaments","Feel No Pain","Energy Potion"],"campfire_rested":5,"item_purchase_floors":[22,44,44],"current_hp_per_floor":[74,69,69,75,68,74,74,40,40,40,36,40,51,51,51,19,78,85,85,73,73,73,73,73,73,73,73,69,45,53,37,70,34,90,98,98,110,94,105,112,112,112,112,112,112,121,123,75,111,22,40],"gold":127,"neow_bonus":"THREE_ENEMY_KILL","is_daily":false,"chose_seed":false,"campfire_upgraded":4,"win_rate":0.0,"timestamp":1614300314,"path_taken":["M","?","?","M","?","E","R","E","T","?","?","M","E","?","R","BOSS","M","?","?","?","?","R","?","R","T","?","E","M","M","E","R","BOSS","M","?","?","?","M","R","?","R","T","$","?","E","R","M","R","BOSS","BOSS"],"items_purchased_type":["Card","Card","Potion"],"build_version":"2020-12-22","purchased_purges":2,"victory":true,"max_hp_per_floor":[75,75,75,75,75,75,75,75,75,75,77,77,93,93,93,98,98,100,100,100,100,100,100,100,100,100,100,100,100,102,104,106,108,108,110,110,110,112,112,112,112,112,112,112,112,121,123,123,123,123,123],"relic_stats":{"Dream Catcher":5,"Singing Bowl":22,"Torii":13,"counters":[23,103],"Mummified Hand":[66],"Snecko Eye":[148,156,169,167],"War Paint":["Battle Trance","Defend_R"],"obtain_stats":[{"Potion Belt":2,"NeowsBlessing":0,"Singing Bowl":6,"Torii":8,"Spirit Poop":19,"Mango":13,"Incense Burner":41,"War Paint":43,"Ancient Tea Set":26,"Burning Blood":0,"WarpedTongs":10,"Anchor":9,"Dream Catcher":31,"Mummified Hand":21,"Strawberry":46,"Snecko Eye":17,"Fusion Hammer":34,"Bag of Marbles":28},{"Potion Belt":1,"NeowsBlessing":0,"Singing Bowl":3,"Torii":4,"Spirit Poop":9,"Mango":7,"Incense Burner":19,"War Paint":19,"Ancient Tea Set":10,"Burning Blood":0,"WarpedTongs":4,"Anchor":4,"Dream Catcher":14,"Mummified Hand":10,"Strawberry":20,"Snecko Eye":8,"Fusion Hammer":15,"Bag of Marbles":11},{"Potion Belt":1,"NeowsBlessing":0,"Singing Bowl":3,"Torii":8,"Spirit Poop":27,"Mango":18,"Incense Burner":76,"War Paint":76,"Ancient Tea Set":30,"Burning Blood":0,"WarpedTongs":8,"Anchor":8,"Dream Catcher":46,"Mummified Hand":30,"Strawberry":81,"Snecko Eye":24,"Fusion Hammer":57,"Bag of Marbles":34}],"Burning Blood":126,"WarpedTongs":[94]},"card_choices":[{"not_picked":["Heavy Blade","Dark Embrace"],"picked":"Fire Breathing","floor":1},{"not_picked":["Iron Wave","Pummel"],"picked":"Searing Blow","floor":4},{"not_picked":["Havoc","Sentinel"],"picked":"Uppercut","floor":6},{"not_picked":["Inflame","Pummel"],"picked":"Reckless Charge","floor":8},{"not_picked":["Metallicize","Headbutt","Cleave"],"picked":"Singing Bowl","floor":11},{"not_picked":["Clothesline","Fire Breathing"],"picked":"Dark Embrace","floor":12},{"not_picked":["Heavy Blade","Warcry","Uppercut"],"picked":"Singing Bowl","floor":13},{"not_picked":["Exhume","Double Tap"],"picked":"Reaper","floor":16},{"not_picked":["Thunderclap","Inflame+1","Uppercut"],"picked":"Singing Bowl","floor":18},{"not_picked":["Perfected Strike","Rupture"],"picked":"Burning Pact","floor":20},{"not_picked":["Fire Breathing","Clothesline"],"picked":"Armaments+1","floor":28},{"not_picked":["Demon Form","Warcry"],"picked":"True Grit","floor":29},{"not_picked":["Heavy Blade","Fire Breathing","Clash"],"picked":"Singing Bowl","floor":30},{"not_picked":["Intimidate+1","Havoc","Body Slam"],"picked":"Singing Bowl","floor":31},{"not_picked":["Pommel Strike","Searing Blow","Wild Strike"],"picked":"Singing Bowl","floor":32},{"not_picked":["Exhume","Demon Form","Berserk"],"picked":"Singing Bowl","floor":33},{"not_picked":["Warcry","Pommel Strike+1","Iron Wave"],"picked":"Singing Bowl","floor":35},{"not_picked":["Havoc","Heavy Blade"],"picked":"Evolve","floor":37},{"not_picked":["Bloodletting","Infernal Blade","Perfected Strike"],"picked":"Singing Bowl","floor":38},{"not_picked":["Flex","Clothesline"],"picked":"Fire Breathing+1","floor":39},{"not_picked":["Power Through","Sword Boomerang"],"picked":"Battle Trance","floor":40},{"not_picked":["Armaments","Flex+1"],"picked":"Sever Soul","floor":42},{"not_picked":["Clothesline","Fire Breathing","Whirlwind"],"picked":"Singing Bowl","floor":46},{"not_picked":["Inflame","Shrug It Off","Heavy Blade"],"picked":"Singing Bowl","floor":47},{"not_picked":["Iron Wave","Impervious"],"picked":"Dual Wield","floor":48},{"not_picked":["Hemokinesis","Flex"],"picked":"Intimidate+1","floor":49}],"player_experience":1660523,"relics_obtained":[{"floor":6,"key":"Singing Bowl"},{"floor":8,"key":"Torii"},{"floor":9,"key":"Anchor"},{"floor":13,"key":"Mango"},{"floor":26,"key":"Ancient Tea Set"},{"floor":28,"key":"Bag of Marbles"},{"floor":31,"key":"Dream Catcher"},{"floor":41,"key":"Incense Burner"},{"floor":43,"key":"War Paint"},{"floor":46,"key":"Strawberry"}],"event_choices":[{"damage_healed":0,"gold_gain":0,"player_choice":"Success","damage_taken":5,"relics_obtained":["Potion Belt"],"max_hp_gain":0,"max_hp_loss":0,"event_name":"Scrap Ooze","floor":2,"gold_loss":0},{"cards_removed":["Defend_R"],"damage_healed":0,"gold_gain":0,"player_choice":"Card Removal","damage_taken":0,"max_hp_gain":0,"max_hp_loss":0,"event_name":"The Cleric","floor":3,"gold_loss":75},{"cards_removed":["Strike_R"],"damage_healed":0,"gold_gain":0,"player_choice":"Card Removal","damage_taken":7,"max_hp_gain":0,"max_hp_loss":0,"event_name":"Golden Wing","floor":5,"gold_loss":0},{"damage_healed":0,"gold_gain":0,"player_choice":"Rummage","damage_taken":0,"relics_obtained":["WarpedTongs"],"max_hp_gain":0,"max_hp_loss":0,"event_name":"Accursed Blacksmith","floor":10,"gold_loss":0,"cards_obtained":["Pain"]},{"damage_healed":0,"gold_gain":0,"player_choice":"Ignored","damage_taken":0,"max_hp_gain":0,"max_hp_loss":0,"event_name":"Shining Light","floor":14,"gold_loss":0},{"cards_removed":["Pain"],"damage_healed":0,"gold_gain":0,"player_choice":"Offered Curse","damage_taken":0,"relics_obtained":["Spirit Poop"],"max_hp_gain":0,"max_hp_loss":0,"event_name":"Bonfire Elementals","floor":19,"gold_loss":0},{"damage_healed":0,"gold_gain":0,"player_choice":"Obtained Relic","damage_taken":0,"relics_obtained":["Mummified Hand"],"max_hp_gain":0,"max_hp_loss":0,"event_name":"Addict","floor":21,"gold_loss":85},{"cards_removed":["Strike_R"],"damage_healed":0,"gold_gain":0,"player_choice":"Gave Gold","damage_taken":0,"max_hp_gain":0,"max_hp_loss":0,"event_name":"Beggar","floor":24,"gold_loss":75},{"damage_healed":0,"gold_gain":0,"player_choice":"Read","damage_taken":0,"max_hp_gain":0,"max_hp_loss":0,"event_name":"The Library","floor":27,"gold_loss":0,"cards_obtained":["Shrug It Off"]},{"damage_healed":0,"gold_gain":50,"player_choice":"Pray","damage_taken":0,"max_hp_gain":0,"max_hp_loss":0,"event_name":"Golden Shrine","floor":36,"gold_loss":0},{"cards_removed":["Strike_R"],"damage_healed":0,"gold_gain":0,"player_choice":"Purged","damage_taken":0,"max_hp_gain":0,"max_hp_loss":0,"event_name":"Purifier","floor":45,"gold_loss":0}],"is_beta":false,"boss_relics":[{"not_picked":["Sozu","Astrolabe"],"picked":"Snecko Eye"},{"not_picked":["Velvet Choker","Philosopher\u0027s Stone"],"picked":"Fusion Hammer"}],"items_purged_floors":[22,44],"is_endless":false,"potions_floor_spawned":[1,6,12,13,16,20,28,29,37,39,46],"ascension_level":20}}