{"host":"lkiec0wxjd85dqdp","time":1614373782,"event":{"mods":["2.2 Compatiblity","BaseMod","Bestiary","Block Reminder","Colored Map","Colored Powertips","DeckTracker","Googly Eyes","Hermit","Highlight Path","Marisa????????","Minty Spire (QoL Compilation)","Quick Restart","Rare Cards Sparkle","StSLib","The Cursed","The Servant 0.9.4","Unknown Chances"],"gold_per_floor":[119,119,69,69,22,48,68,68,68,81,149,175,189,223,223,322,322,337,348,447,64,64,99,99,165,188,238,314,375,425,460,460,460,460],"floor_reached":33,"language":"RUS","playtime":1213,"items_purged":["hermit:DeadOrAlive"],"score":353,"play_id":"d3d59309-4042-4e2b-afef-060a783a92a4","local_time":"20210226230942","is_ascension_mode":false,"campfire_choices":[{"data":"hermit:TrackingShot","floor":8.0,"key":"SMITH"},{"data":"hermit:Cheat","floor":15.0,"key":"SMITH"},{"data":"hermit:CursedWeapon","floor":24,"key":"SMITH"},{"floor":32,"key":"REST"}],"circlet_count":0,"master_deck":["hermit:Strike_Hermit","hermit:Strike_Hermit","hermit:Strike_Hermit","hermit:Defend_Hermit","hermit:Defend_Hermit","hermit:Defend_Hermit","hermit:Defend_Hermit","hermit:Snapshot+1","hermit:Covet","hermit:Headshot","hermit:TrackingShot+1","hermit:Cheat+1","hermit:Snipe","hermit:Enervate","hermit:ItchyTrigger","hermit:EternalForm+1","hermit:NoHoldsBarred","hermit:Roulette+1","hermit:Roulette+1","hermit:CursedWeapon+1","hermit:Midnight+1","Decay","hermit:FlashPowder+1"],"relics":["hermit:ClaspedLocket","NeowsBlessing","Frozen Egg 2","Bag of Marbles","hermit:Spyglass","Bird Faced Urn","Du-Vu Doll","DollysMirror","Strawberry","SsserpentHead","Blue Candle","Toy Ornithopter","Torii","Pen Nib","Singing Bowl"],"acts_visited":["Exordium","TheCity"],"potions_floor_usage":[],"damage_taken":[{"damage":0.0,"enemies":"Jaw Worm","floor":1.0,"turns":1.0},{"damage":0.0,"enemies":"Lagavulin","floor":6.0,"turns":1.0},{"damage":0.0,"enemies":"2 Louse","floor":7.0,"turns":1.0},{"damage":0.0,"enemies":"Small Slimes","floor":10.0,"turns":2.0},{"damage":31.0,"enemies":"3 Sentries","floor":11.0,"turns":6.0},{"damage":6.0,"enemies":"Exordium Thugs","floor":12.0,"turns":3.0},{"damage":4.0,"enemies":"Gremlin Gang","floor":13.0,"turns":3.0},{"damage":0.0,"enemies":"Gremlin Nob","floor":14.0,"turns":2.0},{"damage":24.0,"enemies":"Hexaghost","floor":16.0,"turns":7.0},{"damage":5.0,"enemies":"Chosen","floor":18.0,"turns":3.0},{"damage":25.0,"enemies":"3 Byrds","floor":19.0,"turns":5.0},{"damage":34,"enemies":"Slavers","floor":23,"turns":3},{"damage":2,"enemies":"3 Cultists","floor":25,"turns":4},{"damage":13,"enemies":"Cultist and Chosen","floor":29,"turns":5},{"damage":9,"enemies":"Gremlin Leader","floor":31,"turns":4},{"damage":43,"enemies":"Champ","floor":33,"turns":5}],"seed_played":"8871334829537772113","potions_obtained":[{"floor":1.0,"key":"SkillPotion"},{"floor":6.0,"key":"Strength Potion"},{"floor":10.0,"key":"Strength Potion"},{"floor":16.0,"key":"PowerPotion"},{"floor":19.0,"key":"hermit:Tonic"},{"floor":23,"key":"Ancient Potion"},{"floor":31,"key":"hermit:Eclipse"}],"is_trial":false,"path_per_floor":["M","?","?","?","$","E","M","R","T","M","E","M","M","E","R","B",null,"M","M","?","$","?","E","R","M","T","?","T","M","?","E","R","B"],"character_chosen":"HERMIT","items_purchased":["hermit:TrackingShot","DollysMirror","Strawberry"],"campfire_rested":1,"item_purchase_floors":[5,21,21],"current_hp_per_floor":[75,68,68,68,68,68,68,68,68,68,37,31,27,27,27,3,75,72,49,49,56,56,24,24,24,24,24,24,13,13,6,30,0,0],"gold":460,"neow_bonus":"THREE_ENEMY_KILL","is_daily":false,"chose_seed":false,"campfire_upgraded":3,"win_rate":0.0,"timestamp":1614373782,"path_taken":["M","?","?","?","$","E","?","R","T","M","E","M","M","E","R","BOSS","M","?","?","$","?","E","R","?","T","?","?","?","?","E","R","BOSS"],"items_purchased_type":["Card","Relic","Relic"],"build_version":"2020-12-22","purchased_purges":1,"victory":false,"max_hp_per_floor":[75,75,75,75,75,75,75,75,75,75,75,75,75,75,75,75,75,75,75,75,82,82,82,82,82,82,82,82,82,82,82,82,82,82],"card_choices":[{"not_picked":["hermit:Combo","hermit:WideOpen"],"picked":"hermit:Headshot","floor":1.0},{"not_picked":["hermit:LuckOfTheDraw","hermit:Grudge"],"picked":"hermit:Cheat","floor":6.0},{"not_picked":["hermit:ItchyTrigger","hermit:Misfire"],"picked":"hermit:Snipe","floor":7.0},{"not_picked":["hermit:Vantage","hermit:TrackingShot"],"picked":"hermit:DeadOrAlive","floor":10.0},{"not_picked":["hermit:Roulette","hermit:Glare"],"picked":"hermit:Enervate","floor":11.0},{"not_picked":["hermit:LoneWolf","hermit:Grudge"],"picked":"hermit:ItchyTrigger","floor":12.0},{"not_picked":["hermit:Quickdraw","hermit:GhostlyPresence","hermit:CalledShot"],"picked":"SKIP","floor":13.0},{"not_picked":["hermit:Quickdraw","hermit:LoneWolf","hermit:Coalescence"],"picked":"SKIP","floor":14.0},{"not_picked":["hermit:Dissolve","hermit:Adapt+1"],"picked":"hermit:EternalForm+1","floor":16.0},{"not_picked":["hermit:Deadeye","hermit:Virtue"],"picked":"hermit:NoHoldsBarred","floor":18.0},{"not_picked":["hermit:WideOpen","hermit:Manifest"],"picked":"hermit:Roulette+1","floor":19.0},{"not_picked":["hermit:Enervate","hermit:BodyArmor"],"picked":"hermit:CursedWeapon","floor":23},{"not_picked":["hermit:TakeCover+1","hermit:TrackingShot","hermit:SprayPray"],"picked":"SKIP","floor":25},{"not_picked":["hermit:Cheat","hermit:Coalescence+1"],"picked":"hermit:Midnight+1","floor":29},{"not_picked":["hermit:Enervate+1","hermit:Feint+1"],"picked":"hermit:FlashPowder+1","floor":31}],"player_experience":108823,"relics_obtained":[{"floor":6.0,"key":"Bag of Marbles"},{"floor":9.0,"key":"hermit:Spyglass"},{"floor":11.0,"key":"Bird Faced Urn"},{"floor":14.0,"key":"Du-Vu Doll"},{"floor":23,"key":"Blue Candle"},{"floor":26,"key":"Toy Ornithopter"},{"floor":28,"key":"Pen Nib"},{"floor":31,"key":"Singing Bowl"}],"event_choices":[{"damage_healed":0.0,"max_hp_gain":0.0,"max_hp_loss":0.0,"gold_gain":0.0,"event_name":"Scrap Ooze","player_choice":"Success","floor":2.0,"gold_loss":0.0,"damage_taken":7.0,"relics_obtained":["Frozen Egg 2"]},{"cards_removed":["hermit:Strike_Hermit"],"damage_healed":0.0,"max_hp_gain":0.0,"max_hp_loss":0.0,"gold_gain":0.0,"event_name":"The Cleric","player_choice":"Card Removal","floor":3.0,"gold_loss":50.0,"damage_taken":0.0},{"damage_healed":0.0,"max_hp_gain":0.0,"max_hp_loss":0.0,"gold_gain":0.0,"event_name":"Upgrade Shrine","player_choice":"Upgraded","floor":4.0,"gold_loss":0.0,"damage_taken":0.0,"cards_upgraded":["hermit:Snapshot"]},{"damage_healed":0.0,"max_hp_gain":0.0,"max_hp_loss":0.0,"gold_gain":99.0,"event_name":"Nest","player_choice":"Stole From Cult","floor":20.0,"gold_loss":0.0,"damage_taken":0.0},{"damage_healed":0.0,"max_hp_gain":0.0,"max_hp_loss":0.0,"gold_gain":0.0,"event_name":"FaceTrader","player_choice":"Trade","floor":22.0,"gold_loss":0.0,"damage_taken":0.0,"relics_obtained":["SsserpentHead"]},{"damage_healed":0,"gold_gain":0,"player_choice":"Opened","damage_taken":0,"relics_obtained":["Torii"],"max_hp_gain":0,"max_hp_loss":0,"event_name":"The Mausoleum","floor":27,"gold_loss":0},{"damage_healed":0,"gold_gain":0,"player_choice":"Smashed Altar","damage_taken":0,"max_hp_gain":0,"max_hp_loss":0,"event_name":"Forgotten Altar","floor":30,"gold_loss":0,"cards_obtained":["Decay"]}],"is_beta":false,"boss_relics":[{"not_picked":["Fusion Hammer","Calling Bell"],"picked":"hermit:ClaspedLocket"}],"items_purged_floors":[21],"is_endless":false,"potions_floor_spawned":[1,6,10,14,16,19,23,29,31],"killed_by":"Champ","ascension_level":0}}