{"host":"04x9isxu4s2lvye3","time":1614307075,"event":{"mods":["BaseMod","Colored Powertips","Highlight Path","Minty Spire (QoL Compilation)"],"gold_per_floor":[118,118,118,134,134,144,144,124,124,137,137,149,149,179,179,254,254,272,197,211,59,59,59,69,69,94,94,94,94],"floor_reached":28,"language":"ENG","playtime":1109,"items_purged":["Strike_G","Strike_G"],"score":425,"play_id":"4aca691a-b031-4963-9920-5a1f4eff2a25","local_time":"20210225213755","is_ascension_mode":true,"campfire_choices":[{"data":"Neutralize","floor":7,"key":"SMITH"},{"floor":13,"key":"REST"},{"floor":15,"key":"REST"},{"floor":23,"key":"DIG"}],"circlet_count":0,"master_deck":["AscendersBane","Strike_G","Strike_G","Strike_G","Defend_G","Defend_G+1","Defend_G+1","Defend_G","Defend_G","Survivor","Neutralize+1","Flying Knee","Crippling Poison","Deadly Poison","Malaise","Night Terror","Bane+1","Blade Dance","Poisoned Stab","Poisoned Stab"],"relics":["Ring of the Snake","Strawberry","Letter Opener","Bottled Lightning","CultistMask","Shovel","Fusion Hammer","Mango","Tiny Chest","Enchiridion"],"acts_visited":["Exordium","TheCity"],"potions_floor_usage":[12,16,18],"damage_taken":[{"damage":0,"enemies":"Cultist","floor":1,"turns":4},{"damage":0,"enemies":"Small Slimes","floor":4,"turns":4},{"damage":1,"enemies":"Jaw Worm","floor":6,"turns":5},{"damage":1,"enemies":"2 Fungi Beasts","floor":10,"turns":4},{"damage":9,"enemies":"Large Slime","floor":12,"turns":8},{"damage":28,"enemies":"Gremlin Nob","floor":14,"turns":4},{"damage":19,"enemies":"The Guardian","floor":16,"turns":15},{"damage":17,"enemies":"Spheric Guardian","floor":18,"turns":7},{"damage":0,"enemies":"3 Byrds","floor":20,"turns":4},{"damage":20,"enemies":"Snake Plant","floor":24,"turns":6},{"damage":17,"enemies":"Chosen and Byrds","floor":28,"turns":4}],"seed_played":"7498414740287186939","potions_obtained":[{"floor":1,"key":"FearPotion"},{"floor":8,"key":"Block Potion"},{"floor":14,"key":"LiquidMemories"},{"floor":20,"key":"Fire Potion"}],"is_trial":false,"path_per_floor":["M","?","?","M","?","M","R","?","T","M","?","M","R","E","R","B",null,"M","$","M","$","?","R","M","$","T","?","M"],"character_chosen":"THE_SILENT","items_purchased":["Poisoned Stab"],"campfire_rested":2,"item_purchase_floors":[21],"current_hp_per_floor":[66,44,39,39,39,38,38,38,38,37,37,28,49,21,42,23,61,44,44,44,44,44,58,38,38,38,17,0,0],"gold":94,"neow_bonus":"RANDOM_COMMON_RELIC","is_daily":false,"chose_seed":false,"campfire_upgraded":1,"win_rate":0.0,"timestamp":1614307075,"path_taken":["M","?","?","?","?","M","R","?","T","?","?","M","R","E","R","BOSS","M","?","M","$","?","R","M","?","T","?","?"],"items_purchased_type":["Card"],"build_version":"2020-12-22","purchased_purges":2,"victory":false,"max_hp_per_floor":[73,73,73,73,73,73,73,73,73,73,73,73,73,73,73,73,73,73,73,73,73,73,87,87,87,87,87,87,87],"card_choices":[{"not_picked":["Caltrops","Outmaneuver"],"picked":"Flying Knee","floor":1},{"not_picked":["Flying Knee","Caltrops"],"picked":"Crippling Poison","floor":4},{"not_picked":["Cloak And Dagger","Caltrops"],"picked":"Deadly Poison","floor":6},{"not_picked":["Flechettes","Backflip","Deflect"],"picked":"SKIP","floor":10},{"not_picked":["Dagger Spray","Sucker Punch","Underhanded Strike"],"picked":"SKIP","floor":12},{"not_picked":["Escape Plan","Flechettes"],"picked":"Malaise","floor":14},{"not_picked":["Glass Knife","A Thousand Cuts"],"picked":"Night Terror","floor":16},{"not_picked":["All Out Attack","Well Laid Plans"],"picked":"Bane+1","floor":18},{"not_picked":["Bane","Masterful Stab"],"picked":"Blade Dance","floor":20},{"not_picked":["Underhanded Strike","Flying Knee+1"],"picked":"Poisoned Stab","floor":24}],"player_experience":325642,"relics_obtained":[{"floor":9,"key":"Bottled Lightning"},{"floor":14,"key":"Shovel"},{"floor":23,"key":"Mango"},{"floor":26,"key":"Tiny Chest"},{"floor":27,"key":"Enchiridion"}],"event_choices":[{"damage_healed":0,"gold_gain":0,"player_choice":"Entered Light","damage_taken":22,"max_hp_gain":0,"max_hp_loss":0,"event_name":"Shining Light","floor":2,"gold_loss":0,"cards_upgraded":["Defend_G","Defend_G"]},{"damage_healed":0,"gold_gain":0,"player_choice":"Success","damage_taken":5,"relics_obtained":["Letter Opener"],"max_hp_gain":0,"max_hp_loss":0,"event_name":"Scrap Ooze","floor":3,"gold_loss":0},{"damage_healed":0,"gold_gain":0,"player_choice":"Ignored","damage_taken":0,"max_hp_gain":0,"max_hp_loss":0,"event_name":"Liars Game","floor":5,"gold_loss":0},{"damage_healed":0,"gold_gain":0,"player_choice":"Bought 1 Potion","damage_taken":0,"max_hp_gain":0,"max_hp_loss":0,"event_name":"The Woman in Blue","floor":8,"gold_loss":0},{"damage_healed":0,"gold_gain":0,"player_choice":"Trade","damage_taken":0,"relics_obtained":["CultistMask"],"max_hp_gain":0,"max_hp_loss":0,"event_name":"FaceTrader","floor":11,"gold_loss":0},{"damage_healed":0,"gold_gain":0,"player_choice":"Obtained Book","damage_taken":21,"max_hp_gain":0,"max_hp_loss":0,"event_name":"Cursed Tome","floor":27,"gold_loss":0}],"is_beta":false,"boss_relics":[{"not_picked":["Runic Dome","Pandora\u0027s Box"],"picked":"Fusion Hammer"}],"items_purged_floors":[19,21],"is_endless":false,"potions_floor_spawned":[1,14,20],"killed_by":"Chosen and Byrds","ascension_level":17}}