{"host":"p4yrwepmrl4g8pul","time":1614339823,"event":{"mods":["Act Like it!","BaseMod","BetterRewards","Colored Map","Custom Start","Downfall","Gensokyo","Marisa（F雨　魔理沙）","Minty Spire (QoL Compilation)","Rare Cards Sparkle","Reimu（博丽灵梦）","Remilia（蕾米莉亚）","Remove Card Discount Mod","Shop Mod","StSLib","Thieving Mod"],"gold_per_floor":[99,116,116,9127,9145,9145,9145,9145,9162,9153,9153,9169,8969,9004,9017,9098,9098,8998,9008,9016,9008,9085,9094,9142,9167,9167,9167,9184,9184,8366,8380,8396,8538,8538,8538,8551,8601,8618,8618,8635,8660,8672,8703,8716,8741,8223,8235,7592,7602,7602,7602,7627,7012,7012,7012,7009],"floor_reached":57,"language":"ZHS","playtime":2022,"items_purged":["champ:Strike","champ:Strike","champ:Defend","Regret","champ:Defend","champ:Defend","champ:Defend","champ:Strike","champ:Strike","champ:Taunt","champ:SteelEdge","Poor:ReiMu","Writhe","champ:GutPunch","champ:Execute+1","champ:Encircle","champ:Haymaker"],"score":1490,"play_id":"88f0bdbd-2be9-4b03-81a8-de0c8e15f9b5","local_time":"20210226194343","is_ascension_mode":false,"campfire_choices":[{"data":"champ:Execute","floor":1.0,"key":"SMITH"},{"floor":6.0,"key":"RECALL"},{"data":"champ:FanOfKnives","floor":13.0,"key":"SMITH"},{"data":"champ:EnchantCrown","floor":18.0,"key":"SMITH"},{"data":"champ:FanOfKnives","floor":26.0,"key":"SMITH"},{"data":"champ:ViciousMockery","floor":35.0,"key":"SMITH"},{"data":"champ:FaceSlap","floor":54.0,"key":"SMITH"}],"circlet_count":0,"master_deck":["champ:FanOfKnives+1","champ:FanOfKnives+1","champ:EnchantCrown+1","champ:FaceSlap+1","champ:SteelEdge+1","champ:ViciousMockery+1","champ:Improvising"],"relics":["champ:ChampionCrown","Ancient Tea Set","Bag of Marbles","Tea:ReiMu","DollysMirror","MerchantsRug","YidongShenshe:ReiMu","downfall:HeartBlessingRed","downfall:HeartBlessingBlue","HornCleat","Busted Crown","downfall:HeartBlessingGreen","champ:BlackKnightHelmet","Matryoshka","Bag of Preparation","Oddly Smooth Stone","Vajra","downfall:KnowingSkull","Akabeko","Molten Egg 2","Strange Spoon","Darkstone Periapt","Philosopher\u0027s Stone","Mango","Blood Vial","Regal Pillow","Singing Bowl","Smiling Mask","White Beast Statue","Blue Candle","Pantograph","InkBottle","PrismaticShard","Shuriken","ClockworkSouvenir","Du-Vu Doll","RuthlessExorcism:ReiMu"],"acts_visited":["Exordium","TheCity","TheBeyond","TheEnding"],"potions_floor_usage":[55],"damage_taken":[{"damage":13.0,"enemies":"Jaw Worm","floor":2.0,"turns":3.0},{"damage":26.0,"enemies":"downfall:FleeingMerchant","floor":4.0,"turns":4.0},{"damage":0.0,"enemies":"Small Slimes","floor":5.0,"turns":1.0},{"damage":0.0,"enemies":"Cultist","floor":9.0,"turns":1.0},{"damage":0.0,"enemies":"Large Slime","floor":10.0,"turns":2.0},{"damage":10.0,"enemies":"downfall:LooterAlt","floor":12.0,"turns":2.0},{"damage":10.0,"enemies":"Gremlin Nob","floor":14.0,"turns":1.0},{"damage":0.0,"enemies":"Lots of Slimes","floor":15.0,"turns":1.0},{"damage":0.0,"enemies":"WA_ARCHETYPE_RETAIN","floor":16.0,"turns":3.0},{"damage":0.0,"enemies":"Chosen","floor":19.0,"turns":1.0},{"damage":10.0,"enemies":"downfall:LooterAlt2","floor":20.0,"turns":1.0},{"damage":10.0,"enemies":"Centurion and Healer","floor":21.0,"turns":2.0},{"damage":24.0,"enemies":"Centurion and Healer","floor":22.0,"turns":3.0},{"damage":0.0,"enemies":"Snake Plant","floor":23.0,"turns":1.0},{"damage":0.0,"enemies":"Slavers","floor":25.0,"turns":1.0},{"damage":5.0,"enemies":"Shelled Parasite and Fungi","floor":28.0,"turns":1.0},{"damage":12.0,"enemies":"downfall:FleeingMerchant","floor":30.0,"turns":3.0},{"damage":1.0,"enemies":"Centurion and Healer","floor":31.0,"turns":1.0},{"damage":0.0,"enemies":"Snecko","floor":32.0,"turns":1.0},{"damage":12.0,"enemies":"SI_MIRROR_ARCHETYPE","floor":33.0,"turns":2.0},{"damage":0.0,"enemies":"3 Darklings","floor":36.0,"turns":1.0},{"damage":0.0,"enemies":"2 Orb Walkers","floor":37.0,"turns":1.0},{"damage":0.0,"enemies":"Orb Walker","floor":38.0,"turns":1.0},{"damage":0.0,"enemies":"Jaw Worm Horde","floor":40.0,"turns":1.0},{"damage":9.0,"enemies":"Sphere and 2 Shapes","floor":42.0,"turns":1.0},{"damage":0.0,"enemies":"Nemesis","floor":43.0,"turns":1.0},{"damage":9.0,"enemies":"4 Shapes","floor":44.0,"turns":1.0},{"damage":0.0,"enemies":"Reptomancer","floor":45.0,"turns":1.0},{"damage":0.0,"enemies":"Writhing Mass","floor":47.0,"turns":1.0},{"damage":0.0,"enemies":"3 Darklings","floor":49.0,"turns":1.0},{"damage":9.0,"enemies":"DF_ARCHETYPE_ORBS","floor":50.0,"turns":2.0},{"damage":11.0,"enemies":"downfall:CharBossMerchant","floor":52.0,"turns":2.0},{"damage":69,"enemies":"downfall:NeowBoss","floor":55,"turns":7},{"damage":56,"enemies":"downfall:NeowBossFinal","floor":56,"turns":3}],"seed_played":"-2729782560013182999","potions_obtained":[{"floor":9.0,"key":"Block Potion"},{"floor":10.0,"key":"Weak Potion"},{"floor":11.0,"key":"downfall:CursedFountainPotion"},{"floor":16.0,"key":"Explosive Potion"},{"floor":20.0,"key":"SteroidPotion"},{"floor":21.0,"key":"Fire Potion"},{"floor":22.0,"key":"Energy Potion"},{"floor":28.0,"key":"Block Potion"},{"floor":32.0,"key":"Swift Potion"},{"floor":37.0,"key":"LiquidMemories"},{"floor":47.0,"key":"GrandPatriotsElixir:ReiMu"}],"is_trial":false,"path_per_floor":["R","M","?","$","M","R","T","?","M","M","?","M","R","E","M","B",null,"R","M","M","M","?","M","T","E","R","?","M","?","$","M","M","B",null,"R","M","?","M","?","M","T","M","E","M","E","?","M","$","M","B",null,"E","$","R","B","B",null],"character_chosen":"THE_CHAMP","items_purchased":["Bag of Marbles","Tea:ReiMu","DollysMirror","MerchantsRug","champ:Haymaker","Molten Egg 2","champ:SteelEdge+1","ThievingMod:ThievingPotion","FairyPotion","champ:ViciousMockery","Strange Spoon","Darkstone Periapt","White Beast Statue","Blue Candle","Pantograph","InkBottle","PrismaticShard","ClockworkSouvenir","Du-Vu Doll","RuthlessExorcism:ReiMu"],"campfire_rested":0,"item_purchase_floors":[4,4,4,4,4,30,30,30,30,30,30,30,46,46,48,48,48,53,53,53],"current_hp_per_floor":[999,996,996,995,995,995,995,995,995,995,995,985,995,995,995,995,1009,1009,1009,1009,1009,995,995,995,995,995,986,981,981,979,978,978,966,1009,1009,1009,1023,1023,1023,1023,1023,1014,1018,1013,1017,1017,1021,1021,1025,1024,1033,1024,1024,1024,966,937],"gold":7009,"neow_bonus":"TEN_PERCENT_HP_BONUS","is_daily":false,"chose_seed":false,"campfire_upgraded":6,"win_rate":0.0,"timestamp":1614339823,"path_taken":["R","M","?","$","M","R","T","?","M","M","?","M","R","E","M","BOSS","R","M","M","?","?","M","T","E","R","?","?","?","$","M","M","BOSS","R","M","?","M","?","M","T","?","E","M","E","?","M","$","M","BOSS","E","$","R","BOSS","BOSS"],"items_purchased_type":["Relic","Relic","Relic","Relic","Card","Relic","Card","Potion","Potion","Card","Relic","Relic","Relic","Relic","Relic","Relic","Relic","Relic","Relic","Relic"],"build_version":"2020-12-22","purchased_purges":17,"victory":true,"max_hp_per_floor":[999,999,999,999,999,999,999,999,999,999,999,999,1009,1009,1009,1009,1009,1009,1009,1009,1009,1009,1009,1009,1009,1009,1009,1009,1009,1009,1009,1009,1009,1009,1009,1009,1023,1023,1023,1023,1023,1023,1025,1027,1029,1029,1031,1031,1033,1033,1033,1035,1035,1035,1035,1035],"card_choices":[{"not_picked":["champ:Parry","champ:Circumvent"],"picked":"champ:GutPunch","floor":2.0},{"not_picked":["champ:HeartStrike","champ:Backstep"],"picked":"champ:FanOfKnives","floor":4.0},{"not_picked":["champ:EnGarde","champ:StanceDance","champ:FocusedDefense"],"picked":"SKIP","floor":5.0},{"not_picked":["champ:GutPunch","champ:Backstep"],"picked":"champ:SteelEdge","floor":9.0},{"not_picked":["champ:StanceDance","champ:Lariat","champ:FanOfKnives"],"picked":"SKIP","floor":10.0},{"not_picked":["champ:PerfectedStrike","champ:EnragedBash","champ:Shatter"],"picked":"SKIP","floor":12.0},{"not_picked":["champ:SetATrap","champ:StrikeOfGenius","champ:Backstep"],"picked":"SKIP","floor":14.0},{"not_picked":["champ:PreciseThrust","champ:AdrenalArmor","champ:PreemptiveStrike"],"picked":"SKIP","floor":15.0},{"not_picked":["champ:SteelEdge","champ:DancingMaster"],"picked":"champ:EnchantCrown","floor":16.0},{"not_picked":["champ:BringItOn"],"picked":"SKIP","floor":19.0},{"not_picked":[],"picked":"champ:FaceSlap","floor":20.0},{"not_picked":[],"picked":"champ:Encircle","floor":21.0},{"not_picked":["champ:EnGarde"],"picked":"SKIP","floor":23.0},{"not_picked":["champ:EndlessRage"],"picked":"SKIP","floor":25.0},{"not_picked":["champ:Circumvent+1"],"picked":"SKIP","floor":28.0},{"not_picked":["champ:PerfectedStrike"],"picked":"SKIP","floor":30.0},{"not_picked":["champ:EnchantCrown"],"picked":"SKIP","floor":31.0},{"not_picked":["champ:PreemptiveStrike+1"],"picked":"SKIP","floor":32.0},{"not_picked":[],"picked":"champ:Improvising","floor":33.0},{"not_picked":["champ:FancyFootwork"],"picked":"SKIP","floor":36.0},{"not_picked":["champ:FocusedBerserking"],"picked":"SKIP","floor":38.0},{"not_picked":["champ:BladeFlurry+1"],"picked":"SKIP","floor":40.0},{"not_picked":["champ:BladeFlurry+1"],"picked":"SKIP","floor":42.0},{"not_picked":["champ:ShieldSlam"],"picked":"Singing Bowl","floor":43.0},{"not_picked":["champ:BladeFlurry+1"],"picked":"Singing Bowl","floor":44.0},{"not_picked":["champ:TornadoPunch+1"],"picked":"Singing Bowl","floor":45.0},{"not_picked":["champ:Backstep+1"],"picked":"Singing Bowl","floor":47.0},{"not_picked":["EmptyMind"],"picked":"Singing Bowl","floor":49.0},{"not_picked":["champ:BladeFlurry+1"],"picked":"Singing Bowl","floor":52.0}],"player_experience":851039,"relics_obtained":[{"floor":14.0,"key":"HornCleat"},{"floor":22.0,"key":"champ:BlackKnightHelmet"},{"floor":22.0,"key":"Matryoshka"},{"floor":24.0,"key":"Bag of Preparation"},{"floor":24.0,"key":"Oddly Smooth Stone"},{"floor":25.0,"key":"Vajra"},{"floor":37.0,"key":"Mango"},{"floor":41.0,"key":"Blood Vial"},{"floor":41.0,"key":"Regal Pillow"},{"floor":43.0,"key":"Singing Bowl"},{"floor":45.0,"key":"Smiling Mask"},{"floor":52.0,"key":"Shuriken"}],"event_choices":[{"damage_healed":0.0,"max_hp_gain":0.0,"max_hp_loss":0.0,"gold_gain":0.0,"event_name":"Big Fish","player_choice":"Box","floor":3.0,"gold_loss":0.0,"damage_taken":0.0,"relics_obtained":["Ancient Tea Set"],"cards_obtained":["Regret"]},{"damage_healed":0.0,"max_hp_gain":0.0,"max_hp_loss":0.0,"gold_gain":0.0,"event_name":"yidonshenshe","player_choice":"带走神社","floor":8.0,"gold_loss":0.0,"damage_taken":0.0,"relics_obtained":["YidongShenshe:ReiMu"],"cards_obtained":["Poor:ReiMu"]},{"damage_healed":0.0,"max_hp_gain":0.0,"max_hp_loss":0.0,"gold_gain":0.0,"event_name":"Mysterious Sphere","player_choice":"Fight","floor":37.0,"gold_loss":0.0,"damage_taken":0.0}],"is_beta":false,"boss_relics":[{"not_picked":["Sozu","Empty Cage"],"picked":"Busted Crown"},{"not_picked":["bronze:MakeshiftBattery","Black Star"],"picked":"Philosopher\u0027s Stone"}],"items_purged_floors":[4,4,4,4,4,4,4,4,4,4,30,30,30,30,30,30,30],"is_endless":false,"potions_floor_spawned":[9,10,16,20,21,22,28,32,37,38,43,44,47,49,52],"ascension_level":0}}