{"host":"rantoq7h0pygex6x","time":1614365883,"event":{"mods":["AchievementEnabler","BaseMod","BetterRewards","Minty Spire (QoL Compilation)","SuperFastMode"],"gold_per_floor":[114,114,133,283,283,283,318,334,360,360,360,393,358,358,358,436,436,448,9,26,26,46,46,46,63,132,132,165,177,196,211,211,211,211],"floor_reached":33,"language":"ENG","playtime":591,"items_purged":[],"score":800,"play_id":"f3644bde-caed-494f-86c1-417eecb38711","local_time":"20210227025803","is_ascension_mode":true,"campfire_choices":[{"data":"Armaments","floor":6,"key":"SMITH"},{"data":"Combust","floor":10,"key":"SMITH"},{"data":"Blood for Blood","floor":15,"key":"SMITH"},{"data":"Immolate","floor":23,"key":"SMITH"},{"floor":27,"key":"REST"},{"floor":32,"key":"REST"}],"circlet_count":0,"master_deck":["AscendersBane","Strike_R","Strike_R","Strike_R","Defend_R","Defend_R","Defend_R","Defend_R","Bash","Combust+1","Hemokinesis","Pommel Strike","Armaments+1","Wild Strike","Shrug It Off","Doubt","Intimidate","Anger","Blood for Blood+1","Immolate+1","True Grit","Impervious","Decay","Iron Wave+1","Ghostly Armor","Rupture+1","Rupture","Intimidate+1"],"relics":["Burning Blood","Anchor","Happy Flower","Red Skull","Nunchaku","Mummified Hand","ClockworkSouvenir","Bottled Flame","Ornamental Fan"],"acts_visited":["Exordium","TheCity"],"potions_floor_usage":[7,25,28,33],"damage_taken":[{"damage":0.0,"enemies":"2 Louse","floor":1.0,"turns":2.0},{"damage":6.0,"enemies":"Cultist","floor":3.0,"turns":3.0},{"damage":37,"enemies":"Lagavulin","floor":7,"turns":7},{"damage":4,"enemies":"Jaw Worm","floor":8,"turns":3},{"damage":9,"enemies":"3 Sentries","floor":12,"turns":5},{"damage":38,"enemies":"The Guardian","floor":16,"turns":10},{"damage":26,"enemies":"2 Thieves","floor":18,"turns":4},{"damage":15,"enemies":"Chosen","floor":20,"turns":4},{"damage":11,"enemies":"Snecko","floor":22,"turns":5},{"damage":15,"enemies":"Centurion and Healer","floor":25,"turns":5},{"damage":2,"enemies":"Slavers","floor":28,"turns":4},{"damage":5,"enemies":"Shelled Parasite and Fungi","floor":29,"turns":3},{"damage":32,"enemies":"Chosen and Byrds","floor":30,"turns":5},{"damage":17,"enemies":"Snake Plant","floor":31,"turns":3},{"damage":48,"enemies":"Collector","floor":33,"turns":3}],"seed_played":"-7175740437158736068","potions_obtained":[{"floor":7,"key":"Fruit Juice"},{"floor":12,"key":"Swift Potion"},{"floor":16,"key":"FearPotion"},{"floor":18,"key":"ColorlessPotion"},{"floor":22,"key":"DistilledChaos"},{"floor":30,"key":"Strength Potion"},{"floor":31,"key":"LiquidBronze"}],"is_trial":false,"path_per_floor":["M","?","M","?","?","R","E","M","T","R","?","E","?","?","R","B",null,"M","$","M","?","M","R","$","M","T","R","E","M","M","M","R","B"],"character_chosen":"IRONCLAD","items_purchased":["Combust","Hemokinesis","Anchor","Pommel Strike","Armaments","Mummified Hand","ClockworkSouvenir"],"campfire_rested":2,"item_purchase_floors":[0,0,0,0,0,19,19],"current_hp_per_floor":[53,53,53,53,53,53,27,29,29,29,29,26,46,51,51,19,69,49,49,40,40,35,35,35,26,26,51,55,56,30,19,44,0,0],"gold":211,"neow_bonus":"","is_daily":false,"chose_seed":false,"campfire_upgraded":4,"win_rate":0.0,"timestamp":1614365883,"path_taken":["M","?","?","?","?","R","E","?","T","R","?","E","?","?","R","BOSS","M","$","M","?","?","R","?","M","T","R","E","?","M","M","R","BOSS"],"items_purchased_type":["Card","Card","Relic","Card","Card","Relic","Relic"],"build_version":"2020-12-22","purchased_purges":0,"victory":false,"max_hp_per_floor":[75,75,75,75,75,75,80,80,80,80,80,80,80,85,85,85,85,85,85,85,85,85,85,85,85,85,85,85,85,85,85,85,85,85],"card_choices":[{"not_picked":["Armaments","Evolve","Perfected Strike"],"picked":"SKIP","floor":1.0},{"not_picked":["Seeing Red","Heavy Blade"],"picked":"Shrug It Off","floor":3.0},{"not_picked":["Pommel Strike","Ghostly Armor"],"picked":"Anger","floor":7},{"not_picked":["Cleave","Twin Strike"],"picked":"Blood for Blood","floor":8},{"not_picked":["Anger","Offering","Pommel Strike"],"picked":"SKIP","floor":12},{"not_picked":["Impervious","Feed"],"picked":"Immolate","floor":16},{"not_picked":["Clothesline","Pommel Strike"],"picked":"True Grit","floor":18},{"not_picked":["Pommel Strike","Second Wind"],"picked":"Impervious","floor":20},{"not_picked":["Reckless Charge","Twin Strike"],"picked":"Iron Wave+1","floor":22},{"not_picked":["Warcry","Sword Boomerang","Searing Blow"],"picked":"SKIP","floor":25},{"not_picked":["Entrench","Wild Strike"],"picked":"Ghostly Armor","floor":28},{"not_picked":["Warcry","Perfected Strike"],"picked":"Rupture+1","floor":29},{"not_picked":["Evolve","Shockwave+1"],"picked":"Rupture","floor":30},{"not_picked":["Armaments","Perfected Strike"],"picked":"Intimidate+1","floor":31}],"player_experience":1012826,"relics_obtained":[{"floor":7,"key":"Happy Flower"},{"floor":9,"key":"Red Skull"},{"floor":12,"key":"Nunchaku"},{"floor":26,"key":"Bottled Flame"},{"floor":28,"key":"Ornamental Fan"}],"event_choices":[{"damage_healed":0.0,"max_hp_gain":0.0,"max_hp_loss":0.0,"gold_gain":0.0,"cards_transformed":["Strike_R"],"event_name":"Transmorgrifier","player_choice":"Transformed","floor":2.0,"gold_loss":0.0,"damage_taken":0.0,"cards_obtained":["Wild Strike"]},{"damage_healed":0.0,"max_hp_gain":0.0,"max_hp_loss":0.0,"gold_gain":150.0,"event_name":"Liars Game","player_choice":"AGREE","floor":4.0,"gold_loss":0.0,"damage_taken":0.0,"cards_obtained":["Doubt"]},{"damage_healed":0,"gold_gain":0,"cards_transformed":["Strike_R"],"player_choice":"Transformed","damage_taken":0,"max_hp_gain":0,"max_hp_loss":0,"event_name":"Transmorgrifier","floor":5,"gold_loss":0,"cards_obtained":["Intimidate"]},{"damage_healed":0,"gold_gain":0,"player_choice":"Ignored","damage_taken":0,"max_hp_gain":0,"max_hp_loss":0,"event_name":"Shining Light","floor":11,"gold_loss":0},{"damage_healed":20,"gold_gain":0,"player_choice":"Healed","damage_taken":0,"max_hp_gain":0,"max_hp_loss":0,"event_name":"The Cleric","floor":13,"gold_loss":35},{"damage_healed":0,"gold_gain":0,"player_choice":"Donut","damage_taken":0,"max_hp_gain":5,"max_hp_loss":0,"event_name":"Big Fish","floor":14,"gold_loss":0},{"damage_healed":0,"gold_gain":0,"player_choice":"Cursed","damage_taken":0,"max_hp_gain":0,"max_hp_loss":0,"event_name":"Wheel of Change","floor":21,"gold_loss":0,"cards_obtained":["Decay"]}],"is_beta":false,"boss_relics":[{"not_picked":["Snecko Eye","Pandora\u0027s Box","Ectoplasm"]}],"items_purged_floors":[],"is_endless":false,"potions_floor_spawned":[7,12,16,18,22,30,31],"killed_by":"Collector","ascension_level":20}}