{"host":"u2zgzag0koeblr9v","time":1614370417,"event":{"mods":["AchievementEnabler","BaseMod","Colored Map","Key Reminder","Minty Spire (QoL Compilation)"],"gold_per_floor":[118,132,142,156,168,200,200,233,285,313,94,119,137,137,137],"floor_reached":14,"language":"ENG","playtime":810,"items_purged":["Defend_P"],"score":228,"play_id":"49933a7b-a473-46cc-92e3-6da067236974","local_time":"20210226151337","is_ascension_mode":true,"campfire_choices":[],"circlet_count":0,"master_deck":["AscendersBane","Strike_P","Strike_P","Strike_P","Strike_P","Defend_P","Defend_P","Defend_P","Eruption+1","Vigilance","Halt","BowlingBash","Wallop","Sanctity","Perseverance+1","Wallop","Halt+1"],"relics":["PureWater","NeowsBlessing","Strawberry","Toxic Egg 2","PreservedInsect","Bottled Lightning","Frozen Eye","Akabeko"],"acts_visited":["Exordium"],"potions_floor_usage":[6,10,14],"damage_taken":[{"damage":0,"enemies":"Cultist","floor":1,"turns":1},{"damage":0,"enemies":"Small Slimes","floor":2,"turns":1},{"damage":0,"enemies":"2 Louse","floor":3,"turns":1},{"damage":1,"enemies":"Looter","floor":4,"turns":4},{"damage":7,"enemies":"Red Slaver","floor":5,"turns":3},{"damage":29,"enemies":"Lagavulin","floor":6,"turns":7},{"damage":16,"enemies":"3 Sentries","floor":8,"turns":8},{"damage":2,"enemies":"Gremlin Nob","floor":10,"turns":3},{"damage":0,"enemies":"3 Sentries","floor":12,"turns":3},{"damage":3,"enemies":"Large Slime","floor":13,"turns":5},{"damage":4,"enemies":"Gremlin Nob","floor":14,"turns":4}],"seed_played":"-948131425871964043","potions_obtained":[{"floor":1,"key":"SkillPotion"},{"floor":2,"key":"GamblersBrew"},{"floor":8,"key":"Dexterity Potion"}],"is_trial":false,"path_per_floor":["M","M","M","M","M","E","?","E","T","E","$","E","M","E"],"character_chosen":"WATCHER","items_purchased":["Frozen Eye"],"campfire_rested":0,"item_purchase_floors":[11],"current_hp_per_floor":[65,65,65,64,57,35,35,19,19,17,17,17,14,10,10],"gold":137,"neow_bonus":"THREE_ENEMY_KILL","is_daily":false,"chose_seed":false,"campfire_upgraded":0,"win_rate":0.0,"timestamp":1614370417,"path_taken":["M","?","M","M","?","E","?","E","T","E","$","E","M","E"],"items_purchased_type":["Relic"],"build_version":"2020-12-22","purchased_purges":1,"victory":false,"max_hp_per_floor":[72,72,72,72,72,79,79,79,79,79,79,79,79,79,79],"card_choices":[{"not_picked":["WindmillStrike","PathToVictory","Protect"],"picked":"SKIP","floor":1},{"not_picked":["ClearTheMind","ThirdEye"],"picked":"Halt","floor":2},{"not_picked":["Halt","Prostrate"],"picked":"BowlingBash","floor":3},{"not_picked":["BowlingBash","Establishment"],"picked":"Wallop","floor":4},{"not_picked":["BowlingBash","ThirdEye","SashWhip"],"picked":"SKIP","floor":5},{"not_picked":["Crescendo","FlyingSleeves"],"picked":"Sanctity","floor":6},{"not_picked":["Conclude","PathToVictory+1"],"picked":"Perseverance+1","floor":8},{"not_picked":["WreathOfFlame+1","DevaForm"],"picked":"Wallop","floor":10},{"not_picked":["BowlingBash","Wallop"],"picked":"Halt+1","floor":12},{"not_picked":["Nirvana","EmptyFist","Pray+1"],"picked":"SKIP","floor":13}],"player_experience":380500,"relics_obtained":[{"floor":6,"key":"Strawberry"},{"floor":8,"key":"Toxic Egg 2"},{"floor":9,"key":"PreservedInsect"},{"floor":10,"key":"Bottled Lightning"},{"floor":12,"key":"Akabeko"}],"event_choices":[{"damage_healed":0,"gold_gain":0,"player_choice":"Upgraded","damage_taken":0,"max_hp_gain":0,"max_hp_loss":0,"event_name":"Upgrade Shrine","floor":7,"gold_loss":0,"cards_upgraded":["Eruption"]}],"is_beta":false,"boss_relics":[],"items_purged_floors":[11],"is_endless":false,"potions_floor_spawned":[1,2,8],"killed_by":"Gremlin Nob","ascension_level":11}}