{"host":"jt67skv49snb75sm","time":1614365673,"event":{"mods":["BaseMod","Bestiary","Minty Spire (QoL Compilation)","Relic Stats"],"gold_per_floor":[114,264,264,32,32,67,86,111,136,156,156,173,173,9,9,9,9],"floor_reached":16,"language":"ENG","playtime":416,"items_purged":["Strike_R"],"score":266,"play_id":"8b786b3c-d90d-4fcf-bca2-0443e4345560","local_time":"20210226195433","is_ascension_mode":true,"campfire_choices":[{"data":"Armaments","floor":13.0,"key":"SMITH"},{"floor":15.0,"key":"REST"}],"circlet_count":0,"master_deck":["AscendersBane","Strike_R","Strike_R","Strike_R","Strike_R","Defend_R","Defend_R","Defend_R","Defend_R","Bash+1","Whirlwind+1","Doubt","Corruption","Armaments+1","Shrug It Off"],"relics":["Burning Blood","NeowsBlessing","TheAbacus","Omamori","White Beast Statue","PreservedInsect","Membership Card"],"acts_visited":["Exordium"],"potions_floor_usage":[16,16],"damage_taken":[{"damage":0.0,"enemies":"Jaw Worm","floor":1.0,"turns":1.0},{"damage":0.0,"enemies":"Gremlin Nob","floor":6.0,"turns":1.0},{"damage":0.0,"enemies":"2 Louse","floor":7.0,"turns":1.0},{"damage":59.0,"enemies":"3 Sentries","floor":8.0,"turns":8.0},{"damage":7.0,"enemies":"Small Slimes","floor":10.0,"turns":4.0},{"damage":20.0,"enemies":"Gremlin Gang","floor":12.0,"turns":4.0},{"damage":62,"enemies":"Slime Boss","floor":16,"turns":8}],"seed_played":"-4487739199849798026","potions_obtained":[{"floor":6.0,"key":"Fruit Juice"},{"floor":7.0,"key":"Fruit Juice"},{"floor":10.0,"key":"Regen Potion"},{"floor":12.0,"key":"LiquidMemories"}],"is_trial":false,"path_per_floor":["M","?","?","$","?","E","M","E","T","M","$","M","R","$","R","B"],"character_chosen":"IRONCLAD","items_purchased":["TheAbacus","Membership Card"],"campfire_rested":1,"item_purchase_floors":[4,14],"current_hp_per_floor":[74,74,74,74,74,75,75,27,27,26,26,17,17,17,42,0,0],"gold":9,"neow_bonus":"THREE_ENEMY_KILL","is_daily":false,"chose_seed":false,"campfire_upgraded":1,"win_rate":0.0,"timestamp":1614365673,"path_taken":["M","?","?","$","?","E","M","E","T","?","$","M","R","$","R","BOSS"],"items_purchased_type":["Relic","Relic"],"build_version":"2020-12-22","purchased_purges":1,"victory":false,"max_hp_per_floor":[75,75,75,75,75,75,75,80,80,80,80,85,85,85,85,85,85],"relic_stats":{"TheAbacus":[42],"counters":[7,27],"PreservedInsect":0,"obtain_stats":[{"TheAbacus":4,"NeowsBlessing":0,"PreservedInsect":9,"Omamori":6,"Membership Card":14,"Burning Blood":0,"White Beast Statue":8},{"TheAbacus":1,"NeowsBlessing":0,"PreservedInsect":4,"Omamori":2,"Membership Card":6,"Burning Blood":0,"White Beast Statue":4},{"TheAbacus":1,"NeowsBlessing":0,"PreservedInsect":11,"Omamori":2,"Membership Card":19,"Burning Blood":0,"White Beast Statue":11}],"Burning Blood":25},"card_choices":[{"not_picked":["Clothesline","Combust"],"picked":"Whirlwind","floor":1.0},{"not_picked":["Warcry","Impervious"],"picked":"Corruption","floor":6.0},{"not_picked":["Pummel","Perfected Strike","Havoc"],"picked":"SKIP","floor":7.0},{"not_picked":["Infernal Blade","Perfected Strike"],"picked":"Armaments","floor":8.0},{"not_picked":["Uppercut","Wild Strike","Searing Blow"],"picked":"SKIP","floor":10.0},{"not_picked":["Power Through","Havoc"],"picked":"Shrug It Off","floor":12.0}],"player_experience":925028,"relics_obtained":[{"floor":6.0,"key":"Omamori"},{"floor":8.0,"key":"White Beast Statue"},{"floor":9.0,"key":"PreservedInsect"}],"event_choices":[{"damage_healed":0.0,"max_hp_gain":0.0,"max_hp_loss":0.0,"gold_gain":150.0,"event_name":"Liars Game","player_choice":"AGREE","floor":2.0,"gold_loss":0.0,"damage_taken":0.0,"cards_obtained":["Doubt"]},{"damage_healed":0.0,"max_hp_gain":0.0,"max_hp_loss":0.0,"gold_gain":0.0,"event_name":"Living Wall","player_choice":"Grow","floor":3.0,"gold_loss":0.0,"damage_taken":0.0,"cards_upgraded":["Whirlwind"]},{"damage_healed":0.0,"max_hp_gain":0.0,"max_hp_loss":0.0,"gold_gain":0.0,"event_name":"Upgrade Shrine","player_choice":"Upgraded","floor":5.0,"gold_loss":0.0,"damage_taken":0.0,"cards_upgraded":["Bash"]}],"is_beta":false,"boss_relics":[],"items_purged_floors":[4],"is_endless":false,"potions_floor_spawned":[6,7,10,12],"killed_by":"Slime Boss","ascension_level":20}}