{"host":"w5o3iglp98qr199u","time":1614371328,"event":{"mods":["AchievementEnabler","BaseMod","Bestiary","Colored Map","Colored Powertips","Highlight Path","Minty Spire (QoL Compilation)","Relic Stats","StSLib","SuperFastMode"],"gold_per_floor":[364,384,400,420,440,465,465,498,522,522,534,560,570,597,597,700,700,712,729,828,848,848,848,848],"floor_reached":23,"language":"ENG","playtime":975,"items_purged":[],"score":313,"play_id":"c257cdce-1a82-4ba3-9819-e0dad22e8941","local_time":"20210226212848","is_ascension_mode":true,"campfire_choices":[{"data":"Dagger Spray","floor":7.0,"key":"SMITH"},{"data":"Catalyst","floor":10.0,"key":"SMITH"},{"floor":15.0,"key":"REST"}],"circlet_count":0,"master_deck":["Survivor","Neutralize","Dagger Spray+1","Bane","Blade Dance","Cloak And Dagger","Endless Agony","Die Die Die","Catalyst+1","Wraith Form v2","Unload","Corpse Explosion","Tools of the Trade","Outmaneuver","Bouncing Flask","Riddle With Holes","Heel Hook","Corpse Explosion","Caltrops","Endless Agony","Backstab","Dagger Throw","Underhanded Strike","Setup+1","Dagger Spray+1"],"relics":["Ring of the Snake","Happy Flower","Centennial Puzzle","Bag of Marbles","Boot","Smiling Mask","Pandora\u0027s Box"],"acts_visited":["Exordium","TheCity"],"potions_floor_usage":[21],"damage_taken":[{"damage":1.0,"enemies":"Small Slimes","floor":1.0,"turns":4.0},{"damage":2.0,"enemies":"2 Louse","floor":2.0,"turns":3.0},{"damage":2.0,"enemies":"Jaw Worm","floor":3.0,"turns":5.0},{"damage":4.0,"enemies":"Blue Slaver","floor":4.0,"turns":2.0},{"damage":8.0,"enemies":"3 Louse","floor":5.0,"turns":3.0},{"damage":13.0,"enemies":"3 Sentries","floor":6.0,"turns":8.0},{"damage":4.0,"enemies":"Gremlin Nob","floor":8.0,"turns":3.0},{"damage":4.0,"enemies":"Lots of Slimes","floor":11.0,"turns":3.0},{"damage":22.0,"enemies":"Lagavulin","floor":12.0,"turns":6.0},{"damage":1.0,"enemies":"Red Slaver","floor":13.0,"turns":2.0},{"damage":0.0,"enemies":"Gremlin Nob","floor":14.0,"turns":2.0},{"damage":13,"enemies":"Slime Boss","floor":16,"turns":8},{"damage":0,"enemies":"3 Byrds","floor":18,"turns":3},{"damage":19,"enemies":"2 Thieves","floor":19,"turns":3},{"damage":0,"enemies":"Shelled Parasite and Fungi","floor":21,"turns":2},{"damage":47,"enemies":"Book of Stabbing","floor":23,"turns":3}],"seed_played":"9205028903039852456","potions_obtained":[{"floor":1.0,"key":"SpeedPotion"},{"floor":2.0,"key":"FearPotion"},{"floor":3.0,"key":"FearPotion"},{"floor":11.0,"key":"BlessingOfTheForge"},{"floor":13.0,"key":"FearPotion"},{"floor":19,"key":"DuplicationPotion"}],"is_trial":false,"path_per_floor":["M","M","M","M","M","E","R","E","T","R","M","E","M","E","R","B",null,"M","M","?","M","?","E"],"character_chosen":"THE_SILENT","items_purchased":[],"campfire_rested":1,"item_purchase_floors":[],"current_hp_per_floor":[62,60,58,54,46,33,33,29,29,29,25,3,2,2,20,7,49,49,30,30,30,30,0,0],"gold":848,"neow_bonus":"TWO_FIFTY_GOLD","is_daily":false,"chose_seed":false,"campfire_upgraded":2,"win_rate":0.0,"timestamp":1614371328,"path_taken":["M","M","M","M","M","E","R","E","T","R","M","E","M","E","R","BOSS","M","M","?","M","?","E"],"items_purchased_type":[],"build_version":"2020-12-22","purchased_purges":0,"victory":false,"max_hp_per_floor":[63,63,63,63,63,63,63,63,63,63,63,63,63,63,63,63,63,63,63,63,63,63,63,63],"relic_stats":{"Centennial Puzzle":[20],"Happy Flower":[11],"counters":[16,60],"Pandora\u0027s Box":["Tools of the Trade","Outmaneuver","Bouncing Flask","Riddle With Holes","Heel Hook","Corpse Explosion","Caltrops","Endless Agony","Backstab","Dagger Throw"],"Boot":[58],"Smiling Mask":0,"obtain_stats":[{"Centennial Puzzle":8,"Happy Flower":6,"Pandora\u0027s Box":17,"Bag of Marbles":9,"Boot":12,"Smiling Mask":14,"Ring of the Snake":0},{"Centennial Puzzle":7,"Happy Flower":6,"Pandora\u0027s Box":12,"Bag of Marbles":7,"Boot":9,"Smiling Mask":11,"Ring of the Snake":0},{"Centennial Puzzle":28,"Happy Flower":25,"Pandora\u0027s Box":49,"Bag of Marbles":28,"Boot":37,"Smiling Mask":41,"Ring of the Snake":0}],"Ring of the Snake":[34]},"card_choices":[{"not_picked":["Predator","Skewer"],"picked":"Dagger Spray","floor":1.0},{"not_picked":["Bouncing Flask","Escape Plan"],"picked":"Bane","floor":2.0},{"not_picked":["Skewer","Deflect"],"picked":"Blade Dance","floor":3.0},{"not_picked":["Backstab","Prepared"],"picked":"Cloak And Dagger","floor":4.0},{"not_picked":["PiercingWail","Expertise"],"picked":"Endless Agony","floor":5.0},{"not_picked":["Blade Dance","Dagger Spray"],"picked":"Die Die Die","floor":6.0},{"not_picked":["Bane","Blur"],"picked":"Catalyst","floor":8.0},{"not_picked":["Quick Slash","Dagger Spray","Masterful Stab"],"picked":"SKIP","floor":11.0},{"not_picked":["Underhanded Strike","Dagger Throw"],"picked":"Wraith Form v2","floor":12.0},{"not_picked":["Caltrops","Cloak And Dagger","Prepared"],"picked":"SKIP","floor":13.0},{"not_picked":["Poisoned Stab","Flying Knee"],"picked":"Unload","floor":14.0},{"not_picked":["Envenom","Glass Knife"],"picked":"Corpse Explosion","floor":16},{"not_picked":["Backflip","Quick Slash"],"picked":"Underhanded Strike","floor":18},{"not_picked":["Sucker Punch","Poisoned Stab"],"picked":"Setup+1","floor":19},{"not_picked":["Flechettes+1","Bane"],"picked":"Dagger Spray+1","floor":21}],"player_experience":101788,"relics_obtained":[{"floor":6.0,"key":"Happy Flower"},{"floor":8.0,"key":"Centennial Puzzle"},{"floor":9.0,"key":"Bag of Marbles"},{"floor":12.0,"key":"Boot"},{"floor":14.0,"key":"Smiling Mask"}],"event_choices":[{"damage_healed":0,"gold_gain":99,"player_choice":"Stole From Cult","damage_taken":0,"max_hp_gain":0,"max_hp_loss":0,"event_name":"Nest","floor":20,"gold_loss":0},{"damage_healed":0,"gold_gain":0,"player_choice":"Ignored","damage_taken":0,"max_hp_gain":0,"max_hp_loss":0,"event_name":"Vampires","floor":22,"gold_loss":0}],"is_beta":false,"boss_relics":[{"not_picked":["Philosopher\u0027s Stone","Busted Crown"],"picked":"Pandora\u0027s Box"}],"items_purged_floors":[],"is_endless":false,"potions_floor_spawned":[1,2,3,11,13,19],"killed_by":"Book of Stabbing","ascension_level":5}}