{"host":"5tir6155jnoxijqh","time":1614319231,"event":{"mods":["Act Like it!","Arknights","BaseMod","Downfall","Hermit","Library of Ruina","Library of Ruina Extra","Minty Spire (QoL Compilation)","MostiFishMod","Shop Mod","Spicy Shops","StSLib","WarShipGirlsR/’ΩΩ¢…Ÿ≈ÆR mod"],"gold_per_floor":[99,115,17,28,28,59,59,59,91,91,103,128,128,138,151,151,151],"floor_reached":16,"language":"ZHS","playtime":1042,"items_purged":[],"score":167,"play_id":"95e5489d-a34c-45ef-ae07-7798bc7c43ca","local_time":"20210226140031","is_ascension_mode":true,"campfire_choices":[{"data":"hermit:Snapshot","floor":1,"key":"SMITH"},{"data":"hermit:CursedWeapon","floor":10,"key":"SMITH"}],"circlet_count":0,"master_deck":["hermit:Strike_Hermit","hermit:Strike_Hermit","hermit:Defend_Hermit","hermit:Defend_Hermit","hermit:Defend_Hermit","hermit:Defend_Hermit","hermit:Snapshot+1","hermit:Covet","hermit:EternalForm","hermit:Gambit","hermit:EyeOfTheStorm","hermit:FlashPowder","expansioncontent:PolyBeam","hermit:CursedWeapon+1","hermit:Roulette","hermit:ItchyTrigger","hermit:TakeAim","hermit:Determination","hermit:Spite"],"relics":["hermit:Momento","DaveBox","Chemical X","Art of War","Eternal Feather","PageOfApocalypseBird","Happy Flower","Centennial Puzzle"],"acts_visited":["Exordium"],"potions_floor_usage":[9,12,15,15,16,16],"damage_taken":[{"damage":1,"enemies":"Cultist","floor":2,"turns":3},{"damage":0,"enemies":"downfall:FleeingMerchant","floor":3,"turns":4},{"damage":0,"enemies":"Small Slimes","floor":4,"turns":2},{"damage":8,"enemies":"3 Sentries","floor":6,"turns":7},{"damage":2,"enemies":"Gremlin Nob","floor":9,"turns":3},{"damage":5,"enemies":"Jaw Worm","floor":11,"turns":3},{"damage":9,"enemies":"3 Sentries","floor":12,"turns":5},{"damage":11,"enemies":"Blue Slaver","floor":14,"turns":4},{"damage":13,"enemies":"Gremlin Gang","floor":15,"turns":5},{"damage":19,"enemies":"IC_STATUS_ARCHETYPE","floor":16,"turns":4}],"seed_played":"-5445943661766557689","potions_obtained":[{"floor":2,"key":"PowerPotion"},{"floor":6,"key":"champ:CounterPotion"},{"floor":9,"key":"Dexterity Potion"},{"floor":11,"key":"ColorlessPotion"},{"floor":13,"key":"hermit:Eclipse"},{"floor":13,"key":"SkillPotion"},{"floor":15,"key":"Dexterity Potion"}],"is_trial":false,"path_per_floor":["R","M","$","M","?","E","T","?","E","R","M","E","?","M","M","B"],"character_chosen":"HERMIT","items_purchased":["expansioncontent:PolyBeam"],"campfire_rested":0,"item_purchase_floors":[3],"current_hp_per_floor":[68,67,67,67,55,47,47,47,45,54,49,40,40,29,16,0,0],"gold":151,"neow_bonus":"TRANSFORM_TWO_CARDS","is_daily":false,"chose_seed":false,"campfire_upgraded":2,"win_rate":0.0,"timestamp":1614319231,"path_taken":["R","M","$","M","?","E","T","?","E","R","?","E","?","?","M","BOSS"],"items_purchased_type":["Card"],"build_version":"2020-12-22","purchased_purges":0,"victory":false,"max_hp_per_floor":[68,68,68,68,68,68,68,68,68,68,68,68,68,68,68,68,68],"card_choices":[{"not_picked":["hermit:FullyLoaded","hermit:Dive"],"picked":"hermit:EyeOfTheStorm","floor":2},{"not_picked":["hermit:SprayPray","hermit:Quickdraw"],"picked":"hermit:FlashPowder","floor":3},{"not_picked":["hermit:Shortfuse","hermit:FlashPowder"],"picked":"hermit:CursedWeapon","floor":4},{"not_picked":["hermit:Maintenance","hermit:GoldenBullet"],"picked":"hermit:Roulette","floor":6},{"not_picked":["hermit:SprayPray","hermit:Coalescence"],"picked":"hermit:ItchyTrigger","floor":9},{"not_picked":["hermit:Spite","hermit:Manifest"],"picked":"hermit:TakeAim","floor":11},{"not_picked":["hermit:Scavenge","hermit:FlashPowder"],"picked":"hermit:Determination","floor":12},{"not_picked":["hermit:CalledShot","hermit:HighCaliber"],"picked":"hermit:Spite","floor":14},{"not_picked":["hermit:TakeAim","hermit:Manifest","hermit:Determination"],"picked":"SKIP","floor":15}],"player_experience":415864,"relics_obtained":[{"floor":6,"key":"Eternal Feather"},{"floor":7,"key":"PageOfApocalypseBird"},{"floor":9,"key":"Happy Flower"},{"floor":12,"key":"Centennial Puzzle"}],"event_choices":[{"damage_healed":0,"gold_gain":0,"player_choice":"Success","damage_taken":12,"relics_obtained":["Art of War"],"max_hp_gain":0,"max_hp_loss":0,"event_name":"Scrap Ooze","floor":5,"gold_loss":0},{"damage_healed":0,"gold_gain":0,"player_choice":"Got Potions","damage_taken":0,"max_hp_gain":0,"max_hp_loss":0,"event_name":"Lab","floor":13,"gold_loss":0}],"is_beta":false,"boss_relics":[],"items_purged_floors":[],"is_endless":false,"potions_floor_spawned":[2,6,9,11,15],"killed_by":"IC_STATUS_ARCHETYPE","ascension_level":3}}