{"host":"mqhvlr3kpxebko0t","time":1614325512,"event":{"mods":["AchievementEnabler","BaseMod","Colored Map","Colored Powertips","KOR Keyword Fix","Keyboard Shortcuts","Minty Spire (QoL Compilation)","StSLib","SuperFastMode"],"gold_per_floor":[10,10,31,31,31,31,47,63,63,87,87,107,131,144,144,144,144],"floor_reached":16,"language":"KOR","playtime":399,"items_purged":[],"score":178,"play_id":"113cb244-c86d-4ea0-91ec-f79694de252a","local_time":"20210226164512","is_ascension_mode":true,"campfire_choices":[{"data":"Cloak And Dagger","floor":6,"key":"SMITH"},{"data":"Concentrate","floor":15,"key":"SMITH"}],"circlet_count":0,"master_deck":["AscendersBane","Strike_G","Defend_G","Defend_G","Defend_G","Defend_G","Survivor","Neutralize","Cloak And Dagger+1","PiercingWail","A Thousand Cuts","Reflex","Prepared","Concentrate+1","Acrobatics"],"relics":["Ring of the Snake","Golden Idol","Ornamental Fan"],"acts_visited":["Exordium"],"potions_floor_usage":[8],"damage_taken":[{"damage":0,"enemies":"2 Louse","floor":1,"turns":4},{"damage":1,"enemies":"Jaw Worm","floor":3,"turns":5},{"damage":2,"enemies":"Small Slimes","floor":7,"turns":4},{"damage":5,"enemies":"Exordium Wildlife","floor":8,"turns":7},{"damage":0,"enemies":"Red Slaver","floor":10,"turns":5},{"damage":2,"enemies":"2 Fungi Beasts","floor":12,"turns":3},{"damage":1,"enemies":"Exordium Wildlife","floor":13,"turns":4},{"damage":8,"enemies":"Large Slime","floor":14,"turns":6},{"damage":1,"enemies":"Hexaghost","floor":16,"turns":10}],"seed_played":"-7951833907823882652","potions_obtained":[{"floor":1,"key":"DistilledChaos"},{"floor":8,"key":"FearPotion"},{"floor":14,"key":"Block Potion"}],"is_trial":false,"path_per_floor":["M","?","M","?","?","R","M","M","T","M","?","M","M","M","R","B"],"character_chosen":"THE_SILENT","items_purchased":[],"campfire_rested":0,"item_purchase_floors":[],"current_hp_per_floor":[59,59,58,51,51,51,49,44,44,44,44,42,41,33,33,32,32],"gold":144,"neow_bonus":"REMOVE_TWO","is_daily":false,"chose_seed":false,"campfire_upgraded":2,"win_rate":0.0,"timestamp":1614325512,"path_taken":["M","?","M","?","?","R","M","M","T","?","?","M","M","M","R","BOSS"],"items_purchased_type":[],"build_version":"2020-12-22","purchased_purges":0,"victory":false,"max_hp_per_floor":[66,60,60,60,60,60,60,60,60,60,60,60,60,60,60,60,60],"card_choices":[{"not_picked":["Blur","PiercingWail"],"picked":"Cloak And Dagger","floor":1},{"not_picked":["Finisher","Flying Knee"],"picked":"PiercingWail","floor":3},{"not_picked":["Tactician","Outmaneuver"],"picked":"Reflex","floor":7},{"not_picked":["Underhanded Strike","Poisoned Stab"],"picked":"Prepared","floor":8},{"not_picked":["Flechettes","Eviscerate"],"picked":"Concentrate","floor":10},{"not_picked":["Masterful Stab","Adrenaline"],"picked":"Acrobatics","floor":12},{"not_picked":["Terror","Slice","Dash"],"picked":"SKIP","floor":13},{"not_picked":["Poisoned Stab","Bane","Bouncing Flask"],"picked":"SKIP","floor":14}],"player_experience":723365,"relics_obtained":[{"floor":9,"key":"Ornamental Fan"}],"event_choices":[{"damage_healed":0,"gold_gain":0,"player_choice":"Lose Max HP","damage_taken":0,"relics_obtained":["Golden Idol"],"max_hp_gain":0,"max_hp_loss":6,"event_name":"Golden Idol","floor":2,"gold_loss":0},{"cards_removed":["Strike_G"],"damage_healed":0,"gold_gain":0,"player_choice":"Card Removal","damage_taken":7,"max_hp_gain":0,"max_hp_loss":0,"event_name":"Golden Wing","floor":4,"gold_loss":0},{"damage_healed":0,"gold_gain":0,"cards_transformed":["Strike_G"],"player_choice":"Change","damage_taken":0,"max_hp_gain":0,"max_hp_loss":0,"event_name":"Living Wall","floor":5,"gold_loss":0,"cards_obtained":["A Thousand Cuts"]},{"cards_removed":["Strike_G"],"damage_healed":0,"gold_gain":0,"player_choice":"Offered Basic","damage_taken":0,"max_hp_gain":0,"max_hp_loss":0,"event_name":"Bonfire Elementals","floor":11,"gold_loss":0}],"is_beta":false,"boss_relics":[],"items_purged_floors":[],"is_endless":false,"potions_floor_spawned":[1,8,14],"killed_by":"Hexaghost","ascension_level":17}}