{"host":"qr2g7zkkpfnbizu6","time":1614329292,"event":{"mods":["BaseMod","Jorbs\u0027s Wanderer Trilogy","Minty Spire (QoL Compilation)","Quick Restart","StSLib","The Hierophant"],"gold_per_floor":[99,99,99,99,99,99,99,60,60,60,60,60,60],"floor_reached":12,"language":"ZHS","playtime":760,"items_purged":[],"score":80,"play_id":"e753faff-7aa2-421d-b95b-5a7dde085353","local_time":"20210226164812","is_ascension_mode":false,"campfire_choices":[{"floor":10.0,"key":"REST"}],"circlet_count":0,"master_deck":["hierophant:Strike_Hierophant","hierophant:Strike_Hierophant","hierophant:Strike_Hierophant","hierophant:Punish","hierophant:Defend_Hierophant","hierophant:Defend_Hierophant","hierophant:Defend_Hierophant","hierophant:Defend_Hierophant","hierophant:ChurchCoffers","hierophant:FaithHealing","Flash of Steel","hierophant:FieryStrike","hierophant:Shelter","hierophant:Kindle","hierophant:Flagellation","hierophant:MirrorShield","hierophant:Upheaval"],"relics":["Ectoplasm","Kunai","Toxic Egg 2"],"acts_visited":["Exordium"],"potions_floor_usage":[],"damage_taken":[{"damage":1.0,"enemies":"Cultist","floor":1.0,"turns":4.0},{"damage":1.0,"enemies":"Jaw Worm","floor":3.0,"turns":3.0},{"damage":0.0,"enemies":"2 Louse","floor":4.0,"turns":1.0},{"damage":50.0,"enemies":"Gremlin Nob","floor":6.0,"turns":5.0},{"damage":7.0,"enemies":"Blue Slaver","floor":7.0,"turns":4.0},{"damage":0.0,"enemies":"3 Louse","floor":11.0,"turns":2.0},{"damage":39,"enemies":"Lagavulin","floor":12,"turns":6}],"seed_played":"-4349192734981442184","potions_obtained":[{"floor":1.0,"key":"EssenceOfSteel"},{"floor":7.0,"key":"ColorlessPotion"}],"is_trial":false,"path_per_floor":["M","?","M","M","?","E","M","?","T","R","M","E"],"character_chosen":"HIEROPHANT","items_purchased":[],"campfire_rested":1,"item_purchase_floors":[],"current_hp_per_floor":[74,74,73,73,73,23,16,16,16,38,38,0,0],"gold":60,"neow_bonus":"BOSS_RELIC","is_daily":false,"chose_seed":false,"campfire_upgraded":0,"win_rate":0.0,"timestamp":1614329292,"path_taken":["M","?","?","M","?","E","M","?","T","R","M","E"],"items_purchased_type":[],"build_version":"2020-12-22","purchased_purges":0,"victory":false,"max_hp_per_floor":[75,75,75,75,75,75,75,75,75,75,75,75,75],"card_choices":[{"not_picked":["hierophant:AuricShield","hierophant:OrnateBuckler"],"picked":"hierophant:FaithHealing","floor":1.0},{"not_picked":["hierophant:RustyCrate","hierophant:OrnateBuckler"],"picked":"hierophant:Shelter","floor":3.0},{"not_picked":["hierophant:OrnateJavelin","hierophant:RepressedViolence"],"picked":"hierophant:Kindle","floor":4.0},{"not_picked":["hierophant:WrathOfGod","hierophant:Charity"],"picked":"hierophant:Flagellation","floor":6.0},{"not_picked":["hierophant:Sermon","hierophant:Empathy"],"picked":"hierophant:MirrorShield","floor":7.0},{"not_picked":["hierophant:Prophecy+1","hierophant:HammerAndAnvil+1"],"picked":"hierophant:Upheaval","floor":11.0}],"player_experience":308360,"relics_obtained":[{"floor":6.0,"key":"Kunai"},{"floor":9.0,"key":"Toxic Egg 2"}],"event_choices":[{"damage_healed":0.0,"max_hp_gain":0.0,"max_hp_loss":0.0,"gold_gain":0.0,"event_name":"Match and Keep!","player_choice":"2 cards matched","floor":2.0,"gold_loss":0.0,"damage_taken":0.0,"cards_obtained":["Flash of Steel","hierophant:FieryStrike"]},{"cards_removed":["hierophant:Strike_Hierophant"],"damage_healed":0.0,"max_hp_gain":0.0,"max_hp_loss":0.0,"gold_gain":0.0,"event_name":"Living Wall","player_choice":"Forget","floor":5.0,"gold_loss":0.0,"damage_taken":0.0},{"damage_healed":0.0,"max_hp_gain":0.0,"max_hp_loss":0.0,"gold_gain":0.0,"event_name":"World of Goop","player_choice":"Left Gold","floor":8.0,"gold_loss":39.0,"damage_taken":0.0}],"is_beta":false,"boss_relics":[],"items_purged_floors":[],"is_endless":false,"potions_floor_spawned":[1,7],"killed_by":"Lagavulin","ascension_level":0}}