{"host":"c2bue2hyafvtxka5","time":1614303336,"event":{"mods":["BaseMod","Hermit","Minty Spire (QoL Compilation)","Replay The Spire","StSLib","SuperFastMode","The Cursed","The Disciple","The Necromancer","The Servant 0.9.4"],"gold_per_floor":[109,36,49,49,49,82,111,148,160,172,134,157,169,1,69,167,167,185,198,213,12,32,61,61,61,135,152,77,77,17,31,31,134,134,145,165,176,58,73,105,105,134,134,161,161,32,32,32,32,32],"floor_reached":51,"language":"ENG","playtime":2078,"items_purged":["TheCursedMod:Dregs"],"score":763,"play_id":"5f6e59af-4eac-4643-bd6c-07746df70e7f","local_time":"20210225203536","is_ascension_mode":false,"campfire_choices":[{"floor":10,"key":"REST"},{"data":"Summon_Undead","floor":13,"key":"SMITH"},{"floor":29,"key":"REST"},{"data":"Summon_Undead_Army","floor":32,"key":"SMITH"},{"data":"Summon_Lich","floor":41,"key":"SMITH"},{"floor":45,"key":"REST"},{"data":"Deaths_Shadow","floor":47,"key":"SMITH"},{"data":"Summon_Lich","floor":49,"key":"SMITH"}],"circlet_count":0,"master_deck":["Strike_W","Defend_W+1","Defend_W+1","Defend_W+1","Defend_W","Negative_Energy_Arrows","Bone_Wall","Deaths_Shadow+1","Summon_Undead_Army+1","Negative_Energy_Shield","Blood_Whip","Summon_Undead+1","Spectral_Armor+1","Skeleton_Dragon","Summon_Undead_Army+1","Summon_Lich+1","Life_Drain","Negative_Energy_Burst","Negative_Energy_Shield","Death_March_Dance","Bone_Shift","Summon_Death_Knight+1","Bone_Shift","Summon_Lich+1","Summon_Death_Knight+1","Parasite","Hellfire+1","Skeleton_Dragon+1","Spectral_Armor+1"],"relics":["Vampire_Amulet","MawBank","Eternal Feather","ReplayTheSpireMod:TigerMarble","Membership Card","Honey Jar","Frozen Eye","HornCleat","Bottled Tornado","Ring of Searing","ReplayTheSpireMod:Ring of Challenge","Golden Egg","Sozu","Replay:Bottled Eggs","Regal Pillow","Du-Vu Doll","Toy Ornithopter","Onion Ring","Gremlin Horn"],"acts_visited":["Exordium","TheCity","TheBeyond"],"potions_floor_usage":[8,23,33,33,50],"damage_taken":[{"damage":1,"enemies":"Jaw Worm","floor":1,"turns":5},{"damage":0,"enemies":"2 Louse","floor":3,"turns":3},{"damage":28,"enemies":"3 Sentries","floor":6,"turns":8},{"damage":4,"enemies":"Small Slimes","floor":7,"turns":5},{"damage":12,"enemies":"Lagavulin","floor":8,"turns":10},{"damage":11,"enemies":"Blue Slaver","floor":12,"turns":3},{"damage":46,"enemies":"Slime Boss","floor":16,"turns":17},{"damage":14,"enemies":"2 Thieves","floor":18,"turns":3},{"damage":6,"enemies":"Shell Parasite","floor":19,"turns":4},{"damage":15,"enemies":"Centurion and Healer","floor":20,"turns":6},{"damage":23,"enemies":"Sentry and Sphere","floor":22,"turns":5},{"damage":30,"enemies":"Slavers","floor":23,"turns":5},{"damage":23,"enemies":"Snecko","floor":27,"turns":5},{"damage":8,"enemies":"Snake Plant","floor":31,"turns":3},{"damage":25,"enemies":"Collector","floor":33,"turns":8},{"damage":21,"enemies":"Orb Walker","floor":35,"turns":4},{"damage":1,"enemies":"3 Darklings","floor":36,"turns":4},{"damage":21,"enemies":"4 Shapes","floor":37,"turns":4},{"damage":20,"enemies":"Writhing Mass","floor":39,"turns":5},{"damage":9,"enemies":"Reptomancer","floor":40,"turns":6},{"damage":30,"enemies":"R_Hoarder","floor":42,"turns":6},{"damage":17,"enemies":"Giant Head","floor":44,"turns":7},{"damage":36,"enemies":"Time Eater","floor":50,"turns":10}],"seed_played":"7096882873465659370","potions_obtained":[{"floor":1,"key":"ColorlessPotion"},{"floor":7,"key":"SpeedPotion"},{"floor":8,"key":"Flashbang"},{"floor":27,"key":"ColorlessPotion"},{"floor":33,"key":"SkillPotion"}],"is_trial":false,"path_per_floor":["M","$","M","?","?","E","M","E","T","R","?","M","R","$","R","B",null,"M","M","M","$","M","E","?","?","T","M","?","R","?","M","R","B",null,"M","M","M","$","M","E","R","E","T","E","R","$","R","?","R","B",null],"character_chosen":"NECROMANCER","items_purchased":["Summon_Undead_Army","Membership Card","Explosive Potion","Frozen Eye","HornCleat","Summon_Death_Knight","Onion Ring"],"campfire_rested":3,"item_purchase_floors":[2,14,14,21,21,38,46],"current_hp_per_floor":[75,75,75,75,60,38,38,28,28,56,56,53,59,59,65,27,75,65,61,50,50,41,27,27,27,27,15,15,49,49,49,61,48,75,56,63,50,50,44,47,62,49,49,34,75,75,75,75,75,46],"gold":32,"neow_bonus":"RANDOM_EVENT","is_daily":false,"chose_seed":false,"campfire_upgraded":5,"win_rate":0.0,"timestamp":1614303336,"path_taken":["M","$","M","?","?","E","M","E","T","R","?","M","R","$","R","BOSS","M","M","M","$","M","E","?","?","T","?","?","R","?","M","R","BOSS","M","M","M","$","M","E","R","E","T","E","R","$","R","?","R","BOSS"],"items_purchased_type":["Card","Relic","Potion","Relic","Relic","Card","Relic"],"build_version":"2020-12-22","purchased_purges":1,"victory":true,"max_hp_per_floor":[75,75,75,75,75,75,75,75,75,75,75,75,75,75,75,75,75,75,75,75,75,75,75,75,75,75,75,75,75,75,75,75,75,75,75,75,75,75,75,75,75,75,75,75,75,75,75,75,75,75],"card_choices":[{"not_picked":["Plague_Bolt","Blood_Curse"],"picked":"Deaths_Shadow","floor":1},{"not_picked":["Vampiric_Strike","Negative_Energy_Javelin"],"picked":"Negative_Energy_Shield","floor":3},{"not_picked":["Bones_to_Steel","Finger_Of_Death","Chill_Blood"],"picked":"SKIP","floor":6},{"not_picked":["Siphon_Strength","Bones_to_Steel","Negative_Energy_Javelin"],"picked":"SKIP","floor":7},{"not_picked":["Skeleton_Dragon","Life_Drain"],"picked":"Summon_Undead","floor":8},{"not_picked":["Negative_Energy_Javelin","Death_Coil"],"picked":"Spectral_Armor","floor":12},{"not_picked":["Detonate_Bones","Blood_Magic"],"picked":"Skeleton_Dragon","floor":16},{"not_picked":["Finger_Of_Death","Necromantic_Selection+1","Scare+1"],"picked":"Summon_Undead_Army+1","floor":18},{"not_picked":["Negative_Energy_Shield","Stop_Heart","Negative_Energy_Javelin"],"picked":"Summon_Lich","floor":19},{"not_picked":["Toxic_Smoke_Screen","Thousand_Bone_Knives","Stop_Heart"],"picked":"Life_Drain","floor":20},{"not_picked":["Finger_Of_Death","Bone_Spikes+1","Negative_Energy_Sphere"],"picked":"Negative_Energy_Burst","floor":22},{"not_picked":["Blood_Is_Power","Bone_Shift","Shackles_Of_Pain"],"picked":"Negative_Energy_Shield","floor":23},{"not_picked":["Slay_Living","Scare","Bone_Spikes+1"],"picked":"Death_March_Dance","floor":27},{"not_picked":["Chill_Blood+1","Negative_Energy_Mist+1","Shackles_Of_Pain"],"picked":"Bone_Shift","floor":31},{"not_picked":["Hellfire","Blood_Wake","Cloudkill"],"picked":"Summon_Death_Knight","floor":33},{"not_picked":["Necromantic_Selection+1","Exploit","Epidemic"],"picked":"Bone_Shift","floor":35},{"not_picked":["Death_Coil","Consume_Illness+1","Bone_Spikes+1","Negative_Energy_Javelin"],"picked":"SKIP","floor":36},{"not_picked":["Necrotic_Claws+1","Toxic_Smoke_Screen","Scare"],"picked":"Summon_Lich","floor":37},{"not_picked":["Blood_for_Blood+1","Acid_Javelin+1","Blood_Curse+1","Necromantic_Selection+1"],"picked":"SKIP","floor":39},{"not_picked":["Life_Drain","Finger_Of_Death","Exploit"],"picked":"Hellfire","floor":40},{"not_picked":["Strike_from_Beyond+1","Bones_to_Steel+1","Blood_Wake"],"picked":"Skeleton_Dragon","floor":42},{"not_picked":["Blood_Whip+1","Bone_Prison+1","Death_Coil+1"],"picked":"Spectral_Armor","floor":44}],"player_experience":119105,"relics_obtained":[{"floor":6,"key":"MawBank"},{"floor":8,"key":"Eternal Feather"},{"floor":9,"key":"ReplayTheSpireMod:TigerMarble"},{"floor":23,"key":"Bottled Tornado"},{"floor":24,"key":"Ring of Searing"},{"floor":24,"key":"ReplayTheSpireMod:Ring of Challenge"},{"floor":26,"key":"Golden Egg"},{"floor":40,"key":"Replay:Bottled Eggs"},{"floor":42,"key":"Regal Pillow"},{"floor":43,"key":"Du-Vu Doll"},{"floor":44,"key":"Toy Ornithopter"}],"event_choices":[{"damage_healed":0,"gold_gain":0,"cards_transformed":["Strike_W"],"player_choice":"Change","damage_taken":0,"max_hp_gain":0,"max_hp_loss":0,"event_name":"Living Wall","floor":4,"gold_loss":0,"cards_obtained":["Blood_Whip"]},{"damage_healed":0,"gold_gain":0,"player_choice":"Entered Light","damage_taken":15,"max_hp_gain":0,"max_hp_loss":0,"event_name":"Shining Light","floor":5,"gold_loss":0,"cards_upgraded":["Defend_W","Defend_W"]},{"cards_removed":["Strike_W"],"damage_healed":0,"gold_gain":0,"player_choice":"Card Removal","damage_taken":0,"max_hp_gain":0,"max_hp_loss":0,"event_name":"The Cleric","floor":11,"gold_loss":50},{"damage_healed":0,"gold_gain":0,"cards_transformed":["Languid"],"player_choice":"Transformed","damage_taken":0,"max_hp_gain":0,"max_hp_loss":0,"event_name":"Transmorgrifier","floor":25,"gold_loss":0,"cards_obtained":["TheCursedMod:Dregs"]},{"cards_removed":["Strike_W"],"damage_healed":0,"gold_gain":0,"player_choice":"Gave Gold","damage_taken":0,"max_hp_gain":0,"max_hp_loss":0,"event_name":"Beggar","floor":28,"gold_loss":75},{"damage_healed":0,"gold_gain":0,"player_choice":"Gave Potion","damage_taken":0,"relics_obtained":["Gremlin Horn"],"max_hp_gain":0,"max_hp_loss":0,"event_name":"WeMeetAgain","floor":48,"gold_loss":0}],"is_beta":false,"boss_relics":[{"not_picked":["Replay:Drink Me","Replay:Grab Bag"],"picked":"Honey Jar"},{"not_picked":["Philosopher\u0027s Stone","Astrolabe"],"picked":"Sozu"}],"items_purged_floors":[38],"is_endless":false,"potions_floor_spawned":[1,7,8,27,33,35,37],"ascension_level":0}}