{"host":"z37g2hkgkh2zjyzk","time":1614360495,"event":{"mods":["2.2 Compatiblity","AchievementEnabler","BaseMod","Bestiary","Colored Map","Colored Powertips","Curses Come First","Highlight Path","Keyboard Shortcuts","Minty Spire (QoL Compilation)","Relic Stats","StSLib","SuperFastMode"],"gold_per_floor":[114,34,44,64,84,84,109,109,109,137,137,150,184,223,235,351,363,391,414,526,549,573,585,585],"floor_reached":23,"language":"ENG","playtime":1919,"items_purged":[],"score":320,"play_id":"72208c70-f29b-43fb-ad31-c820a8daddad","local_time":"20210226182815","is_ascension_mode":true,"campfire_choices":[{"data":"Streamline","floor":6,"key":"SMITH"},{"floor":8,"key":"REST"},{"data":"Go for the Eyes","floor":11,"key":"SMITH"},{"floor":15,"key":"REST"}],"circlet_count":0,"master_deck":["AscendersBane","Strike_B","Strike_B","Strike_B","Strike_B","Defend_B","Defend_B","Defend_B","Defend_B","Zap+1","Dualcast","Go for the Eyes+1","Capacitor","Cold Snap","FTL","Streamline+1","Rebound","Cold Snap","Sunder","All For One","Leap+1","Leap","Cold Snap+1","Turbo"],"relics":["Cracked Core","Bag of Preparation","Letter Opener","Calipers","MawBank","DataDisk","Black Star"],"acts_visited":["Exordium","TheCity"],"potions_floor_usage":[10,12,18,21],"damage_taken":[{"damage":1,"enemies":"Cultist","floor":1,"turns":3},{"damage":0,"enemies":"Small Slimes","floor":3,"turns":3},{"damage":2,"enemies":"Jaw Worm","floor":4,"turns":3},{"damage":8,"enemies":"Looter","floor":5,"turns":3},{"damage":32,"enemies":"3 Sentries","floor":7,"turns":7},{"damage":12,"enemies":"Lagavulin","floor":10,"turns":4},{"damage":10,"enemies":"Lots of Slimes","floor":12,"turns":3},{"damage":13,"enemies":"3 Sentries","floor":13,"turns":4},{"damage":30,"enemies":"Slime Boss","floor":16,"turns":9},{"damage":16,"enemies":"2 Thieves","floor":18,"turns":3},{"damage":18,"enemies":"Shell Parasite","floor":19,"turns":5},{"damage":4,"enemies":"3 Cultists","floor":21,"turns":6},{"damage":14,"enemies":"Shelled Parasite and Fungi","floor":22,"turns":12},{"damage":5,"enemies":"Gremlin Leader","floor":23,"turns":5}],"seed_played":"2433707767099162978","potions_obtained":[{"floor":1,"key":"FocusPotion"},{"floor":10,"key":"Strength Potion"},{"floor":16,"key":"Fire Potion"},{"floor":19,"key":"SneckoOil"}],"is_trial":false,"path_per_floor":["M","$","M","M","M","R","E","R","T","E","R","M","E","T","R","B",null,"M","M","?","M","M","E"],"character_chosen":"DEFECT","items_purchased":["Capacitor"],"campfire_rested":2,"item_purchase_floors":[2],"current_hp_per_floor":[67,67,67,65,57,57,25,47,47,35,35,25,12,12,34,4,57,41,23,23,19,5,0,0],"gold":585,"neow_bonus":"UPGRADE_CARD","is_daily":false,"chose_seed":false,"campfire_upgraded":2,"win_rate":0.0,"timestamp":1614360495,"path_taken":["M","$","?","M","M","R","E","R","T","E","R","M","E","?","R","BOSS","M","M","?","M","M","E"],"items_purchased_type":["Card"],"build_version":"2020-12-22","purchased_purges":0,"victory":false,"max_hp_per_floor":[75,75,75,75,75,75,75,75,75,75,75,75,75,75,75,75,75,75,75,75,75,75,75,75],"relic_stats":{"counters":[14,70],"Bag of Preparation":[18],"Black Star":0,"Letter Opener":[43],"MawBank":120,"obtain_stats":[{"DataDisk":14,"Calipers":10,"Bag of Preparation":7,"Black Star":17,"Letter Opener":9,"Cracked Core":0,"MawBank":13},{"DataDisk":8,"Calipers":6,"Bag of Preparation":5,"Black Star":9,"Letter Opener":5,"Cracked Core":0,"MawBank":8},{"DataDisk":30,"Calipers":23,"Bag of Preparation":19,"Black Star":39,"Letter Opener":19,"Cracked Core":0,"MawBank":30}]},"card_choices":[{"not_picked":["Darkness","Skim"],"picked":"Go for the Eyes","floor":1},{"not_picked":["Redo","Beam Cell"],"picked":"Cold Snap","floor":3},{"not_picked":["BootSequence","Self Repair"],"picked":"FTL","floor":4},{"not_picked":["Heatsinks","Coolheaded"],"picked":"Streamline","floor":5},{"not_picked":["Go for the Eyes","Steam Power"],"picked":"Rebound","floor":7},{"not_picked":["Steam","Amplify"],"picked":"Cold Snap","floor":10},{"not_picked":["Leap","Ball Lightning"],"picked":"Sunder","floor":12},{"not_picked":["Reprogram","Stack","Force Field"],"picked":"SKIP","floor":13},{"not_picked":["Electrodynamics","Fission"],"picked":"All For One","floor":16},{"not_picked":["Steam","Lockon+1"],"picked":"Leap+1","floor":18},{"not_picked":["Beam Cell","Coolheaded"],"picked":"Leap","floor":19},{"not_picked":["Beam Cell","Steam"],"picked":"Cold Snap+1","floor":21},{"not_picked":["FTL","Stack"],"picked":"Turbo","floor":22}],"player_experience":307517,"relics_obtained":[{"floor":7,"key":"Bag of Preparation"},{"floor":9,"key":"Letter Opener"},{"floor":10,"key":"Calipers"},{"floor":13,"key":"MawBank"},{"floor":14,"key":"DataDisk"}],"event_choices":[{"damage_healed":0,"gold_gain":100,"player_choice":"Pray","damage_taken":0,"max_hp_gain":0,"max_hp_loss":0,"event_name":"Golden Shrine","floor":20,"gold_loss":0}],"is_beta":false,"boss_relics":[{"not_picked":["Calling Bell","Coffee Dripper"],"picked":"Black Star"}],"items_purged_floors":[],"is_endless":false,"potions_floor_spawned":[1,10,16,19],"killed_by":"Gremlin Leader","ascension_level":10}}