{"host":"qrbkigq52dd42dk0","time":1614375826,"event":{"mods":["AchievementEnabler","BaseMod","Colored Map","Colored Powertips","Minty Spire (QoL Compilation)","Morshu Shopkeeper - ENHANCED","Quick Restart","StSLib","SuperFastMode","The IronCluck","everything is the same but u backflip on backflip"],"gold_per_floor":[113,113,127,142,142,180,201,37,37,37,37,2,2,35,35,35,35],"floor_reached":16,"language":"ENG","playtime":320,"items_purged":["Strike_G"],"score":135,"play_id":"81c8fba3-bcf0-4236-a09e-35e14ad53c8c","local_time":"20210226224346","is_ascension_mode":true,"campfire_choices":[{"data":"Cloak And Dagger","floor":13.0,"key":"SMITH"},{"floor":15.0,"key":"REST"}],"circlet_count":0,"master_deck":["Strike_G","Strike_G","Strike_G","Strike_G","Defend_G","Defend_G","Defend_G","Defend_G","Defend_G","Survivor","Neutralize","Flechettes","Pain","Crippling Poison","Backflip","Backstab","Accuracy","Cloak And Dagger+1","Cloak And Dagger"],"relics":["Ring of the Snake","NeowsBlessing","WarpedTongs","Golden Idol","Juzu Bracelet","Bronze Scales","Question Card","Ninja Scroll"],"acts_visited":["Exordium"],"potions_floor_usage":[],"damage_taken":[{"damage":0.0,"enemies":"Jaw Worm","floor":1.0,"turns":1.0},{"damage":1.0,"enemies":"Cultist","floor":3.0,"turns":1.0},{"damage":0.0,"enemies":"Small Slimes","floor":4.0,"turns":1.0},{"damage":31.0,"enemies":"Gremlin Nob","floor":6.0,"turns":5.0},{"damage":2.0,"enemies":"Exordium Wildlife","floor":7.0,"turns":3.0},{"damage":25.0,"enemies":"3 Sentries","floor":14.0,"turns":8.0},{"damage":28,"enemies":"Slime Boss","floor":16,"turns":8}],"seed_played":"-4171250367527556977","potions_obtained":[{"floor":4.0,"key":"LiquidMemories"},{"floor":14.0,"key":"Weak Potion"}],"is_trial":false,"path_per_floor":["M","?","M","M","?","E","M","$","T","T","$","?","R","E","R","B"],"character_chosen":"THE_SILENT","items_purchased":["Accuracy","Cloak And Dagger"],"campfire_rested":1,"item_purchase_floors":[8,8],"current_hp_per_floor":[70,70,69,69,52,21,19,19,19,19,19,36,36,11,32,4,4],"gold":35,"neow_bonus":"THREE_ENEMY_KILL","is_daily":false,"chose_seed":false,"campfire_upgraded":1,"win_rate":0.0,"timestamp":1614375826,"path_taken":["M","?","?","?","?","E","M","?","T","?","$","?","R","E","R","BOSS"],"items_purchased_type":["Card","Card"],"build_version":"2020-12-22","purchased_purges":1,"victory":false,"max_hp_per_floor":[70,70,70,70,70,70,70,70,70,70,70,70,70,70,70,70,70],"card_choices":[{"not_picked":["Cloak And Dagger","Terror"],"picked":"Flechettes","floor":1.0},{"not_picked":["Poisoned Stab","Finisher"],"picked":"Crippling Poison","floor":3.0},{"not_picked":["Bouncing Flask","Acrobatics"],"picked":"Backflip","floor":4.0},{"not_picked":["Blade Dance","Unload","Bane"],"picked":"SKIP","floor":6.0},{"not_picked":["Reflex","Distraction"],"picked":"Backstab","floor":7.0},{"not_picked":["Poisoned Stab","Phantasmal Killer","Dagger Throw"],"picked":"Cloak And Dagger","floor":14.0}],"player_experience":262590,"relics_obtained":[{"floor":6.0,"key":"Juzu Bracelet"},{"floor":9.0,"key":"Bronze Scales"},{"floor":10.0,"key":"Question Card"},{"floor":14.0,"key":"Ninja Scroll"}],"event_choices":[{"damage_healed":0.0,"max_hp_gain":0.0,"max_hp_loss":0.0,"gold_gain":0.0,"event_name":"Accursed Blacksmith","player_choice":"Rummage","floor":2.0,"gold_loss":0.0,"damage_taken":0.0,"relics_obtained":["WarpedTongs"],"cards_obtained":["Pain"]},{"damage_healed":0.0,"max_hp_gain":0.0,"max_hp_loss":0.0,"gold_gain":0.0,"event_name":"Golden Idol","player_choice":"Take Damage","floor":5.0,"gold_loss":0.0,"damage_taken":17.0,"relics_obtained":["Golden Idol"]},{"damage_healed":17.0,"max_hp_gain":0.0,"max_hp_loss":0.0,"gold_gain":0.0,"event_name":"The Cleric","player_choice":"Healed","floor":12.0,"gold_loss":35.0,"damage_taken":0.0}],"is_beta":false,"boss_relics":[],"items_purged_floors":[8],"is_endless":false,"potions_floor_spawned":[4,14],"killed_by":"Slime Boss","ascension_level":5}}