{"host":"5jzx1090woovszu4","time":1614303708,"event":{"mods":["BaseMod","Minty Spire (QoL Compilation)","Robot Space Explorer","Shapeshifter Mod","Spicy Shops","StSLib"],"gold_per_floor":[116,116,132,207,207,241,258,258,258,277,288,288,134,165,165,260,260,273,373,392,36,55,89,89,120,146,180,192,222,234,266,278,386,398,427,455,467,479,11,46,46,73,99,99,153,153,18,18,18,18],"floor_reached":51,"language":"ENG","playtime":3328,"items_purged":["StSShapeShifter:ShapeShifter_Defend","StSShapeShifter:ShapeShifter_Strike"],"score":1040,"play_id":"d5009236-8242-4ffa-9f96-94311e2da969","local_time":"20210226024148","is_ascension_mode":true,"campfire_choices":[{"data":"StSShapeShifter:UnicornForm","floor":8,"key":"SMITH"},{"floor":15,"key":"REST"},{"data":"StSShapeShifter:Blossom2","floor":24,"key":"SMITH"},{"floor":30,"key":"REST"},{"floor":32,"key":"REST"},{"data":"StSShapeShifter:Blossom2","floor":41,"key":"SMITH"},{"floor":44,"key":"REST"},{"floor":49,"key":"REST"}],"circlet_count":0,"master_deck":["StSShapeShifter:ShapeShifter_Strike+1","StSShapeShifter:ShapeShifter_Strike+1","StSShapeShifter:ShapeShifter_Strike+1","StSShapeShifter:ShapeShifter_Defend+1","StSShapeShifter:ShapeShifter_Defend+1","StSShapeShifter:ShapeShifter_Defend+1","StSShapeShifter:Tortoise_Form+1","StSShapeShifter:Lynx_Form+1","StSShapeShifter:UnicornForm+1","StSShapeShifter:PoisonIvy+1","StSShapeShifter:Mystical_Branch+1","StSShapeShifter:Consume+1","StSShapeShifter:ShiftingStrike+1","StSShapeShifter:FallingLeaves+1","StSShapeShifter:Blossom2+1","StSShapeShifter:BarkSkin+1","StSShapeShifter:BarkSkin+1","StSShapeShifter:Forgiveness+1","StSShapeShifter:WolfsBane+1","StSShapeShifter:BarkSkin+1","StSShapeShifter:Synchronicity+1","StSShapeShifter:Mystical_Branch+1","StSShapeShifter:Maul+1","StSShapeShifter:Spring+1","StSShapeShifter:Efflorescence+1","StSShapeShifter:FlowerShield+1","StSShapeShifter:Blossom2+1","StSShapeShifter:BaskInBloom+1","Secret Technique+1","StSShapeShifter:TopazSkin+1","StSShapeShifter:Blossom2+1"],"relics":["StSShapeShifter:AnimalHeart","StSShapeShifter:TheShapeShiftersMagnolia","NeowsBlessing","Unceasing Top","StSShapeShifter:FrogOfVitality","Orrery","Centennial Puzzle","Black Star","Membership Card","War Paint","Akabeko","Gremlin Horn","StSShapeShifter:EmeraldPantherFigurine","Shuriken","Toy Ornithopter","Ancient Tea Set","MawBank","Meat on the Bone","StSShapeShifter:LemurHeaddress","Bag of Preparation","Bronze Scales","Cauldron","Frozen Eye","Sundial","StSShapeShifter:BeastkeepersGift","Happy Flower","Juzu Bracelet","Potion Belt","Bag of Marbles","StSShapeShifter:MysticalFossil","Mark of the Bloom","Anchor"],"acts_visited":["Exordium","TheCity","TheBeyond"],"potions_floor_usage":[14,14,16,23,23,27,33,37,37,40,40,40,45,45,50,50],"damage_taken":[{"damage":0,"enemies":"2 Louse","floor":1,"turns":1},{"damage":0,"enemies":"Small Slimes","floor":3,"turns":1},{"damage":0,"enemies":"Gremlin Nob","floor":6,"turns":1},{"damage":0,"enemies":"Cultist","floor":7,"turns":2},{"damage":23,"enemies":"Large Slime","floor":10,"turns":7},{"damage":5,"enemies":"Blue Slaver","floor":11,"turns":4},{"damage":1,"enemies":"3 Sentries","floor":14,"turns":8},{"damage":23,"enemies":"Slime Boss","floor":16,"turns":10},{"damage":2,"enemies":"Chosen","floor":18,"turns":6},{"damage":6,"enemies":"3 Byrds","floor":20,"turns":4},{"damage":13,"enemies":"Snake Plant","floor":22,"turns":5},{"damage":60,"enemies":"Slavers","floor":23,"turns":6},{"damage":19,"enemies":"Book of Stabbing","floor":25,"turns":6},{"damage":61,"enemies":"Slavers","floor":27,"turns":6},{"damage":14,"enemies":"Snecko","floor":29,"turns":4},{"damage":6,"enemies":"Shelled Parasite and Fungi","floor":31,"turns":4},{"damage":0,"enemies":"Automaton","floor":33,"turns":7},{"damage":10,"enemies":"Orb Walker","floor":35,"turns":4},{"damage":28,"enemies":"3 Shapes","floor":36,"turns":5},{"damage":10,"enemies":"Writhing Mass","floor":37,"turns":4},{"damage":15,"enemies":"Nemesis","floor":40,"turns":5},{"damage":45,"enemies":"Giant Head","floor":42,"turns":7},{"damage":13,"enemies":"2 Orb Walkers","floor":45,"turns":3},{"damage":0,"enemies":"Awakened One","floor":50,"turns":8}],"seed_played":"3150144076172618265","potions_obtained":[{"floor":3,"key":"LiquidMemories"},{"floor":6,"key":"StSShapeShifter:PolyBeastPotion"},{"floor":11,"key":"Dexterity Potion"},{"floor":16,"key":"PowerPotion"},{"floor":20,"key":"SkillPotion"},{"floor":25,"key":"Fruit Juice"},{"floor":29,"key":"SmokeBomb"},{"floor":31,"key":"PowerPotion"},{"floor":36,"key":"Fire Potion"},{"floor":39,"key":"EntropicBrew"},{"floor":39,"key":"DistilledChaos"},{"floor":39,"key":"Fire Potion"},{"floor":45,"key":"BlessingOfTheForge"}],"is_trial":false,"path_per_floor":["M","?","M","?","?","E","M","R","T","M","M","?","$","E","R","B",null,"M","?","M","$","M","E","R","E","T","E","?","M","R","M","R","B",null,"M","M","M","?","$","E","R","E","T","R","?","?","$","?","R","B",null],"character_chosen":"SHAPESHIFTER","items_purchased":["Orrery","Membership Card","War Paint","StSShapeShifter:Synchronicity","StSShapeShifter:Mystical_Branch","Akabeko","Bag of Preparation","Bronze Scales","Cauldron","Frozen Eye","Sundial","Anchor","PowerPotion","LiquidMemories"],"campfire_rested":5,"item_purchase_floors":[13,21,21,21,21,21,39,39,39,39,39,47,47,47],"current_hp_per_floor":[78,78,78,67,67,67,67,67,67,46,42,26,26,25,49,29,84,82,82,81,81,80,56,56,52,52,21,21,19,45,48,74,85,89,79,71,71,66,66,72,72,55,55,81,78,78,78,78,78,78],"gold":18,"neow_bonus":"THREE_ENEMY_KILL","is_daily":false,"chose_seed":false,"campfire_upgraded":3,"win_rate":0.0,"timestamp":1614303708,"path_taken":["M","?","M","?","?","E","M","R","T","M","?","?","$","E","R","BOSS","M","?","?","?","?","E","R","E","T","E","?","M","R","M","R","BOSS","M","?","M","?","$","E","R","E","T","R","?","?","?","?","R","BOSS"],"items_purchased_type":["Relic","Relic","Relic","Card","Card","Relic","Relic","Relic","Relic","Relic","Relic","Relic","Potion","Potion"],"build_version":"2020-12-22","purchased_purges":2,"victory":true,"max_hp_per_floor":[78,78,78,78,78,78,78,78,78,80,81,81,81,81,81,84,84,84,84,84,84,84,84,84,84,84,89,89,89,89,89,89,89,89,89,89,89,89,89,89,89,89,89,89,89,89,89,89,89,90],"card_choices":[{"not_picked":["StSShapeShifter:MonkeyForm","StSShapeShifter:VineHandcuffs","StSShapeShifter:Sapling"],"picked":"SKIP","floor":1},{"not_picked":["StSShapeShifter:ThornToss","StSShapeShifter:Flourish"],"picked":"StSShapeShifter:PoisonIvy","floor":3},{"not_picked":["StSShapeShifter:Wildfire2","StSShapeShifter:Ensconce"],"picked":"StSShapeShifter:Consume","floor":6},{"not_picked":["StSShapeShifter:DeerForm","StSShapeShifter:ThrashAbout"],"picked":"StSShapeShifter:ShiftingStrike","floor":7},{"not_picked":["StSShapeShifter:PantherForm","StSShapeShifter:Hunt"],"picked":"StSShapeShifter:FallingLeaves","floor":10},{"not_picked":["StSShapeShifter:Rest","StSShapeShifter:Guard"],"picked":"StSShapeShifter:Blossom2","floor":11},{"not_picked":["StSShapeShifter:DeerForm","StSShapeShifter:ThornToss"],"picked":"StSShapeShifter:BarkSkin","floor":13},{"not_picked":["StSShapeShifter:CursedApple","StSShapeShifter:HippoForm"],"picked":"StSShapeShifter:BarkSkin","floor":13},{"not_picked":["StSShapeShifter:SkullBash","StSShapeShifter:AdaptiveStrikes"],"picked":"StSShapeShifter:Forgiveness","floor":14},{"not_picked":["StSShapeShifter:Summon_Mountains","StSShapeShifter:RitualOfTheExtinct"],"picked":"StSShapeShifter:WolfsBane","floor":16},{"not_picked":["StSShapeShifter:ThrashAbout","StSShapeShifter:OpportuneSwoop","StSShapeShifter:ForestFire"],"picked":"SKIP","floor":18},{"not_picked":["StSShapeShifter:BurstingSpore+1","StSShapeShifter:MagicMushrooms"],"picked":"StSShapeShifter:BarkSkin+1","floor":20},{"not_picked":["StSShapeShifter:WolfForm","StSShapeShifter:Ensconce"],"picked":"StSShapeShifter:Maul","floor":22},{"not_picked":["StSShapeShifter:WaspSwarmForm","StSShapeShifter:RitualOfTheExtinct"],"picked":"StSShapeShifter:Spring","floor":23},{"not_picked":["StSShapeShifter:SquirrelForm","StSShapeShifter:FlowerShield+1"],"picked":"StSShapeShifter:Efflorescence+1","floor":25},{"not_picked":["StSShapeShifter:ThornToss","StSShapeShifter:IntimidatingAura+1","StSShapeShifter:SquirrelForm"],"picked":"SKIP","floor":27},{"not_picked":["StSShapeShifter:Roar","StSShapeShifter:WaspSwarmForm+1","StSShapeShifter:Rest"],"picked":"SKIP","floor":29},{"not_picked":["StSShapeShifter:Maul","StSShapeShifter:Garden+1"],"picked":"StSShapeShifter:FlowerShield","floor":31},{"not_picked":["StSShapeShifter:WolfsBane","StSShapeShifter:HydraForm"],"picked":"StSShapeShifter:Blossom2","floor":33},{"not_picked":["StSShapeShifter:Garden","StSShapeShifter:TopazSkin"],"picked":"StSShapeShifter:BaskInBloom+1","floor":35},{"not_picked":["StSShapeShifter:DiverseSpirit","StSShapeShifter:MagicMushrooms+1","StSShapeShifter:OakBlade"],"picked":"SKIP","floor":36},{"not_picked":["Enlightenment","Forethought"],"picked":"Secret Technique","floor":38},{"not_picked":["StSShapeShifter:VineHandcuffs+1","StSShapeShifter:SquirrelForm","StSShapeShifter:WiltingWrath+1"],"picked":"SKIP","floor":40},{"not_picked":["StSShapeShifter:DeerForm+1","StSShapeShifter:FoxForm"],"picked":"StSShapeShifter:TopazSkin+1","floor":42},{"not_picked":["StSShapeShifter:ReplenishingNectar+1","StSShapeShifter:Maul+1"],"picked":"StSShapeShifter:Blossom2","floor":45}],"player_experience":657775,"relics_obtained":[{"floor":6,"key":"Unceasing Top"},{"floor":9,"key":"StSShapeShifter:FrogOfVitality"},{"floor":14,"key":"Centennial Puzzle"},{"floor":23,"key":"Gremlin Horn"},{"floor":23,"key":"StSShapeShifter:EmeraldPantherFigurine"},{"floor":25,"key":"Shuriken"},{"floor":25,"key":"Toy Ornithopter"},{"floor":26,"key":"Ancient Tea Set"},{"floor":27,"key":"MawBank"},{"floor":27,"key":"Meat on the Bone"},{"floor":40,"key":"StSShapeShifter:BeastkeepersGift"},{"floor":40,"key":"Happy Flower"},{"floor":42,"key":"Juzu Bracelet"},{"floor":42,"key":"Potion Belt"},{"floor":43,"key":"Bag of Marbles"},{"floor":45,"key":"StSShapeShifter:MysticalFossil"}],"event_choices":[{"damage_healed":0,"gold_gain":75,"player_choice":"Gather Gold","damage_taken":11,"max_hp_gain":0,"max_hp_loss":0,"event_name":"World of Goop","floor":4,"gold_loss":0},{"damage_healed":0,"gold_gain":0,"cards_transformed":["StSShapeShifter:ShapeShifter_Defend"],"player_choice":"Transformed","damage_taken":0,"max_hp_gain":0,"max_hp_loss":0,"event_name":"Transmorgrifier","floor":5,"gold_loss":0,"cards_obtained":["StSShapeShifter:Mystical_Branch"]},{"damage_healed":0,"gold_gain":0,"player_choice":"Entered Light","damage_taken":16,"max_hp_gain":0,"max_hp_loss":0,"event_name":"Shining Light","floor":12,"gold_loss":0,"cards_upgraded":["StSShapeShifter:ShapeShifter_Defend","StSShapeShifter:ShapeShifter_Defend"]},{"damage_healed":0,"gold_gain":100,"player_choice":"Pray","damage_taken":0,"max_hp_gain":0,"max_hp_loss":0,"event_name":"Golden Shrine","floor":19,"gold_loss":0},{"damage_healed":0,"gold_gain":0,"player_choice":"Upgraded","damage_taken":0,"max_hp_gain":0,"max_hp_loss":0,"event_name":"Upgrade Shrine","floor":28,"gold_loss":0,"cards_upgraded":["StSShapeShifter:WolfsBane"]},{"damage_healed":0,"gold_gain":0,"player_choice":"Memory 2","damage_taken":5,"max_hp_gain":0,"max_hp_loss":0,"event_name":"SensoryStone","floor":38,"gold_loss":0},{"damage_healed":0,"gold_gain":0,"player_choice":"Fight","damage_taken":0,"max_hp_gain":0,"max_hp_loss":0,"event_name":"Mysterious Sphere","floor":45,"gold_loss":0},{"damage_healed":0,"gold_gain":0,"player_choice":"Upgrade","damage_taken":0,"relics_obtained":["Mark of the Bloom"],"max_hp_gain":0,"max_hp_loss":0,"event_name":"MindBloom","floor":46,"gold_loss":0,"cards_upgraded":["StSShapeShifter:ShapeShifter_Strike","StSShapeShifter:ShapeShifter_Strike","StSShapeShifter:ShapeShifter_Strike","StSShapeShifter:ShapeShifter_Strike","StSShapeShifter:ShapeShifter_Defend","StSShapeShifter:Mystical_Branch","StSShapeShifter:Consume","StSShapeShifter:ShiftingStrike","StSShapeShifter:FallingLeaves","StSShapeShifter:BarkSkin","StSShapeShifter:BarkSkin","StSShapeShifter:Synchronicity","StSShapeShifter:Mystical_Branch","StSShapeShifter:Maul","StSShapeShifter:Spring","StSShapeShifter:FlowerShield","Secret Technique","StSShapeShifter:Blossom2"]},{"cards_removed":["StSShapeShifter:ShapeShifter_Strike"],"damage_healed":0,"gold_gain":0,"player_choice":"Removed Attack","damage_taken":0,"max_hp_gain":0,"max_hp_loss":0,"event_name":"Falling","floor":48,"gold_loss":0}],"is_beta":false,"boss_relics":[{"not_picked":["Tiny House","Snecko Eye"],"picked":"Black Star"},{"not_picked":["Runic Pyramid","Pandora\u0027s Box"],"picked":"StSShapeShifter:LemurHeaddress"}],"items_purged_floors":[21,39],"is_endless":false,"potions_floor_spawned":[3,6,11,16,20,25,29,31,36,37,45],"ascension_level":1}}