{"host":"m2qkn877fkm57m2k","time":1614356490,"event":{"mods":["AchievementEnabler","Bartender","BaseMod","Colored Map","Koishi","Magitek Elite","Minty Spire (QoL Compilation)","Permanent Neow","Relic Sorter","StSLib"],"gold_per_floor":[119,119,135,135,135,175,199,199,280,280,40,40,40,60,60,181,181,197,222,253,97,97,133,133,133,133,166,98,133,133,171,171,300,300,313,174,194,219,73,114,114,152,152,176,216,216,236,569,569,569,569,569,81,109,109],"floor_reached":56,"language":"ENG","playtime":4473,"items_purged":["Koishi:BasicStrike","Koishi:BasicDefend","Koishi:BasicDefend"],"score":2097,"play_id":"91c26fbd-4aad-4a12-aea1-d443c2fb0466","local_time":"20210226172130","is_ascension_mode":true,"campfire_choices":[{"data":"Koishi:FidgetySnatcher","floor":10.0,"key":"SMITH"},{"data":"Koishi:Whimsy","floor":12.0,"key":"SMITH"},{"data":"Koishi:FormlessExistence","floor":15.0,"key":"SMITH"},{"data":"Koishi:ApparitionsStalkTheNight","floor":24.0,"key":"SMITH"},{"data":"Koishi:Untouchable","floor":30.0,"key":"SMITH"},{"data":"Koishi:RoseHell","floor":32.0,"key":"SMITH"},{"floor":41,"key":"RECALL"},{"data":"Koishi:FidgetySnatcher","floor":46,"key":"SMITH"},{"data":"Koishi:BramblyRoseGarden","floor":49,"key":"SMITH"},{"data":"Koishi:Whimsy","floor":52,"key":"SMITH"}],"circlet_count":0,"master_deck":["Koishi:BasicDefend+1","Koishi:BasicDefend+1","Koishi:Provoke","Koishi:HauntingSlash","Apotheosis+1","Koishi:Possession","Koishi:FidgetySnatcher+1","Koishi:Whimsy+1","Koishi:FormlessExistence+1","Koishi:RoseHell+1","Koishi:DNAsFlaw","Koishi:SpiritedAway","Koishi:ApparitionsStalkTheNight+1","Ghostly","Ghostly","Ghostly","Ghostly","Ghostly","Koishi:Provoke","Koishi:Whimsy+1","Koishi:Untouchable+1","Koishi:BramblyRoseGarden+1","Koishi:MentalBreakdown","Koishi:FidgetySnatcher+1","Koishi:SpiritedAway+1","Koishi:GrowingPain","Koishi:FidgetySnatcher"],"relics":["Koishi:ImaginaryFriend","Orichalcum","InkBottle","Shuriken","Ornamental Fan","MealTicket","Mummified Hand","Sozu","Red Mask","Koishi:LettersToReimu","Bottled Lightning","War Paint","Empty Cage","Medical Kit","Potion Belt","PreservedInsect","Choco_Feather","Happy Flower","Lee\u0027s Waffle","Protect_Vest"],"acts_visited":["Exordium","TheCity","TheBeyond","TheEnding"],"potions_floor_usage":[],"damage_taken":[{"damage":6.0,"enemies":"Jaw Worm","floor":1.0,"turns":5.0},{"damage":0.0,"enemies":"Cultist","floor":3.0,"turns":4.0},{"damage":8.0,"enemies":"Lagavulin","floor":6.0,"turns":10.0},{"damage":0.0,"enemies":"2 Louse","floor":7.0,"turns":3.0},{"damage":0.0,"enemies":"2 Fungi Beasts","floor":14.0,"turns":4.0},{"damage":0.0,"enemies":"The Guardian","floor":16.0,"turns":10.0},{"damage":2.0,"enemies":"Spheric Guardian","floor":18.0,"turns":6.0},{"damage":0.0,"enemies":"3 Byrds","floor":19.0,"turns":5.0},{"damage":20.0,"enemies":"Masked Bandits","floor":20.0,"turns":4.0},{"damage":0.0,"enemies":"Book of Stabbing","floor":23.0,"turns":7.0},{"damage":5.0,"enemies":"Gremlin Leader","floor":27.0,"turns":6.0},{"damage":3.0,"enemies":"Slavers","floor":29.0,"turns":8.0},{"damage":0.0,"enemies":"Gremlin Leader","floor":31.0,"turns":5.0},{"damage":0.0,"enemies":"Champ","floor":33.0,"turns":11.0},{"damage":0.0,"enemies":"3 Shapes","floor":35.0,"turns":5.0},{"damage":0.0,"enemies":"Orb Walker","floor":37.0,"turns":6.0},{"damage":0.0,"enemies":"3 Darklings","floor":38.0,"turns":6.0},{"damage":0,"enemies":"Nemesis","floor":40,"turns":8},{"damage":0,"enemies":"Reptomancer","floor":42,"turns":7},{"damage":0,"enemies":"Spire Growth","floor":44,"turns":6},{"damage":0,"enemies":"Nemesis","floor":45,"turns":7},{"damage":0,"enemies":"Writhing Mass","floor":47,"turns":6},{"damage":0,"enemies":"Donu and Deca","floor":50,"turns":8},{"damage":0,"enemies":"Shield and Spear","floor":54,"turns":5},{"damage":0,"enemies":"The Heart","floor":55,"turns":8}],"seed_played":"-8054167063693515848","potions_obtained":[{"floor":3.0,"key":"ColorlessPotion"},{"floor":7.0,"key":"PowerPotion"},{"floor":14.0,"key":"DuplicationPotion"}],"is_trial":false,"path_per_floor":["M","?","M","?","?","E","M","?","T","R","$","R","T","M","R","B",null,"M","M","?","$","?","E","R","?","T","E","$","E","R","E","R","B",null,"M","$","M","M","$","E","R","E","T","M","E","R","M","?","R","B",null,"R","$","E","B",null],"character_chosen":"KOISHI","items_purchased":["Mummified Hand","Koishi:ApparitionsStalkTheNight","Koishi:Untouchable","Koishi:FidgetySnatcher","Medical Kit","Happy Flower","Koishi:FidgetySnatcher","Lee\u0027s Waffle"],"campfire_rested":0,"item_purchase_floors":[11,21,28,36,39,53,53,53],"current_hp_per_floor":[51,51,53,40,33,34,36,36,36,36,51,51,51,54,54,54,54,52,54,36,51,27,27,27,27,27,22,27,24,24,24,24,24,26,27,27,27,27,27,27,27,27,27,27,27,27,27,27,27,27,27,27,34,34,34],"gold":109,"neow_bonus":"RANDOM_COLORLESS_2","is_daily":false,"chose_seed":false,"campfire_upgraded":9,"win_rate":0.0,"timestamp":1614356490,"path_taken":["M","?","?","?","?","E","M","?","T","R","$","R","?","M","R","BOSS","M","M","?","$","?","E","R","?","T","E","$","E","R","E","R","BOSS","M","$","M","M","?","E","R","E","T","M","E","R","M","?","R","BOSS","R","$","E","BOSS"],"items_purchased_type":["Relic","Card","Card","Card","Relic","Relic","Card","Relic"],"build_version":"2020-12-22","purchased_purges":3,"victory":true,"max_hp_per_floor":[54,54,54,54,54,54,54,54,54,54,54,54,54,54,54,54,54,54,54,54,54,27,27,27,27,27,27,27,27,27,27,27,27,27,27,27,27,27,27,27,27,27,27,27,27,27,27,27,27,27,27,27,34,34,34],"card_choices":[{"not_picked":["Violence","Transmutation"],"picked":"Apotheosis","floor":0.0},{"not_picked":["Koishi:BloodcurdlingScream","Koishi:SpiritedAway"],"picked":"Koishi:Possession","floor":1.0},{"not_picked":["Koishi:RacingHeart","Koishi:CatchAndRose"],"picked":"Koishi:FidgetySnatcher","floor":3.0},{"not_picked":["Koishi:FleetingPhantom","Koishi:BloodcurdlingScream"],"picked":"Koishi:Whimsy","floor":6.0},{"not_picked":["Koishi:FleetingPhantom","Koishi:UnseenTerror","Koishi:Jaunt"],"picked":"SKIP","floor":7.0},{"not_picked":["Koishi:FreudianInstinct","Koishi:SubterraneanRose"],"picked":"Koishi:FormlessExistence","floor":14.0},{"not_picked":["Koishi:SuperEgo","Koishi:Ego"],"picked":"Koishi:RoseHell","floor":16.0},{"not_picked":["Koishi:HeartfeltFancy","Koishi:VengefulSpirit"],"picked":"Koishi:DNAsFlaw","floor":18.0},{"not_picked":["Koishi:SprinkleStarAndHeart+1","Koishi:EmbryosDream+1","Koishi:JumpScare"],"picked":"SKIP","floor":19.0},{"not_picked":["Koishi:FidgetySnatcher","Koishi:TremblingHands"],"picked":"Koishi:SpiritedAway","floor":20.0},{"not_picked":["Koishi:GhostParty","Koishi:UnconsciousUrges","Koishi:ParalyzingFear+1"],"picked":"SKIP","floor":23.0},{"not_picked":["Koishi:ImGoingToCallYouNow","Koishi:PhantomBarrier"],"picked":"Koishi:Whimsy","floor":27.0},{"not_picked":["Koishi:UnconsciousUprising","Koishi:UnseenTerror"],"picked":"Koishi:BramblyRoseGarden","floor":29.0},{"not_picked":["Koishi:RacingHeart","Koishi:Catatonia","Koishi:JumpScare"],"picked":"SKIP","floor":31.0},{"not_picked":["Koishi:HeartStoppingHorror","Koishi:SuperEgo"],"picked":"Koishi:MentalBreakdown","floor":33.0},{"not_picked":["Koishi:IdleWhim","Koishi:CatchAndRose","Koishi:SubconsciousSweep"],"picked":"SKIP","floor":35.0},{"not_picked":["Koishi:MassHysteria","Koishi:GhostParty","Koishi:StingingMind"],"picked":"SKIP","floor":37.0},{"not_picked":["Koishi:SubterraneanRose","Koishi:ReleaseOfTheId"],"picked":"Koishi:SpiritedAway+1","floor":38.0},{"not_picked":["Koishi:BloodcurdlingScream+1","Koishi:PredatoryInstincts","Koishi:Jaunt+1"],"picked":"SKIP","floor":40},{"not_picked":["Koishi:UnconsciousUprising","Koishi:IdleWhim","Koishi:PredatoryInstincts"],"picked":"SKIP","floor":42},{"not_picked":["Koishi:SprinkleStarAndHeart+1","Koishi:EmbersOfLove","Koishi:UnconsciousUprising+1"],"picked":"SKIP","floor":44},{"not_picked":["Koishi:JumpScare","Koishi:SprinkleStarAndHeart","Koishi:Prune"],"picked":"SKIP","floor":45},{"not_picked":["Koishi:RacingHeart","Koishi:PhantomBarrier"],"picked":"Koishi:GrowingPain","floor":47},{"not_picked":["Koishi:UnconsciousUprising+1","Koishi:TraumaticStroke+1","Koishi:DreadfulBlow+1"],"picked":"SKIP","floor":54}],"player_experience":78403,"relics_obtained":[{"floor":6.0,"key":"MealTicket"},{"floor":9.0,"key":"Shuriken"},{"floor":20.0,"key":"Red Mask"},{"floor":23.0,"key":"Orichalcum"},{"floor":26.0,"key":"Ornamental Fan"},{"floor":27.0,"key":"Koishi:LettersToReimu"},{"floor":29.0,"key":"Bottled Lightning"},{"floor":31.0,"key":"War Paint"},{"floor":40,"key":"InkBottle"},{"floor":42,"key":"Potion Belt"},{"floor":43,"key":"PreservedInsect"},{"floor":45,"key":"Choco_Feather"},{"floor":54,"key":"Protect_Vest"}],"event_choices":[{"damage_healed":0.0,"max_hp_gain":0.0,"max_hp_loss":0.0,"gold_gain":0.0,"event_name":"Upgrade Shrine","player_choice":"Upgraded","floor":2.0,"gold_loss":0.0,"damage_taken":0.0,"cards_upgraded":["Apotheosis"]},{"damage_healed":0.0,"max_hp_gain":0.0,"max_hp_loss":0.0,"gold_gain":0.0,"event_name":"Golden Idol","player_choice":"Take Damage","floor":4.0,"gold_loss":0.0,"damage_taken":13.0,"relics_obtained":["Golden Idol"]},{"cards_removed":["Koishi:BasicStrike"],"damage_healed":0.0,"max_hp_gain":0.0,"max_hp_loss":0.0,"gold_gain":0.0,"event_name":"Golden Wing","player_choice":"Card Removal","floor":5.0,"gold_loss":0.0,"damage_taken":7.0},{"damage_healed":0.0,"max_hp_gain":0.0,"max_hp_loss":0.0,"gold_gain":0.0,"event_name":"Liars Game","player_choice":"Ignored","floor":8.0,"gold_loss":0.0,"damage_taken":0.0},{"damage_healed":0.0,"max_hp_gain":0.0,"max_hp_loss":0.0,"gold_gain":0.0,"event_name":"Masked Bandits","player_choice":"Fought Bandits","floor":20.0,"gold_loss":0.0,"damage_taken":0.0},{"damage_healed":0.0,"max_hp_gain":0.0,"max_hp_loss":27.0,"gold_gain":0.0,"event_name":"Ghosts","player_choice":"Became a Ghost","floor":22.0,"gold_loss":0.0,"damage_taken":0.0,"cards_obtained":["Ghostly","Ghostly","Ghostly","Ghostly","Ghostly"]},{"damage_healed":0.0,"max_hp_gain":0.0,"max_hp_loss":0.0,"gold_gain":0.0,"event_name":"Match and Keep!","player_choice":"1 cards matched","floor":25.0,"gold_loss":0.0,"damage_taken":0.0,"cards_obtained":["Koishi:Provoke"]},{"damage_healed":0,"gold_gain":333,"player_choice":"Gave Idol","damage_taken":0,"max_hp_gain":0,"max_hp_loss":0,"event_name":"The Moai Head","floor":48,"relics_lost":["Golden Idol"],"gold_loss":0}],"is_beta":false,"boss_relics":[{"not_picked":["Velvet Choker","Fusion Hammer"],"picked":"Sozu"},{"not_picked":["Runic Dome","Runic Pyramid"],"picked":"Empty Cage"}],"items_purged_floors":[21,36,53],"is_endless":false,"potions_floor_spawned":[3,7,14,20,23,33,37,44],"ascension_level":6}}