{"host":"g3js2eermvvpeiqn","time":1614327816,"event":{"mods":["BaseMod","DeckTracker","Downfall","Minty Spire (QoL Compilation)","Quick Restart","StSLib"],"gold_per_floor":[116,116,132,50,50,50,84,98,152,152,180,200,200,241,241,241,241],"floor_reached":16,"language":"ENG","playtime":641,"items_purged":[],"score":286,"play_id":"51fd8b4e-b3d4-49b7-9631-f38fb47bcf65","local_time":"20210226022336","is_ascension_mode":true,"campfire_choices":[{"data":"Flex","floor":6.0,"key":"SMITH"},{"data":"Rage","floor":10.0,"key":"SMITH"},{"data":"Offering","floor":15.0,"key":"SMITH"}],"circlet_count":0,"master_deck":["AscendersBane","Strike_R","Strike_R","Strike_R","Strike_R","Defend_R","Defend_R","Defend_R","Defend_R","Bash","Cleave","Seeing Red","Shrug It Off","Flex+1","Rage+1","Seeing Red","Pommel Strike","Headbutt","Offering+1"],"relics":["Burning Blood","NeowsBlessing","Toy Ornithopter","MealTicket","Potion Belt","Golden Idol","Nunchaku"],"acts_visited":["Exordium"],"potions_floor_usage":[],"damage_taken":[{"damage":0.0,"enemies":"Small Slimes","floor":1.0,"turns":1.0},{"damage":0.0,"enemies":"Jaw Worm","floor":3.0,"turns":1.0},{"damage":0.0,"enemies":"Gremlin Nob","floor":7.0,"turns":1.0},{"damage":5.0,"enemies":"Cultist","floor":8.0,"turns":4.0},{"damage":47.0,"enemies":"3 Sentries","floor":11.0,"turns":13.0},{"damage":9.0,"enemies":"2 Fungi Beasts","floor":12.0,"turns":3.0},{"damage":17.0,"enemies":"Lagavulin","floor":14.0,"turns":4.0},{"damage":37,"enemies":"Slime Boss","floor":16,"turns":5}],"seed_played":"4882701541617492160","potions_obtained":[{"floor":7.0,"key":"champ:CounterPotion"},{"floor":8.0,"key":"Fire Potion"}],"is_trial":false,"path_per_floor":["M","?","M","$","?","R","E","M","T","R","E","M","?","E","R","B"],"character_chosen":"IRONCLAD","items_purchased":["Shrug It Off","Flex"],"campfire_rested":0,"item_purchase_floors":[4,4],"current_hp_per_floor":[74,67,73,73,73,73,75,75,75,75,39,36,36,30,30,0,0],"gold":241,"neow_bonus":"THREE_ENEMY_KILL","is_daily":false,"chose_seed":false,"campfire_upgraded":3,"win_rate":0.0,"timestamp":1614327816,"path_taken":["M","?","M","$","?","R","E","M","T","R","E","?","?","E","R","BOSS"],"items_purchased_type":["Card","Card"],"build_version":"2020-12-22","purchased_purges":0,"victory":false,"max_hp_per_floor":[75,75,75,75,75,75,75,75,75,75,75,75,68,68,68,68,68],"card_choices":[{"not_picked":["Twin Strike","Wild Strike"],"picked":"Cleave","floor":1.0},{"not_picked":["Bloodletting","Reckless Charge"],"picked":"Seeing Red","floor":3.0},{"not_picked":["Evolve","True Grit"],"picked":"Seeing Red","floor":7.0},{"not_picked":["True Grit","Warcry","Ghostly Armor"],"picked":"SKIP","floor":8.0},{"not_picked":["Juggernaut","Havoc"],"picked":"Pommel Strike","floor":11.0},{"not_picked":["Rupture","Cleave"],"picked":"Headbutt","floor":12.0},{"not_picked":["Anger","Wild Strike"],"picked":"Offering","floor":14.0}],"player_experience":1569252,"relics_obtained":[{"floor":7.0,"key":"Toy Ornithopter"},{"floor":9.0,"key":"MealTicket"},{"floor":11.0,"key":"Potion Belt"},{"floor":14.0,"key":"Nunchaku"}],"event_choices":[{"cards_removed":["Strike_R"],"damage_healed":0.0,"max_hp_gain":0.0,"max_hp_loss":0.0,"gold_gain":0.0,"event_name":"Golden Wing","player_choice":"Card Removal","floor":2.0,"gold_loss":0.0,"damage_taken":7.0},{"damage_healed":0.0,"max_hp_gain":0.0,"max_hp_loss":0.0,"gold_gain":0.0,"event_name":"Match and Keep!","player_choice":"1 cards matched","floor":5.0,"gold_loss":0.0,"damage_taken":0.0,"cards_obtained":["Rage"]},{"damage_healed":0.0,"max_hp_gain":0.0,"max_hp_loss":7.0,"gold_gain":0.0,"event_name":"Golden Idol","player_choice":"Lose Max HP","floor":13.0,"gold_loss":0.0,"damage_taken":0.0,"relics_obtained":["Golden Idol"]}],"is_beta":false,"boss_relics":[],"items_purged_floors":[],"is_endless":false,"potions_floor_spawned":[7,8],"killed_by":"Slime Boss","ascension_level":20}}