{"host":"7t8rqoeeopyy0nh0","time":1614304845,"event":{"mods":["AchievementEnabler","Aspiration","BaseMod","Better Third Choice","BetterRewards","Colored Map","Colored Powertips","Conspire","Downfall","Hubris","Jorbs\u0027s Wanderer Trilogy","Minty Spire (QoL Compilation)","Permanent Neow","Quick Restart","Random Character Button","Rare Cards Sparkle","Reliquary","Replay The Spire","StSLib"],"gold_per_floor":[117,117,130,144,144,144,172,184,184,184,236,254,272,307,307,382,382,402,421,41,56,56,56],"floor_reached":22,"language":"ENG","playtime":793,"items_purged":[],"score":596,"play_id":"14b0cd91-c27d-4bea-aaf9-5ef7242c40b6","local_time":"20210225210045","is_ascension_mode":true,"campfire_choices":[{"data":"Perfected Strike","floor":6,"key":"SMITH"},{"data":"hubris:EnhanceAbility","floor":10,"key":"SMITH"},{"data":"Demon Form","floor":15,"key":"SMITH"}],"circlet_count":0,"master_deck":["AscendersBane","Strike_R","Strike_R","Strike_R","Strike_R","Strike_R","Defend_R","Defend_R","Defend_R","Defend_R","Bash","Perfected Strike+1","Twin Strike","Battle Trance","Dark Embrace+1","hubris:EnhanceAbility+1","Rampage","conspire:ExplosiveBarrier","Headbutt","Ghostly Armor","Whirlwind","Demon Form+1","Reaper","Limit Break","CurseOfTheBell","Thunderclap+1","hubris:ReadiedAction","Pommel Strike","Pommel Strike"],"relics":["Burning Blood","Replay:Baseball","Turnip","Akabeko","Incense Burner","Pondfish Scales","Question Card","reliquary:PartyBalloon","Replay:Mystery Machine","Calling Bell","aspiration:HiddenCompartment","hubris:BottledRain","Unceasing Top","Dead Branch"],"acts_visited":["Exordium","TheCity"],"potions_floor_usage":[7,14,16,19],"damage_taken":[{"damage":3,"enemies":"conspire:RoseBush","floor":1,"turns":3},{"damage":1,"enemies":"Small Slimes","floor":3,"turns":3},{"damage":7,"enemies":"Jaw Worm","floor":4,"turns":2},{"damage":10,"enemies":"Lagavulin","floor":7,"turns":3},{"damage":0,"enemies":"Exordium Thugs","floor":8,"turns":3},{"damage":3,"enemies":"Lots of Slimes","floor":12,"turns":4},{"damage":8,"enemies":"Large Slime","floor":13,"turns":4},{"damage":8,"enemies":"Replay:BlueRogue","floor":14,"turns":5},{"damage":29,"enemies":"The Guardian","floor":16,"turns":9},{"damage":37,"enemies":"Shell Parasite","floor":18,"turns":4},{"damage":14,"enemies":"Spheric Guardian","floor":19,"turns":4},{"damage":15,"enemies":"Cultist and Chosen","floor":21,"turns":8},{"damage":17,"enemies":"Sentry and Sphere","floor":22,"turns":5}],"seed_played":"8164766103375902581","potions_obtained":[{"floor":1,"key":"conspire:TimeTravelPotion"},{"floor":3,"key":"Languid Potion"},{"floor":5,"key":"Fire Potion"},{"floor":7,"key":"Block Potion"},{"floor":14,"key":"Doom Potion"},{"floor":18,"key":"Fruit Juice"},{"floor":21,"key":"hexamod:SoulburnPotion"}],"is_trial":false,"path_per_floor":["M","?","M","M","?","R","E","M","T","R","T","M","M","E","R","B",null,"M","M","$","M","M"],"character_chosen":"IRONCLAD","items_purchased":["Perfected Strike","Twin Strike","Battle Trance","Dark Embrace+1","Replay:Baseball","Akabeko","hubris:EnhanceAbility","Rampage","Dead Branch","Pommel Strike"],"campfire_rested":0,"item_purchase_floors":[0,0,0,0,0,0,0,0,20,20],"current_hp_per_floor":[24,24,29,28,28,28,24,30,30,30,30,33,31,29,29,29,64,33,30,30,25,8,8],"gold":56,"neow_bonus":"","is_daily":false,"chose_seed":false,"campfire_upgraded":3,"win_rate":0.0,"timestamp":1614304845,"path_taken":["M","?","M","M","?","R","E","?","T","R","?","M","M","E","R","BOSS","M","M","$","M","?"],"items_purchased_type":["Card","Card","Card","Card","Relic","Relic","Card","Card","Relic","Card"],"build_version":"2020-12-22","purchased_purges":0,"victory":false,"max_hp_per_floor":[75,75,75,75,75,75,75,75,75,75,75,75,75,75,75,75,75,75,80,80,80,80,80],"card_choices":[{"not_picked":["Run Through","Anger","Replay:Undeath\u0027s Touch"],"picked":"SKIP","floor":1},{"not_picked":["Replay:Undeath\u0027s Touch","Warcry"],"picked":"conspire:ExplosiveBarrier","floor":3},{"not_picked":["Fire Breathing","Heavy Blade"],"picked":"Headbutt","floor":4},{"not_picked":["Dropkick","Flex","Massacre"],"picked":"SKIP","floor":7},{"not_picked":["Fiend Fire","Pommel Strike"],"picked":"Ghostly Armor","floor":8},{"not_picked":["Perfected Strike","Headbutt","Run Through"],"picked":"Whirlwind","floor":12},{"not_picked":["hubris:ReadiedAction","Power Through","Run Through"],"picked":"Demon Form","floor":13},{"not_picked":["Twin Strike","Run Through","Entrench"],"picked":"Reaper","floor":14},{"not_picked":["Barricade","Juggernaut","Immolate"],"picked":"Limit Break","floor":16},{"not_picked":["ReplayTheSpireMod:Muscle Training","Entrench","Perfected Strike"],"picked":"Thunderclap+1","floor":18},{"not_picked":["Wild Strike","Clothesline","Second Wind"],"picked":"hubris:ReadiedAction","floor":19},{"not_picked":["Wild Strike","Hemokinesis","Pommel Strike","ReplayTheSpireMod:Strike From Hell"],"picked":"SKIP","floor":21}],"player_experience":457442,"relics_obtained":[{"floor":7,"key":"Pondfish Scales"},{"floor":9,"key":"Question Card"},{"floor":11,"key":"reliquary:PartyBalloon"},{"floor":14,"key":"Replay:Mystery Machine"},{"floor":17,"key":"aspiration:HiddenCompartment"},{"floor":17,"key":"hubris:BottledRain"},{"floor":17,"key":"Unceasing Top"}],"event_choices":[{"damage_healed":0,"gold_gain":0,"player_choice":"Got Potions","damage_taken":0,"max_hp_gain":0,"max_hp_loss":0,"event_name":"Lab","floor":5,"gold_loss":0}],"is_beta":false,"boss_relics":[{"not_picked":["Fusion Hammer","Ectoplasm"],"picked":"Calling Bell"}],"items_purged_floors":[],"is_endless":false,"potions_floor_spawned":[1,3,7,14,18,21],"killed_by":"Sentry and Sphere","ascension_level":20}}