{"host":"f1ushweh0apu4zea","time":1614335320,"event":{"mods":["AchievementEnabler","Act Like it!","BaseMod","Colored Map","DeckTracker","Hallownest","Hermit","KOR Keyword Fix","Minty Spire (QoL Compilation)","Ruina","StSLib","everything is the same but u backflip on backflip"],"gold_per_floor":[117,132,146,156,167,167,202,258,332,332,332],"floor_reached":10,"language":"KOR","playtime":389,"items_purged":[],"score":140,"play_id":"21171f59-2a80-4653-85a8-329a7e3ef6f4","local_time":"20210226192840","is_ascension_mode":true,"campfire_choices":[{"data":"Dash","floor":6.0,"key":"SMITH"}],"circlet_count":0,"master_deck":["AscendersBane","Strike_G","Strike_G","Strike_G","Strike_G","Strike_G","Defend_G","Defend_G","Defend_G","Defend_G","Defend_G","Survivor","Neutralize","Leg Sweep","Cloak And Dagger","Masterful Stab","Dagger Spray","Dash+1","Finisher"],"relics":["Ring of the Snake","Snake Skull","Mummified Hand","Molten Egg 2"],"acts_visited":["Exordium"],"potions_floor_usage":[7,7,7],"damage_taken":[{"damage":7.0,"enemies":"Jaw Worm","floor":1.0,"turns":5.0},{"damage":2.0,"enemies":"2 Louse","floor":2.0,"turns":6.0},{"damage":0.0,"enemies":"Small Slimes","floor":3.0,"turns":4.0},{"damage":0.0,"enemies":"Blue Slaver","floor":4.0,"turns":5.0},{"damage":3.0,"enemies":"Exordium Wildlife","floor":5.0,"turns":4.0},{"damage":46,"enemies":"Gremlin Nob","floor":7,"turns":5},{"damage":15,"enemies":"Lagavulin","floor":10,"turns":2}],"seed_played":"6729123100160743341","potions_obtained":[{"floor":1.0,"key":"EntropicBrew"},{"floor":3.0,"key":"Poison Potion"}],"is_trial":false,"path_per_floor":["M","M","M","M","M","R","E","?","T","E"],"character_chosen":"THE_SILENT","items_purchased":[],"campfire_rested":0,"item_purchase_floors":[],"current_hp_per_floor":[52,50,50,50,47,47,1,1,1,0,0],"gold":332,"neow_bonus":"RANDOM_COMMON_RELIC","is_daily":false,"chose_seed":false,"campfire_upgraded":1,"win_rate":0.0,"timestamp":1614335320,"path_taken":["M","M","M","M","M","R","E","?","T","E"],"items_purchased_type":[],"build_version":"2020-12-22","purchased_purges":0,"victory":false,"max_hp_per_floor":[66,66,66,66,66,66,66,66,66,66,66],"card_choices":[{"not_picked":["Bane","Dodge and Roll"],"picked":"Leg Sweep","floor":1.0},{"not_picked":["Reflex","Calculated Gamble"],"picked":"Cloak And Dagger","floor":2.0},{"not_picked":["Poisoned Stab","Dodge and Roll"],"picked":"Masterful Stab","floor":3.0},{"not_picked":["Slice","Outmaneuver"],"picked":"Dagger Spray","floor":4.0},{"not_picked":["Slice","Underhanded Strike"],"picked":"Dash","floor":5.0},{"not_picked":["Poisoned Stab","Deflect"],"picked":"Finisher","floor":7}],"player_experience":1373309,"relics_obtained":[{"floor":7,"key":"Mummified Hand"},{"floor":9,"key":"Molten Egg 2"}],"event_choices":[{"damage_healed":0,"gold_gain":56,"player_choice":"Gained Gold","damage_taken":0,"max_hp_gain":0,"max_hp_loss":0,"event_name":"Golden Wing","floor":8,"gold_loss":0}],"is_beta":false,"boss_relics":[],"items_purged_floors":[],"is_endless":false,"potions_floor_spawned":[1,3,4],"killed_by":"Lagavulin","ascension_level":20}}