{"host":"o3b7ow6d1xe49css","time":1614298257,"event":{"mods":["Act Like it!","Aspiration","BaseMod","Bestiary","Better Altar","Better Match","Better Note","Better Sensory Stone","Better Skull","Better Third Choice","Colored Powertips","Conspire","Energized Spire","Force Act Four","GifTheSpireLib","Halation","Hermit","Hubris","Infinite Spire","Lobotomy","Minty Spire (QoL Compilation)","Quick Restart","Rare Cards Sparkle","Relic Filter Mod","Reliquary","Replay The Spire","Spicy Shops","Spikes Relics","StSLib","Stuff the Spire","The Blue Laboratory","The Jungle","Wandering Minibosses"],"gold_per_floor":[115,132,144,144,294,294,321,321,321],"floor_reached":8,"language":"ENG","playtime":192,"items_purged":[],"score":112,"play_id":"a923a5f3-c4f0-47ef-be3f-dc9e61c2c298","local_time":"20210225151057","daily_mods":["Heirloom","Flight"],"is_ascension_mode":true,"campfire_choices":[{"data":"Zap","floor":6,"key":"SMITH"}],"circlet_count":0,"master_deck":["AscendersBane","Strike_B","Strike_B","Strike_B","Strike_B","Defend_B","Defend_B","Defend_B","Defend_B","Zap+1","Dualcast","Redo","Ball Lightning","UniverseFragment","Conserve Battery","conspire:Banana","Doubt","Gash"],"relics":["Cracked Core","Ring of Chaos","Shovel","CogitoBucket","halation:LettersToHer"],"acts_visited":["Exordium"],"potions_floor_usage":[7,8],"damage_taken":[{"damage":1,"enemies":"Cultist","floor":1,"turns":3},{"damage":10,"enemies":"Small Slimes","floor":2,"turns":3},{"damage":7,"enemies":"Jaw Worm","floor":3,"turns":3},{"damage":25,"enemies":"Lagavulin","floor":7,"turns":7},{"damage":23,"enemies":"3 Sentries","floor":8,"turns":2}],"seed_played":"5144175766980200868","potions_obtained":[{"floor":2,"key":"Energy Potion"},{"floor":7,"key":"Strength Potion"}],"is_trial":true,"path_per_floor":["M","M","M","?","?","R","E","E"],"character_chosen":"DEFECT","items_purchased":[],"campfire_rested":0,"item_purchase_floors":[],"current_hp_per_floor":[63,53,46,46,46,46,22,0,0],"gold":321,"neow_bonus":"","is_daily":false,"chose_seed":false,"campfire_upgraded":1,"win_rate":0.0,"timestamp":1614298257,"path_taken":["M","M","?","?","?","R","E","E"],"items_purchased_type":[],"build_version":"2020-12-22","purchased_purges":0,"victory":false,"max_hp_per_floor":[71,71,71,71,71,71,72,73,73],"card_choices":[{"not_picked":["aspiration:Polymerization","Capacitor"],"picked":"Redo","floor":1},{"not_picked":["Bloodbath","NakedNest","VoidDream"],"picked":"Singing Bowl","floor":1},{"not_picked":["Conserve Battery","ReplayTheSpireMod:Dual Polarity"],"picked":"Ball Lightning","floor":2},{"not_picked":["PunishingBird","LittlePrince","OldLady"],"picked":"Singing Bowl","floor":2},{"not_picked":["Barrage","Gash"],"picked":"Conserve Battery","floor":3},{"not_picked":["hubris:Ssssneak","Jack Of All Trades"],"picked":"conspire:Banana","floor":4},{"not_picked":["StuffTheSpire:ShieldGenerator","ReplayTheSpireMod:Repulse"],"picked":"Gash","floor":7}],"player_experience":1496926,"relics_obtained":[{"floor":7,"key":"halation:LettersToHer"}],"event_choices":[{"damage_healed":0,"gold_gain":1,"player_choice":"1","damage_taken":0,"max_hp_gain":0,"max_hp_loss":0,"event_name":"betterStone:BetterStone","floor":4,"gold_loss":0},{"damage_healed":0,"gold_gain":150,"player_choice":"AGREE","damage_taken":144,"max_hp_gain":0,"max_hp_loss":0,"event_name":"betterThird:BetterSerpent","floor":5,"gold_loss":0}],"is_beta":false,"boss_relics":[],"items_purged_floors":[],"is_endless":false,"potions_floor_spawned":[2,7],"killed_by":"3 Sentries","ascension_level":20}}