{"host":"h49usdrjeju7gyhi","time":1614312468,"event":{"mods":["Act Like it!","BaseMod","Minty Spire (QoL Compilation)","Ruina","StSLib","The Animator"],"gold_per_floor":[365,290,316,316,42,42,59,89,89,115,115,131,131,131,131,208,258,274,286,211,31,53,53,53,53],"floor_reached":24,"language":"ENG","playtime":1701,"items_purged":[],"score":368,"play_id":"3904e76a-6be5-4d4c-a797-0ae04d076618","local_time":"20210225230748","is_ascension_mode":true,"campfire_choices":[{"data":"animator:LeleiLaLalena","floor":6.0,"key":"SMITH"},{"data":"animator:TukaLunaMarceau","floor":11,"key":"SMITH"},{"data":"animator:FielNirvalen","floor":13,"key":"SMITH"},{"data":"animator:PandorasActor","floor":15,"key":"SMITH"},{"floor":23,"key":"REST"}],"circlet_count":0,"master_deck":["AscendersBane","animator:Strike_GATE","animator:Defend_GATE","animator:Defend","animator:Defend","animator:TukaLunaMarceau+1","animator:Kuribayashi","animator:PandorasActor+1","animator:YaoHaDucy","animator:LeleiLaLalena+1","animator:AcuraTooru","animator:FielNirvalen+1","animator:Arpeggio+1","animator:Elesis","animator:Elesis","animator:Ara","animator:IzunaHatsuse","animator:Magilou","animator:Geryuganshoop"],"relics":["animator:LivingPicture","animator:TheMissingPiece","animator:PurgingStone","animator:CerealBox","Odd Mushroom","Meat on the Bone","Vajra","Tiny House"],"acts_visited":["Exordium","TheCity"],"potions_floor_usage":[8,8,18,24],"damage_taken":[{"damage":2.0,"enemies":"Small Slimes","floor":1.0,"turns":4.0},{"damage":1.0,"enemies":"2 Louse","floor":3.0,"turns":3.0},{"damage":9.0,"enemies":"Cultist","floor":7.0,"turns":6.0},{"damage":7,"enemies":"The Mushroom Lair","floor":8,"turns":5},{"damage":15,"enemies":"Exordium Wildlife","floor":12,"turns":6},{"damage":14,"enemies":"The Guardian","floor":16,"turns":12},{"damage":19,"enemies":"Chosen","floor":18,"turns":8},{"damage":11,"enemies":"Shell Parasite","floor":19,"turns":7},{"damage":24,"enemies":"Snake Plant","floor":22,"turns":5},{"damage":58,"enemies":"animator:HornedBat","floor":24,"turns":9}],"seed_played":"6528858756965621103","potions_obtained":[{"floor":7.0,"key":"ColorlessPotion"},{"floor":17,"key":"Weak Potion"},{"floor":19,"key":"DistilledChaos"}],"is_trial":false,"path_per_floor":["M","?","M","?","$","R","M","?","T","T","R","M","R","?","R","B",null,"M","M","?","$","M","R","E"],"character_chosen":"THE_ANIMATOR","items_purchased":["animator:LeleiLaLalena","Weak Potion","animator:CerealBox","animator:Magilou","animator:Eris"],"campfire_rested":1,"item_purchase_floors":[5,5,5,21,21],"current_hp_per_floor":[37,37,36,29,29,29,20,33,33,33,33,31,31,31,31,29,58,39,40,40,40,28,47,0,0],"gold":53,"neow_bonus":"TWO_FIFTY_GOLD","is_daily":false,"chose_seed":false,"campfire_upgraded":4,"win_rate":0.0,"timestamp":1614312468,"path_taken":["M","?","M","?","$","R","M","?","T","?","R","M","R","?","R","BOSS","M","M","?","$","M","R","E"],"items_purchased_type":["Card","Potion","Relic","Card","Card"],"build_version":"2020-12-22","purchased_purges":0,"victory":false,"max_hp_per_floor":[60,60,60,60,60,60,60,60,60,60,60,61,61,61,61,61,66,66,66,66,66,66,66,66,66],"card_choices":[{"not_picked":["animator:SilverFang","animator:Tatsumaki"],"picked":"animator:PandorasActor","floor":1.0},{"not_picked":["animator:DolaCouronne","animator:Guy"],"picked":"animator:YaoHaDucy","floor":3.0},{"not_picked":["animator:Rena","animator:Chung"],"picked":"animator:AcuraTooru","floor":7.0},{"not_picked":["animator:NagisaMomoe","animator:Mitsurugi"],"picked":"animator:FielNirvalen","floor":8},{"not_picked":["animator:TukaLunaMarceau","animator:Tyuule"],"picked":"animator:Arpeggio","floor":12},{"not_picked":["animator:Greed","animator:AcuraShin"],"picked":"animator:Elesis","floor":16},{"not_picked":["animator:Entoma","animator:Elsword"],"picked":"animator:Ara","floor":17},{"not_picked":["animator:Ara","animator:Chung"],"picked":"animator:IzunaHatsuse","floor":18},{"not_picked":["animator:Sloth","animator:YunYun","animator:DolaSchwi"],"picked":"SKIP","floor":19},{"not_picked":["animator:Greed","animator:NagisaMomoe+1"],"picked":"animator:Geryuganshoop","floor":22}],"player_experience":1614647,"relics_obtained":[{"floor":8,"key":"Odd Mushroom"},{"floor":9,"key":"Meat on the Bone"},{"floor":10,"key":"Vajra"}],"event_choices":[{"cards_removed":["animator:Strike"],"damage_healed":0.0,"max_hp_gain":0.0,"max_hp_loss":0.0,"gold_gain":0.0,"event_name":"The Cleric","player_choice":"Card Removal","floor":2.0,"gold_loss":75.0,"damage_taken":0.0},{"cards_removed":["animator:Strike"],"damage_healed":0.0,"max_hp_gain":0.0,"max_hp_loss":0.0,"gold_gain":0.0,"event_name":"Golden Wing","player_choice":"Card Removal","floor":4.0,"gold_loss":0.0,"damage_taken":7.0},{"damage_healed":0,"gold_gain":0,"player_choice":"Fought Mushrooms","damage_taken":0,"max_hp_gain":0,"max_hp_loss":0,"event_name":"Mushrooms","floor":8,"gold_loss":0},{"damage_healed":0,"gold_gain":0,"cards_transformed":["animator:Strike"],"player_choice":"Change","damage_taken":0,"max_hp_gain":0,"max_hp_loss":0,"event_name":"Living Wall","floor":14,"gold_loss":0,"cards_obtained":["animator:Elesis"]},{"cards_removed":["animator:Defend"],"damage_healed":0,"gold_gain":0,"player_choice":"Gave Gold","damage_taken":0,"max_hp_gain":0,"max_hp_loss":0,"event_name":"Beggar","floor":20,"gold_loss":75}],"is_beta":false,"boss_relics":[{"not_picked":["Coffee Dripper","Sozu"],"picked":"Tiny House"}],"items_purged_floors":[],"is_endless":false,"potions_floor_spawned":[7,19],"killed_by":"animator:HornedBat","ascension_level":20}}