{"host":"zcytydgb505ghzux","time":1614308014,"event":{"mods":["Act Like it!","BaseMod","Colored Powertips","Downfall","Highlight Path","Infinite Spire","Jorbs\u0027s Wanderer Trilogy","Marisa????????","Minty Spire (QoL Compilation)","Replay The Spire","StSLib","The Construct","The Mystic","The Wild Card"],"gold_per_floor":[114,114,133,83,83,100,100,119,119,132,160,160,174,24,24,121,121,138,138,60,60,60,60,60,135,135,135,11,21,21,31,31,136,136,149,149,118,118,130,130,130,130],"floor_reached":41,"language":"ENG","playtime":1345,"items_purged":[],"score":412,"play_id":"c2acbc40-f07d-46a1-8c63-bccbdc9b576b","local_time":"20210225215334","is_ascension_mode":false,"campfire_choices":[{"data":"Go for the Eyes","floor":7,"key":"SMITH"},{"floor":12,"key":"REST"},{"data":"Creative AI","floor":15,"key":"PURGE"},{"floor":23,"key":"REST"},{"floor":32,"key":"REST"},{"data":"Zap","floor":40,"key":"SMITH"}],"circlet_count":0,"master_deck":["Defend_B","Defend_B","Defend_B","Zap+1","Dualcast","Gash","Gash","Go for the Eyes+1","ReplayTheSpireMod:System Scan","Electrodynamics","Machine Learning+1","Crystallizer+1","Buffer+1","Panic Button","Thunder Strike","Leap","Leap","Capacitor","Conserve Battery","Gash+1","Ball Lightning","Panic Button","ReplayTheSpireMod:Calculation Training","Redo+1"],"relics":["Cracked Core","Anchor","Singing Bowl","Juzu Bracelet","Astrolabe","The Courier","MutagenicStrength","Black Star"],"acts_visited":["Exordium","TheCity","TheBeyond"],"potions_floor_usage":[11,41],"damage_taken":[{"damage":0,"enemies":"Jaw Worm","floor":1,"turns":4},{"damage":12,"enemies":"Cultist","floor":3,"turns":5},{"damage":0,"enemies":"2 Louse","floor":6,"turns":2},{"damage":2,"enemies":"Looter","floor":8,"turns":3},{"damage":11,"enemies":"Lots of Slimes","floor":10,"turns":4},{"damage":6,"enemies":"3 Sentries","floor":11,"turns":4},{"damage":9,"enemies":"Exordium Thugs","floor":13,"turns":4},{"damage":33,"enemies":"Hexaghost","floor":16,"turns":10},{"damage":0,"enemies":"Chosen","floor":18,"turns":6},{"damage":0,"enemies":"3 Byrds","floor":29,"turns":2},{"damage":28,"enemies":"Shelled Parasite and Fungi","floor":31,"turns":7},{"damage":31,"enemies":"Collector","floor":33,"turns":11},{"damage":19,"enemies":"3 Darklings","floor":35,"turns":7},{"damage":0,"enemies":"3 Shapes","floor":39,"turns":4},{"damage":85,"enemies":"Giant Head","floor":41,"turns":9}],"seed_played":"-925634607740773346","potions_obtained":[{"floor":5,"key":"Guardian:BlockOnCardUsePotion"},{"floor":5,"key":"LifebloodPotion"},{"floor":5,"key":"LiquidMemories"},{"floor":13,"key":"FocusPotion"}],"is_trial":false,"path_per_floor":["M","?","M","?","?","M","R","M","T","M","E","R","M","$","R","B",null,"M","?","$","?","?","R","?","?","T","?","$","M","?","M","R","B",null,"M","?","$","?","M","R","E"],"character_chosen":"DEFECT","items_purchased":["Juzu Bracelet","Thunder Strike","Leap","Capacitor","Conserve Battery","ReplayTheSpireMod:Calculation Training"],"campfire_rested":3,"item_purchase_floors":[14,20,28,28,28,37],"current_hp_per_floor":[75,75,63,63,63,63,63,61,61,50,46,69,60,60,60,27,77,77,63,63,63,63,82,82,74,74,74,74,74,74,46,70,41,84,65,65,65,65,65,65,0,0],"gold":130,"neow_bonus":"RANDOM_COMMON_RELIC","is_daily":false,"chose_seed":false,"campfire_upgraded":2,"win_rate":0.0,"timestamp":1614308014,"path_taken":["M","?","?","?","?","M","R","?","T","M","E","R","M","?","R","BOSS","M","?","$","?","?","R","?","?","T","?","$","M","?","M","R","BOSS","M","?","$","?","M","R","E"],"items_purchased_type":["Relic","Card","Card","Card","Card","Card"],"build_version":"2020-12-22","purchased_purges":0,"victory":false,"max_hp_per_floor":[75,75,75,75,75,75,75,75,75,75,77,77,77,77,77,77,77,77,82,82,82,82,82,82,82,82,82,82,82,82,82,82,84,84,84,84,84,84,84,84,84,84],"card_choices":[{"not_picked":["Auto Shields","Leap"],"picked":"Gash","floor":1},{"not_picked":["Barrage","Undo"],"picked":"Gash","floor":3},{"not_picked":["Ball Lightning","Compile Driver"],"picked":"Go for the Eyes","floor":6},{"not_picked":["Barrage","Streamline"],"picked":"ReplayTheSpireMod:System Scan","floor":8},{"not_picked":["Rip and Tear","FIFO Queue"],"picked":"Electrodynamics","floor":10},{"not_picked":["Skim","Reprogram","Barrage"],"picked":"Singing Bowl","floor":11},{"not_picked":["Streamline","Leap"],"picked":"Scrape","floor":13},{"not_picked":["Core Surge","Thunder Strike"],"picked":"Machine Learning","floor":16},{"not_picked":["Sweeping Beam","Go for the Eyes"],"picked":"Panic Button","floor":18},{"not_picked":["Turbo","Chaos+1"],"picked":"Gash+1","floor":29},{"not_picked":["Fission","Rip and Tear"],"picked":"Ball Lightning","floor":31},{"not_picked":["Biased Cognition","Electrodynamics","Meteor Strike"],"picked":"Singing Bowl","floor":33},{"not_picked":["Conserve Battery","Streamline+1"],"picked":"Panic Button","floor":35},{"not_picked":["Conserve Battery","Beam Cell+1"],"picked":"Redo+1","floor":39}],"player_experience":99493,"relics_obtained":[{"floor":9,"key":"Singing Bowl"},{"floor":26,"key":"The Courier"}],"event_choices":[{"damage_healed":0,"gold_gain":0,"cards_transformed":["Strike_B"],"player_choice":"Transformed","damage_taken":0,"max_hp_gain":0,"max_hp_loss":0,"event_name":"Transmorgrifier","floor":2,"gold_loss":0,"cards_obtained":["Creative AI"]},{"cards_removed":["Strike_B"],"damage_healed":0,"gold_gain":0,"player_choice":"Card Removal","damage_taken":0,"max_hp_gain":0,"max_hp_loss":0,"event_name":"The Cleric","floor":4,"gold_loss":50},{"damage_healed":0,"gold_gain":0,"player_choice":"Got Potions","damage_taken":0,"max_hp_gain":0,"max_hp_loss":0,"event_name":"Lab","floor":5,"gold_loss":0},{"damage_healed":0,"gold_gain":0,"player_choice":"Shed Blood","damage_taken":19,"max_hp_gain":5,"max_hp_loss":0,"event_name":"Forgotten Altar","floor":19,"gold_loss":0},{"cards_removed":["Heatsinks"],"damage_healed":0,"gold_gain":0,"player_choice":"Elegance","damage_taken":0,"max_hp_gain":0,"max_hp_loss":0,"event_name":"Back to Basics","floor":21,"gold_loss":0},{"damage_healed":0,"gold_gain":0,"player_choice":"Forge","damage_taken":0,"max_hp_gain":0,"max_hp_loss":0,"event_name":"Accursed Blacksmith","floor":22,"gold_loss":0,"cards_upgraded":["Machine Learning"]},{"damage_healed":0,"gold_gain":75,"player_choice":"Touch","damage_taken":8,"max_hp_gain":0,"max_hp_loss":0,"event_name":"FaceTrader","floor":25,"gold_loss":0},{"damage_healed":0,"gold_gain":0,"player_choice":"Inject Mutagens","damage_taken":0,"relics_obtained":["MutagenicStrength"],"max_hp_gain":0,"max_hp_loss":0,"event_name":"Drug Dealer","floor":27,"gold_loss":0},{"cards_removed":["Defend_B"],"damage_healed":0,"gold_gain":0,"player_choice":"Removed Skill","damage_taken":0,"max_hp_gain":0,"max_hp_loss":0,"event_name":"Falling","floor":36,"gold_loss":0},{"damage_healed":0,"gold_gain":0,"player_choice":"Bought 0 Potions","damage_taken":0,"max_hp_gain":0,"max_hp_loss":0,"event_name":"The Woman in Blue","floor":38,"gold_loss":0}],"is_beta":false,"boss_relics":[{"not_picked":["Sozu","Inserter"],"picked":"Astrolabe"},{"not_picked":["Philosopher\u0027s Stone","Replay:Drink Me"],"picked":"Black Star"}],"items_purged_floors":[],"is_endless":false,"potions_floor_spawned":[8,13,18,35],"killed_by":"Giant Head","ascension_level":0}}