{"host":"nihqlga4zpmrcpl9","time":1614343186,"event":{"mods":["BaseMod","LagranYue(拉格朗・月)","Marisa（F雨　魔理沙）","Minty Spire (QoL Compilation)","Replay The Spire","Shop Mod","StSLib","The Bug Knight","The Cursed","The Hierophant","The Servant 0.9.4"],"gold_per_floor":[118,138,138,154,154,154,192,192,192,230,249,267,232,275,275,275,275],"floor_reached":16,"language":"ZHS","playtime":654,"items_purged":[],"score":150,"play_id":"d3c3b62d-f223-4615-bf58-46f4e3df830b","local_time":"20210226203946","is_ascension_mode":true,"campfire_choices":[{"data":"Poisoned Stab","floor":6,"key":"SMITH"},{"data":"Poisoned Stab","floor":8,"key":"SMITH"},{"data":"ReplayTheSpireMod:Speed Training","floor":15,"key":"SMITH"}],"circlet_count":0,"master_deck":["Strike_G","Strike_G","Strike_G","Strike_G","Strike_G","Defend_G","Defend_G","Defend_G","Defend_G","Defend_G","Survivor","Neutralize","Poisoned Stab+1","Leg Sweep+1","Poisoned Stab+1","Backstab","ReplayTheSpireMod:Speed Training+1","PiercingWail","Flying Knee+1","Backflip"],"relics":["Ring of the Snake","LagranYue:RandomDrawCardRelic","Golden Idol","MealTicket","Paper Crane","Molten Egg 2","PreservedInsect"],"acts_visited":["Exordium"],"potions_floor_usage":[16,16,16],"damage_taken":[{"damage":3,"enemies":"Jaw Worm","floor":1,"turns":5},{"damage":3,"enemies":"2 Louse","floor":2,"turns":4},{"damage":0,"enemies":"Cultist","floor":4,"turns":3},{"damage":18,"enemies":"Lagavulin","floor":7,"turns":6},{"damage":1,"enemies":"HollowMod:MossKnight","floor":10,"turns":11},{"damage":0,"enemies":"2 Fungi Beasts","floor":11,"turns":3},{"damage":0,"enemies":"Blue Slaver","floor":12,"turns":3},{"damage":16,"enemies":"Gremlin Nob","floor":14,"turns":4},{"damage":38,"enemies":"Slime Boss","floor":16,"turns":15}],"seed_played":"-8171998962820563716","potions_obtained":[{"floor":4,"key":"Toxic Potion"},{"floor":7,"key":"ColorlessPotion"},{"floor":14,"key":"PowerPotion"}],"is_trial":false,"path_per_floor":["M","M","?","M","?","R","E","R","T","E","M","M","?","E","R","B"],"character_chosen":"THE_SILENT","items_purchased":[],"campfire_rested":0,"item_purchase_floors":[],"current_hp_per_floor":[74,71,52,52,52,52,34,34,34,33,33,33,52,36,36,0,0],"gold":275,"neow_bonus":"TEN_PERCENT_HP_BONUS","is_daily":false,"chose_seed":false,"campfire_upgraded":3,"win_rate":0.0,"timestamp":1614343186,"path_taken":["M","M","?","M","?","R","E","R","T","E","?","M","?","E","R","BOSS"],"items_purchased_type":[],"build_version":"2020-12-22","purchased_purges":0,"victory":false,"max_hp_per_floor":[77,77,77,77,77,77,77,77,77,77,77,77,77,77,77,77,77],"card_choices":[{"not_picked":["Riddle With Holes","Flying Knee"],"picked":"Poisoned Stab","floor":1},{"not_picked":["All Out Attack","Backstab"],"picked":"Leg Sweep","floor":2},{"not_picked":["Quick Slash","Leg Sweep"],"picked":"Poisoned Stab","floor":4},{"not_picked":["Masterful Stab","Burst"],"picked":"Backstab","floor":7},{"not_picked":["Reflex","Toxin Wave"],"picked":"ReplayTheSpireMod:Speed Training","floor":10},{"not_picked":["Outmaneuver","Dagger Throw+1"],"picked":"PiercingWail","floor":11},{"not_picked":["Sucker Punch+1","Predator+1"],"picked":"Flying Knee+1","floor":12},{"not_picked":["Crippling Poison","ReplayTheSpireMod:The Works"],"picked":"Backflip","floor":14}],"player_experience":844672,"relics_obtained":[{"floor":7,"key":"MealTicket"},{"floor":9,"key":"Paper Crane"},{"floor":10,"key":"Molten Egg 2"},{"floor":14,"key":"PreservedInsect"}],"event_choices":[{"damage_healed":0,"gold_gain":0,"player_choice":"Take Damage","damage_taken":19,"relics_obtained":["Golden Idol"],"max_hp_gain":0,"max_hp_loss":0,"event_name":"Golden Idol","floor":3,"gold_loss":0},{"damage_healed":0,"gold_gain":0,"player_choice":"Forge","damage_taken":0,"max_hp_gain":0,"max_hp_loss":0,"event_name":"Accursed Blacksmith","floor":5,"gold_loss":0,"cards_upgraded":["Leg Sweep"]},{"damage_healed":19,"gold_gain":0,"player_choice":"Healed","damage_taken":0,"max_hp_gain":0,"max_hp_loss":0,"event_name":"The Cleric","floor":13,"gold_loss":35}],"is_beta":false,"boss_relics":[],"items_purged_floors":[],"is_endless":false,"potions_floor_spawned":[4,7,14],"killed_by":"Slime Boss","ascension_level":5}}