{"host":"qwyulmb1tab18dot","time":1614323632,"event":{"mods":["BaseMod","Colored Map","Highlight Path","Minty Spire (QoL Compilation)","StSLib"],"gold_per_floor":[118,133,144,159,178,178,33,52,52,62,93,112,127,140,140,236,236,217,247,247,247,267,297,310,324,324,336,16,34,34,34,34,135,135,149,160,170,12,28,28,28,62,134,146,146,178,178,206,206,206],"floor_reached":51,"language":"ENG","playtime":4930,"items_purged":[],"score":917,"play_id":"8aece2d2-a8a4-4bd3-870d-e9b24ad15353","local_time":"20210226011352","is_ascension_mode":false,"campfire_choices":[{"data":"Corruption","floor":6,"key":"SMITH"},{"floor":15,"key":"REST"},{"data":"Dark Embrace","floor":30,"key":"SMITH"},{"data":"Juggernaut","floor":32,"key":"SMITH"},{"data":"Enlightenment","floor":40,"key":"SMITH"},{"data":"Feel No Pain","floor":45,"key":"SMITH"},{"data":"Heavy Blade","floor":47,"key":"SMITH"},{"floor":49,"key":"REST"}],"circlet_count":0,"master_deck":["Strike_R","Strike_R","Strike_R","Strike_R","Defend_R","Defend_R","Defend_R","Defend_R","Bash","Corruption+1","Entrench","Clothesline","Juggernaut+1","Dark Embrace+1","Spot Weakness","Seeing Red","Shrug It Off","Heavy Blade+1","Armaments","Bludgeon","Armaments","Shrug It Off","Seeing Red","Shrug It Off","Spot Weakness","True Grit","Feed","Flame Barrier","Feel No Pain+1","Body Slam","Shrug It Off+1","Seeing Red","Power Through","Dual Wield","True Grit","Spot Weakness","Demon Form+1","The Bomb","Power Through","Brutality+1","Ghostly","Ghostly","Ghostly","Ghostly","Ghostly","Limit Break","Flame Barrier","Armaments","Shrug It Off","Headbutt+1","Seeing Red","Shrug It Off","Enlightenment+1","Anger","Thunderclap","Metallicize+1","Flame Barrier+1","Ghostly Armor+1","Seeing Red+1","Rupture+1","Feel No Pain+1"],"relics":["Burning Blood","Orrery","Blood Vial","Prayer Wheel","Sozu","Red Mask","Oddly Smooth Stone","Frozen Egg 2","Magic Flower","Runic Cube","Nunchaku","Strawberry","Darkstone Periapt","Question Card","Ancient Tea Set"],"acts_visited":["Exordium","TheCity","TheBeyond"],"potions_floor_usage":[5,10,12,14,19,27,48],"damage_taken":[{"damage":8,"enemies":"Cultist","floor":1,"turns":5},{"damage":0,"enemies":"Small Slimes","floor":2,"turns":4},{"damage":4,"enemies":"2 Louse","floor":3,"turns":3},{"damage":30,"enemies":"Large Slime","floor":4,"turns":7},{"damage":23,"enemies":"Gremlin Gang","floor":5,"turns":5},{"damage":16,"enemies":"Exordium Wildlife","floor":8,"turns":4},{"damage":18,"enemies":"Blue Slaver","floor":10,"turns":4},{"damage":27,"enemies":"3 Sentries","floor":11,"turns":8},{"damage":9,"enemies":"Lots of Slimes","floor":12,"turns":5},{"damage":0,"enemies":"Looter","floor":13,"turns":3},{"damage":10,"enemies":"3 Louse","floor":14,"turns":4},{"damage":18,"enemies":"Slime Boss","floor":16,"turns":12},{"damage":11,"enemies":"2 Thieves","floor":18,"turns":4},{"damage":24,"enemies":"Masked Bandits","floor":19,"turns":5},{"damage":4,"enemies":"Spheric Guardian","floor":22,"turns":4},{"damage":21,"enemies":"Book of Stabbing","floor":23,"turns":6},{"damage":5,"enemies":"Centurion and Healer","floor":24,"turns":6},{"damage":0,"enemies":"Snake Plant","floor":25,"turns":4},{"damage":0,"enemies":"3 Cultists","floor":27,"turns":6},{"damage":16,"enemies":"Cultist and Chosen","floor":29,"turns":5},{"damage":5,"enemies":"Collector","floor":33,"turns":6},{"damage":3,"enemies":"3 Shapes","floor":35,"turns":4},{"damage":3,"enemies":"Orb Walker","floor":36,"turns":4},{"damage":5,"enemies":"4 Shapes","floor":37,"turns":6},{"damage":8,"enemies":"Maw","floor":39,"turns":8},{"damage":10,"enemies":"Giant Head","floor":42,"turns":9},{"damage":15,"enemies":"3 Darklings","floor":44,"turns":5},{"damage":9,"enemies":"Nemesis","floor":46,"turns":7},{"damage":42,"enemies":"Reptomancer","floor":48,"turns":8},{"damage":10,"enemies":"Time Eater","floor":50,"turns":10}],"seed_played":"8980936374642558636","potions_obtained":[{"floor":1,"key":"AttackPotion"},{"floor":5,"key":"BloodPotion"},{"floor":11,"key":"EssenceOfSteel"},{"floor":12,"key":"SkillPotion"},{"floor":13,"key":"DuplicationPotion"},{"floor":14,"key":"Fruit Juice"},{"floor":16,"key":"DuplicationPotion"}],"is_trial":false,"path_per_floor":["M","M","M","M","M","R","$","M","T","M","E","M","M","M","R","B",null,"M","?","?","?","M","E","M","M","T","M","$","M","R","?","R","B",null,"M","M","M","$","M","R","?","E","T","M","R","E","R","E","R","B",null],"character_chosen":"IRONCLAD","items_purchased":["Orrery","Demon Form+1","The Bomb","Enlightenment","Anger","Thunderclap"],"campfire_rested":2,"item_purchase_floors":[7,28,28,38,38,38],"current_hp_per_floor":[78,80,80,56,39,39,39,29,29,35,16,15,23,26,51,41,85,80,67,67,67,74,61,64,72,72,89,89,90,90,48,48,48,48,48,51,54,54,54,54,54,64,64,58,58,61,61,36,56,58],"gold":206,"neow_bonus":"ONE_RANDOM_RARE_CARD","is_daily":false,"chose_seed":false,"campfire_upgraded":6,"win_rate":0.0,"timestamp":1614323632,"path_taken":["M","M","M","M","M","R","$","M","T","M","E","M","M","?","R","BOSS","M","?","?","?","M","E","?","M","T","M","$","M","R","?","R","BOSS","M","M","M","$","M","R","?","E","T","M","R","E","R","E","R","BOSS"],"items_purchased_type":["Relic","Card","Card","Card","Card","Card"],"build_version":"2020-12-22","purchased_purges":0,"victory":true,"max_hp_per_floor":[80,80,80,80,80,80,80,80,80,80,80,80,80,85,85,85,85,85,88,88,88,91,91,91,91,91,94,94,97,97,48,48,48,48,48,51,54,54,54,54,54,64,64,64,64,64,64,67,67,67],"card_choices":[{"not_picked":["Rupture","Iron Wave"],"picked":"Entrench","floor":1},{"not_picked":["Battle Trance","Sever Soul"],"picked":"Clothesline","floor":2},{"not_picked":["Clothesline","Combust","Sever Soul"],"picked":"SKIP","floor":3},{"not_picked":["Anger","Clothesline"],"picked":"Juggernaut","floor":4},{"not_picked":["Anger","Armaments"],"picked":"Dark Embrace","floor":5},{"not_picked":["Pommel Strike","Headbutt"],"picked":"Spot Weakness","floor":7},{"not_picked":["Infernal Blade","Rampage"],"picked":"Seeing Red","floor":7},{"not_picked":["Anger","Bloodletting"],"picked":"Shrug It Off","floor":7},{"not_picked":["Pommel Strike","Perfected Strike"],"picked":"Heavy Blade","floor":7},{"not_picked":["Clash","Perfected Strike"],"picked":"Armaments","floor":8},{"not_picked":["Rupture","Hemokinesis"],"picked":"Bludgeon","floor":10},{"not_picked":["Twin Strike","Infernal Blade"],"picked":"Armaments","floor":11},{"not_picked":["Body Slam","True Grit"],"picked":"Shrug It Off","floor":12},{"not_picked":["Anger","Pommel Strike","Twin Strike"],"picked":"SKIP","floor":12},{"not_picked":["Blood for Blood","Carnage"],"picked":"Seeing Red","floor":13},{"not_picked":["Clash","Cleave"],"picked":"Shrug It Off","floor":13},{"not_picked":["Intimidate","Rampage"],"picked":"Spot Weakness","floor":14},{"not_picked":["Reckless Charge","Sword Boomerang"],"picked":"True Grit","floor":14},{"not_picked":["Bludgeon","Corruption"],"picked":"Feed","floor":16},{"not_picked":["Blood for Blood","Heavy Blade"],"picked":"Flame Barrier","floor":18},{"not_picked":["Twin Strike","Carnage"],"picked":"Feel No Pain","floor":18},{"not_picked":["Twin Strike+1","Headbutt+1"],"picked":"Body Slam","floor":19},{"not_picked":["Sword Boomerang","Perfected Strike"],"picked":"Shrug It Off+1","floor":22},{"not_picked":["Intimidate","Flex"],"picked":"Seeing Red","floor":22},{"not_picked":["Flex+1","Seeing Red"],"picked":"Power Through","floor":23},{"not_picked":["Blood for Blood","Inflame+1"],"picked":"Dual Wield","floor":24},{"not_picked":["Clothesline","Sword Boomerang","Twin Strike"],"picked":"SKIP","floor":24},{"not_picked":["Sever Soul+1","Brutality+1"],"picked":"True Grit","floor":25},{"not_picked":["Cleave","Inflame+1","Perfected Strike+1"],"picked":"SKIP","floor":25},{"not_picked":["Twin Strike+1","Flex"],"picked":"Spot Weakness","floor":27},{"not_picked":["Pummel+1","Iron Wave","Rupture+1"],"picked":"SKIP","floor":27},{"not_picked":["Twin Strike","Burning Pact"],"picked":"Power Through","floor":29},{"not_picked":["Thunderclap","Armaments"],"picked":"Brutality+1","floor":29},{"not_picked":["Feed","Corruption+1"],"picked":"Limit Break","floor":33},{"not_picked":["Body Slam","Headbutt+1"],"picked":"Flame Barrier","floor":35},{"not_picked":["Headbutt+1","Perfected Strike+1"],"picked":"Armaments","floor":35},{"not_picked":["Rampage","Clash+1"],"picked":"Shrug It Off","floor":36},{"not_picked":["Thunderclap+1","Headbutt+1","Iron Wave+1"],"picked":"SKIP","floor":36},{"not_picked":["Thunderclap+1","Iron Wave+1"],"picked":"Headbutt+1","floor":36},{"not_picked":["True Grit+1","Body Slam+1"],"picked":"Seeing Red","floor":37},{"not_picked":["Intimidate","Rage+1"],"picked":"Shrug It Off","floor":37},{"not_picked":["Perfected Strike+1","Heavy Blade"],"picked":"Metallicize+1","floor":39},{"not_picked":["Heavy Blade","Dark Embrace+1"],"picked":"Flame Barrier+1","floor":39},{"not_picked":["True Grit+1","Fire Breathing+1"],"picked":"Ghostly Armor+1","floor":42},{"not_picked":["Perfected Strike","Intimidate+1"],"picked":"Seeing Red+1","floor":44},{"not_picked":["Entrench","Second Wind+1"],"picked":"Rupture+1","floor":44},{"not_picked":["Entrench","Spot Weakness+1","Feed"],"picked":"SKIP","floor":46},{"not_picked":["Combust+1","Dual Wield+1","Limit Break"],"picked":"Feel No Pain+1","floor":48}],"player_experience":8028,"relics_obtained":[{"floor":9,"key":"Blood Vial"},{"floor":11,"key":"Prayer Wheel"},{"floor":19,"key":"Red Mask"},{"floor":23,"key":"Frozen Egg 2"},{"floor":26,"key":"Magic Flower"},{"floor":41,"key":"Nunchaku"},{"floor":42,"key":"Strawberry"},{"floor":43,"key":"Darkstone Periapt"},{"floor":46,"key":"Question Card"},{"floor":48,"key":"Ancient Tea Set"}],"event_choices":[{"damage_healed":0,"gold_gain":0,"player_choice":"Fought Bandits","damage_taken":0,"max_hp_gain":0,"max_hp_loss":0,"event_name":"Masked Bandits","floor":19,"gold_loss":0},{"damage_healed":0,"gold_gain":0,"player_choice":"Opened","damage_taken":0,"relics_obtained":["Oddly Smooth Stone"],"max_hp_gain":0,"max_hp_loss":0,"event_name":"The Mausoleum","floor":20,"gold_loss":0},{"cards_removed":["Strike_R"],"damage_healed":0,"gold_gain":0,"player_choice":"Purged","damage_taken":0,"max_hp_gain":0,"max_hp_loss":0,"event_name":"Purifier","floor":21,"gold_loss":0},{"damage_healed":0,"gold_gain":0,"player_choice":"Became a Ghost","damage_taken":0,"max_hp_gain":0,"max_hp_loss":49,"event_name":"Ghosts","floor":31,"gold_loss":0,"cards_obtained":["Ghostly","Ghostly","Ghostly","Ghostly","Ghostly"]},{"damage_healed":0,"gold_gain":0,"player_choice":"Relic","damage_taken":0,"max_hp_gain":0,"max_hp_loss":0,"event_name":"Wheel of Change","floor":41,"gold_loss":0}],"is_beta":false,"boss_relics":[{"not_picked":["Black Blood","Busted Crown"],"picked":"Sozu"},{"not_picked":["SacredBark","Velvet Choker"],"picked":"Runic Cube"}],"items_purged_floors":[],"is_endless":false,"potions_floor_spawned":[1,5,11,12,13,14,16,18,22,24,25,27,29,35,39,42,46],"ascension_level":0}}