{"host":"sqt6c5vt7d1y5xtt","time":1614310240,"event":{"mods":["AchievementEnabler","BaseMod","Block Reminder","Lobotomy","Minty Spire (QoL Compilation)","Quick Restart"],"gold_per_floor":[114,114,114,114,124,124,134,134,134,134,209,221,221,239,239,342,342,352,363,381,401,411,411,411,411],"floor_reached":24,"language":"KOR","playtime":1017,"items_purged":[],"score":215,"play_id":"3380a3c4-463d-41bf-ac66-93a440e6a773","local_time":"20210226003040","is_ascension_mode":false,"campfire_choices":[{"data":"Combust","floor":6,"key":"SMITH"},{"data":"Pommel Strike","floor":8,"key":"SMITH"},{"data":"Shrug It Off","floor":13,"key":"SMITH"},{"data":"Infernal Blade","floor":15,"key":"SMITH"},{"data":"Shockwave","floor":23,"key":"SMITH"}],"circlet_count":0,"master_deck":["Strike_R","Strike_R","Strike_R","Defend_R","Defend_R","Defend_R","Bash+1","OldLady","Shrug It Off+1","BigBadWolf","Combust+1","UniverseFragment","Pommel Strike+1","OSAHOGD","Thunderclap","HappyTeddy","Infernal Blade+1","GreedKing","Limit Break","Freischutz","DreamingCurrent","Shrug It Off","BigBird","Shockwave+1","Wellcheers","True Grit","QueenOfHatred","Clothesline"],"relics":["Burning Blood","CogitoBucket","Bag of Preparation","Black Star","AspirationHeart"],"acts_visited":["Exordium","TheCity"],"potions_floor_usage":[16,20,20,20,21,22],"damage_taken":[{"damage":6,"enemies":"2 Louse","floor":1,"turns":3},{"damage":6,"enemies":"Jaw Worm","floor":5,"turns":3},{"damage":0,"enemies":"Cultist","floor":7,"turns":3},{"damage":11,"enemies":"Gremlin Gang","floor":12,"turns":2},{"damage":0,"enemies":"2 Fungi Beasts","floor":14,"turns":4},{"damage":16,"enemies":"Slime Boss","floor":16,"turns":10},{"damage":19,"enemies":"Shell Parasite","floor":18,"turns":3},{"damage":17,"enemies":"Chosen","floor":19,"turns":5},{"damage":74,"enemies":"Shelled Parasite and Fungi","floor":20,"turns":6},{"damage":51,"enemies":"Snake Plant","floor":21,"turns":6},{"damage":44,"enemies":"Centurion and Healer","floor":22,"turns":12},{"damage":93,"enemies":"Slavers","floor":24,"turns":4}],"seed_played":"5025620364188215408","potions_obtained":[{"floor":1,"key":"BloodPotion"},{"floor":7,"key":"SteroidPotion"},{"floor":14,"key":"Fire Potion"},{"floor":19,"key":"SkillPotion"},{"floor":20,"key":"GamblersBrew"},{"floor":21,"key":"ColorlessPotion"}],"is_trial":false,"path_per_floor":["M","?","$","?","M","R","M","R","T","?","?","M","R","M","R","B",null,"M","M","M","M","M","R","E"],"character_chosen":"IRONCLAD","items_purchased":[],"campfire_rested":0,"item_purchase_floors":[],"current_hp_per_floor":[80,80,80,85,85,85,85,85,85,78,67,62,62,68,68,58,85,82,71,22,13,56,56,0,0],"gold":411,"neow_bonus":"","is_daily":false,"chose_seed":false,"campfire_upgraded":5,"win_rate":0.0,"timestamp":1614310240,"path_taken":["M","?","$","?","M","R","M","R","T","?","?","M","R","M","R","BOSS","M","M","M","M","M","R","E"],"items_purchased_type":[],"build_version":"2020-12-22","purchased_purges":0,"victory":false,"max_hp_per_floor":[80,80,80,85,85,85,85,85,85,85,85,85,85,85,85,85,85,95,95,95,95,95,95,95,95],"card_choices":[{"not_picked":["WallGazer","VoidDream"],"picked":"OldLady","floor":1},{"not_picked":["Sword Boomerang","Intimidate"],"picked":"Shrug It Off","floor":1},{"not_picked":["MeatLantern","LittlePrince"],"picked":"BigBadWolf","floor":5},{"not_picked":["Headbutt","Twin Strike"],"picked":"Combust","floor":5},{"not_picked":["Porccubus","VoidDream"],"picked":"UniverseFragment","floor":7},{"not_picked":["Blood for Blood","Rage"],"picked":"Pommel Strike","floor":7},{"not_picked":["Rudolta","SpiderBud"],"picked":"OSAHOGD","floor":12},{"not_picked":["Whirlwind","Evolve"],"picked":"Thunderclap","floor":12},{"not_picked":["FieryBird","LittlePrince"],"picked":"HappyTeddy","floor":14},{"not_picked":["Fire Breathing","Heavy Blade"],"picked":"Infernal Blade","floor":14},{"not_picked":["Porccubus","PunishingBird"],"picked":"GreedKing","floor":16},{"not_picked":["Brutality","Double Tap"],"picked":"Limit Break","floor":16},{"not_picked":["Murderer","CrumblingArmor"],"picked":"Freischutz","floor":18},{"not_picked":["Flame Barrier","Dark Embrace+1"],"picked":"Thunderclap","floor":18},{"not_picked":["PunishingBird","MHz","MeatLantern"],"picked":"Singing Bowl","floor":19},{"not_picked":["FairyFestival","GalaxyChild"],"picked":"DreamingCurrent","floor":19},{"not_picked":["Sentinel","Twin Strike"],"picked":"Shrug It Off","floor":19},{"not_picked":["Funeral","QueenBee"],"picked":"BigBird","floor":20},{"not_picked":["Clash","Sentinel"],"picked":"Shockwave","floor":20},{"not_picked":["GalaxyChild","Funeral"],"picked":"Wellcheers","floor":21},{"not_picked":["Immolate","Shockwave"],"picked":"True Grit","floor":21},{"not_picked":["MHz","Yin"],"picked":"QueenOfHatred","floor":22},{"not_picked":["Bloodletting+1","Havoc+1"],"picked":"Clothesline","floor":22}],"player_experience":163610,"relics_obtained":[{"floor":9,"key":"Bag of Preparation"}],"event_choices":[{"damage_healed":0,"gold_gain":0,"player_choice":"Grow","damage_taken":0,"max_hp_gain":0,"max_hp_loss":0,"event_name":"Living Wall","floor":2,"gold_loss":0,"cards_upgraded":["Bash"]},{"damage_healed":0,"gold_gain":0,"player_choice":"Donut","damage_taken":0,"max_hp_gain":5,"max_hp_loss":0,"event_name":"Big Fish","floor":4,"gold_loss":0},{"cards_removed":["Strike_R"],"damage_healed":0,"gold_gain":0,"player_choice":"Card Removal","damage_taken":7,"max_hp_gain":0,"max_hp_loss":0,"event_name":"Golden Wing","floor":10,"gold_loss":0},{"damage_healed":0,"gold_gain":75,"player_choice":"Gather Gold","damage_taken":11,"max_hp_gain":0,"max_hp_loss":0,"event_name":"World of Goop","floor":11,"gold_loss":0}],"is_beta":false,"boss_relics":[{"not_picked":["Runic Pyramid","Empty Cage"],"picked":"Black Star"}],"items_purged_floors":[],"is_endless":false,"potions_floor_spawned":[1,7,14,19,20,21],"killed_by":"Slavers","ascension_level":0}}