{"host":"by8i6f8xc0ywpsd5","time":1614337422,"event":{"mods":["BaseMod","Colored Map","Minty Spire (QoL Compilation)","Relic Stats"],"gold_per_floor":[118,118,129,129,29,61,71,106,132,132,32,32,52,79,79,155,155,169,198,34,34,34,60,60,85,85,85,112,6,16,43,43,121,121,140,157,157,182,232,260,260,293,318,344,344,53,70,90,90,90,90,90,90,34,65,65],"floor_reached":57,"language":"ENG","playtime":3700,"items_purged":["Strike_R","Strike_R","Strike_R","Strike_R+1"],"score":3085,"play_id":"fd2b3ccb-ae11-4cc8-9500-cb4f8b000575","local_time":"20210226130342","is_ascension_mode":true,"campfire_choices":[{"data":"Whirlwind","floor":10.0,"key":"SMITH"},{"data":"Uppercut","floor":12.0,"key":"SMITH"},{"floor":15.0,"key":"REST"},{"data":"Armaments","floor":24.0,"key":"SMITH"},{"floor":27.0,"key":"REST"},{"floor":32.0,"key":"REST"},{"data":"Forethought","floor":41.0,"key":"SMITH"},{"floor":49.0,"key":"RECALL"},{"data":"True Grit","floor":53,"key":"SMITH"}],"circlet_count":0,"master_deck":["AscendersBane","Strike_R+1","Defend_R","Defend_R+1","Defend_R","Defend_R","Bash","Battle Trance","Whirlwind+1","Headbutt","Armaments+1","Feel No Pain","Shrug It Off","Corruption","Shrug It Off","Dropkick+1","Dark Embrace","Pommel Strike+1","Flex","Feed","Bloodletting","Reaper","Shrug It Off","Forethought+1","Dark Shackles","Blind","Shockwave","Burning Pact","Disarm","Feel No Pain+1","True Grit+1","Shrug It Off","Seeing Red+1"],"relics":["Burning Blood","NeowsBlessing","Juzu Bracelet","Blood Vial","Nunchaku","Pen Nib","Ginger","Runic Pyramid","Red Mask","Orichalcum","Whetstone","Bronze Scales","Centennial Puzzle","Art of War","Coffee Dripper","Calipers","Anchor","InkBottle","Darkstone Periapt","Happy Flower"],"acts_visited":["Exordium","TheCity","TheBeyond","TheEnding"],"potions_floor_usage":[56,56],"damage_taken":[{"damage":0.0,"enemies":"Cultist","floor":1.0,"turns":1.0},{"damage":0.0,"enemies":"2 Louse","floor":3.0,"turns":1.0},{"damage":0.0,"enemies":"3 Sentries","floor":6.0,"turns":2.0},{"damage":7.0,"enemies":"Jaw Worm","floor":7.0,"turns":3.0},{"damage":20.0,"enemies":"Lagavulin","floor":8.0,"turns":7.0},{"damage":9.0,"enemies":"2 Fungi Beasts","floor":13.0,"turns":4.0},{"damage":24.0,"enemies":"Gremlin Nob","floor":14.0,"turns":4.0},{"damage":30.0,"enemies":"The Guardian","floor":16.0,"turns":16.0},{"damage":0.0,"enemies":"Chosen","floor":18.0,"turns":6.0},{"damage":0.0,"enemies":"Masked Bandits","floor":19.0,"turns":2.0},{"damage":0.0,"enemies":"Gremlin Leader","floor":23.0,"turns":6.0},{"damage":54.0,"enemies":"Book of Stabbing","floor":25.0,"turns":7.0},{"damage":43.0,"enemies":"Slavers","floor":28.0,"turns":6.0},{"damage":0.0,"enemies":"3 Byrds","floor":30.0,"turns":3.0},{"damage":11.0,"enemies":"Book of Stabbing","floor":31.0,"turns":5.0},{"damage":11.0,"enemies":"Collector","floor":33.0,"turns":8.0},{"damage":0.0,"enemies":"Orb Walker","floor":35.0,"turns":3.0},{"damage":30.0,"enemies":"3 Darklings","floor":36.0,"turns":6.0},{"damage":3.0,"enemies":"Mind Bloom Boss Battle","floor":38.0,"turns":4.0},{"damage":6.0,"enemies":"Giant Head","floor":40.0,"turns":5.0},{"damage":25.0,"enemies":"Reptomancer","floor":42.0,"turns":4.0},{"damage":3.0,"enemies":"Giant Head","floor":44.0,"turns":4.0},{"damage":3.0,"enemies":"Spire Growth","floor":47.0,"turns":5.0},{"damage":3.0,"enemies":"Maw","floor":48.0,"turns":3.0},{"damage":5.0,"enemies":"Donu and Deca","floor":50.0,"turns":5.0},{"damage":61,"enemies":"Awakened One","floor":51,"turns":9},{"damage":3,"enemies":"Shield and Spear","floor":55,"turns":2},{"damage":51,"enemies":"The Heart","floor":56,"turns":9}],"seed_played":"8730118255164125782","potions_obtained":[{"floor":1.0,"key":"EntropicBrew"},{"floor":3.0,"key":"FearPotion"},{"floor":19.0,"key":"BlessingOfTheForge"},{"floor":28.0,"key":"EssenceOfSteel"},{"floor":31.0,"key":"Strength Potion"},{"floor":47.0,"key":"PowerPotion"}],"is_trial":false,"path_per_floor":["M","?","M","?","$","E","M","E","T","R","$","R","M","E","R","B",null,"M","?","$","?","?","E","R","E","T","R","E","$","M","E","R","B",null,"M","M","?","?","?","E","R","E","T","E","?","$","M","M","R","B","B",null,"R","$","E","B",null],"character_chosen":"IRONCLAD","items_purchased":["Headbutt","Dark Embrace","Flex","SkillPotion","True Grit","Ancient Potion","Shrug It Off"],"campfire_rested":3,"item_purchase_floors":[5,20,29,29,46,46,54],"current_hp_per_floor":[74,63,69,46,46,52,53,41,41,41,41,41,40,24,46,24,62,70,75,75,75,75,75,75,27,27,49,14,14,22,23,46,47,74,86,86,76,94,94,98,98,97,97,106,106,106,110,114,114,118,73,110,110,110,118,81],"gold":65,"neow_bonus":"THREE_ENEMY_KILL","is_daily":false,"chose_seed":false,"campfire_upgraded":5,"win_rate":0.0,"timestamp":1614337422,"path_taken":["M","?","M","?","$","E","M","E","T","R","$","R","M","E","R","BOSS","M","?","$","?","?","E","R","E","T","R","E","$","M","E","R","BOSS","M","M","?","?","?","E","R","E","T","E","?","$","M","M","R","BOSS","BOSS","R","$","E","BOSS"],"items_purchased_type":["Card","Card","Card","Potion","Card","Potion","Card"],"build_version":"2020-12-22","purchased_purges":4,"victory":true,"max_hp_per_floor":[75,75,75,75,75,75,75,75,75,75,75,75,75,75,75,75,75,75,75,75,75,75,75,75,75,75,75,75,75,75,79,79,83,83,86,90,90,94,94,98,98,102,102,106,106,106,110,114,114,118,122,122,122,122,125,125],"relic_stats":{"Darkstone Periapt":0,"Happy Flower":[3],"counters":[28,140],"Pen Nib":[34],"Juzu Bracelet":1,"Ginger":[24],"Whetstone":["Strike_R","Pommel Strike"],"Orichalcum":[54],"Burning Blood":130,"Blood Vial":32,"Nunchaku":[34],"Centennial Puzzle":[33],"Bronze Scales":[373],"Art of War":[13],"obtain_stats":[{"Darkstone Periapt":44,"Calipers":38,"NeowsBlessing":0,"Happy Flower":55,"Pen Nib":9,"Juzu Bracelet":2,"Ginger":14,"Whetstone":25,"Orichalcum":23,"Burning Blood":0,"Blood Vial":6,"Nunchaku":8,"Centennial Puzzle":28,"Anchor":40,"Bronze Scales":26,"Red Mask":19,"Art of War":31,"Coffee Dripper":34,"InkBottle":42,"Runic Pyramid":17},{"Darkstone Periapt":22,"Calipers":19,"NeowsBlessing":0,"Happy Flower":27,"Pen Nib":5,"Juzu Bracelet":1,"Ginger":7,"Whetstone":12,"Orichalcum":11,"Burning Blood":0,"Blood Vial":3,"Nunchaku":5,"Centennial Puzzle":13,"Anchor":20,"Bronze Scales":12,"Red Mask":10,"Art of War":15,"Coffee Dripper":16,"InkBottle":21,"Runic Pyramid":8},{"Darkstone Periapt":107,"Calipers":94,"NeowsBlessing":0,"Happy Flower":131,"Pen Nib":14,"Juzu Bracelet":1,"Ginger":22,"Whetstone":59,"Orichalcum":52,"Burning Blood":0,"Blood Vial":4,"Nunchaku":14,"Centennial Puzzle":65,"Anchor":99,"Bronze Scales":59,"Red Mask":46,"Art of War":73,"Coffee Dripper":81,"InkBottle":103,"Runic Pyramid":38}],"InkBottle":[15]},"card_choices":[{"not_picked":["Intimidate","Shrug It Off"],"picked":"Battle Trance","floor":1.0},{"not_picked":["Evolve","Twin Strike"],"picked":"Whirlwind","floor":3.0},{"not_picked":["Warcry","Iron Wave"],"picked":"Armaments","floor":6.0},{"not_picked":["Anger","Headbutt"],"picked":"Uppercut","floor":7.0},{"not_picked":["Pommel Strike","Dark Embrace"],"picked":"Feel No Pain","floor":8.0},{"not_picked":["Heavy Blade","Wild Strike","Thunderclap"],"picked":"SKIP","floor":13.0},{"not_picked":["Entrench","Juggernaut"],"picked":"Shrug It Off","floor":14.0},{"not_picked":["Berserk","Exhume"],"picked":"Corruption","floor":16.0},{"not_picked":["Ghostly Armor","Cleave"],"picked":"Shrug It Off","floor":18.0},{"not_picked":["True Grit","Evolve"],"picked":"Dropkick+1","floor":19.0},{"not_picked":["Wild Strike","Iron Wave","Sever Soul"],"picked":"SKIP","floor":23.0},{"not_picked":["Perfected Strike+1","Combust"],"picked":"Pommel Strike","floor":25.0},{"not_picked":["Thunderclap","Anger","Wild Strike"],"picked":"SKIP","floor":28.0},{"not_picked":["Shrug It Off","Cleave"],"picked":"Feed","floor":30.0},{"not_picked":["Thunderclap","Iron Wave"],"picked":"Bloodletting","floor":31.0},{"not_picked":["Berserk","Corruption"],"picked":"Reaper","floor":33.0},{"not_picked":["Cleave+1","Power Through","Pummel"],"picked":"SKIP","floor":35.0},{"not_picked":["Sword Boomerang+1","Rage"],"picked":"Shrug It Off","floor":36.0},{"not_picked":["Mind Blast","Deep Breath"],"picked":"Forethought","floor":37.0},{"not_picked":["Jack Of All Trades","The Bomb"],"picked":"Dark Shackles","floor":37.0},{"not_picked":["Mayhem","Apotheosis"],"picked":"Blind","floor":37.0},{"not_picked":["True Grit","Warcry+1"],"picked":"Shockwave","floor":38.0},{"not_picked":["Rampage","Flex"],"picked":"Burning Pact","floor":40.0},{"not_picked":["Pommel Strike","Warcry+1"],"picked":"Disarm","floor":42.0},{"not_picked":["Reckless Charge","Iron Wave"],"picked":"Feel No Pain+1","floor":44.0},{"not_picked":["Sever Soul+1","Immolate","Whirlwind+1"],"picked":"SKIP","floor":47.0},{"not_picked":["Sever Soul+1","Immolate","Whirlwind+1"],"picked":"SKIP","floor":47.0},{"not_picked":["Warcry","Heavy Blade","Reckless Charge"],"picked":"SKIP","floor":48.0},{"not_picked":["Anger","Shockwave"],"picked":"Seeing Red+1","floor":55}],"player_experience":1799002,"relics_obtained":[{"floor":6.0,"key":"Blood Vial"},{"floor":8.0,"key":"Nunchaku"},{"floor":9.0,"key":"Pen Nib"},{"floor":14.0,"key":"Ginger"},{"floor":19.0,"key":"Red Mask"},{"floor":23.0,"key":"Orichalcum"},{"floor":25.0,"key":"Whetstone"},{"floor":26.0,"key":"Bronze Scales"},{"floor":28.0,"key":"Centennial Puzzle"},{"floor":31.0,"key":"Art of War"},{"floor":38.0,"key":"Calipers"},{"floor":40.0,"key":"Anchor"},{"floor":42.0,"key":"InkBottle"},{"floor":44.0,"key":"Darkstone Periapt"},{"floor":55,"key":"Happy Flower"}],"event_choices":[{"damage_healed":0.0,"max_hp_gain":0.0,"max_hp_loss":0.0,"gold_gain":0.0,"event_name":"Scrap Ooze","player_choice":"Success","floor":2.0,"gold_loss":0.0,"damage_taken":11.0,"relics_obtained":["Juzu Bracelet"]},{"damage_healed":0.0,"max_hp_gain":0.0,"max_hp_loss":0.0,"gold_gain":0.0,"event_name":"Shining Light","player_choice":"Entered Light","floor":4.0,"gold_loss":0.0,"damage_taken":23.0,"cards_upgraded":["Defend_R","Strike_R"]},{"damage_healed":0.0,"max_hp_gain":0.0,"max_hp_loss":0.0,"gold_gain":0.0,"event_name":"Masked Bandits","player_choice":"Fought Bandits","floor":19.0,"gold_loss":0.0,"damage_taken":0.0},{"damage_healed":0.0,"max_hp_gain":0.0,"max_hp_loss":0.0,"gold_gain":0.0,"event_name":"Vampires","player_choice":"Ignored","floor":21.0,"gold_loss":0.0,"damage_taken":0.0},{"damage_healed":0.0,"max_hp_gain":0.0,"max_hp_loss":0.0,"gold_gain":0.0,"event_name":"SensoryStone","player_choice":"Memory 3","floor":37.0,"gold_loss":0.0,"damage_taken":10.0},{"damage_healed":0.0,"max_hp_gain":0.0,"max_hp_loss":0.0,"gold_gain":0.0,"event_name":"MindBloom","player_choice":"Fight","floor":38.0,"gold_loss":0.0,"damage_taken":0.0},{"damage_healed":0.0,"max_hp_gain":0.0,"max_hp_loss":0.0,"gold_gain":50.0,"event_name":"Golden Shrine","player_choice":"Pray","floor":39.0,"gold_loss":0.0,"damage_taken":0.0},{"cards_removed":["Uppercut"],"damage_healed":0.0,"max_hp_gain":0.0,"max_hp_loss":0.0,"gold_gain":0.0,"event_name":"Falling","player_choice":"Removed Attack","floor":45.0,"gold_loss":0.0,"damage_taken":0.0}],"is_beta":false,"boss_relics":[{"not_picked":["SlaversCollar","Ectoplasm"],"picked":"Runic Pyramid"},{"not_picked":["Pandora\u0027s Box","Tiny House"],"picked":"Coffee Dripper"}],"items_purged_floors":[5,11,20,46],"is_endless":false,"potions_floor_spawned":[1,3,13,19,23,25,28,31,38,47,48],"ascension_level":20}}