{"host":"flm17o2q7bfjyna6","time":1614351357,"event":{"mods":["2.2 Compatiblity","Act Like it!","BaseMod","Better Altar","Better Match","Better Note","Better Sensory Stone","Better Skull","Better Third Choice","Better Vampires","Colored Map","Colored Powertips","DeckTracker","Downfall","Fox Events","Minty Spire (QoL Compilation)","Quick Restart","Reworked Bosses","Spicy Shops","StSLib","TheSwordswoman","Wandering Minibosses"],"gold_per_floor":[114,289,239,14,29,59,59,89,139,139,154,154,154,169,169,269,269,284,305,305,3,18,18,48,60,97,109,136,148,190,217,229,341,353,680,914,941,953,438,438,493,493,518,122,137,177,177,192,192,192],"floor_reached":51,"language":"ENG","playtime":2181,"items_purged":["Madness"],"score":996,"play_id":"f2e1d3df-98a8-4740-a56f-edebc4f877d2","local_time":"20210226095557","daily_mods":["SealedDeck","Vintage","Lethality"],"is_ascension_mode":false,"campfire_choices":[{"data":"Guardian:CrystalBeam","floor":7,"key":"SMITH"},{"data":"Guardian:RollAttack","floor":12,"key":"SMITH"},{"data":"Guardian:PrismaticBarrier","floor":15,"key":"SMITH"},{"data":"Guardian:FloatingOrbs","floor":23,"key":"SMITH"},{"data":"Guardian:Suspension","floor":25,"key":"SMITH"},{"data":"Guardian:EvasiveProtocol","floor":29,"key":"SMITH"},{"data":"Guardian:GatlingBeam","floor":32,"key":"SMITH"},{"data":"Guardian:StasisField","floor":40,"key":"SMITH"},{"data":"Madness","floor":42,"key":"SMITH"},{"floor":47,"key":"DIG"},{"floor":49,"key":"DIG"}],"circlet_count":0,"master_deck":["Guardian:Orbwalk","Guardian:TemporalStrike+1","Guardian:RollAttack+1","Guardian:PrimingBeam+1","Guardian:PrismaticBarrier+1","Guardian:CrystalBeam+1","Guardian:EvasiveProtocol+1","Guardian:GatlingBeam+1","Guardian:FloatingOrbs+1","Guardian:Suspension+1","Guardian:DonusPower+1","Guardian:BronzeOrb+1","Guardian:StasisField+1","Madness+1","HandOfGreed+1","Good Instincts+1","Guardian:WalkerClaw+1","Guardian:Orbwalk","Guardian:Incinerate+1"],"relics":["Guardian:ModeShifterPlus","Guardian:PocketSentry","MealTicket","Medical Kit","bronze:BronzeIdol","Mango","Bag of Marbles","Vajra","Nunchaku","InkBottle","Centennial Puzzle","SlaversCollar","Gambling Chip","Red Mask","Happy Flower","Membership Card","Slimebound:PreparedRelic","Bronze Scales","MawBank","Ancient Tea Set","Molten Egg 2","Regal Pillow","Art of War","Old Coin","Mummified Hand","Juzu Bracelet","Whetstone","ClockworkSouvenir","TheAbacus","FossilizedHelix","Lantern","Guardian:StasisUpgradeRelic","PreservedInsect","War Paint","bronze:DecasWashers","Shovel","Guardian:StasisCodex","Guardian:DefensiveModeMoreBlock","Slimebound:StickyStick","Shuriken"],"acts_visited":["Exordium","TheCity","TheBeyond"],"potions_floor_usage":[50],"damage_taken":[{"damage":5,"enemies":"2 Louse","floor":1,"turns":2},{"damage":0,"enemies":"Small Slimes","floor":5,"turns":2},{"damage":17,"enemies":"Gremlin Nob","floor":6,"turns":3},{"damage":11,"enemies":"3 Sentries","floor":8,"turns":5},{"damage":0,"enemies":"Jaw Worm","floor":11,"turns":1},{"damage":0,"enemies":"3 Louse","floor":14,"turns":2},{"damage":12,"enemies":"The Guardian","floor":16,"turns":5},{"damage":9,"enemies":"Chosen","floor":18,"turns":2},{"damage":4,"enemies":"Masked Bandits","floor":19,"turns":3},{"damage":4,"enemies":"Shell Parasite","floor":22,"turns":2},{"damage":0,"enemies":"Book of Stabbing","floor":24,"turns":2},{"damage":0,"enemies":"Shelled Parasite and Fungi","floor":28,"turns":2},{"damage":0,"enemies":"Slavers","floor":30,"turns":2},{"damage":0,"enemies":"Snecko","floor":31,"turns":3},{"damage":0,"enemies":"bossMod:newCollector","floor":33,"turns":3},{"damage":0,"enemies":"3 Shapes","floor":35,"turns":1},{"damage":0,"enemies":"3 Darklings","floor":37,"turns":1},{"damage":0,"enemies":"Giant Head","floor":41,"turns":5},{"damage":0,"enemies":"Maw","floor":45,"turns":3},{"damage":0,"enemies":"Jaw Worm Horde","floor":46,"turns":1},{"damage":0,"enemies":"Writhing Mass","floor":48,"turns":2},{"damage":0,"enemies":"bossMod:newShapes","floor":50,"turns":3}],"seed_played":"4728103701414758894","potions_obtained":[{"floor":8,"key":"CultistPotion"},{"floor":14,"key":"sneckomod:MuddlingPotion"},{"floor":16,"key":"sneckomod:MuddlingPotion"},{"floor":19,"key":"FearPotion"},{"floor":24,"key":"Fire Potion"}],"is_trial":false,"path_per_floor":["M","?","?","$","M","E","R","E","T","?","M","R","?","M","R","B",null,"M","?","?","$","M","R","E","R","T","$","M","R","E","M","R","B",null,"M","?","M","?","$","R","E","R","T","$","M","M","R","M","R","B",null],"character_chosen":"GUARDIAN","items_purchased":["MealTicket","Medical Kit","Membership Card","Slimebound:PreparedRelic","Guardian:Suspension","Guardian:Gem_Crimson","Juzu Bracelet","Whetstone","ClockworkSouvenir","HandOfGreed+1","Good Instincts","Guardian:WalkerClaw+1","TheAbacus","Guardian:StasisUpgradeRelic","PreservedInsect","War Paint","bronze:DecasWashers","Guardian:Orbwalk","Guardian:Incinerate+1"],"campfire_rested":0,"item_purchase_floors":[4,4,21,21,21,39,39,39,39,39,39,39,39,44,44,44,44,44,44],"current_hp_per_floor":[75,75,75,75,75,72,72,61,61,61,61,61,61,61,61,49,94,85,81,81,94,90,90,90,90,90,94,94,94,94,94,94,94,94,94,94,94,82,94,94,94,94,94,94,94,94,94,94,94,94],"gold":192,"neow_bonus":"","is_daily":true,"chose_seed":false,"campfire_upgraded":9,"win_rate":0.0,"timestamp":1614351357,"path_taken":["M","?","?","$","M","E","R","E","T","?","M","R","?","?","R","BOSS","M","?","?","$","M","R","E","R","T","$","M","R","E","M","R","BOSS","M","?","M","?","$","R","E","R","T","$","M","M","R","M","R","BOSS"],"items_purchased_type":["Relic","Relic","Relic","Relic","Card","Card","Relic","Relic","Relic","Card","Card","Card","Relic","Relic","Relic","Relic","Relic","Card","Card"],"build_version":"2020-12-22","purchased_purges":1,"victory":true,"max_hp_per_floor":[80,80,80,80,80,94,94,94,94,94,94,94,94,94,94,94,94,94,94,94,94,94,94,94,94,94,94,94,94,94,94,94,94,94,94,94,94,94,94,94,94,94,94,94,94,94,94,94,94,94],"card_choices":[{"not_picked":["Guardian:PiercingHide","Guardian:BronzeOrb"],"picked":"Guardian:CrystalBeam","floor":6},{"not_picked":["Guardian:BronzeOrb","Guardian:VentSteam"],"picked":"Guardian:EvasiveProtocol","floor":8},{"not_picked":["Guardian:BaubleBeam","Guardian:FastForward"],"picked":"Guardian:GatlingBeam","floor":16},{"not_picked":["Guardian:RefractedBeam","Guardian:Incinerate"],"picked":"Guardian:FloatingOrbs","floor":19},{"not_picked":["Guardian:CompilePackage","Guardian:ArmoredProtocol"],"picked":"Guardian:DonusPower+1","floor":24},{"not_picked":["Guardian:Reroute+1","Guardian:ShieldSpikes"],"picked":"Guardian:BronzeOrb+1","floor":30},{"not_picked":["Guardian:Gem_Orange","Guardian:FierceBash+1"],"picked":"Guardian:StasisField","floor":33},{"not_picked":["Guardian:TemporalShield","Guardian:Reroute+1","Guardian:PiercingHide+1"],"picked":"SKIP","floor":41}],"player_experience":2019943,"relics_obtained":[{"floor":1,"key":"Guardian:PocketSentry"},{"floor":5,"key":"bronze:BronzeIdol"},{"floor":6,"key":"Mango"},{"floor":8,"key":"Bag of Marbles"},{"floor":9,"key":"Vajra"},{"floor":11,"key":"InkBottle"},{"floor":14,"key":"Centennial Puzzle"},{"floor":18,"key":"Gambling Chip"},{"floor":19,"key":"Red Mask"},{"floor":22,"key":"Bronze Scales"},{"floor":24,"key":"MawBank"},{"floor":26,"key":"Ancient Tea Set"},{"floor":28,"key":"Molten Egg 2"},{"floor":30,"key":"Regal Pillow"},{"floor":31,"key":"Art of War"},{"floor":35,"key":"Old Coin"},{"floor":37,"key":"Mummified Hand"},{"floor":41,"key":"FossilizedHelix"},{"floor":43,"key":"Lantern"},{"floor":45,"key":"Shovel"},{"floor":46,"key":"Guardian:StasisCodex"},{"floor":47,"key":"Guardian:DefensiveModeMoreBlock"},{"floor":48,"key":"Slimebound:StickyStick"},{"floor":49,"key":"Shuriken"}],"event_choices":[{"damage_healed":0,"gold_gain":175,"player_choice":"AGREE","damage_taken":114,"max_hp_gain":0,"max_hp_loss":0,"event_name":"betterThird:BetterSerpent","floor":2,"gold_loss":0},{"cards_removed":["Doubt"],"damage_healed":0,"gold_gain":0,"player_choice":"Card Removal","damage_taken":0,"max_hp_gain":0,"max_hp_loss":0,"event_name":"The Cleric","floor":3,"gold_loss":50},{"damage_healed":0,"gold_gain":0,"player_choice":"Box","damage_taken":0,"relics_obtained":["Nunchaku"],"max_hp_gain":0,"max_hp_loss":0,"event_name":"Big Fish","floor":10,"gold_loss":0,"cards_obtained":["Regret"]},{"damage_healed":0,"gold_gain":0,"player_choice":"Fought Bandits","damage_taken":0,"max_hp_gain":0,"max_hp_loss":0,"event_name":"Masked Bandits","floor":19,"gold_loss":0},{"damage_healed":0,"gold_gain":0,"player_choice":"Opened","damage_taken":0,"relics_obtained":["Happy Flower"],"max_hp_gain":0,"max_hp_loss":0,"event_name":"The Mausoleum","floor":20,"gold_loss":0},{"damage_healed":0,"gold_gain":222,"player_choice":"Wore Mask","damage_taken":0,"max_hp_gain":0,"max_hp_loss":0,"event_name":"Tomb of Lord Red Mask","floor":36,"gold_loss":0},{"damage_healed":0,"gold_gain":0,"player_choice":"Embrace Madness","damage_taken":12,"max_hp_gain":0,"max_hp_loss":0,"event_name":"Winding Halls","floor":38,"gold_loss":0,"cards_obtained":["Madness","Madness"]}],"is_beta":false,"boss_relics":[{"not_picked":["Ectoplasm","Velvet Choker"],"picked":"SlaversCollar"},{"not_picked":["Runic Dome","Sozu"],"picked":"Guardian:ModeShifterPlus"}],"items_purged_floors":[39],"is_endless":false,"potions_floor_spawned":[8,14,16,19,24,33,41,48],"ascension_level":0}}