{"host":"y9jgkjnf95sujozk","time":1614362812,"event":{"mods":["2.2 Compatiblity","AchievementEnabler","Act Like it!","Aspiration","BaseMod","BetterRewards","Block Reminder","Colored Map","Colored Powertips","Downfall","Friendly Minions","Gensokyo","GifTheSpireLib","Hallownest","Hermit","Highlight Path","HololiveMod","Hubris","Infinite Spire","Jorbs\u0027s Wanderer Trilogy","KinomotoSakuraMod(木之本?)","Koishi","Marisa（霧雨　魔理沙）","Minty Spire (QoL Compilation)","Quick Restart","Random Character Button","Rare Cards Sparkle","Reimu（博??梦）","Remilia（蕾米莉?）","Replay The Spire","Shop Mod","StSLib","SuperFastMode","The Administrix","The Bug Knight","The Cursed","The Disciple","The Hierophant","The Jungle","The Runesmith","The Senshi","The Servant 0.9.4"],"gold_per_floor":[85,15,15,15,29,73,73,95,95,110,110,128,130,19,19,21,21],"floor_reached":16,"language":"ENG","playtime":433,"items_purged":[],"score":248,"play_id":"bbef899f-fec3-4379-a833-ec02ad78500a","local_time":"20210226190652","is_ascension_mode":true,"campfire_choices":[{"data":"Hololive_CallCivia","floor":7,"key":"SMITH"},{"data":"Hololive_DevilCharm","floor":11,"key":"SMITH"},{"floor":15,"key":"REST"}],"circlet_count":0,"master_deck":["Hololive_Strike","Hololive_Strike","Hololive_Defend+1","Hololive_Defend","Hololive_CandyCastle","Hololive_CallSpadeEcho","Hololive_CallAmaneKanata","Hololive_CallYozoraMel","Hololive_CallNatsuiroMatsuri+1","Hololive_CallArtia","Hololive_StrengthChampion","Hololive_CallHimemoriLuna","Crow Ritual","Hololive_StrengthChampion","Hololive_CallTokoyamiTowa","Hololive_CallCivia+1","Hololive_CallDoris","Hololive_DevilCharm+1","Hololive_CallMomosuzuNene+2","Hololive_CallOzoraSubaru","Hololive_Nanodesu","Hololive_Nanodesu"],"relics":["Hololive_TheStar","infinitespire:Lychee Nut","Pantograph","hubris:EmptyBottle","AntiCross","Shuriken","Ancient Tea Set"],"acts_visited":["Exordium"],"potions_floor_usage":[6,6,16,16,16,16],"damage_taken":[{"damage":0,"enemies":"Gensokyo:Python","floor":1,"turns":3},{"damage":0,"enemies":"Gensokyo:2_Kodama","floor":5,"turns":3},{"damage":0,"enemies":"Gensokyo:Cirno","floor":6,"turns":6},{"damage":0,"enemies":"Gensokyo:Gryphon","floor":8,"turns":3},{"damage":0,"enemies":"Gensokyo:Mamizou","floor":10,"turns":5},{"damage":0,"enemies":"Gensokyo:3_Kodama","floor":12,"turns":3},{"damage":4,"enemies":"Gensokyo:5_Fairies","floor":13,"turns":5},{"damage":30,"enemies":"Gensokyo:Reimu","floor":16,"turns":7}],"seed_played":"-8633143679324064602","potions_obtained":[{"floor":1,"key":"Milkshake"},{"floor":12,"key":"Reflective Coating"},{"floor":13,"key":"FearPotion"}],"is_trial":false,"path_per_floor":["M","?","?","COS","M","E","R","M","T","E","R","M","M","$","R","B"],"character_chosen":"Hololive_HololiveCharacter","items_purchased":["Hololive_StrengthChampion","Hololive_CallHimemoriLuna","Pantograph","hubris:EmptyBottle","Crow Ritual","Hololive_Nanodesu"],"campfire_rested":1,"item_purchase_floors":[0,0,0,0,0,14],"current_hp_per_floor":[26,26,26,26,26,26,26,26,26,26,26,26,25,25,26,0,0],"gold":21,"neow_bonus":"","is_daily":false,"chose_seed":false,"campfire_upgraded":2,"win_rate":0.0,"timestamp":1614362812,"path_taken":["M","?","?","COS","M","E","R","M","T","E","R","M","?","$","R","BOSS"],"items_purchased_type":["Card","Card","Relic","Relic","Card","Card"],"build_version":"2020-12-22","purchased_purges":0,"victory":false,"max_hp_per_floor":[26,26,26,26,26,26,26,26,26,26,26,26,26,26,26,26,26],"card_choices":[{"not_picked":["Hololive_Drill","Hololive_CallMomosuzuNene","Hololive_Psychosis"],"picked":"Hololive_StrengthChampion","floor":1},{"not_picked":["Hololive_LuckPotion","Hololive_Rebound","Hololive_Drill"],"picked":"Hololive_CallTokoyamiTowa","floor":5},{"not_picked":["Hololive_Rebound","Hololive_Sequa","Hololive_RevenueBasedLive"],"picked":"Hololive_CallCivia","floor":6},{"not_picked":["Hololive_Drill","Hololive_StrengthChampion","Hololive_Trident"],"picked":"Hololive_CallDoris","floor":8},{"not_picked":["Hololive_Watashimo","Hololive_FlyingPonyTail","Hololive_Sequa"],"picked":"Hololive_DevilCharm","floor":10},{"not_picked":["Hololive_LuckPotion","Hololive_StrengthChampion","Hololive_RevenueBasedLive"],"picked":"Hololive_CallMomosuzuNene","floor":12},{"not_picked":["Hololive_Drill","Hololive_StrengthChampion","Hololive_CallCivia"],"picked":"Hololive_CallOzoraSubaru","floor":13}],"player_experience":195475,"relics_obtained":[{"floor":6,"key":"AntiCross"},{"floor":9,"key":"Shuriken"},{"floor":10,"key":"Ancient Tea Set"}],"event_choices":[],"is_beta":false,"boss_relics":[],"items_purged_floors":[],"is_endless":false,"potions_floor_spawned":[1,12,13],"killed_by":"Gensokyo:Reimu","ascension_level":4}}