{"host":"rsbhidffjle4v6w5","time":1614333749,"event":{"mods":["Act Like it!","Ascension Reborn","BaseMod","Better Note","Better Third Choice","BetterRewards","Block Reminder","Colored Map","Hermit","Minty Spire (QoL Compilation)","Quick Restart","Replay The Spire","Ruina","StSLib"],"gold_per_floor":[116,134,134,209,279,279,307,307,333,344,344,344,354,42,42,137,137,150,167,167,184,184,214,214,224,248,248,273,273,285,315,315,415,415,430,440,252,252,266,266,266,266,289,339,371,391,391,391,391,391,391,391,38,66,66],"floor_reached":56,"language":"ENG","playtime":2438,"items_purged":[],"score":1631,"play_id":"8456d265-d877-4eb9-97df-0f1d92fa6408","local_time":"20210226130229","is_ascension_mode":true,"campfire_choices":[{"data":"hermit:Maintenance","floor":6.0,"key":"SMITH"},{"floor":8.0,"key":"RECALL"},{"data":"hermit:FlashPowder","floor":12.0,"key":"SMITH"},{"data":"hermit:WideOpen","floor":15.0,"key":"SMITH"},{"floor":24.0,"key":"REST"},{"data":"hermit:Magnum","floor":27.0,"key":"SMITH"},{"floor":32.0,"key":"REST"},{"data":"hermit:Quickdraw","floor":40.0,"key":"SMITH"},{"data":"Discovery","floor":49.0,"key":"SMITH"},{"data":"Pot Of Greed","floor":52.0,"key":"SMITH"}],"circlet_count":0,"master_deck":["hermit:Strike_Hermit","hermit:Strike_Hermit","hermit:Strike_Hermit","hermit:Strike_Hermit","hermit:Defend_Hermit","hermit:Defend_Hermit","hermit:Defend_Hermit+1","hermit:Defend_Hermit+1","hermit:Snapshot","hermit:Covet+1","hermit:WideOpen+1","hermit:WideOpen","hermit:Malice+1","hermit:FlashPowder+1","hermit:Maintenance+1","hermit:FlashPowder+1","hermit:GhostlyPresence","hermit:Quickdraw+1","hermit:Magnum+1","hermit:GhostlyPresence","hermit:Maintenance+1","hermit:Purgatory","hermit:Ricochet+1","hermit:RoundhouseKick","hermit:Dive+1","hermit:Headshot+1","Pot Of Greed+1","Pot Of Greed","Pot Of Greed","hermit:Roulette+1","hermit:Showdown+1","Discovery+1","Finesse","Discovery","Magnetism","hermit:Manifest+1"],"relics":["hermit:Momento","Bag of Marbles","Omamori","Durian","Anchor","Replay:WaspNest","Replay:Kaleidoscope","Pen Nib","Replay:Mystery Machine","Blood Vial","War Paint","Onion Ring","Painkiller Herb","Chameleon Ring","Calipers","ruina:PrescriptsGrace","Bag of Preparation","SacredBark","Shuriken","Grinning Jar","Replay:Towering Pillar of Hats","Ancient Tea Set","BargainBundle","Toy Ornithopter","Blue Doll"],"acts_visited":["Exordium","ruina:Briah","TheBeyond","TheEnding"],"potions_floor_usage":[55,55,55],"damage_taken":[{"damage":0.0,"enemies":"2 Louse","floor":1.0,"turns":2.0},{"damage":0.0,"enemies":"Small Slimes","floor":2.0,"turns":2.0},{"damage":0.0,"enemies":"Gremlin Nob","floor":7.0,"turns":2.0},{"damage":1.0,"enemies":"Jaw Worm","floor":10.0,"turns":2.0},{"damage":0.0,"enemies":"Large Slime","floor":13.0,"turns":5.0},{"damage":13.0,"enemies":"Slime Boss","floor":16.0,"turns":7.0},{"damage":0.0,"enemies":"ruina:Nosferatu","floor":18.0,"turns":2.0},{"damage":1.0,"enemies":"ruina:3_Bats","floor":19.0,"turns":4.0},{"damage":0.0,"enemies":"ruina:QueenOfHate","floor":21.0,"turns":4.0},{"damage":0.0,"enemies":"ruina:ServantOfWrath","floor":23.0,"turns":5.0},{"damage":0.0,"enemies":"ruina:Nos_and_Bat","floor":25.0,"turns":5.0},{"damage":10.0,"enemies":"ruina:RoadHome","floor":28.0,"turns":6.0},{"damage":16.0,"enemies":"ruina:Woodsman","floor":30.0,"turns":4.0},{"damage":11.0,"enemies":"ruina:Mountain","floor":31.0,"turns":4.0},{"damage":34.0,"enemies":"ruina:Red_and_Wolf","floor":33.0,"turns":10.0},{"damage":0.0,"enemies":"3 Shapes","floor":35.0,"turns":3.0},{"damage":0.0,"enemies":"3 Darklings","floor":36.0,"turns":3.0},{"damage":3.0,"enemies":"4 Shapes","floor":39.0,"turns":4.0},{"damage":1.0,"enemies":"Mind Bloom Boss Battle","floor":44.0,"turns":2.0},{"damage":0.0,"enemies":"Reptomancer","floor":45.0,"turns":2.0},{"damage":0.0,"enemies":"Transient","floor":46.0,"turns":5.0},{"damage":23.0,"enemies":"Time Eater","floor":50.0,"turns":7.0},{"damage":30.0,"enemies":"Shield and Spear","floor":54.0,"turns":4.0},{"damage":71,"enemies":"The Heart","floor":55,"turns":9}],"seed_played":"-7175946598267615171","potions_obtained":[{"floor":1.0,"key":"PowerPotion"},{"floor":13.0,"key":"Swift Potion"},{"floor":16.0,"key":"Dexterity Potion"},{"floor":18.0,"key":"Adrenaline Potion"},{"floor":23.0,"key":"SkillPotion"},{"floor":28.0,"key":"Dexterity Potion"},{"floor":31.0,"key":"Explosive Potion"},{"floor":33.0,"key":"Fire Potion"},{"floor":35.0,"key":"DuplicationPotion"},{"floor":42.0,"key":"Fire Potion"},{"floor":46.0,"key":"Adrenaline Potion"},{"floor":47.0,"key":"LiquidMemories"}],"is_trial":false,"path_per_floor":["M","M","?","?","?","R","E","R","T","M","?","R","M","$","R","B",null,"?","?","?","?","T","E","T","?","T","T","E","?","?","E","T","B",null,"?","?","T","?","?","T","?","T","T","?","E","?","T","?","T","B",null,"T","T","E","B",null],"character_chosen":"HERMIT","items_purchased":["Bag of Marbles","Omamori","hermit:WideOpen","Anchor","Replay:WaspNest","hermit:Malice+1","Pen Nib","War Paint","Onion Ring","Shuriken","Discovery","BargainBundle","Toy Ornithopter","Regen Potion","Magnetism"],"campfire_rested":2,"item_purchase_floors":[0,0,0,0,0,0,0,14,14,37,53,53,53,53,53],"current_hp_per_floor":[33,33,33,22,22,22,22,22,22,23,80,80,80,80,80,67,80,80,79,55,57,57,59,80,80,80,80,70,70,56,47,71,39,80,80,80,80,80,77,77,77,77,77,78,80,80,80,70,70,49,80,80,80,50,50],"gold":66,"neow_bonus":"","is_daily":false,"chose_seed":false,"campfire_upgraded":7,"win_rate":0.0,"timestamp":1614333749,"path_taken":["M","M","?","?","?","R","E","R","T","M","?","R","M","$","R","BOSS","?","?","?","?","T","E","T","?","T","T","E","?","?","E","T","BOSS","?","?","T","?","?","T","?","T","T","?","E","?","T","?","T","BOSS","T","T","E","BOSS"],"items_purchased_type":["Relic","Relic","Card","Relic","Relic","Card","Relic","Relic","Relic","Relic","Card","Relic","Relic","Potion","Card"],"build_version":"2020-12-22","purchased_purges":0,"victory":true,"max_hp_per_floor":[80,80,80,80,80,80,80,80,80,80,80,80,80,80,80,80,80,80,80,80,80,80,80,80,80,80,80,80,80,80,80,80,80,80,80,80,80,80,80,80,80,80,80,80,80,80,80,80,80,80,80,80,80,80,80],"card_choices":[{"not_picked":["hermit:Coalescence","hermit:Misfire"],"picked":"hermit:FlashPowder","floor":1.0},{"not_picked":["hermit:Coalescence","hermit:FullyLoaded"],"picked":"hermit:Maintenance","floor":2.0},{"not_picked":["hermit:Headshot","hermit:Gestalt"],"picked":"hermit:FlashPowder","floor":7.0},{"not_picked":["hermit:Feint","hermit:TrackingShot"],"picked":"hermit:GhostlyPresence","floor":10.0},{"not_picked":["hermit:Feint","hermit:HighCaliber"],"picked":"hermit:Quickdraw","floor":13.0},{"not_picked":["hermit:BlackWind","hermit:Adapt"],"picked":"hermit:Magnum","floor":16.0},{"not_picked":["hermit:Headshot","hermit:SprayPray"],"picked":"hermit:GhostlyPresence","floor":18.0},{"not_picked":["hermit:Headshot","hermit:BodyArmor","hermit:Dive"],"picked":"SKIP","floor":19.0},{"not_picked":["hermit:Dive","hermit:Glare"],"picked":"hermit:Maintenance+1","floor":21.0},{"not_picked":["hermit:EyeOfTheStorm+1","hermit:Feint","hermit:Snipe"],"picked":"SKIP","floor":23.0},{"not_picked":["hermit:Midnight+1","hermit:Headshot","hermit:Combo"],"picked":"SKIP","floor":25.0},{"not_picked":["hermit:Grudge","hermit:SprayPray","hermit:ItchyTrigger"],"picked":"SKIP","floor":28.0},{"not_picked":["hermit:WideOpen","hermit:Roulette"],"picked":"hermit:Purgatory","floor":30.0},{"not_picked":["hermit:Feint+1","hermit:CursedWeapon"],"picked":"hermit:Ricochet+1","floor":31.0},{"not_picked":["hermit:Purgatory","hermit:Reprieve"],"picked":"hermit:RoundhouseKick","floor":33.0},{"not_picked":["hermit:Determination+1","hermit:HighCaliber"],"picked":"hermit:Dive+1","floor":35.0},{"not_picked":["hermit:CursedWeapon+1","hermit:Scavenge+1"],"picked":"hermit:Headshot+1","floor":36.0},{"not_picked":["hermit:Dive","hermit:ItchyTrigger+1","hermit:Coalescence"],"picked":"SKIP","floor":39.0},{"not_picked":["hermit:TrackingShot+1","hermit:Misfire"],"picked":"hermit:Roulette+1","floor":44.0},{"not_picked":["hermit:Desperado+1","hermit:Glare+1","hermit:FinalCanter"],"picked":"SKIP","floor":45.0},{"not_picked":["hermit:WideOpen+1","hermit:Glare+1"],"picked":"hermit:Showdown+1","floor":46.0},{"not_picked":["Flash of Steel","Transmutation"],"picked":"Discovery","floor":48.0},{"not_picked":["Poisoned Strike","PanicButton"],"picked":"Finesse","floor":48.0},{"not_picked":["hermit:Quickdraw","hermit:EyeOfTheStorm+1"],"picked":"hermit:Manifest+1","floor":54.0}],"player_experience":1176579,"relics_obtained":[{"floor":7.0,"key":"Replay:Mystery Machine"},{"floor":9.0,"key":"Blood Vial"},{"floor":23.0,"key":"Chameleon Ring"},{"floor":28.0,"key":"Calipers"},{"floor":31.0,"key":"Bag of Preparation"},{"floor":43.0,"key":"Grinning Jar"},{"floor":44.0,"key":"Replay:Towering Pillar of Hats"},{"floor":45.0,"key":"Ancient Tea Set"},{"floor":54.0,"key":"Blue Doll"}],"event_choices":[{"damage_healed":0.0,"max_hp_gain":0.0,"max_hp_loss":0.0,"gold_gain":75.0,"event_name":"betterThird:BetterGoop","player_choice":"Gold","floor":4.0,"gold_loss":0.0,"damage_taken":11.0},{"damage_healed":0.0,"max_hp_gain":0.0,"max_hp_loss":0.0,"gold_gain":70.0,"event_name":"Golden Wing","player_choice":"Gained Gold","floor":5.0,"gold_loss":0.0,"damage_taken":0.0},{"damage_healed":0.0,"max_hp_gain":0.0,"max_hp_loss":0.0,"gold_gain":0.0,"event_name":"Upgrade Shrine","player_choice":"Ignored","floor":38.0,"gold_loss":0.0,"damage_taken":0.0},{"damage_healed":0.0,"max_hp_gain":0.0,"max_hp_loss":0.0,"gold_gain":0.0,"event_name":"Tomb of Lord Red Mask","player_choice":"Ignored","floor":41.0,"gold_loss":0.0,"damage_taken":0.0},{"damage_healed":0.0,"max_hp_gain":0.0,"max_hp_loss":0.0,"gold_gain":0.0,"event_name":"MindBloom","player_choice":"Fight","floor":44.0,"gold_loss":0.0,"damage_taken":0.0},{"damage_healed":0.0,"max_hp_gain":0.0,"max_hp_loss":0.0,"gold_gain":0.0,"event_name":"SensoryStone","player_choice":"Memory 3","floor":48.0,"gold_loss":0.0,"damage_taken":10.0}],"is_beta":false,"boss_relics":[{"not_picked":["Honey Jar","Ring of Chaos"],"picked":"Painkiller Herb"},{"not_picked":["hermit:ClaspedLocket","Runic Pyramid"],"picked":"SacredBark"}],"items_purged_floors":[],"is_endless":false,"potions_floor_spawned":[1,13,16,18,23,28,31,33,35,44,46,54],"ascension_level":0}}