{"host":"1bzbl1adcbkdzqlf","time":1614320085,"event":{"mods":["BaseMod","Minty Spire (QoL Compilation)","Slay the Relics Exporter"],"gold_per_floor":[118,128,128,128,10,38,38,56,137,37,66,66,96,111,111,189,189,205,238,113,113,131,131,166,166,166,166,85,85,103,118,118,118,118],"floor_reached":33,"language":"ENG","playtime":1707,"items_purged":["Decay","Strike_R","Strike_R"],"score":562,"play_id":"62137f65-e09e-4a7a-b3f1-1bdc5e42e2bc","local_time":"20210226001445","is_ascension_mode":true,"campfire_choices":[{"data":"Searing Blow","floor":7,"key":"SMITH"},{"floor":12,"key":"REST"},{"data":"Bash","floor":15,"key":"SMITH"},{"data":"Armaments","floor":23,"key":"SMITH"},{"data":"1","floor":25,"key":"LIFT"},{"data":"2","floor":27,"key":"LIFT"},{"data":"3","floor":29,"key":"LIFT"},{"data":"Limit Break","floor":32,"key":"SMITH"}],"circlet_count":0,"master_deck":["AscendersBane","Strike_R","Strike_R","Defend_R","Defend_R","Defend_R","Bash+1","Metallicize","Shockwave","Clothesline","Searing Blow+1","Inflame","Heavy Blade","Rage","Armaments+1","Headbutt","Offering","Heavy Blade","Shrug It Off","Combust","Uppercut","Limit Break+1","Anger"],"relics":["Burning Blood","Red Skull","Ancient Tea Set","Bottled Flame","TungstenRod","Meat on the Bone","Coffee Dripper","Red Mask","Girya","Akabeko"],"acts_visited":["Exordium","TheCity"],"potions_floor_usage":[6,16,16,33,33],"damage_taken":[{"damage":2,"enemies":"Cultist","floor":1,"turns":4},{"damage":4,"enemies":"2 Louse","floor":2,"turns":3},{"damage":33,"enemies":"Lagavulin","floor":6,"turns":7},{"damage":4,"enemies":"Jaw Worm","floor":8,"turns":2},{"damage":34,"enemies":"3 Sentries","floor":11,"turns":9},{"damage":5,"enemies":"Gremlin Nob","floor":13,"turns":3},{"damage":7,"enemies":"2 Fungi Beasts","floor":14,"turns":4},{"damage":18,"enemies":"Hexaghost","floor":16,"turns":7},{"damage":3,"enemies":"Chosen","floor":18,"turns":5},{"damage":37,"enemies":"Masked Bandits","floor":19,"turns":5},{"damage":12,"enemies":"3 Byrds","floor":22,"turns":5},{"damage":25,"enemies":"Gremlin Leader","floor":24,"turns":5},{"damage":3,"enemies":"Snecko","floor":30,"turns":4},{"damage":16,"enemies":"Sentry and Sphere","floor":31,"turns":4},{"damage":57,"enemies":"Champ","floor":33,"turns":6}],"seed_played":"4746021852402609132","potions_obtained":[{"floor":1,"key":"Block Potion"},{"floor":11,"key":"AttackPotion"},{"floor":14,"key":"SkillPotion"},{"floor":16,"key":"SpeedPotion"},{"floor":19,"key":"SteroidPotion"},{"floor":24,"key":"SkillPotion"}],"is_trial":false,"path_per_floor":["M","M","?","?","$","E","R","M","T","$","E","R","E","M","R","B",null,"M","?","$","?","M","R","E","R","T","R","$","R","M","M","R","B"],"character_chosen":"IRONCLAD","items_purchased":["Inflame","Limit Break"],"campfire_rested":1,"item_purchase_floors":[5,28],"current_hp_per_floor":[72,74,79,61,61,34,34,36,36,36,8,32,33,44,44,44,71,74,55,55,55,49,49,42,42,42,42,42,42,57,47,47,0,0],"gold":118,"neow_bonus":"TRANSFORM_TWO_CARDS","is_daily":false,"chose_seed":false,"campfire_upgraded":4,"win_rate":0.0,"timestamp":1614320085,"path_taken":["M","M","?","?","$","E","R","M","T","?","E","R","E","M","R","BOSS","M","?","$","?","M","R","E","R","T","R","$","R","M","M","R","BOSS"],"items_purchased_type":["Card","Card"],"build_version":"2020-12-22","purchased_purges":3,"victory":false,"max_hp_per_floor":[75,75,80,80,80,80,80,80,80,80,80,80,80,80,80,80,80,80,80,80,80,80,80,80,80,80,80,80,80,80,80,80,80,80],"card_choices":[{"not_picked":["Perfected Strike","Thunderclap"],"picked":"Clothesline","floor":1},{"not_picked":["Dual Wield","Feel No Pain"],"picked":"Searing Blow","floor":2},{"not_picked":["Blood for Blood","Whirlwind"],"picked":"Heavy Blade","floor":6},{"not_picked":["Perfected Strike","Rupture"],"picked":"Rage","floor":8},{"not_picked":["Wild Strike","Dark Embrace","Whirlwind"],"picked":"SKIP","floor":11},{"not_picked":["Rampage","Pummel"],"picked":"Armaments","floor":13},{"not_picked":["Clothesline","Carnage"],"picked":"Headbutt","floor":14},{"not_picked":["Corruption","Double Tap"],"picked":"Offering","floor":16},{"not_picked":["Battle Trance","Havoc"],"picked":"Heavy Blade","floor":18},{"not_picked":["Whirlwind","Perfected Strike"],"picked":"Shrug It Off","floor":19},{"not_picked":["Flex","Perfected Strike","Seeing Red"],"picked":"SKIP","floor":22},{"not_picked":["Dark Embrace","Hemokinesis"],"picked":"Uppercut","floor":24},{"not_picked":["Clash","Dark Embrace","Warcry"],"picked":"SKIP","floor":30},{"not_picked":["Perfected Strike","Sever Soul"],"picked":"Anger","floor":31}],"player_experience":571780,"relics_obtained":[{"floor":6,"key":"Ancient Tea Set"},{"floor":9,"key":"Bottled Flame"},{"floor":11,"key":"TungstenRod"},{"floor":13,"key":"Meat on the Bone"},{"floor":19,"key":"Red Mask"},{"floor":24,"key":"Girya"},{"floor":26,"key":"Akabeko"}],"event_choices":[{"damage_healed":0,"gold_gain":0,"player_choice":"Donut","damage_taken":0,"max_hp_gain":5,"max_hp_loss":0,"event_name":"Big Fish","floor":3,"gold_loss":0},{"damage_healed":0,"gold_gain":0,"player_choice":"Success","damage_taken":18,"relics_obtained":["Red Skull"],"max_hp_gain":0,"max_hp_loss":0,"event_name":"Scrap Ooze","floor":4,"gold_loss":0},{"damage_healed":0,"gold_gain":0,"player_choice":"Fought Bandits","damage_taken":0,"max_hp_gain":0,"max_hp_loss":0,"event_name":"Masked Bandits","floor":19,"gold_loss":0},{"damage_healed":0,"gold_gain":0,"player_choice":"Read","damage_taken":0,"max_hp_gain":0,"max_hp_loss":0,"event_name":"The Library","floor":21,"gold_loss":0,"cards_obtained":["Combust"]}],"is_beta":false,"boss_relics":[{"not_picked":["Runic Pyramid","Snecko Eye"],"picked":"Coffee Dripper"}],"items_purged_floors":[5,10,20],"is_endless":false,"potions_floor_spawned":[1,11,14,16,19,24],"killed_by":"Champ","ascension_level":20}}