{"host":"1hw3ks68c0zl1mxv","time":1614314782,"event":{"mods":["2.2 Compatiblity","Act Like it!","Aspiration","BaseMod","Beaked The Cultist","BetterRewards","Colored Map","Colored Powertips","Conspire","Downfall","Energized Spire","GungeonMod","Halation","Hallownest","Hubris","Infinite Spire","Marisa????????","Mimic Mod","Minty Spire (QoL Compilation)","Quick Restart","Replay The Spire","Shop Mod","StSLib","The Bug Knight","The Construct","The Elementalist","The Necromancer","The Saiyan","The Servant 0.9.4","TheHero"],"gold_per_floor":[116,291,308,233,233,233,268,282,282,297,297,297,297,308,308,411,411,424,152,152,165,175,175,204,204,234,234,248,266,266,283,283,380,380,398,398,398,417,75,75,110,110,110,110,125,125,135,81,81,81],"floor_reached":51,"language":"ENG","playtime":2548,"items_purged":["Doubt","Strike_B","Strike_B","Strike_B"],"score":1020,"play_id":"b59997e4-390b-48b0-ac82-2f7a47412d49","local_time":"20210225214622","is_ascension_mode":false,"campfire_choices":[{"data":"Melter","floor":6.0,"key":"SMITH"},{"data":"aspiration:Polymerization","floor":12.0,"key":"SMITH"},{"data":"Conserve Battery","floor":23.0,"key":"SMITH"},{"data":"Leap","floor":25.0,"key":"SMITH"},{"data":"Zap","floor":27.0,"key":"SMITH"},{"data":"hubris:Rewind","floor":32.0,"key":"SMITH"},{"data":"Loop","floor":40.0,"key":"SMITH"},{"data":"Mirror Shield","floor":42.0,"key":"SMITH"},{"data":"Zap","floor":44.0,"key":"SMITH"},{"floor":49.0,"key":"REST"}],"circlet_count":0,"master_deck":["Strike_B+1","Defend_B","Defend_B","Defend_B","Defend_B","Zap+1","Dualcast","hubris:PowerSurge+1","FIFO Queue+1","Melter+1","aspiration:Polymerization+1","Conserve Battery+1","Gash","Core Surge","hubris:SpecializedCircuitry","ReplayTheSpireMod:Reroute Power+1","Cold Snap","Cold Snap+1","Leap+1","Gash","Cold Snap","Ball Lightning+1","hubris:Rewind+1","All For One","Loop+1","Bandage Up","Zap+1","Mirror Shield+1","Conserve Battery"],"relics":["Cracked Core","conspire:TreasureMap","Iron Hammer","HollowMod:JonisBlessing","Lizard Tail","DemoMod:OrangeGuonStone","hubris:BottledRain","HollowMod:StagPassRelic","Mango","hubris:RunicObelisk","hubris:GlazedTorus","Busted Crown","MerchantsRug","infinitespire:Beetle Shell","Meat on the Bone","TungstenRod","Smiling Mask","DemoMod:GlassGuonStoneRelic"],"acts_visited":["Exordium","TheCity","TheBeyond"],"potions_floor_usage":[50,50],"damage_taken":[{"damage":0.0,"enemies":"2 Louse","floor":1.0,"turns":1.0},{"damage":0.0,"enemies":"Small Slimes","floor":3.0,"turns":2.0},{"damage":9.0,"enemies":"HollowMod:MossKnight","floor":7.0,"turns":6.0},{"damage":0.0,"enemies":"conspire:RoseBush","floor":8.0,"turns":1.0},{"damage":0.0,"enemies":"Blue Slaver","floor":10.0,"turns":2.0},{"damage":0.0,"enemies":"Large Slime","floor":14.0,"turns":3.0},{"damage":8.0,"enemies":"Fading Forest","floor":16.0,"turns":11.0},{"damage":0.0,"enemies":"conspire:FuzzyDice","floor":18.0,"turns":5.0},{"damage":0.0,"enemies":"Cultist and Chosen","floor":21.0,"turns":4.0},{"damage":0.0,"enemies":"Centurion and Healer","floor":22.0,"turns":7.0},{"damage":0.0,"enemies":"conspire:Head Lice","floor":24.0,"turns":8.0},{"damage":0.0,"enemies":"3 Cultists","floor":26.0,"turns":11.0},{"damage":0.0,"enemies":"3 Cultists","floor":28.0,"turns":5.0},{"damage":0.0,"enemies":"Chosen and Byrds","floor":29.0,"turns":6.0},{"damage":0.0,"enemies":"conspire:HollyBat","floor":31.0,"turns":6.0},{"damage":0.0,"enemies":"Champ","floor":33.0,"turns":10.0},{"damage":0.0,"enemies":"Orb Walker","floor":35.0,"turns":4.0},{"damage":18.0,"enemies":"3 Darklings","floor":38.0,"turns":5.0},{"damage":6.0,"enemies":"Nightmare","floor":41.0,"turns":7.0},{"damage":0.0,"enemies":"Maw","floor":45.0,"turns":6.0},{"damage":0.0,"enemies":"Sphere and 2 Shapes","floor":47.0,"turns":4.0},{"damage":0,"enemies":"Awakened One","floor":50,"turns":11}],"seed_played":"4996848949701921100","potions_obtained":[{"floor":8.0,"key":"PowerPotion"},{"floor":10.0,"key":"GamblersBrew"},{"floor":24.0,"key":"EssenceOfSteel"},{"floor":28.0,"key":"SpeedPotion"},{"floor":35.0,"key":"Fire Potion"},{"floor":41.0,"key":"BlessingOfTheForge"}],"is_trial":false,"path_per_floor":["M","?","M","$","?","R","E","M","T","M","?","R","?","M","R_BF","B",null,"M","$","?","M","M","R","E","R","MIM","R","M","M","AVR","M","R","B",null,"M","?","?","M","$","R","NM","R","T","R","M","AVR","M","$","R","B",null],"character_chosen":"DEFECT","items_purchased":["hubris:PowerSurge","conspire:TreasureMap","Iron Hammer","HollowMod:JonisBlessing","FIFO Queue","hexamod:SoulburnPotion","hubris:BottledRain","Cold Snap","MerchantsRug","LifebloodPotion","infinitespire:Beetle Shell","Conserve Battery"],"campfire_rested":1,"item_purchase_floors":[0,0,0,0,0,0,19,19,39,39,39,48],"current_hp_per_floor":[75,75,75,75,75,75,66,66,66,66,66,66,66,66,75,67,75,75,75,75,75,75,75,75,75,89,89,89,89,89,89,89,89,89,89,89,89,71,71,71,65,65,65,65,65,65,65,65,89,89],"gold":81,"neow_bonus":"","is_daily":false,"chose_seed":false,"campfire_upgraded":9,"win_rate":0.0,"timestamp":1614314782,"path_taken":["M","?","M","$","?","R","E","M","T","M","?","R","?","M","R_BF","BOSS","M","$","?","M","M","R","E","R","MIM","R","M","M","AVR","M","R","BOSS","M","?","?","?","$","R","NM","R","T","R","M","AVR","M","?","R","BOSS"],"items_purchased_type":["Card","Relic","Relic","Relic","Card","Potion","Relic","Card","Relic","Potion","Relic","Card"],"build_version":"2020-12-22","purchased_purges":4,"victory":true,"max_hp_per_floor":[75,75,75,75,75,75,75,75,75,75,75,75,75,75,75,75,75,75,75,75,75,75,75,75,75,89,89,89,89,89,89,89,89,89,89,89,89,89,89,89,89,89,89,89,89,89,89,89,89,89],"card_choices":[{"not_picked":["Sweeping Beam","Gash"],"picked":"Melter","floor":1.0},{"not_picked":["Barrage","Go for the Eyes","Rebound"],"picked":"SKIP","floor":3.0},{"not_picked":["Leap","Mirror Shield"],"picked":"aspiration:Polymerization","floor":7.0},{"not_picked":["Compile Driver","FIFO Queue"],"picked":"Conserve Battery","floor":8.0},{"not_picked":["Coolheaded","Steam"],"picked":"Gash","floor":10.0},{"not_picked":["Barrage","aspiration:Polymerization"],"picked":"Core Surge","floor":14.0},{"not_picked":["hubris:Prefetch","ReplayRNGCard"],"picked":"hubris:SpecializedCircuitry","floor":16.0},{"not_picked":["Coolheaded","Beam Cell"],"picked":"ReplayTheSpireMod:Reroute Power+1","floor":18.0},{"not_picked":["Storm","Panic Button+1","Turbo+1"],"picked":"SKIP","floor":21.0},{"not_picked":["Lockon","Turbo+1"],"picked":"Cold Snap+1","floor":22.0},{"not_picked":["Go for the Eyes+1","BootSequence"],"picked":"Leap","floor":24.0},{"not_picked":["Beam Cell","Go for the Eyes+1"],"picked":"Gash","floor":26.0},{"not_picked":["Sweeping Beam","hubris:Ukulele"],"picked":"Cold Snap","floor":28.0},{"not_picked":["Fusion","Conserve Battery+1"],"picked":"Ball Lightning+1","floor":29.0},{"not_picked":["Sunder","Force Field","Steam"],"picked":"SKIP","floor":31.0},{"not_picked":["Thunder Strike","Meteor Strike"],"picked":"All For One","floor":33.0},{"not_picked":["Compile Driver+1"],"picked":"SKIP","floor":35.0},{"not_picked":["Steam+1"],"picked":"SKIP","floor":38.0},{"not_picked":[],"picked":"Mirror Shield","floor":41.0},{"not_picked":["FIFO Queue"],"picked":"SKIP","floor":45.0},{"not_picked":["BasicCrystalCard+1"],"picked":"SKIP","floor":47.0}],"player_experience":1629164,"relics_obtained":[{"floor":7.0,"key":"Lizard Tail"},{"floor":9.0,"key":"DemoMod:OrangeGuonStone"},{"floor":24.0,"key":"HollowMod:StagPassRelic"},{"floor":26.0,"key":"Mango"},{"floor":41.0,"key":"Meat on the Bone"},{"floor":43.0,"key":"TungstenRod"}],"event_choices":[{"damage_healed":0.0,"max_hp_gain":0.0,"max_hp_loss":0.0,"gold_gain":175.0,"event_name":"Liars Game","player_choice":"AGREE","floor":2.0,"gold_loss":0.0,"damage_taken":0.0,"cards_obtained":["Doubt"]},{"damage_healed":0.0,"max_hp_gain":0.0,"max_hp_loss":0.0,"gold_gain":0.0,"event_name":"Living Wall","player_choice":"Grow","floor":5.0,"gold_loss":0.0,"damage_taken":0.0,"cards_upgraded":["hubris:PowerSurge"]},{"damage_healed":0.0,"max_hp_gain":0.0,"max_hp_loss":0.0,"gold_gain":0.0,"event_name":"Match and Keep!","player_choice":"3 cards matched","floor":37.0,"gold_loss":0.0,"damage_taken":0.0,"cards_obtained":["Loop","Bandage Up","Zap"]}],"is_beta":false,"boss_relics":[{"not_picked":["halation:CatFaceCupcake","hubris:TerracottaHorce"],"picked":"energizedSpire:SpiderWeb"},{"not_picked":["energizedSpire:HugeHouse","energizedSpire:OgreHead"],"picked":"Busted Crown"}],"items_purged_floors":[4,30,39,46],"is_endless":false,"potions_floor_spawned":[8,10,16,21,22,24,28,35,41],"ascension_level":0}}