{"host":"en4narc5947t7k9n","time":1614318824,"event":{"mods":["AchievementEnabler","BaseMod","Colored Map","Minty Spire (QoL Compilation)","SuperFastMode"],"gold_per_floor":[112,131,46,66,79,114,114,130,130,130,130,160,160,175,175,274,274,285,58,87,104,117,117,142,142,142,142,160,160,160],"floor_reached":29,"language":"KOR","playtime":1120,"items_purged":["Strike_R"],"score":245,"play_id":"b9b0fa42-dd99-49ff-9380-767c491c104c","local_time":"20210226145344","is_ascension_mode":false,"campfire_choices":[{"data":"Seeing Red","floor":7,"key":"SMITH"},{"data":"Bandage Up","floor":10,"key":"SMITH"},{"data":"Seeing Red","floor":15,"key":"SMITH"},{"floor":23,"key":"REST"},{"data":"Flame Barrier","floor":25,"key":"SMITH"}],"circlet_count":0,"master_deck":["Strike_R","Strike_R","Strike_R","Strike_R","Defend_R","Defend_R","Defend_R","Defend_R+1","Bash","Seeing Red+1","Anger","Bandage Up+1","Inflame+1","Flex","Flame Barrier+1","Thunderclap","Seeing Red+1","Reaper+1","Clash","Spot Weakness+1","Searing Blow","Ghostly Armor","Carnage"],"relics":["Black Blood","NeowsBlessing","Bag of Preparation","Odd Mushroom","Matryoshka","PreservedInsect","Red Mask","Oddly Smooth Stone","Art of War","Frozen Egg 2"],"acts_visited":["Exordium","TheCity"],"potions_floor_usage":[6,6,6,16,16,20,24,29],"damage_taken":[{"damage":0,"enemies":"Small Slimes","floor":1,"turns":1},{"damage":0,"enemies":"Jaw Worm","floor":2,"turns":1},{"damage":0,"enemies":"2 Louse","floor":4,"turns":1},{"damage":5,"enemies":"Looter","floor":5,"turns":3},{"damage":25,"enemies":"Lagavulin","floor":6,"turns":5},{"damage":9,"enemies":"Blue Slaver","floor":8,"turns":4},{"damage":26,"enemies":"The Mushroom Lair","floor":12,"turns":4},{"damage":4,"enemies":"Exordium Thugs","floor":14,"turns":4},{"damage":37,"enemies":"The Guardian","floor":16,"turns":9},{"damage":30,"enemies":"3 Byrds","floor":18,"turns":5},{"damage":72,"enemies":"Masked Bandits","floor":20,"turns":6},{"damage":6,"enemies":"Shell Parasite","floor":21,"turns":5},{"damage":68,"enemies":"3 Cultists","floor":22,"turns":7},{"damage":43,"enemies":"Book of Stabbing","floor":24,"turns":6},{"damage":53,"enemies":"Centurion and Healer","floor":28,"turns":10},{"damage":13,"enemies":"Shelled Parasite and Fungi","floor":29,"turns":2}],"seed_played":"-8051087751639766947","potions_obtained":[{"floor":1,"key":"EntropicBrew"},{"floor":8,"key":"LiquidMemories"},{"floor":16,"key":"Weak Potion"},{"floor":21,"key":"PowerPotion"},{"floor":28,"key":"SkillPotion"}],"is_trial":false,"path_per_floor":["M","M","$","M","M","E","R","M","T","R","?","?","?","M","R","B",null,"M","$","?","M","M","R","E","R","T","?","M","M"],"character_chosen":"IRONCLAD","items_purchased":["Bandage Up","PreservedInsect"],"campfire_rested":1,"item_purchase_floors":[3,19],"current_hp_per_floor":[80,80,80,80,80,65,65,66,66,66,50,36,24,32,32,7,80,73,73,28,40,17,41,20,20,20,20,13,0,0],"gold":160,"neow_bonus":"THREE_ENEMY_KILL","is_daily":false,"chose_seed":false,"campfire_upgraded":4,"win_rate":0.0,"timestamp":1614318824,"path_taken":["M","M","$","M","M","E","R","M","T","R","?","?","?","M","R","BOSS","M","$","?","M","M","R","E","R","T","?","M","?"],"items_purchased_type":["Card","Relic"],"build_version":"2020-12-22","purchased_purges":1,"victory":false,"max_hp_per_floor":[80,80,80,80,80,80,80,80,80,80,80,80,80,80,80,80,80,80,80,80,80,80,80,80,80,80,80,80,80,80],"card_choices":[{"not_picked":["Blood for Blood","Anger"],"picked":"Seeing Red","floor":1},{"not_picked":["Clash","Heavy Blade"],"picked":"Anger","floor":2},{"not_picked":["Heavy Blade","Anger"],"picked":"Inflame","floor":4},{"not_picked":["Spot Weakness","Rupture"],"picked":"Flex","floor":5},{"not_picked":["Twin Strike","Perfected Strike","Body Slam"],"picked":"SKIP","floor":6},{"not_picked":["Infernal Blade","Dual Wield"],"picked":"Flame Barrier","floor":8},{"not_picked":["Inflame","Twin Strike"],"picked":"Thunderclap","floor":12},{"not_picked":["Iron Wave","Reckless Charge"],"picked":"Seeing Red","floor":14},{"not_picked":["Offering","Fiend Fire"],"picked":"Reaper","floor":16},{"not_picked":["Perfected Strike","Flex"],"picked":"Clash","floor":18},{"not_picked":["Feel No Pain","Anger"],"picked":"Spot Weakness+1","floor":20},{"not_picked":["Carnage","Dropkick"],"picked":"Searing Blow","floor":21},{"not_picked":["Armaments","Iron Wave"],"picked":"Ghostly Armor","floor":22},{"not_picked":["Sword Boomerang+1","Power Through","Metallicize+1"],"picked":"SKIP","floor":24},{"not_picked":["Rupture+1","True Grit"],"picked":"Carnage","floor":28}],"player_experience":226505,"relics_obtained":[{"floor":6,"key":"Bag of Preparation"},{"floor":12,"key":"Odd Mushroom"},{"floor":20,"key":"Red Mask"},{"floor":24,"key":"Oddly Smooth Stone"},{"floor":26,"key":"Art of War"},{"floor":26,"key":"Frozen Egg 2"}],"event_choices":[{"damage_healed":0,"gold_gain":0,"player_choice":"Entered Light","damage_taken":16,"max_hp_gain":0,"max_hp_loss":0,"event_name":"Shining Light","floor":11,"gold_loss":0,"cards_upgraded":["Inflame","Defend_R"]},{"damage_healed":0,"gold_gain":0,"player_choice":"Fought Mushrooms","damage_taken":0,"max_hp_gain":0,"max_hp_loss":0,"event_name":"Mushrooms","floor":12,"gold_loss":0},{"damage_healed":0,"gold_gain":0,"player_choice":"Success","damage_taken":12,"relics_obtained":["Matryoshka"],"max_hp_gain":0,"max_hp_loss":0,"event_name":"Scrap Ooze","floor":13,"gold_loss":0},{"damage_healed":0,"gold_gain":0,"player_choice":"Fought Bandits","damage_taken":0,"max_hp_gain":0,"max_hp_loss":0,"event_name":"Masked Bandits","floor":20,"gold_loss":0},{"damage_healed":0,"gold_gain":0,"player_choice":"Forge","damage_taken":0,"max_hp_gain":0,"max_hp_loss":0,"event_name":"Accursed Blacksmith","floor":27,"gold_loss":0,"cards_upgraded":["Reaper"]}],"is_beta":false,"boss_relics":[{"not_picked":["Astrolabe","Runic Cube"],"picked":"Black Blood"}],"items_purged_floors":[19],"is_endless":false,"potions_floor_spawned":[1,8,16,21,28],"killed_by":"Shelled Parasite and Fungi","ascension_level":0}}