{"host":"b5mzvrq4aqyf54kp","time":1614366872,"event":{"mods":["BaseMod","Minty Spire (QoL Compilation)","Relic Stats"],"gold_per_floor":[17,35,45,62,72,101,101,101,183,183,183,202,219,247,247,347,347,366,383,398,414,50,50,50,84,84,97,20,20,47,60,60,165,165,182,182,197,250,250,250,250,250],"floor_reached":41,"language":"ENG","playtime":2855,"items_purged":["Strike_B"],"score":718,"play_id":"c6ec4d6f-79e3-4849-ab0d-e0893b4efd5d","local_time":"20210226211432","is_ascension_mode":true,"campfire_choices":[{"floor":7,"key":"REST"},{"data":"Sweeping Beam","floor":11,"key":"SMITH"},{"data":"Beam Cell","floor":15,"key":"SMITH"},{"floor":23,"key":"REST"},{"floor":29,"key":"REST"},{"floor":32,"key":"REST"},{"floor":40,"key":"REST"}],"circlet_count":0,"master_deck":["Strike_B","Strike_B","Strike_B","Defend_B","Defend_B","Defend_B","Defend_B","Zap","Dualcast","Sweeping Beam+1","Sunder","Conserve Battery","Turbo","Coolheaded","Ball Lightning","Electrodynamics","Coolheaded","Beam Cell+1","Echo Form","Capacitor+1","Auto Shields","Self Repair","Loop","Conserve Battery","Go for the Eyes","Hologram+1","Steam","Thunder Strike","Cold Snap+1","Madness","Madness","Double Energy+1","Compile Driver","Defragment+1"],"relics":["Cracked Core","Torii","Vajra","Shuriken","FaceOfCleric","Ginger","Fusion Hammer","Incense Burner","Mercury Hourglass","Dream Catcher","Sundial","Unceasing Top","SacredBark","Ice Cream"],"acts_visited":["Exordium","TheCity","TheBeyond"],"potions_floor_usage":[6,6,14,25,25,30,35,38],"damage_taken":[{"damage":0,"enemies":"2 Louse","floor":1,"turns":3},{"damage":0,"enemies":"Small Slimes","floor":2,"turns":2},{"damage":1,"enemies":"Cultist","floor":3,"turns":3},{"damage":4,"enemies":"Gremlin Gang","floor":4,"turns":3},{"damage":15,"enemies":"Exordium Thugs","floor":5,"turns":6},{"damage":34,"enemies":"Lagavulin","floor":6,"turns":9},{"damage":9,"enemies":"2 Fungi Beasts","floor":12,"turns":3},{"damage":7,"enemies":"Exordium Wildlife","floor":13,"turns":3},{"damage":22,"enemies":"Gremlin Nob","floor":14,"turns":4},{"damage":0,"enemies":"Slime Boss","floor":16,"turns":6},{"damage":1,"enemies":"Spheric Guardian","floor":18,"turns":3},{"damage":7,"enemies":"Chosen","floor":19,"turns":3},{"damage":25,"enemies":"Shelled Parasite and Fungi","floor":20,"turns":5},{"damage":14,"enemies":"Snecko","floor":21,"turns":5},{"damage":4,"enemies":"Slavers","floor":25,"turns":5},{"damage":17,"enemies":"3 Cultists","floor":27,"turns":5},{"damage":31,"enemies":"Book of Stabbing","floor":30,"turns":5},{"damage":8,"enemies":"Sentry and Sphere","floor":31,"turns":4},{"damage":2,"enemies":"Champ","floor":33,"turns":10},{"damage":1,"enemies":"Orb Walker","floor":35,"turns":2},{"damage":28,"enemies":"3 Darklings","floor":37,"turns":6},{"damage":38,"enemies":"2 Orb Walkers","floor":38,"turns":4},{"damage":42,"enemies":"Reptomancer","floor":41,"turns":2}],"seed_played":"7115852597888824191","potions_obtained":[{"floor":2,"key":"FearPotion"},{"floor":5,"key":"Ancient Potion"},{"floor":6,"key":"BlessingOfTheForge"},{"floor":19,"key":"DuplicationPotion"},{"floor":21,"key":"SkillPotion"},{"floor":27,"key":"FearPotion"},{"floor":30,"key":"Fire Potion"},{"floor":37,"key":"DistilledChaos"}],"is_trial":false,"path_per_floor":["M","M","M","M","M","E","R","?","T","?","R","M","M","E","R","B",null,"M","M","M","M","$","R","T","E","T","M","$","R","E","M","R","B",null,"M","?","M","?","T","R","E"],"character_chosen":"DEFECT","items_purchased":["Incense Burner","Loop"],"campfire_rested":5,"item_purchase_floors":[22,28],"current_hp_per_floor":[68,68,67,63,48,14,36,61,61,61,61,53,47,26,26,27,66,66,60,36,23,23,47,47,44,44,28,28,53,30,30,56,62,82,82,71,44,14,14,41,0,0],"gold":250,"neow_bonus":"ONE_RARE_RELIC","is_daily":false,"chose_seed":false,"campfire_upgraded":2,"win_rate":0.0,"timestamp":1614366872,"path_taken":["M","M","M","M","M","E","R","?","T","?","R","M","M","E","R","BOSS","M","M","?","?","$","R","?","E","T","M","$","R","E","M","R","BOSS","M","?","M","?","?","R","E"],"items_purchased_type":["Relic","Card"],"build_version":"2020-12-22","purchased_purges":1,"victory":false,"max_hp_per_floor":[75,75,75,75,75,75,75,75,75,75,75,76,77,78,78,79,79,80,81,82,83,83,83,83,84,84,85,85,85,86,87,87,88,88,89,89,90,91,91,91,91,91],"relic_stats":{"Dream Catcher":3,"Torii":45,"FaceOfCleric":16,"counters":[23,100],"Shuriken":[18],"Sundial":[2],"Ginger":[9],"obtain_stats":[{"Ice Cream":38,"Torii":0,"SacredBark":34,"Vajra":6,"Incense Burner":22,"Ginger":14,"Mercury Hourglass":24,"Dream Catcher":25,"FaceOfCleric":10,"Shuriken":9,"Sundial":26,"Fusion Hammer":17,"Cracked Core":0,"Unceasing Top":30},{"Ice Cream":22,"Torii":0,"SacredBark":19,"Vajra":6,"Incense Burner":14,"Ginger":9,"Mercury Hourglass":14,"Dream Catcher":15,"FaceOfCleric":6,"Shuriken":6,"Sundial":15,"Fusion Hammer":10,"Cracked Core":0,"Unceasing Top":17},{"Ice Cream":98,"Torii":0,"SacredBark":86,"Vajra":26,"Incense Burner":58,"Ginger":36,"Mercury Hourglass":58,"Dream Catcher":63,"FaceOfCleric":26,"Shuriken":26,"Sundial":63,"Fusion Hammer":42,"Cracked Core":0,"Unceasing Top":72}],"Unceasing Top":[11],"Mercury Hourglass":[179]},"card_choices":[{"not_picked":["White Noise","Go for the Eyes"],"picked":"Sweeping Beam","floor":1},{"not_picked":["Go for the Eyes","Hologram"],"picked":"Sunder","floor":2},{"not_picked":["Steam","Beam Cell"],"picked":"Conserve Battery","floor":3},{"not_picked":["Redo","Hologram"],"picked":"Turbo","floor":4},{"not_picked":["Streamline","Go for the Eyes"],"picked":"Coolheaded","floor":5},{"not_picked":["Coolheaded","Gash"],"picked":"Ball Lightning","floor":6},{"not_picked":["Compile Driver","Storm"],"picked":"Electrodynamics","floor":12},{"not_picked":["Chaos","Steam"],"picked":"Coolheaded","floor":13},{"not_picked":["Rebound","Barrage"],"picked":"Beam Cell","floor":14},{"not_picked":["Machine Learning","Meteor Strike"],"picked":"Echo Form","floor":16},{"not_picked":["Sweeping Beam","Storm","Beam Cell"],"picked":"SKIP","floor":18},{"not_picked":["Lockon+1","Chill"],"picked":"Capacitor+1","floor":19},{"not_picked":["Streamline","Steam"],"picked":"Auto Shields","floor":20},{"not_picked":["Rebound","Heatsinks","Electrodynamics"],"picked":"SKIP","floor":21},{"not_picked":["Beam Cell","Storm","Fusion"],"picked":"SKIP","floor":25},{"not_picked":["Aggregate","Beam Cell"],"picked":"Self Repair","floor":27},{"not_picked":["Beam Cell+1","Loop"],"picked":"Conserve Battery","floor":29},{"not_picked":["Heatsinks+1","Tempest"],"picked":"Go for the Eyes","floor":30},{"not_picked":["Barrage","Sunder"],"picked":"Hologram+1","floor":31},{"not_picked":["Beam Cell+1","Rebound+1"],"picked":"Steam","floor":32},{"not_picked":["Reboot","Machine Learning"],"picked":"Thunder Strike","floor":33},{"not_picked":["Melter","Gash"],"picked":"Cold Snap+1","floor":35},{"not_picked":["Gash+1","Conserve Battery"],"picked":"Double Energy+1","floor":37},{"not_picked":["Hologram","Gash"],"picked":"Compile Driver","floor":38},{"not_picked":["Barrage","Capacitor"],"picked":"Defragment+1","floor":40}],"player_experience":438735,"relics_obtained":[{"floor":6,"key":"Vajra"},{"floor":9,"key":"Shuriken"},{"floor":14,"key":"Ginger"},{"floor":24,"key":"Mercury Hourglass"},{"floor":25,"key":"Dream Catcher"},{"floor":26,"key":"Sundial"},{"floor":30,"key":"Unceasing Top"},{"floor":38,"key":"Ice Cream"}],"event_choices":[{"damage_healed":25,"gold_gain":0,"player_choice":"Banana","damage_taken":0,"max_hp_gain":0,"max_hp_loss":0,"event_name":"Big Fish","floor":8,"gold_loss":0},{"damage_healed":0,"gold_gain":0,"player_choice":"Trade","damage_taken":0,"relics_obtained":["FaceOfCleric"],"max_hp_gain":0,"max_hp_loss":0,"event_name":"FaceTrader","floor":10,"gold_loss":0},{"damage_healed":0,"gold_gain":0,"player_choice":"Embrace Madness","damage_taken":11,"max_hp_gain":0,"max_hp_loss":0,"event_name":"Winding Halls","floor":36,"gold_loss":0,"cards_obtained":["Madness","Madness"]},{"damage_healed":0,"gold_gain":0,"player_choice":"Fight","damage_taken":0,"max_hp_gain":0,"max_hp_loss":0,"event_name":"Mysterious Sphere","floor":38,"gold_loss":0}],"is_beta":false,"boss_relics":[{"not_picked":["Runic Pyramid","Philosopher\u0027s Stone"],"picked":"Fusion Hammer"},{"not_picked":["Tiny House","Sozu"],"picked":"SacredBark"}],"items_purged_floors":[22],"is_endless":false,"potions_floor_spawned":[2,5,6,19,21,27,30,37],"killed_by":"Reptomancer","ascension_level":8}}