{"host":"9dq5hqb6tzwgr8n9","time":1614340622,"event":{"mods":["ATMod(°¢èªMod)","Act Like it!","BaseMod","Better Third Choice","GifTheSpireLib","Minty Spire (QoL Compilation)","Reliquary","RyuuouÁúÍõ","StSLib","¡¾ÒÅÎï¿¨ÅÆ¡¿REMEMod","óô»ðÖ¸ÄÏ"],"gold_per_floor":[118,16,26,26,44,74,74,74,101,121,121,88,106,126,126,231,231,250,1,271,283,283,11,45,63,86,86,14,80,117,317,317,495,495,582,621,663,663,782,782,2923,2976,2976,3017,5092,5129,4803,6940,6483,6533],"floor_reached":51,"language":"ZHS","playtime":2029,"items_purged":["Defend_G","Strike_G+1","Footwork+1"],"score":1128,"play_id":"d49e8f3c-2ed4-46b0-b5e3-e4d6a42f446a","local_time":"20210226195702","is_ascension_mode":false,"campfire_choices":[{"data":"After Image","floor":7,"key":"SMITH"},{"floor":15,"key":"REST"},{"data":"Storm of Steel","floor":27,"key":"SMITH"},{"floor":32,"key":"REST"},{"floor":40,"key":"RECALL"}],"circlet_count":0,"master_deck":["Strike_G+1","Strike_G+1","Strike_G+1","Strike_G+1","Defend_G+1","Defend_G+1","Defend_G+1","Defend_G+1","Survivor+1","Neutralize+1","Deep Breath+1","AT_DarkMatter+1","Prepared+1","Flying Knee+1","Dagger Throw+1","Reinforced Body+1","After Image+1","AT_WindRun+1","Storm of Steel+1","Malaise+1","Cloak And Dagger+1","REME_BodyOfCthun+1","Deep Breath+1","Blade Dance+1","Choke+1","AT_TwilightShroud+1","AT_ThistleTea+1","Storm of Steel+1","AT_WindRun+1","Ryuuou:NotRegret","Escape Plan+1","Prepared+1","Accuracy"],"relics":["Ring of the Snake","AT_ATBox","REME_ComplimentaryCards","NeowsBlessing","Juzu Bracelet","AT_Manta","Bronze Scales","Dead Branch","betterThird:SlimedRelic","reliquary:ThirdArm","Membership Card","AT_BladeRuinedKing","reliquary:FingerTrap","Mummified Hand","AT_MibuBalloonWealth","reliquary:OuijaBoard","Ninja Scroll","reliquary:RedPaperclip","TungstenRod","AT_RabadonDeathcap","Blood Vial","Sundial","REME_OnlineShoppingPlatform","Ornamental Fan","AT_GoldPhoenixTree","reliquary:Bookmark"],"acts_visited":["Exordium","TheCity","TheBeyond"],"potions_floor_usage":[6,37],"damage_taken":[{"damage":0,"enemies":"Jaw Worm","floor":1,"turns":1},{"damage":0,"enemies":"Small Slimes","floor":3,"turns":1},{"damage":0,"enemies":"2 Louse","floor":5,"turns":1},{"damage":10,"enemies":"Gremlin Nob","floor":6,"turns":5},{"damage":0,"enemies":"2 Fungi Beasts","floor":10,"turns":3},{"damage":13,"enemies":"Gremlin Gang","floor":13,"turns":5},{"damage":0,"enemies":"Looter","floor":14,"turns":4},{"damage":0,"enemies":"Slime Boss","floor":16,"turns":6},{"damage":0,"enemies":"3 Byrds","floor":18,"turns":2},{"damage":2,"enemies":"Chosen","floor":21,"turns":8},{"damage":0,"enemies":"REME_1_Revenger","floor":24,"turns":2},{"damage":0,"enemies":"Snecko","floor":25,"turns":1},{"damage":7,"enemies":"Chosen and Byrds","floor":29,"turns":3},{"damage":0,"enemies":"Snake Plant","floor":30,"turns":3},{"damage":0,"enemies":"Colosseum Slavers","floor":31,"turns":2},{"damage":0,"enemies":"Colosseum Nobs","floor":31,"turns":1},{"damage":0,"enemies":"Automaton","floor":33,"turns":11},{"damage":0,"enemies":"3 Shapes","floor":35,"turns":1},{"damage":0,"enemies":"Orb Walker","floor":36,"turns":1},{"damage":0,"enemies":"Spire Growth","floor":37,"turns":2},{"damage":0,"enemies":"4 Shapes","floor":39,"turns":3},{"damage":0,"enemies":"3 Darklings","floor":41,"turns":1},{"damage":0,"enemies":"Nemesis","floor":42,"turns":1},{"damage":0,"enemies":"Maw","floor":44,"turns":1},{"damage":0,"enemies":"Mind Bloom Boss Battle","floor":45,"turns":1},{"damage":0,"enemies":"Transient","floor":46,"turns":3},{"damage":0,"enemies":"3 Darklings","floor":48,"turns":2},{"damage":0,"enemies":"Donu and Deca","floor":50,"turns":4}],"seed_played":"4809478056769001605","potions_obtained":[{"floor":1,"key":"AttackPotion"},{"floor":5,"key":"SneckoOil"},{"floor":6,"key":"DuplicationPotion"},{"floor":16,"key":"FearPotion"},{"floor":24,"key":"Dexterity Potion"},{"floor":25,"key":"CunningPotion"},{"floor":37,"key":"REME_GoldPotion"},{"floor":39,"key":"FearPotion"},{"floor":45,"key":"CunningPotion"}],"is_trial":false,"path_per_floor":["M","$","M","?","M","E","R","?","T","M","T","?","M","M","R","B",null,"M","$","?","M","?","R","E","M","T","R","$","M","M","?","R","B",null,"M","M","M","?","M","R","M","E","T","M","?","M","$","M","R","B",null],"character_chosen":"THE_SILENT","items_purchased":["Flying Knee","Membership Card","REME_BodyOfCthun","AT_BladeRuinedKing","reliquary:FingerTrap","Mummified Hand","reliquary:Buckler","Blood Vial","Sundial","REME_OnlineShoppingPlatform","Ornamental Fan","AT_GoldPhoenixTree","reliquary:Bookmark","Accuracy"],"campfire_rested":2,"item_purchase_floors":[2,19,19,23,23,23,28,47,47,47,49,49,49,49],"current_hp_per_floor":[70,70,70,62,62,52,52,38,38,38,38,27,14,14,35,35,70,70,70,31,29,29,29,29,29,29,29,29,22,22,22,43,43,70,70,70,70,70,70,70,70,70,70,70,70,70,70,70,70,70],"gold":6533,"neow_bonus":"THREE_ENEMY_KILL","is_daily":false,"chose_seed":false,"campfire_upgraded":2,"win_rate":0.0,"timestamp":1614340622,"path_taken":["M","$","M","?","M","E","R","?","T","M","?","?","M","M","R","BOSS","M","$","?","M","?","R","E","M","T","R","$","M","M","?","R","BOSS","M","M","M","?","M","R","M","E","T","M","?","M","$","M","R","BOSS"],"items_purchased_type":["Card","Relic","Card","Relic","Relic","Relic","Relic","Relic","Relic","Relic","Relic","Relic","Relic","Card"],"build_version":"2020-12-22","purchased_purges":3,"victory":true,"max_hp_per_floor":[70,70,70,70,70,70,70,70,70,70,70,70,70,70,70,70,70,70,70,70,70,70,70,70,70,70,70,70,70,70,70,70,70,70,70,70,70,70,70,70,70,70,70,70,70,70,70,70,70,70],"card_choices":[{"not_picked":["Quick Slash","Flying Knee"],"picked":"Prepared","floor":1},{"not_picked":["Cloak And Dagger","Heel Hook"],"picked":"Dagger Throw","floor":3},{"not_picked":["Sucker Punch","Eviscerate"],"picked":"After Image","floor":5},{"not_picked":["Dodge and Roll","Skewer","Heel Hook"],"picked":"SKIP","floor":6},{"not_picked":["Quick Slash","Bane"],"picked":"AT_WindRun","floor":10},{"not_picked":["PiercingWail","All Out Attack","Backflip"],"picked":"SKIP","floor":13},{"not_picked":["Flying Knee","REME_ShadowStrike"],"picked":"Storm of Steel","floor":14},{"not_picked":["Wraith Form v2","Phantasmal Killer"],"picked":"Malaise","floor":16},{"not_picked":["Slice+1","Dodge and Roll"],"picked":"Cloak And Dagger","floor":18},{"not_picked":["Infinite Blades","Slice"],"picked":"Blade Dance+1","floor":21},{"not_picked":["Cloak And Dagger","Expertise"],"picked":"AT_TwilightShroud+1","floor":24},{"not_picked":["Expertise+1","Dash","AT_KneejerkReflex"],"picked":"SKIP","floor":25},{"not_picked":["Terror","AT_WomanClash","Slice"],"picked":"SKIP","floor":29},{"not_picked":["Bouncing Flask","Expertise","Catalyst+1"],"picked":"SKIP","floor":30},{"not_picked":["Leg Sweep","AT_WindFlip"],"picked":"AT_ThistleTea","floor":31},{"not_picked":["Venomology","Bullet Time"],"picked":"Storm of Steel","floor":33},{"not_picked":["REME_GreenPollution+1","PiercingWail"],"picked":"AT_WindRun+1","floor":35},{"not_picked":["Quick Slash+1","Backstab+1","Riddle With Holes"],"picked":"SKIP","floor":36},{"not_picked":["Deadly Poison+1","Bane+1"],"picked":"Footwork+1","floor":37},{"not_picked":["Crippling Poison+1","Quick Slash+1","Finisher+1"],"picked":"SKIP","floor":39},{"not_picked":["AT_EssenceShift","Deflect+1"],"picked":"Escape Plan+1","floor":41},{"not_picked":["Catalyst+1","Dagger Throw+1","Noxious Fumes"],"picked":"SKIP","floor":42},{"not_picked":["Outmaneuver","Sucker Punch","Flechettes+1"],"picked":"SKIP","floor":44},{"not_picked":["Dagger Spray+1","Outmaneuver+1"],"picked":"Prepared+1","floor":45},{"not_picked":["Expertise+1","AT_TinkerSharpsword","Dagger Throw+1"],"picked":"SKIP","floor":46},{"not_picked":["Dagger Spray","Backstab+1","REME_GreenPollution+1"],"picked":"SKIP","floor":48}],"player_experience":119649,"relics_obtained":[{"floor":6,"key":"AT_Manta"},{"floor":9,"key":"Bronze Scales"},{"floor":11,"key":"Dead Branch"},{"floor":24,"key":"reliquary:RoseTintedGlasses"},{"floor":26,"key":"AT_MibuBalloonWealth"},{"floor":31,"key":"reliquary:OuijaBoard"},{"floor":31,"key":"Ninja Scroll"},{"floor":42,"key":"TungstenRod"},{"floor":45,"key":"AT_RabadonDeathcap"}],"event_choices":[{"damage_healed":52,"gold_gain":0,"player_choice":"Upgrade","damage_taken":14,"max_hp_gain":0,"max_hp_loss":70,"event_name":"betterThird:BetterShining","floor":8,"gold_loss":0,"cards_upgraded":["Defend_G","Survivor"]},{"damage_healed":0,"gold_gain":0,"player_choice":"Slimed","damage_taken":11,"max_hp_gain":0,"max_hp_loss":0,"event_name":"betterThird:BetterGoop","floor":12,"gold_loss":33},{"damage_healed":0,"gold_gain":270,"player_choice":"CARD POTION GOLD GOLD GOLD ","damage_taken":39,"max_hp_gain":0,"max_hp_loss":0,"event_name":"Knowing Skull","floor":20,"potions_obtained":["AttackPotion"],"gold_loss":0,"cards_obtained":["Deep Breath"]},{"damage_healed":0,"gold_gain":0,"player_choice":"Read","damage_taken":0,"max_hp_gain":0,"max_hp_loss":0,"event_name":"The Library","floor":22,"gold_loss":0,"cards_obtained":["Choke"]},{"damage_healed":0,"gold_gain":0,"player_choice":"Fight","damage_taken":0,"max_hp_gain":0,"max_hp_loss":0,"event_name":"Colosseum","floor":31,"gold_loss":0},{"damage_healed":0,"gold_gain":0,"player_choice":"Fought Nobs","damage_taken":0,"max_hp_gain":0,"max_hp_loss":0,"event_name":"Colosseum","floor":31,"gold_loss":0},{"damage_healed":0,"gold_gain":0,"player_choice":"Fight","damage_taken":0,"max_hp_gain":0,"max_hp_loss":0,"event_name":"MindBloom","floor":45,"gold_loss":0}],"is_beta":false,"boss_relics":[{"not_picked":["SacredBark","Sozu"],"picked":"reliquary:ThirdArm"},{"not_picked":["Astrolabe","REME_DuelDisc"],"picked":"reliquary:RedPaperclip"}],"items_purged_floors":[2,47,49],"is_endless":false,"potions_floor_spawned":[1,5,6,16,24,25,30,33,37,39,45,46],"ascension_level":0}}