{"host":"v63m4f6t57xrjbnq","time":1614356852,"event":{"mods":["100% Spire Juice","ATMod(阿瑾Mod)","Act Like it!","Arknights","BaseMod","Colored Powertips","Dota2Spire","Downfall","Energized Spire","Gensokyo","Hallownest","KinomotoSakuraMod(木之本樱)","KomeijiMod","LagranYue(拉格朗・月)","Lobotomy","LobotomyExtend","Marisa（F雨　魔理沙）","Marked Mod","Minty Spire (QoL Compilation)","Quick Restart","Reimu（博丽灵梦）","Relic Filter Mod","Remilia（蕾米莉亚）","Replay The Spire","RumiaBox-露米娅的神秘盒子","StSLib","The Administrix","The Marked","The Senshi","The Servant 0.9.4","Waifu the Spire","WarShipGirlsR/战舰少女R mod","Yakumo Yukari mod","Youmu（魂魄妖梦）","Yuyuko","【遗物卡牌】REMEMod"],"gold_per_floor":[112,112,107,107,124,151,151,6,6,6,106,121,135,165,165,261,261,276,276,14,14,14,39,39,49,49,39,39,11,11,11,11,11,11],"floor_reached":33,"language":"ZHS","playtime":1066,"items_purged":["Defend_YM"],"score":319,"play_id":"1ec02646-9cc0-4c57-a4bf-3470715aa64c","local_time":"20210227002732","is_ascension_mode":false,"campfire_choices":[{"floor":15,"key":"REST"},{"data":"Apotheosis","floor":24,"key":"SMITH"},{"floor":28,"key":"RECALL"},{"data":"Gensokyo:ManorOfTheDishes","floor":30,"key":"SMITH"},{"floor":32,"key":"DIG"}],"circlet_count":0,"master_deck":["Strike_YM","Strike_YM","Strike_YM","Strike_YM","Defend_YM","Defend_YM","Defend_YM","SlashOfPresentWorld","WheelOfPainOfLivingAndDead","Apotheosis+1","CrescentMoonSlash","TwoHundredYojanaInOneSlash","ThreeKonsSevenHakus","CherryBlossomSword","SuddenPhantomFormationSlashOfKarmicWind","Gensokyo:CrescentMoonSlash","ObsessionWithThePresentWorld","CherryBlossomFlashing","CelestialStarSword","AsuraSword","AT_EmpoweredMortalDraw","HiganSword","Gensokyo:ManorOfTheDishes+1","Gensokyo:TarnishedGold"],"relics":["HalfPhantom","AT_ATBox","REME_ComplimentaryCards","LagranYue:RandomDrawCardRelic","Baka","Dota2Spire:DivineRapier","REME_ComplimentaryCards","PureWhite:ReiMu","REME_HandOfSuture","Onion Ring","Dota2Spire:MagicBottle","AT_MortalBlade","Membership Card","LagranYue:MagicReflectiveArmorRelic","Dota2Spire:DrumOfEndurance","HoshigumaDish"],"acts_visited":["Gensokyo:Gensokyo","Gensokyo:Gensokyoer"],"potions_floor_usage":[14,33,33,33],"damage_taken":[{"damage":10.0,"enemies":"Gensokyo:Gryphon","floor":1.0,"turns":3.0},{"damage":9.0,"enemies":"Gensokyo:3_Fairies","floor":3.0,"turns":3.0},{"damage":0.0,"enemies":"Gensokyo:2_Kodama","floor":5.0,"turns":1.0},{"damage":52.0,"enemies":"Gensokyo:Aya","floor":6.0,"turns":5.0},{"damage":9,"enemies":"Gensokyo:Kitsune","floor":12,"turns":2},{"damage":0,"enemies":"Gensokyo:Python_and_Kodama","floor":13,"turns":1},{"damage":2,"enemies":"Gensokyo:Cirno","floor":14,"turns":5},{"damage":0,"enemies":"Gensokyo:Reimu","floor":16,"turns":5},{"damage":0,"enemies":"Gensokyo:AngelMirror","floor":18,"turns":1},{"damage":18,"enemies":"Gensokyo:Koishi","floor":23,"turns":4},{"damage":28,"enemies":"Gensokyo:Chomper","floor":25,"turns":5},{"damage":45,"enemies":"Gensokyo:Eiki","floor":33,"turns":2}],"seed_played":"9040149312601187983","potions_obtained":[{"floor":1.0,"key":"Dota2Spire:HealingSalve"},{"floor":3.0,"key":"Milkshake"},{"floor":5.0,"key":"AttackPotion"},{"floor":14,"key":"JyouchiReiPotion"}],"is_trial":false,"path_per_floor":["M","?","M","?","M","E","?","$","T","$","?","M","M","E","R","B",null,"M","?","$","?","$","E","R","M","T","?","R","COS","R","$","R","B"],"character_chosen":"YOUMU","items_purchased":["REME_HandOfSuture","Membership Card","LagranYue:MagicReflectiveArmorRelic"],"campfire_rested":1,"item_purchase_floors":[8,20,20],"current_hp_per_floor":[58,68,59,59,59,29,19,19,19,19,19,19,19,29,49,49,68,68,62,62,62,62,47,47,19,19,47,47,47,47,47,47,0,0],"gold":11,"neow_bonus":"RANDOM_COLORLESS_2","is_daily":false,"chose_seed":false,"campfire_upgraded":2,"win_rate":0.0,"timestamp":1614356852,"path_taken":["M","?","M","?","M","E","?","$","T","$","?","M","M","E","R","BOSS","M","?","?","?","$","E","R","M","T","?","R","COS","R","?","R","BOSS"],"items_purchased_type":["Relic","Relic","Relic"],"build_version":"2020-12-22","purchased_purges":1,"victory":false,"max_hp_per_floor":[68,68,68,68,68,68,68,68,68,68,68,68,68,68,68,68,68,68,62,62,62,62,62,62,62,62,62,62,62,62,62,62,69,69],"card_choices":[{"not_picked":["Metamorphosis","AT_FamilyPortrait"],"picked":"Apotheosis","floor":0.0},{"not_picked":["FlashingScatteredFlowers","ObsessionWithThePresentWorld"],"picked":"CrescentMoonSlash","floor":1.0},{"not_picked":["GhostSword","FlashingScatteredFlowers"],"picked":"TwoHundredYojanaInOneSlash","floor":3.0},{"not_picked":["KarmicPunishmentOfTheIdleAndUnfocused","DispleasureOfTheSevenHakus"],"picked":"ThreeKonsSevenHakus","floor":4.0},{"not_picked":["CrescentMoonSlash","SpiritMediumsBind"],"picked":"CherryBlossomSword","floor":5.0},{"not_picked":["DispleasureOfTheSevenHakus","ThreeKonsSevenHakus"],"picked":"SuddenPhantomFormationSlashOfKarmicWind","floor":6},{"not_picked":["HumanKnowledgeSword","CrescentMoonSlash"],"picked":"ObsessionWithThePresentWorld","floor":12},{"not_picked":["SpiritCuttingSword","FiveSignsOfTheDyingDeva"],"picked":"CherryBlossomFlashing","floor":13},{"not_picked":["PhosphoricSlash","TransmigrationSlash"],"picked":"CelestialStarSword","floor":14},{"not_picked":["VoidnessSword","SlashOfTheEternalFuture"],"picked":"AsuraSword","floor":16},{"not_picked":["PreachingAvici","CrescentMoonSlash"],"picked":"HiganSword","floor":18},{"not_picked":["Gensokyo:TurboGranny","Gensokyo:SpontaneousHumanCombustion"],"picked":"Gensokyo:ManorOfTheDishes","floor":19},{"not_picked":["SlashOfMeditation","TurningAngelCut+1","ReincarnationSword"],"picked":"SKIP","floor":23},{"not_picked":["FourBirthsSword","PhosphoricSlash","LowerRealmReflectionSlash"],"picked":"SKIP","floor":25}],"player_experience":281145,"relics_obtained":[{"floor":1.0,"key":"Baka"},{"floor":3.0,"key":"Dota2Spire:DivineRapier"},{"floor":6,"key":"REME_ComplimentaryCards"},{"floor":6,"key":"PureWhite:ReiMu"},{"floor":9,"key":"Onion Ring"},{"floor":14,"key":"Dota2Spire:MagicBottle"},{"floor":23,"key":"Dota2Spire:DrumOfEndurance"},{"floor":32,"key":"HoshigumaDish"}],"event_choices":[],"is_beta":false,"boss_relics":[{"not_picked":["Abe\u0027s Treasure","REME_LowDesire"],"picked":"AT_MortalBlade"}],"items_purged_floors":[20],"is_endless":false,"potions_floor_spawned":[1,3,5,14,18],"killed_by":"Gensokyo:Eiki","ascension_level":0}}