{"host":"fnk117zi8wf5078t","time":1614303786,"event":{"mods":["AchievementEnabler","BaseMod","Colored Map","Minty Spire (QoL Compilation)","Rare Cards Sparkle","SuperFastMode","everything is the same but u backflip on backflip"],"gold_per_floor":[18,30,41,60,60,60,70,70,70,70,87,262,276,289,289,367,367,387,407,442,222,239,239,266,266,336,336,336,356,356,372,372,449,449,467,109,163,163,438,438,468,487,487,51,61,61,78,27,27,27,27],"floor_reached":50,"language":"KOR","playtime":2067,"items_purged":["Doubt","Pain","Regret"],"score":824,"play_id":"95c46adc-94e0-4022-ab28-26fda5aee39e","local_time":"20210226104306","is_ascension_mode":true,"campfire_choices":[{"floor":6.0,"key":"REST"},{"data":"Reprogram","floor":8.0,"key":"SMITH"},{"data":"Transmutation","floor":10.0,"key":"SMITH"},{"floor":15.0,"key":"REST"},{"floor":23.0,"key":"REST"},{"floor":25.0,"key":"REST"},{"floor":28.0,"key":"REST"},{"data":"Beam Cell","floor":30.0,"key":"SMITH"},{"floor":32.0,"key":"REST"},{"floor":40.0,"key":"REST"},{"floor":46.0,"key":"REST"},{"floor":49.0,"key":"REST"}],"circlet_count":0,"master_deck":["AscendersBane","Strike_B","Strike_B","Strike_B","Strike_B","Defend_B","Defend_B","Defend_B","Defend_B","Zap","Dualcast","Transmutation+1","Steam Power","Reprogram+1","Scrape","Turbo","Beam Cell+1","Hyperbeam","FTL+1","BootSequence","Reprogram","Hyperbeam","Core Surge","Turbo","Master of Strategy","Swift Strike","Good Instincts","Turbo+1","Rip and Tear+1","Steam"],"relics":["Cracked Core","Orichalcum","Philosopher\u0027s Stone","Red Mask","Bag of Preparation","Pen Nib","Letter Opener","WarpedTongs","Nuclear Battery","Torii","Bottled Flame","Thread and Needle","FossilizedHelix"],"acts_visited":["Exordium","TheCity","TheBeyond"],"potions_floor_usage":[50],"damage_taken":[{"damage":6.0,"enemies":"Cultist","floor":1.0,"turns":3.0},{"damage":19.0,"enemies":"Jaw Worm","floor":2.0,"turns":5.0},{"damage":13.0,"enemies":"2 Louse","floor":3.0,"turns":2.0},{"damage":7.0,"enemies":"Looter","floor":4.0,"turns":3.0},{"damage":4.0,"enemies":"Large Slime","floor":7.0,"turns":6.0},{"damage":12.0,"enemies":"Red Slaver","floor":11.0,"turns":4.0},{"damage":6.0,"enemies":"Blue Slaver","floor":13.0,"turns":3.0},{"damage":6.0,"enemies":"Looter","floor":14.0,"turns":2.0},{"damage":48.0,"enemies":"Slime Boss","floor":16.0,"turns":15.0},{"damage":5.0,"enemies":"Spheric Guardian","floor":18.0,"turns":4.0},{"damage":8.0,"enemies":"Chosen","floor":19.0,"turns":3.0},{"damage":0.0,"enemies":"Masked Bandits","floor":20.0,"turns":2.0},{"damage":19.0,"enemies":"Snake Plant","floor":22.0,"turns":5.0},{"damage":43.0,"enemies":"Book of Stabbing","floor":24.0,"turns":6.0},{"damage":12.0,"enemies":"3 Cultists","floor":29.0,"turns":4.0},{"damage":0.0,"enemies":"Chosen and Byrds","floor":31.0,"turns":5.0},{"damage":68.0,"enemies":"Collector","floor":33.0,"turns":6.0},{"damage":0.0,"enemies":"Orb Walker","floor":35.0,"turns":2.0},{"damage":16.0,"enemies":"2 Orb Walkers","floor":37.0,"turns":3.0},{"damage":46.0,"enemies":"Giant Head","floor":41.0,"turns":7.0},{"damage":0.0,"enemies":"3 Darklings","floor":42.0,"turns":1.0},{"damage":0.0,"enemies":"Transient","floor":45.0,"turns":5.0},{"damage":0.0,"enemies":"Sphere and 2 Shapes","floor":47.0,"turns":1.0},{"damage":75,"enemies":"Time Eater","floor":50,"turns":9}],"seed_played":"6015585323264959531","potions_obtained":[{"floor":1.0,"key":"PotionOfCapacity"},{"floor":2.0,"key":"Regen Potion"},{"floor":7.0,"key":"LiquidBronze"},{"floor":20.0,"key":"Swift Potion"},{"floor":24.0,"key":"EssenceOfDarkness"},{"floor":33.0,"key":"Fire Potion"},{"floor":35.0,"key":"Dexterity Potion"}],"is_trial":false,"path_per_floor":["M","M","M","M","?","R","M","R","T","R","M","?","M","M","R","B",null,"M","M","?","$","M","R","E","R","T","?","R","M","R","M","R","B",null,"M","$","?","?","?","R","E","M","T","$","M","R","M","$","R","B"],"character_chosen":"DEFECT","items_purchased":["Bag of Preparation","Master of Strategy","Swift Strike","FossilizedHelix","BlessingOfTheForge"],"campfire_rested":9,"item_purchase_floors":[21,36,36,44,48],"current_hp_per_floor":[62,43,30,23,28,52,63,63,63,63,51,51,45,39,63,15,64,59,51,51,51,32,56,13,37,37,37,61,49,49,49,73,5,61,61,61,45,45,45,69,23,23,23,23,23,47,47,47,71,0,0],"gold":27,"neow_bonus":"RANDOM_COLORLESS_2","is_daily":false,"chose_seed":false,"campfire_upgraded":3,"win_rate":0.0,"timestamp":1614303786,"path_taken":["M","M","M","?","?","R","M","R","T","R","M","?","M","M","R","BOSS","M","M","?","$","M","R","E","R","T","?","R","M","R","?","R","BOSS","M","$","?","?","?","R","E","M","T","$","?","R","M","?","R","BOSS"],"items_purchased_type":["Relic","Card","Card","Relic","Potion"],"build_version":"2020-12-22","purchased_purges":3,"victory":false,"max_hp_per_floor":[75,75,75,75,80,80,80,80,80,80,80,80,80,80,80,80,80,80,80,80,80,80,80,80,80,80,80,80,80,80,80,80,80,80,80,80,80,80,80,80,80,80,80,80,80,80,80,80,80,80,80],"card_choices":[{"not_picked":["Magnetism","The Bomb"],"picked":"Transmutation","floor":0.0},{"not_picked":["Capacitor","Streamline"],"picked":"Steam Power","floor":1.0},{"not_picked":["Redo","Coolheaded"],"picked":"Reprogram","floor":2.0},{"not_picked":["Stack","Sweeping Beam"],"picked":"Scrape","floor":3.0},{"not_picked":["Tempest","Steam"],"picked":"Turbo","floor":4.0},{"not_picked":["Cold Snap","Stack"],"picked":"Beam Cell","floor":7.0},{"not_picked":["Cold Snap","Force Field","Conserve Battery"],"picked":"SKIP","floor":11.0},{"not_picked":["Compile Driver","Lockon","Static Discharge"],"picked":"SKIP","floor":13.0},{"not_picked":["Fusion","Blizzard","Multi-Cast"],"picked":"SKIP","floor":14.0},{"not_picked":["Electrodynamics","Biased Cognition"],"picked":"Hyperbeam","floor":16.0},{"not_picked":["Turbo","Rebound"],"picked":"FTL+1","floor":18.0},{"not_picked":["Barrage","Cold Snap","Stack"],"picked":"SKIP","floor":19.0},{"not_picked":["Heatsinks+1","Compile Driver"],"picked":"BootSequence","floor":20.0},{"not_picked":["Turbo","Cold Snap"],"picked":"Reprogram","floor":22.0},{"not_picked":["Leap+1","Hello World","Sunder"],"picked":"SKIP","floor":24.0},{"not_picked":["Go for the Eyes","Lockon+1"],"picked":"Hyperbeam","floor":29.0},{"not_picked":["Genetic Algorithm","Reinforced Body","Force Field"],"picked":"SKIP","floor":31.0},{"not_picked":["Hyperbeam","Amplify"],"picked":"Core Surge","floor":33.0},{"not_picked":["Hologram","Melter"],"picked":"Turbo","floor":35.0},{"not_picked":["Enlightenment","Metamorphosis"],"picked":"Good Instincts","floor":38.0},{"not_picked":["Doom and Gloom","Chill+1"],"picked":"Turbo+1","floor":41.0},{"not_picked":["Conserve Battery","Hologram"],"picked":"Rip and Tear+1","floor":42.0},{"not_picked":["Leap","Go for the Eyes"],"picked":"Steam","floor":45.0},{"not_picked":["Coolheaded","Leap","Stack"],"picked":"SKIP","floor":47.0}],"player_experience":440666,"relics_obtained":[{"floor":9.0,"key":"Orichalcum"},{"floor":20.0,"key":"Red Mask"},{"floor":24.0,"key":"Pen Nib"},{"floor":26.0,"key":"Letter Opener"},{"floor":37.0,"key":"Torii"},{"floor":41.0,"key":"Bottled Flame"},{"floor":43.0,"key":"Thread and Needle"}],"event_choices":[{"damage_healed":0.0,"max_hp_gain":5.0,"max_hp_loss":0.0,"gold_gain":0.0,"event_name":"Big Fish","player_choice":"Donut","floor":5.0,"gold_loss":0.0,"damage_taken":0.0},{"damage_healed":0.0,"max_hp_gain":0.0,"max_hp_loss":0.0,"gold_gain":175.0,"event_name":"Liars Game","player_choice":"AGREE","floor":12.0,"gold_loss":0.0,"damage_taken":0.0,"cards_obtained":["Doubt"]},{"damage_healed":0.0,"max_hp_gain":0.0,"max_hp_loss":0.0,"gold_gain":0.0,"event_name":"Masked Bandits","player_choice":"Fought Bandits","floor":20.0,"gold_loss":0.0,"damage_taken":0.0},{"damage_healed":0.0,"max_hp_gain":0.0,"max_hp_loss":0.0,"gold_gain":0.0,"event_name":"Accursed Blacksmith","player_choice":"Rummage","floor":27.0,"gold_loss":0.0,"damage_taken":0.0,"relics_obtained":["WarpedTongs"],"cards_obtained":["Pain"]},{"damage_healed":0.0,"max_hp_gain":0.0,"max_hp_loss":0.0,"gold_gain":0.0,"event_name":"Mysterious Sphere","player_choice":"Fight","floor":37.0,"gold_loss":0.0,"damage_taken":0.0},{"damage_healed":0.0,"max_hp_gain":0.0,"max_hp_loss":0.0,"gold_gain":0.0,"event_name":"SensoryStone","player_choice":"Memory 1","floor":38.0,"gold_loss":0.0,"damage_taken":0.0},{"damage_healed":0.0,"max_hp_gain":0.0,"max_hp_loss":0.0,"gold_gain":275.0,"event_name":"Golden Shrine","player_choice":"Desecrate","floor":39.0,"gold_loss":0.0,"damage_taken":0.0,"cards_obtained":["Regret"]}],"is_beta":false,"boss_relics":[{"not_picked":["Runic Dome","Velvet Choker"],"picked":"Philosopher\u0027s Stone"},{"not_picked":["Coffee Dripper","Fusion Hammer"],"picked":"Nuclear Battery"}],"items_purged_floors":[21,36,44],"is_endless":false,"potions_floor_spawned":[1,2,7,20,24,29,33,35,41,42],"killed_by":"Time Eater","ascension_level":13}}