{"host":"trw84khdytc0ixrp","time":1614359182,"event":{"mods":["BaseMod","Downfall","Hermit","Jorbs\u0027s Wanderer Trilogy","Minty Spire (QoL Compilation)","StSLib","The Cursed","The Disciple"],"gold_per_floor":[117,117,18,35,35,35,64,64,64,78,153,9,9,26,26,129,129,140,140,239,239,48,48,68,68,68,98,159,188,216,244,244,346,346,372,472,522,572,604,629,629,484,535,535,567,596,448,482,482,482],"floor_reached":51,"language":"ENG","playtime":6204,"items_purged":["Pain"],"score":763,"play_id":"2e6b88a0-2da2-4261-9b78-3ddbb4ad7d9c","local_time":"20210226180622","is_ascension_mode":false,"campfire_choices":[{"data":"Allegro","floor":6.0,"key":"SMITH"},{"data":"LockedBlood","floor":8.0,"key":"SMITH"},{"floor":15.0,"key":"REST"},{"data":"1","floor":23.0,"key":"LIFT"},{"data":"2","floor":25.0,"key":"LIFT"},{"data":"3","floor":32.0,"key":"LIFT"},{"floor":41,"key":"RECALL"},{"data":"Apotheosis","floor":44,"key":"SMITH"},{"data":"ResonantCall","floor":49,"key":"SMITH"}],"circlet_count":0,"master_deck":["Strike_Br","Defend_Br","SecondHand","PatternShift","Engulf","LockedAnchor","Allegro+1","LockedBlood+1","LockedScales","LockedTornado","EscortCommand","LockedAnchor","Echoward","Keepsakes","LockedAnchor","MasterKey","Echoward+1","ExoVibe+11","LockedTornado+1","LockedMercury","Apotheosis+1","LockedBlood","Vivace+1","LockedScales","LockedMedicine","LockedMawBank+1","LockedMercury+1","LockedLightning","OldTimer","ResonantCall+1","Goo+9","Secret Weapon","Keepsakes","LockedUrn","WatchCommand"],"relics":["Chronometer","Ice Cream","Hand?","Paper Turtyl","Girya","Orrery","Sundial","Astrolabe","SsserpentHead","Bronze Scales","Centennial Puzzle","Lizard Tail","Empty Cage","PreservedInsect","ClockworkSouvenir","OrangePellets"],"acts_visited":["Exordium","TheCity","TheBeyond"],"potions_floor_usage":[40,50],"damage_taken":[{"damage":6.0,"enemies":"Small Slimes","floor":1.0,"turns":4.0},{"damage":0.0,"enemies":"2 Louse","floor":4.0,"turns":3.0},{"damage":23.0,"enemies":"3 Sentries","floor":7.0,"turns":10.0},{"damage":1.0,"enemies":"Jaw Worm","floor":10.0,"turns":3.0},{"damage":3.0,"enemies":"Exordium Thugs","floor":14.0,"turns":5.0},{"damage":22.0,"enemies":"Hexaghost","floor":16.0,"turns":10.0},{"damage":0.0,"enemies":"Chosen","floor":18.0,"turns":5.0},{"damage":3.0,"enemies":"Shell Parasite","floor":24.0,"turns":5.0},{"damage":7.0,"enemies":"Slavers","floor":27.0,"turns":5.0},{"damage":11.0,"enemies":"Snake Plant","floor":28.0,"turns":3.0},{"damage":8.0,"enemies":"Book of Stabbing","floor":29.0,"turns":3.0},{"damage":2.0,"enemies":"Cultist and Chosen","floor":30.0,"turns":5.0},{"damage":0.0,"enemies":"Snecko","floor":31.0,"turns":6.0},{"damage":33.0,"enemies":"Champ","floor":33.0,"turns":9.0},{"damage":10,"enemies":"Orb Walker","floor":35,"turns":3},{"damage":0,"enemies":"Mind Bloom Boss Battle","floor":36,"turns":7},{"damage":3,"enemies":"3 Shapes","floor":39,"turns":6},{"damage":7,"enemies":"Reptomancer","floor":40,"turns":6},{"damage":7,"enemies":"Spire Growth","floor":45,"turns":4},{"damage":8,"enemies":"4 Shapes","floor":46,"turns":4},{"damage":15,"enemies":"Writhing Mass","floor":48,"turns":4},{"damage":64,"enemies":"Time Eater","floor":50,"turns":7}],"seed_played":"-7079801541226380873","potions_obtained":[{"floor":4.0,"key":"Swift Potion"},{"floor":16.0,"key":"Energy Potion"},{"floor":27.0,"key":"WardPotion"},{"floor":29.0,"key":"champ:CounterPotion"},{"floor":31.0,"key":"Strength Potion"},{"floor":48,"key":"SteroidPotion"}],"is_trial":false,"path_per_floor":["M","?","$","M","?","R","E","R","T","M","?","$","T","M","R","B",null,"M","?","?","?","$","R","M","R","T","E","M","E","M","M","R","B",null,"M","?","?","?","M","E","R","$","T","R","M","M","$","M","R","B",null],"character_chosen":"CHRONO_CLASS","items_purchased":["Tempo","Orrery","Apotheosis","LockedBlood","ClockworkSouvenir","OrangePellets"],"campfire_rested":1,"item_purchase_floors":[3,12,22,22,42,47],"current_hp_per_floor":[59,59,59,59,59,59,36,36,36,38,27,27,27,33,52,39,65,65,65,65,65,65,65,65,65,65,65,57,49,59,65,65,50,65,58,65,62,52,62,55,55,55,55,55,60,58,58,62,62,7],"gold":482,"neow_bonus":"ONE_RARE_RELIC","is_daily":false,"chose_seed":false,"campfire_upgraded":4,"win_rate":0.0,"timestamp":1614359182,"path_taken":["M","?","$","M","?","R","E","R","T","M","?","$","?","M","R","BOSS","M","?","?","?","$","R","M","R","T","E","?","E","M","M","R","BOSS","M","?","?","?","M","E","R","$","T","R","M","M","$","M","R","BOSS"],"items_purchased_type":["Card","Relic","Card","Card","Relic","Relic"],"build_version":"2020-12-22","purchased_purges":1,"victory":true,"max_hp_per_floor":[65,65,65,65,65,65,65,65,65,65,65,65,65,65,65,65,65,65,65,65,65,65,65,65,65,65,65,65,65,65,65,65,65,65,65,65,62,62,62,62,62,62,62,62,62,62,62,62,62,62],"card_choices":[{"not_picked":["LockedTurtyl","CrunchTime"],"picked":"Engulf","floor":1.0},{"not_picked":["DaylightSavings","Engulf"],"picked":"Tempo","floor":4.0},{"not_picked":["ReapSow","WakeUpCall"],"picked":"LockedBlood","floor":7.0},{"not_picked":["LockedOrichalcum","ExoVibe"],"picked":"LockedScales","floor":10.0},{"not_picked":["LockedCalendar","Stagnate"],"picked":"LockedTornado","floor":12.0},{"not_picked":["Parity","FormalWear"],"picked":"EscortCommand","floor":12.0},{"not_picked":["LockedPlans","PrimeTime"],"picked":"LockedAnchor","floor":12.0},{"not_picked":["FormalWear","HandsUpC"],"picked":"Echoward","floor":12.0},{"not_picked":["EscortCommand","WakeUpCall"],"picked":"Keepsakes","floor":12.0},{"not_picked":["Engulf","WakeUpCall"],"picked":"LockedAnchor","floor":14.0},{"not_picked":["RageCommand","OldTimer"],"picked":"MasterKey","floor":16.0},{"not_picked":["FormalWear","PrimeTime"],"picked":"LockedMercury","floor":18.0},{"not_picked":["BiteCommand","Engulf"],"picked":"LockedScales","floor":24.0},{"not_picked":["ExoVibe","Cuckoo","HandsUpB+1"],"picked":"SKIP","floor":27.0},{"not_picked":["AlternateTimeline","WindUp"],"picked":"LockedMedicine","floor":28.0},{"not_picked":["TiringSlam","Recurrance"],"picked":"LockedMawBank+1","floor":29.0},{"not_picked":["LockedPlans+1","PrimeTime"],"picked":"LockedMercury+1","floor":30.0},{"not_picked":["AlternateTimeline","BiteCommand"],"picked":"LockedLightning","floor":31.0},{"not_picked":["MasterKey","OverTime"],"picked":"OldTimer","floor":33.0},{"not_picked":["WindUp+1","LockedMedicine"],"picked":"ResonantCall","floor":35},{"not_picked":["LockedAnchor+1","Parity+1"],"picked":"Goo+1","floor":36},{"not_picked":["Good Instincts","Blind"],"picked":"Secret Weapon","floor":38},{"not_picked":["Tempo","HandsUpC+1","Parity+1"],"picked":"SKIP","floor":39},{"not_picked":["Stagnate","CrunchTime","ReapSow+1"],"picked":"SKIP","floor":40},{"not_picked":["WindUp","ExoVibe"],"picked":"Keepsakes","floor":45},{"not_picked":["LockedScales","Accruing+1"],"picked":"LockedUrn","floor":46},{"not_picked":["RageCommand","Backlash"],"picked":"WatchCommand","floor":48}],"player_experience":179992,"relics_obtained":[{"floor":7.0,"key":"Paper Turtyl"},{"floor":9.0,"key":"Girya"},{"floor":13.0,"key":"Sundial"},{"floor":26.0,"key":"Bronze Scales"},{"floor":27.0,"key":"Centennial Puzzle"},{"floor":29.0,"key":"Lizard Tail"},{"floor":40,"key":"PreservedInsect"}],"event_choices":[{"damage_healed":0.0,"max_hp_gain":0.0,"max_hp_loss":0.0,"gold_gain":0.0,"cards_transformed":["Strike_Br"],"event_name":"Living Wall","player_choice":"Change","floor":2.0,"gold_loss":0.0,"damage_taken":0.0,"cards_obtained":["LockedAnchor"]},{"damage_healed":0.0,"max_hp_gain":0.0,"max_hp_loss":0.0,"gold_gain":75.0,"event_name":"World of Goop","player_choice":"Gather Gold","floor":11.0,"gold_loss":0.0,"damage_taken":11.0},{"damage_healed":0.0,"max_hp_gain":0.0,"max_hp_loss":0.0,"gold_gain":0.0,"event_name":"Vampires","player_choice":"Ignored","floor":19.0,"gold_loss":0.0,"damage_taken":0.0},{"damage_healed":0.0,"max_hp_gain":0.0,"max_hp_loss":0.0,"gold_gain":99.0,"event_name":"Nest","player_choice":"Stole From Cult","floor":20.0,"gold_loss":0.0,"damage_taken":0.0},{"damage_healed":0.0,"max_hp_gain":0.0,"max_hp_loss":0.0,"gold_gain":0.0,"event_name":"FaceTrader","player_choice":"Trade","floor":21.0,"gold_loss":0.0,"damage_taken":0.0,"relics_obtained":["SsserpentHead"]},{"damage_healed":0,"gold_gain":0,"player_choice":"Fight","damage_taken":0,"max_hp_gain":0,"max_hp_loss":0,"event_name":"MindBloom","floor":36,"gold_loss":0},{"damage_healed":0,"gold_gain":0,"player_choice":"Max HP","damage_taken":0,"max_hp_gain":0,"max_hp_loss":3,"event_name":"Winding Halls","floor":37,"gold_loss":0},{"damage_healed":0,"gold_gain":0,"player_choice":"Memory 3","damage_taken":10,"max_hp_gain":0,"max_hp_loss":0,"event_name":"SensoryStone","floor":38,"gold_loss":0}],"is_beta":false,"boss_relics":[{"not_picked":["Runic Dome","Chronograph"],"picked":"Astrolabe"},{"not_picked":["Pandora\u0027s Box","SacredBark"],"picked":"Empty Cage"}],"items_purged_floors":[3],"is_endless":false,"potions_floor_spawned":[4,16,27,29,30,31,36,39,48],"ascension_level":0}}