{"host":"xp5rvh2jwe2ejyfm","time":1614303577,"event":{"mods":["2.2 Compatiblity","Aspiration","Bard","BaseMod","Beaked The Cultist","Better Altar","Better Match","Better Note","Better Sensory Stone","Better Skull","BetterRewards","Colored Powertips","Conspire","Downfall","GifTheSpireLib","Gremlin Mod","GungeonMod","Hermit","Hubris","Jorbs\u0027s Wanderer Trilogy","Mad Scientist","Minty Spire (QoL Compilation)","Potionbrewer","Quick Restart","Replay The Spire","Robot Space Explorer","Shade Mod","Somnambulant","StSLib","The Bug Knight","The Clintock","The Construct","The Cursed","The Disciple","The Forsaken","The Hierophant","The Marked","The Mystic","The Necromancer","The Runesmith","The Servant 0.9.4","The Valiant","The Witch","TheFirefly","TheVacant","thorton"],"gold_per_floor":[114,131,146,146,157,189,36,66,93,39,66,66,66,77,77,177,177,191,205,23,38,38,38,38,1,1,1,17,17,34,44,44,140,190,206,224,224,224],"floor_reached":37,"language":"ENG","playtime":1454,"items_purged":[],"score":591,"play_id":"32877109-d309-419e-a91f-2947eb67e0fc","local_time":"20210225203937","is_ascension_mode":false,"campfire_choices":[{"floor":12,"key":"REST"},{"floor":15,"key":"REST"},{"floor":23,"key":"REST"},{"floor":27,"key":"RECALL"},{"floor":29,"key":"REST"},{"floor":32,"key":"REST"}],"circlet_count":0,"master_deck":["theVacant:VacantStarterStrike","theVacant:VacantStarterStrike","theVacant:VacantStarterStrike","theVacant:VacantStarterStrike","theVacant:VacantStarterDefend+1","theVacant:VacantStarterDefend","theVacant:VacantStarterDefend","theVacant:VacantStarterDefend","theVacant:Release","theVacant:Crunch","theVacant:CursedBlast","theVacant:Jab","theVacant:Jab","conspire:Banana","theVacant:Anguish","theVacant:ShriekingBlast","theVacant:Acceptance","theVacant:TwistFate+1","theVacant:ShriekingBlast","theVacant:Spinshield","theVacant:ForgeSoul","theVacant:EmptyShield","theVacant:HolyWater","theVacant:HolyWater","theVacant:HolyWater","theVacant:Jab","theVacant:PitOfDespair","theVacant:TwistFate+1","theVacant:Fling","theVacant:Fling","theVacant:ShutAway+1","theVacant:Spinshield","theVacant:BrassMagnet","theVacant:Voidstone","theVacant:GraveWave","theVacant:Barrage","theVacant:CursedBlast+1"],"relics":["theVacant:BrassGoblet","NeowsBlessing","DemoMod:PoisonVial","PreservedInsect","Durian","Runesmith:AutoHammer","Black Star","Calipers","Pantograph","Tiny House"],"acts_visited":["Exordium","TheCity","TheBeyond"],"potions_floor_usage":[5,19,30,31,31,33,36],"damage_taken":[{"damage":0,"enemies":"Jaw Worm","floor":1,"turns":1},{"damage":0,"enemies":"Small Slimes","floor":2,"turns":1},{"damage":0,"enemies":"Cultist","floor":3,"turns":1},{"damage":2,"enemies":"Exordium Wildlife","floor":5,"turns":2},{"damage":21,"enemies":"3 Sentries","floor":6,"turns":5},{"damage":3,"enemies":"Lagavulin","floor":8,"turns":6},{"damage":33,"enemies":"3 Sentries","floor":11,"turns":6},{"damage":24,"enemies":"Gremlin Gang","floor":14,"turns":4},{"damage":29,"enemies":"Hexaghost","floor":16,"turns":13},{"damage":25,"enemies":"Spheric Guardian","floor":18,"turns":4},{"damage":21,"enemies":"3 Byrds","floor":19,"turns":4},{"damage":22,"enemies":"Centurion and Healer","floor":21,"turns":6},{"damage":23,"enemies":"Cultist and Chosen","floor":28,"turns":9},{"damage":21,"enemies":"3 Cultists","floor":30,"turns":4},{"damage":7,"enemies":"Snecko","floor":31,"turns":5},{"damage":51,"enemies":"Pondfish","floor":33,"turns":13},{"damage":0,"enemies":"3 Shapes","floor":35,"turns":3},{"damage":75,"enemies":"3 Darklings","floor":36,"turns":9},{"damage":31,"enemies":"4 Shapes","floor":37,"turns":2}],"seed_played":"-2239940065745373009","potions_obtained":[{"floor":2,"key":"SkillPotion"},{"floor":8,"key":"potionbrewer:CleansingPotion"},{"floor":11,"key":"construct:ShiftPotion"},{"floor":16,"key":"Death Potion"},{"floor":28,"key":"PowerPotion"},{"floor":30,"key":"potionbrewer:EndurancePotion"},{"floor":31,"key":"potionbrewer:EndurancePotion"},{"floor":33,"key":"AttackPotion"},{"floor":34,"key":"BlessingOfTheForge"}],"is_trial":false,"path_per_floor":["M","M","M","?","M","E","$","E","T","$","E","R","$","M","R","B",null,"M","M","$","M","?","R","$","$","T","R","M","R","M","M","R","B",null,"M","M","M"],"character_chosen":"THE_VACANT","items_purchased":["PreservedInsect","theVacant:TwistFate+1","theVacant:HolyWater","theVacant:Jab","theVacant:PitOfDespair","Calipers","theVacant:Fling"],"campfire_rested":5,"item_purchase_floors":[7,10,20,20,20,24,25],"current_hp_per_floor":[80,80,80,80,79,59,59,62,62,62,30,56,56,33,60,32,91,67,47,47,26,26,54,35,35,35,35,13,41,21,15,44,19,103,103,29,0,0],"gold":224,"neow_bonus":"THREE_ENEMY_KILL","is_daily":false,"chose_seed":false,"campfire_upgraded":0,"win_rate":0.0,"timestamp":1614303577,"path_taken":["M","M","M","?","M","E","$","E","T","?","E","R","$","M","R","BOSS","M","M","$","?","?","R","?","$","T","R","M","R","M","M","R","BOSS","M","M","M"],"items_purchased_type":["Relic","Card","Card","Card","Card","Relic","Card"],"build_version":"2020-12-22","purchased_purges":0,"victory":false,"max_hp_per_floor":[80,80,80,80,81,82,82,88,88,88,89,89,89,90,90,91,91,92,93,93,94,94,94,94,94,94,94,95,95,96,97,97,98,103,103,104,104,104],"card_choices":[{"not_picked":["theVacant:Fling","theVacant:TwistFate"],"picked":"theVacant:CursedBlast","floor":1},{"not_picked":["theVacant:LashOut","theVacant:BattleScars"],"picked":"theVacant:Jab","floor":2},{"not_picked":["theVacant:ShutAway","theVacant:OnSecondThought"],"picked":"theVacant:Jab","floor":3},{"not_picked":["DemoMod:Invincible","ReplayTheSpireMod:Brewmster"],"picked":"conspire:Banana","floor":4},{"not_picked":["theVacant:EmptyShield","theVacant:ShriekingBlast"],"picked":"theVacant:Anguish","floor":5},{"not_picked":["theVacant:Whip","theVacant:EyePoke"],"picked":"theVacant:ShriekingBlast","floor":6},{"not_picked":["theVacant:Necromancy","theVacant:GraveWave"],"picked":"theVacant:Acceptance","floor":8},{"not_picked":["theVacant:Barrage","theVacant:EyePoke"],"picked":"theVacant:ShriekingBlast","floor":11},{"not_picked":["theVacant:OnSecondThought","theVacant:Expand"],"picked":"theVacant:Spinshield","floor":14},{"not_picked":["theVacant:Rejection","theVacant:VoidForm"],"picked":"theVacant:ForgeSoul","floor":16},{"not_picked":["theVacant:EmbraceDarkness","theVacant:Enrage"],"picked":"theVacant:EmptyShield","floor":18},{"not_picked":["theVacant:Spinshield","theVacant:ShutAway"],"picked":"theVacant:HolyWater","floor":19},{"not_picked":["theVacant:GraveDigger","theVacant:OnSecondThought+1"],"picked":"theVacant:TwistFate+1","floor":21},{"not_picked":["theVacant:OnSecondThought+1","theVacant:Whip+1"],"picked":"theVacant:ShutAway+1","floor":28},{"not_picked":["theVacant:Expand","theVacant:TwistFate"],"picked":"theVacant:Spinshield","floor":30},{"not_picked":["theVacant:Jab","theVacant:Cower"],"picked":"theVacant:BrassMagnet","floor":31},{"not_picked":["theVacant:TheAnvil","theVacant:DarkStrike"],"picked":"theVacant:Voidstone","floor":33},{"not_picked":["theVacant:LashOut","theVacant:Thoughtseize"],"picked":"theVacant:GraveWave","floor":34},{"not_picked":["theVacant:Spinshield+1","theVacant:Fling"],"picked":"theVacant:Barrage","floor":35},{"not_picked":["theVacant:Gloom","theVacant:Unearth+1"],"picked":"theVacant:CursedBlast+1","floor":36}],"player_experience":583605,"relics_obtained":[{"floor":6,"key":"DemoMod:WeirdEgg"},{"floor":8,"key":"Durian"},{"floor":11,"key":"Runesmith:AutoHammer"},{"floor":26,"key":"Pantograph"}],"event_choices":[{"damage_healed":0,"gold_gain":1,"player_choice":"1","damage_taken":0,"max_hp_gain":0,"max_hp_loss":0,"event_name":"betterStone:BetterStone","floor":4,"gold_loss":0},{"damage_healed":0,"gold_gain":0,"player_choice":"Ignored","damage_taken":0,"max_hp_gain":0,"max_hp_loss":0,"event_name":"betterNote:BetterNote","floor":22,"gold_loss":0,"cards_obtained":["HandOfGreed"]}],"is_beta":false,"boss_relics":[{"not_picked":["Astrolabe","Kintsugi"],"picked":"Black Star"},{"not_picked":["aspiration:FutureDiary","beaked:MawFillet"],"picked":"Tiny House"}],"items_purged_floors":[],"is_endless":false,"potions_floor_spawned":[2,8,11,16,28,30,31,33],"killed_by":"4 Shapes","ascension_level":0}}