{"host":"zdx3mk58qfaqn5dx","time":1614310789,"event":{"mods":["BaseMod","Bestiary","Better Third Choice","Colored Map","Colored Powertips","Dark Map","Downfall","Hermit","Highlight Path","Minty Spire (QoL Compilation)","Quick Restart","Relic Stats","StSLib","SuperFastMode"],"gold_per_floor":[114,114,114,127,12,12,46,46,73,104,186,186,205,230,230,230,230],"floor_reached":16,"language":"ENG","playtime":392,"items_purged":[],"score":153,"play_id":"5f553888-87a2-4c8a-b25a-ba3115650fb3","local_time":"20210226043949","is_ascension_mode":true,"campfire_choices":[{"data":"Capacitor","floor":6,"key":"SMITH"},{"floor":12,"key":"REST"},{"floor":15,"key":"REST"}],"circlet_count":0,"master_deck":["Strike_B","Strike_B","Strike_B","Strike_B","Defend_B","Defend_B","Defend_B","Defend_B","Zap","Dualcast","Blizzard","Regret","Burn","Capacitor+1","Capacitor","Force Field","White Noise","Gash","BootSequence","Beam Cell"],"relics":["Cracked Core","NeowsBlessing","Strawberry","InkBottle","Golden Idol","Centennial Puzzle","Ginger","Pantograph"],"acts_visited":["Exordium"],"potions_floor_usage":[10,16],"damage_taken":[{"damage":0,"enemies":"Jaw Worm","floor":1,"turns":1},{"damage":0,"enemies":"Small Slimes","floor":4,"turns":1},{"damage":0,"enemies":"Gremlin Nob","floor":7,"turns":1},{"damage":60,"enemies":"Lagavulin","floor":10,"turns":8},{"damage":7,"enemies":"2 Louse","floor":13,"turns":3},{"damage":9,"enemies":"2 Fungi Beasts","floor":14,"turns":3},{"damage":71,"enemies":"Hexaghost","floor":16,"turns":9}],"seed_played":"-5341595435303827541","potions_obtained":[{"floor":1,"key":"Swift Potion"},{"floor":4,"key":"FearPotion"},{"floor":7,"key":"Swift Potion"}],"is_trial":false,"path_per_floor":["M","?","?","M","$","R","E","?","T","E","T","R","M","M","R","B"],"character_chosen":"DEFECT","items_purchased":["Capacitor","Force Field"],"campfire_rested":2,"item_purchase_floors":[5,5],"current_hp_per_floor":[75,82,82,82,82,82,82,76,76,16,16,38,31,22,44,0,0],"gold":230,"neow_bonus":"THREE_ENEMY_KILL","is_daily":false,"chose_seed":false,"campfire_upgraded":1,"win_rate":0.0,"timestamp":1614310789,"path_taken":["M","?","?","M","?","R","E","?","T","E","?","R","M","M","R","BOSS"],"items_purchased_type":["Card","Card"],"build_version":"2020-12-22","purchased_purges":0,"victory":false,"max_hp_per_floor":[75,82,82,82,82,82,82,76,76,76,76,76,76,76,76,76,76],"relic_stats":{"Centennial Puzzle":[12],"counters":[7,26],"Golden Idol":15,"Pantograph":25,"Ginger":[2],"obtain_stats":[{"Centennial Puzzle":9,"NeowsBlessing":0,"Golden Idol":8,"Strawberry":2,"Pantograph":11,"Ginger":10,"Cracked Core":0,"InkBottle":7},{"Centennial Puzzle":3,"NeowsBlessing":0,"Golden Idol":3,"Strawberry":1,"Pantograph":4,"Ginger":4,"Cracked Core":0,"InkBottle":3},{"Centennial Puzzle":3,"NeowsBlessing":0,"Golden Idol":3,"Strawberry":1,"Pantograph":11,"Ginger":11,"Cracked Core":0,"InkBottle":3}],"InkBottle":[7]},"card_choices":[{"not_picked":["Leap","Sweeping Beam"],"picked":"Blizzard","floor":1},{"not_picked":["Streamline","Cold Snap"],"picked":"Capacitor","floor":4},{"not_picked":["Ball Lightning","Steam"],"picked":"White Noise","floor":7},{"not_picked":["Doom and Gloom","Stack"],"picked":"Gash","floor":10},{"not_picked":["Core Surge","Barrage"],"picked":"BootSequence","floor":13},{"not_picked":["Turbo","Steam Power"],"picked":"Beam Cell","floor":14}],"player_experience":221122,"relics_obtained":[{"floor":7,"key":"InkBottle"},{"floor":9,"key":"Centennial Puzzle"},{"floor":10,"key":"Ginger"},{"floor":11,"key":"Pantograph"}],"event_choices":[{"damage_healed":0,"gold_gain":0,"player_choice":"Box","damage_taken":0,"relics_obtained":["Strawberry"],"max_hp_gain":0,"max_hp_loss":0,"event_name":"Big Fish","floor":2,"gold_loss":0,"cards_obtained":["Regret"]},{"damage_healed":82,"gold_gain":0,"player_choice":"Embrace Burn","damage_taken":0,"max_hp_gain":0,"max_hp_loss":82,"event_name":"betterThird:BetterShining","floor":3,"gold_loss":0},{"damage_healed":0,"gold_gain":0,"player_choice":"Lose Max HP","damage_taken":0,"relics_obtained":["Golden Idol"],"max_hp_gain":0,"max_hp_loss":6,"event_name":"Golden Idol","floor":8,"gold_loss":0}],"is_beta":false,"boss_relics":[],"items_purged_floors":[],"is_endless":false,"potions_floor_spawned":[1,4,7],"killed_by":"Hexaghost","ascension_level":3}}