{"host":"wbn3xdfsa5pc2kse","time":1614360897,"event":{"mods":["AchievementEnabler","BaseMod","Bestiary","Better Altar","Better Match","Better Note","Better Sensory Stone","Better Skull","Better Third Choice","Colored Map","Colored Powertips","Curses Come First","Highlight Path","Minty Spire (QoL Compilation)","Permanent Neow","Rare Cards Sparkle","Relic Stats","Replay The Spire","StSLib"],"gold_per_floor":[112,130,144,144,144,164,180,212,51,64,64,64,93,93,93,104,104,182,182,201,201,201,218,143,143,170,170,223,223,223,223],"floor_reached":30,"language":"ENG","playtime":954,"items_purged":[],"score":464,"play_id":"25129ad6-dc6f-4bec-9cc1-f4ccfcf4bfdd","local_time":"20210227013457","is_ascension_mode":true,"campfire_choices":[{"data":"Wild Strike","floor":15,"key":"SMITH"},{"data":"Fire Breathing","floor":17,"key":"SMITH"},{"floor":25,"key":"REST"},{"data":"Feed","floor":29,"key":"SMITH"}],"circlet_count":0,"master_deck":["AscendersBane","Strike_R","Strike_R","Defend_R","Defend_R","Defend_R","Defend_R","Bash+1","Wild Strike+1","Iron Wave","Shrug It Off","Burning Pact","Flame Barrier","Clothesline+1","ReplayTheSpireMod:Strike From Hell","Offering","Fire Breathing+1","Feed+1","Life Link+1","Burning Pact","Wild Strike","Evolve","Defy Death"],"relics":["Burning Blood","Replay:Baseball","Medical Kit","Ornamental Fan","PreservedInsect","Philosopher\u0027s Stone","ReplayTheSpireMod:TigerMarble"],"acts_visited":["Exordium","TheCity"],"potions_floor_usage":[13,18,26,30],"damage_taken":[{"damage":14.0,"enemies":"Cultist","floor":1.0,"turns":6.0},{"damage":0.0,"enemies":"Small Slimes","floor":2.0,"turns":3.0},{"damage":4.0,"enemies":"Jaw Worm","floor":3.0,"turns":4.0},{"damage":3.0,"enemies":"Blue Slaver","floor":6.0,"turns":4.0},{"damage":5.0,"enemies":"Large Slime","floor":7.0,"turns":5.0},{"damage":30.0,"enemies":"3 Sentries","floor":8.0,"turns":12.0},{"damage":6.0,"enemies":"Looter","floor":10.0,"turns":4.0},{"damage":7,"enemies":"Lagavulin","floor":13,"turns":7},{"damage":0,"enemies":"2 Fungi Beasts","floor":16,"turns":3},{"damage":17,"enemies":"Hexaghost","floor":18,"turns":10},{"damage":22,"enemies":"3 Byrds","floor":20,"turns":4},{"damage":36,"enemies":"Shell Parasite","floor":23,"turns":4},{"damage":38,"enemies":"Slavers","floor":26,"turns":5},{"damage":6,"enemies":"Centurion and Healer","floor":30,"turns":3}],"seed_played":"-3157901226009834056","potions_obtained":[{"floor":6.0,"key":"Explosive Potion"},{"floor":7.0,"key":"Milkshake"},{"floor":8.0,"key":"Toxic Potion"},{"floor":13,"key":"PowerPotion"},{"floor":16,"key":"Milkshake"},{"floor":20,"key":"PowerPotion"},{"floor":26,"key":"Death Potion"}],"is_trial":false,"path_per_floor":["M","M","M","PTL","PTL","M","M","E","$","M","T","?","E","T","R","M","R","B",null,"M","?","?","M","?","R","E","?","T","R","M"],"character_chosen":"IRONCLAD","items_purchased":["Medical Kit"],"campfire_rested":1,"item_purchase_floors":[9],"current_hp_per_floor":[60,66,68,68,68,71,72,48,48,48,48,48,47,47,47,53,53,42,67,51,51,51,21,21,43,11,11,11,11,5,5],"gold":223,"neow_bonus":"UPGRADE_CARD","is_daily":false,"chose_seed":false,"campfire_upgraded":3,"win_rate":0.0,"timestamp":1614360897,"path_taken":["M","M","M","PTL","PTL","M","?","E","$","M","T","?","E","?","R","M","R","BOSS","M","?","?","M","?","R","E","?","T","R","M"],"items_purchased_type":["Relic"],"build_version":"2020-12-22","purchased_purges":0,"victory":false,"max_hp_per_floor":[75,75,75,75,75,75,75,75,75,75,75,75,75,75,75,75,75,75,75,75,75,75,75,75,75,75,75,75,75,75,75],"relic_stats":{"counters":[14,74],"Ornamental Fan":[20],"PreservedInsect":41,"Medical Kit":[3],"obtain_stats":[{"Replay:Baseball":8,"Ornamental Fan":11,"Philosopher\u0027s Stone":19,"PreservedInsect":14,"ReplayTheSpireMod:TigerMarble":26,"Medical Kit":9,"Burning Blood":0},{"Replay:Baseball":6,"Ornamental Fan":7,"Philosopher\u0027s Stone":10,"PreservedInsect":8,"ReplayTheSpireMod:TigerMarble":13,"Medical Kit":6,"Burning Blood":0},{"Replay:Baseball":34,"Ornamental Fan":38,"Philosopher\u0027s Stone":58,"PreservedInsect":45,"ReplayTheSpireMod:TigerMarble":71,"Medical Kit":34,"Burning Blood":0}],"Burning Blood":78},"card_choices":[{"not_picked":["Heavy Blade","Body Slam"],"picked":"Wild Strike","floor":1.0},{"not_picked":["Heavy Blade","Body Slam"],"picked":"Iron Wave","floor":2.0},{"not_picked":["Flame Barrier","Fire Breathing"],"picked":"Shrug It Off","floor":3.0},{"not_picked":["Iron Wave","Entrench"],"picked":"Burning Pact","floor":6.0},{"not_picked":["Wild Strike","ReplayTheSpireMod:Stacked"],"picked":"Flame Barrier","floor":7.0},{"not_picked":["Flame Barrier","Shockwave"],"picked":"Clothesline","floor":8.0},{"not_picked":["Thunderclap","Twin Strike"],"picked":"ReplayTheSpireMod:Strike From Hell","floor":10.0},{"not_picked":["Twin Strike","Clash"],"picked":"Offering","floor":13},{"not_picked":["Sever Soul","ReplayTheSpireMod:Strike From Hell"],"picked":"Fire Breathing","floor":16},{"not_picked":["Brutality","Replay:Many Hands"],"picked":"Feed","floor":18},{"not_picked":["Shrug It Off","Iron Wave"],"picked":"Life Link+1","floor":20},{"not_picked":["Iron Wave","Twin Strike"],"picked":"Defy Death","floor":23},{"not_picked":["ReplayTheSpireMod:Strike From Hell","Cleave","Sword Boomerang"],"picked":"SKIP","floor":26}],"player_experience":906841,"relics_obtained":[{"floor":8.0,"key":"Replay:Baseball"},{"floor":11.0,"key":"Ornamental Fan"},{"floor":14,"key":"PreservedInsect"},{"floor":26,"key":"ReplayTheSpireMod:TigerMarble"}],"event_choices":[{"damage_healed":0.0,"max_hp_gain":0.0,"max_hp_loss":0.0,"gold_gain":0.0,"event_name":"Living Wall","player_choice":"Grow","floor":12.0,"gold_loss":0.0,"damage_taken":0.0,"cards_upgraded":["Clothesline"]},{"damage_healed":0,"gold_gain":0,"player_choice":"Read","damage_taken":0,"max_hp_gain":0,"max_hp_loss":0,"event_name":"The Library","floor":21,"gold_loss":0,"cards_obtained":["Burning Pact"]},{"damage_healed":0,"gold_gain":0,"cards_transformed":["Strike_R","Strike_R"],"player_choice":"Became Test Subject","damage_taken":0,"max_hp_gain":0,"max_hp_loss":0,"event_name":"Drug Dealer","floor":22,"gold_loss":0,"cards_obtained":["Wild Strike","Evolve"]},{"cards_removed":["Strike_R"],"damage_healed":0,"gold_gain":0,"player_choice":"Gave Gold","damage_taken":0,"max_hp_gain":0,"max_hp_loss":0,"event_name":"Beggar","floor":24,"gold_loss":75},{"damage_healed":0,"gold_gain":0,"player_choice":"Ignored","damage_taken":0,"max_hp_gain":0,"max_hp_loss":0,"event_name":"The Mausoleum","floor":27,"gold_loss":0}],"is_beta":false,"boss_relics":[{"not_picked":["ReplayTheSpireMod:DimensionalGlitch","Ring of Chaos"],"picked":"Philosopher\u0027s Stone"}],"items_purged_floors":[],"is_endless":false,"potions_floor_spawned":[6,7,8,13,16,20,26],"killed_by":"Centurion and Healer","ascension_level":16}}