{"host":"xb2tau8pgi8aflss","time":1614346386,"event":{"mods":["AchievementEnabler","BaseMod","Hermit","Minty Spire (QoL Compilation)","StSLib","SuperFastMode"],"gold_per_floor":[114,88,88,13,29,29,29,43,69,69,95,111,111,111,111,215,215,232,85,85,131,143,143,143,418,418,123,123,151,164,177,177,177,177],"floor_reached":33,"language":"KOR","playtime":736,"items_purged":["Pain"],"score":393,"play_id":"64e94b5c-4b8b-4398-8d6b-f15e3135382e","local_time":"20210226223306","is_ascension_mode":true,"campfire_choices":[{"data":"Streamline","floor":6.0,"key":"SMITH"},{"floor":13.0,"key":"REST"},{"data":"Coolheaded","floor":15.0,"key":"SMITH"},{"floor":23,"key":"REST"},{"data":"Conserve Battery","floor":28,"key":"SMITH"},{"floor":32,"key":"REST"}],"circlet_count":0,"master_deck":["Strike_B","Strike_B","Defend_B+1","Defend_B","Zap+1","Dualcast","Streamline+1","Coolheaded+1","Beam Cell","Meteor Strike","Creative AI","Streamline","Go for the Eyes","Conserve Battery+1","Scrape","Skim","BootSequence","Aggregate"],"relics":["Cracked Core","NeowsBlessing","WarpedTongs","Oddly Smooth Stone","Mercury Hourglass","Empty Cage","Lantern","Enchiridion","Omamori","Symbiotic Virus","Gremlin Horn","Dream Catcher"],"acts_visited":["Exordium","TheCity"],"potions_floor_usage":[24,31,33],"damage_taken":[{"damage":0.0,"enemies":"2 Louse","floor":1.0,"turns":1.0},{"damage":0.0,"enemies":"Cultist","floor":5.0,"turns":1.0},{"damage":0.0,"enemies":"Small Slimes","floor":8.0,"turns":1.0},{"damage":24.0,"enemies":"3 Sentries","floor":11.0,"turns":8.0},{"damage":0.0,"enemies":"2 Fungi Beasts","floor":12.0,"turns":2.0},{"damage":30.0,"enemies":"Slime Boss","floor":16.0,"turns":12.0},{"damage":23.0,"enemies":"2 Thieves","floor":18.0,"turns":3.0},{"damage":0,"enemies":"Spheric Guardian","floor":22,"turns":1},{"damage":0,"enemies":"Book of Stabbing","floor":24,"turns":1},{"damage":1,"enemies":"Gremlin Leader","floor":29,"turns":3},{"damage":3,"enemies":"Centurion and Healer","floor":30,"turns":4},{"damage":13,"enemies":"Shelled Parasite and Fungi","floor":31,"turns":3},{"damage":89,"enemies":"Automaton","floor":33,"turns":6}],"seed_played":"-4272021148981695428","potions_obtained":[{"floor":1.0,"key":"SmokeBomb"},{"floor":11.0,"key":"FearPotion"},{"floor":18.0,"key":"PowerPotion"},{"floor":29,"key":"GamblersBrew"}],"is_trial":false,"path_per_floor":["M","$","?","$","M","R","?","M","T","?","E","M","R","?","R","B",null,"M","$","?","T","M","R","E","?","T","$","R","E","M","M","R","B"],"character_chosen":"DEFECT","items_purchased":["Coolheaded","Lantern","Conserve Battery","Gremlin Horn"],"campfire_rested":3,"item_purchase_floors":[2,19,27,27],"current_hp_per_floor":[68,68,68,68,68,68,53,53,53,46,22,22,44,44,44,14,60,37,37,21,21,21,43,43,43,43,43,43,42,39,26,48,0,0],"gold":177,"neow_bonus":"THREE_ENEMY_KILL","is_daily":false,"chose_seed":false,"campfire_upgraded":3,"win_rate":0.0,"timestamp":1614346386,"path_taken":["M","$","?","$","?","R","?","M","T","?","E","M","R","?","R","BOSS","M","$","?","?","M","R","E","?","T","$","R","E","M","?","R","BOSS"],"items_purchased_type":["Card","Relic","Card","Relic"],"build_version":"2020-12-22","purchased_purges":1,"victory":false,"max_hp_per_floor":[75,75,75,75,75,75,75,75,75,75,75,75,75,75,75,75,75,75,75,75,75,75,75,75,75,75,75,75,75,75,75,75,75,75],"card_choices":[{"not_picked":["Blizzard","Reinforced Body"],"picked":"Streamline","floor":1.0},{"not_picked":["Doom and Gloom","Heatsinks"],"picked":"Beam Cell","floor":5.0},{"not_picked":["Blizzard","Rebound","Darkness"],"picked":"SKIP","floor":8.0},{"not_picked":["Rip and Tear","Tempest"],"picked":"Meteor Strike","floor":11.0},{"not_picked":["Fusion","Lockon","Stack"],"picked":"SKIP","floor":12.0},{"not_picked":["Electrodynamics","Machine Learning"],"picked":"Creative AI","floor":16.0},{"not_picked":["Ball Lightning","Leap"],"picked":"Streamline","floor":18.0},{"not_picked":["Redo","Beam Cell+1"],"picked":"Go for the Eyes","floor":22},{"not_picked":["Genetic Algorithm","Leap+1"],"picked":"Scrape","floor":29},{"not_picked":["Blizzard","Sweeping Beam"],"picked":"Skim","floor":30},{"not_picked":["Steam Power","Redo+1"],"picked":"BootSequence","floor":31},{"not_picked":["Steam+1","Turbo"],"picked":"Aggregate","floor":32}],"player_experience":863588,"relics_obtained":[{"floor":9.0,"key":"Oddly Smooth Stone"},{"floor":11.0,"key":"Mercury Hourglass"},{"floor":20,"key":"Enchiridion"},{"floor":21,"key":"Omamori"},{"floor":26,"key":"Symbiotic Virus"},{"floor":29,"key":"Dream Catcher"}],"event_choices":[{"damage_healed":0.0,"max_hp_gain":0.0,"max_hp_loss":0.0,"gold_gain":0.0,"event_name":"Accursed Blacksmith","player_choice":"Rummage","floor":3.0,"gold_loss":0.0,"damage_taken":0.0,"relics_obtained":["WarpedTongs"],"cards_obtained":["Pain"]},{"damage_healed":0.0,"max_hp_gain":0.0,"max_hp_loss":0.0,"gold_gain":0.0,"event_name":"Shining Light","player_choice":"Entered Light","floor":7.0,"gold_loss":0.0,"damage_taken":15.0,"cards_upgraded":["Defend_B","Zap"]},{"cards_removed":["Strike_B"],"damage_healed":0.0,"max_hp_gain":0.0,"max_hp_loss":0.0,"gold_gain":0.0,"event_name":"Golden Wing","player_choice":"Card Removal","floor":10.0,"gold_loss":0.0,"damage_taken":7.0},{"cards_removed":["Strike_B"],"damage_healed":0.0,"max_hp_gain":0.0,"max_hp_loss":0.0,"gold_gain":0.0,"event_name":"Living Wall","player_choice":"Forget","floor":14.0,"gold_loss":0.0,"damage_taken":0.0},{"damage_healed":0,"gold_gain":0,"player_choice":"Obtained Book","damage_taken":16,"max_hp_gain":0,"max_hp_loss":0,"event_name":"Cursed Tome","floor":20,"gold_loss":0},{"damage_healed":0,"gold_gain":275,"player_choice":"Desecrate","damage_taken":0,"max_hp_gain":0,"max_hp_loss":0,"event_name":"Golden Shrine","floor":25,"gold_loss":0,"cards_obtained":["Regret"]}],"is_beta":false,"boss_relics":[{"not_picked":["Busted Crown","Pandora\u0027s Box"],"picked":"Empty Cage"}],"items_purged_floors":[4],"is_endless":false,"potions_floor_spawned":[1,11,18,24,29],"killed_by":"Automaton","ascension_level":8}}