{"host":"6r762osam2bvfm66","time":1614353438,"event":{"mods":["AchievementEnabler","BaseMod","Colored Map","Highlight Path","Minty Spire (QoL Compilation)","Relic Stats","ojb\u0027s Info Mod"],"gold_per_floor":[109,121,141,160,160,160,185,225,271,294,333,333,5,18,18,141,141,157,176,191,106,131,174,188,188,188,224,236,281,418,463,475,611,623,660,672,700,341,674,674,185,237,237,266,284,300,334,351,351,351,351,351,48,75,75],"floor_reached":56,"language":"ENG","playtime":4268,"items_purged":["Strike_B","Defend_B"],"score":1615,"play_id":"c5b80dbd-0ca4-446b-b6b5-1e0be1f02280","local_time":"20210226093038","is_ascension_mode":true,"campfire_choices":[{"data":"Streamline","floor":6,"key":"SMITH"},{"data":"Echo Form","floor":12,"key":"SMITH"},{"data":"Zap","floor":15,"key":"SMITH"},{"data":"Biased Cognition","floor":25,"key":"SMITH"},{"data":"Glacier","floor":28,"key":"SMITH"},{"data":"Self Repair","floor":32,"key":"SMITH"},{"data":"Biased Cognition","floor":40,"key":"SMITH"},{"floor":49,"key":"RECALL"},{"data":"Seek","floor":52,"key":"SMITH"}],"circlet_count":0,"master_deck":["Defend_B","Defend_B","Zap+1","Dualcast","Echo Form+1","Chill","Streamline+1","Ball Lightning","Lockon","Self Repair+1","Auto Shields","Leap","Self Repair","Electrodynamics","Ball Lightning+1","Glacier+1","Biased Cognition+1","Seek+1","Tempest+1","Biased Cognition+1","Biased Cognition+1","Capacitor","Glacier","Defragment+1","Reboot","Heatsinks+1"],"relics":["Cracked Core","Oddly Smooth Stone","Toy Ornithopter","Meat on the Bone","OrangePellets","Potion Belt","Empty Cage","PreservedInsect","Turnip","Torii","MawBank","Ancient Tea Set","Calipers","Pear","Mango","Coffee Dripper","DollysMirror","Bottled Lightning","StoneCalendar","Bag of Marbles","MealTicket","Chemical X","Bronze Scales","Boot"],"acts_visited":["Exordium","TheCity","TheBeyond","TheEnding"],"potions_floor_usage":[11,31,33,44,50,55,55],"damage_taken":[{"damage":0,"enemies":"Cultist","floor":1,"turns":4},{"damage":0,"enemies":"2 Louse","floor":2,"turns":2},{"damage":7,"enemies":"Jaw Worm","floor":3,"turns":4},{"damage":10,"enemies":"3 Louse","floor":4,"turns":3},{"damage":6,"enemies":"Looter","floor":7,"turns":2},{"damage":3,"enemies":"Gremlin Nob","floor":8,"turns":3},{"damage":0,"enemies":"Exordium Wildlife","floor":10,"turns":4},{"damage":3,"enemies":"3 Sentries","floor":11,"turns":6},{"damage":2,"enemies":"Red Slaver","floor":14,"turns":2},{"damage":4,"enemies":"Slime Boss","floor":16,"turns":6},{"damage":6,"enemies":"3 Byrds","floor":18,"turns":3},{"damage":36,"enemies":"Shell Parasite","floor":19,"turns":10},{"damage":14,"enemies":"Centurion and Healer","floor":20,"turns":5},{"damage":27,"enemies":"Cultist and Chosen","floor":22,"turns":7},{"damage":35,"enemies":"Gremlin Leader","floor":23,"turns":5},{"damage":6,"enemies":"Snecko","floor":24,"turns":5},{"damage":20,"enemies":"Book of Stabbing","floor":27,"turns":8},{"damage":9,"enemies":"Gremlin Leader","floor":29,"turns":5},{"damage":13,"enemies":"Colosseum Slavers","floor":30,"turns":6},{"damage":23,"enemies":"Colosseum Nobs","floor":30,"turns":3},{"damage":35,"enemies":"Slavers","floor":31,"turns":7},{"damage":9,"enemies":"Automaton","floor":33,"turns":8},{"damage":16,"enemies":"Orb Walker","floor":35,"turns":6},{"damage":1,"enemies":"3 Darklings","floor":37,"turns":5},{"damage":22,"enemies":"2 Orb Walkers","floor":42,"turns":4},{"damage":6,"enemies":"Reptomancer","floor":44,"turns":5},{"damage":0,"enemies":"Transient","floor":45,"turns":5},{"damage":41,"enemies":"4 Shapes","floor":46,"turns":3},{"damage":48,"enemies":"Giant Head","floor":47,"turns":9},{"damage":6,"enemies":"Spire Growth","floor":48,"turns":5},{"damage":87,"enemies":"Time Eater","floor":50,"turns":7},{"damage":37,"enemies":"Shield and Spear","floor":54,"turns":4},{"damage":48,"enemies":"The Heart","floor":55,"turns":10}],"seed_played":"8959037780114640349","potions_obtained":[{"floor":3,"key":"Energy Potion"},{"floor":4,"key":"FairyPotion"},{"floor":7,"key":"EssenceOfDarkness"},{"floor":11,"key":"Dexterity Potion"},{"floor":19,"key":"FearPotion"},{"floor":24,"key":"GamblersBrew"},{"floor":29,"key":"Regen Potion"},{"floor":42,"key":"Swift Potion"},{"floor":46,"key":"DistilledChaos"},{"floor":47,"key":"Strength Potion"}],"is_trial":false,"path_per_floor":["M","M","M","M","?","R","M","E","T","M","E","R","$","M","R","B",null,"M","M","M","?","M","E","M","R","T","E","R","E","?","E","R","B",null,"M","?","M","$","?","R","$","?","T","E","M","M","E","M","R","B",null,"R","$","E","B",null],"character_chosen":"DEFECT","items_purchased":["OrangePellets","Potion Belt","Self Repair","Biased Cognition","DollysMirror","Capacitor","Glacier","Bottled Lightning","Chemical X","Bronze Scales"],"campfire_rested":0,"item_purchase_floors":[13,13,13,38,38,41,41,41,53,53],"current_hp_per_floor":[50,50,43,33,33,33,27,24,24,31,40,40,40,38,38,46,63,69,66,66,66,46,37,57,57,57,65,65,69,56,83,83,89,92,93,93,93,93,93,93,93,85,85,84,93,66,64,92,92,46,81,81,93,56,57],"gold":75,"neow_bonus":"TRANSFORM_TWO_CARDS","is_daily":false,"chose_seed":false,"campfire_upgraded":8,"win_rate":0.0,"timestamp":1614353438,"path_taken":["M","?","M","M","?","R","M","E","T","M","E","R","$","M","R","BOSS","M","M","M","?","M","E","M","R","T","E","R","E","?","E","R","BOSS","M","?","M","$","?","R","$","?","T","E","M","M","E","?","R","BOSS","R","$","E","BOSS"],"items_purchased_type":["Relic","Relic","Card","Card","Relic","Card","Card","Relic","Relic","Relic"],"build_version":"2020-12-22","purchased_purges":2,"victory":true,"max_hp_per_floor":[75,75,75,75,69,69,69,69,69,69,69,69,69,69,69,69,69,69,69,69,69,69,69,69,69,69,69,69,69,79,93,93,93,93,93,93,93,93,93,93,93,93,93,93,93,93,93,93,93,93,93,93,93,93,93],"relic_stats":{"Torii":19,"counters":[33,171],"StoneCalendar":[156],"PreservedInsect":462,"MawBank":132,"Boot":[0],"OrangePellets":[26],"Bronze Scales":[156],"MealTicket":12,"Turnip":[2],"Chemical X":[2],"obtain_stats":[{"Calipers":30,"Torii":26,"Mango":31,"StoneCalendar":42,"Empty Cage":17,"Ancient Tea Set":29,"Boot":54,"DollysMirror":38,"MealTicket":47,"Chemical X":53,"Cracked Core":0,"Potion Belt":13,"Pear":30,"Golden Idol":5,"Oddly Smooth Stone":8,"PreservedInsect":21,"MawBank":27,"OrangePellets":13,"Bronze Scales":53,"Turnip":23,"Coffee Dripper":34,"Bag of Marbles":44,"Bottled Lightning":41,"Toy Ornithopter":9,"Meat on the Bone":11},{"Calipers":20,"Torii":16,"Mango":21,"StoneCalendar":25,"Empty Cage":10,"Ancient Tea Set":18,"Boot":32,"DollysMirror":24,"MealTicket":29,"Chemical X":31,"Cracked Core":0,"Potion Belt":8,"Pear":20,"Golden Idol":4,"Oddly Smooth Stone":6,"PreservedInsect":13,"MawBank":17,"OrangePellets":8,"Bronze Scales":31,"Turnip":15,"Coffee Dripper":22,"Bag of Marbles":26,"Bottled Lightning":24,"Toy Ornithopter":6,"Meat on the Bone":8},{"Calipers":93,"Torii":71,"Mango":100,"StoneCalendar":123,"Empty Cage":36,"Ancient Tea Set":84,"Boot":161,"DollysMirror":119,"MealTicket":145,"Chemical X":157,"Cracked Core":0,"Potion Belt":28,"Pear":93,"Golden Idol":13,"Oddly Smooth Stone":18,"PreservedInsect":54,"MawBank":79,"OrangePellets":28,"Bronze Scales":157,"Turnip":66,"Coffee Dripper":108,"Bag of Marbles":128,"Bottled Lightning":119,"Toy Ornithopter":18,"Meat on the Bone":28}],"Toy Ornithopter":35,"Meat on the Bone":84},"card_choices":[{"not_picked":["Stack","Melter"],"picked":"Streamline","floor":1},{"not_picked":["Redo","Coolheaded","Force Field"],"picked":"SKIP","floor":2},{"not_picked":["Hologram","FTL"],"picked":"Ball Lightning","floor":3},{"not_picked":["Chill","Skim"],"picked":"Lockon","floor":4},{"not_picked":["Streamline","Skim","Gash"],"picked":"SKIP","floor":7},{"not_picked":["Sweeping Beam","Sunder"],"picked":"Self Repair","floor":8},{"not_picked":["FTL","Leap"],"picked":"Auto Shields","floor":10},{"not_picked":["Undo","Sweeping Beam"],"picked":"Leap","floor":11},{"not_picked":["Streamline","Static Discharge","Redo"],"picked":"SKIP","floor":14},{"not_picked":["Hyperbeam","Amplify"],"picked":"Electrodynamics","floor":16},{"not_picked":["Rebound","Compile Driver","Coolheaded"],"picked":"SKIP","floor":18},{"not_picked":["Rip and Tear","Coolheaded"],"picked":"Ball Lightning+1","floor":19},{"not_picked":["Cold Snap","Lockon","Sweeping Beam"],"picked":"SKIP","floor":20},{"not_picked":["Leap","Scrape"],"picked":"Glacier","floor":22},{"not_picked":["Compile Driver","Melter"],"picked":"Biased Cognition","floor":23},{"not_picked":["Stack","Turbo+1","Ball Lightning+1"],"picked":"SKIP","floor":24},{"not_picked":["Barrage","Cold Snap+1","Streamline"],"picked":"SKIP","floor":27},{"not_picked":["Doom and Gloom+1","Hyperbeam","Gash"],"picked":"SKIP","floor":29},{"not_picked":["Rebound+1","Reprogram","Coolheaded"],"picked":"SKIP","floor":31},{"not_picked":["Fission","Machine Learning"],"picked":"Seek","floor":33},{"not_picked":["Stack+1","Streamline+1","Compile Driver"],"picked":"SKIP","floor":35},{"not_picked":["Steam Power+1","Streamline+1"],"picked":"Tempest+1","floor":37},{"not_picked":["Sunder+1","Reprogram+1"],"picked":"Defragment+1","floor":44},{"not_picked":["Conserve Battery","Blizzard+1","Static Discharge"],"picked":"SKIP","floor":45},{"not_picked":["Consume+1","Compile Driver","Stack"],"picked":"SKIP","floor":46},{"not_picked":["BootSequence+1","Undo+1"],"picked":"Reboot","floor":47},{"not_picked":["Turbo+1","Cold Snap"],"picked":"Heatsinks+1","floor":48},{"not_picked":["Sweeping Beam+1","Lockon","Tempest+1"],"picked":"SKIP","floor":54}],"player_experience":153721,"relics_obtained":[{"floor":8,"key":"Oddly Smooth Stone"},{"floor":9,"key":"Toy Ornithopter"},{"floor":11,"key":"Meat on the Bone"},{"floor":23,"key":"Turnip"},{"floor":26,"key":"Torii"},{"floor":27,"key":"MawBank"},{"floor":29,"key":"Ancient Tea Set"},{"floor":30,"key":"Calipers"},{"floor":30,"key":"Pear"},{"floor":31,"key":"Mango"},{"floor":42,"key":"StoneCalendar"},{"floor":44,"key":"Bag of Marbles"},{"floor":47,"key":"MealTicket"},{"floor":54,"key":"Boot"}],"event_choices":[{"damage_healed":0,"gold_gain":0,"player_choice":"Lose Max HP","damage_taken":0,"relics_obtained":["Golden Idol"],"max_hp_gain":0,"max_hp_loss":6,"event_name":"Golden Idol","floor":5,"gold_loss":0},{"damage_healed":0,"gold_gain":0,"player_choice":"Obtained Relic","damage_taken":0,"relics_obtained":["PreservedInsect"],"max_hp_gain":0,"max_hp_loss":0,"event_name":"Addict","floor":21,"gold_loss":85},{"damage_healed":0,"gold_gain":0,"player_choice":"Fight","damage_taken":0,"max_hp_gain":0,"max_hp_loss":0,"event_name":"Colosseum","floor":30,"gold_loss":0},{"damage_healed":0,"gold_gain":0,"player_choice":"Fought Nobs","damage_taken":0,"max_hp_gain":0,"max_hp_loss":0,"event_name":"Colosseum","floor":30,"gold_loss":0},{"damage_healed":0,"gold_gain":0,"player_choice":"Ignored","damage_taken":0,"max_hp_gain":0,"max_hp_loss":0,"event_name":"Tomb of Lord Red Mask","floor":36,"gold_loss":0},{"damage_healed":0,"gold_gain":333,"player_choice":"Gave Idol","damage_taken":0,"max_hp_gain":0,"max_hp_loss":0,"event_name":"The Moai Head","floor":39,"relics_lost":["Golden Idol"],"gold_loss":0},{"damage_healed":0,"gold_gain":0,"player_choice":"Fight","damage_taken":0,"max_hp_gain":0,"max_hp_loss":0,"event_name":"Mysterious Sphere","floor":42,"gold_loss":0}],"is_beta":false,"boss_relics":[{"not_picked":["Sozu","FrozenCore"],"picked":"Empty Cage"},{"not_picked":["SlaversCollar","Philosopher\u0027s Stone"],"picked":"Coffee Dripper"}],"items_purged_floors":[38,41],"is_endless":false,"potions_floor_spawned":[3,4,7,11,19,24,29,30,42,46,47,48],"ascension_level":7}}