{"host":"8ztb9kwpjc2zof9s","time":1614370792,"event":{"mods":["BaseMod","Block Reminder","Curses Come First","Minty Spire (QoL Compilation)","Relic Stats","StSLib"],"gold_per_floor":[110,128,142,142,159,187,199,199,225,10,10,43,53,53,53,149,149,108,108,158,158,158],"floor_reached":21,"language":"ENG","playtime":864,"items_purged":[],"score":350,"play_id":"36fa4383-d8fe-425a-9773-a5b20d92f970","local_time":"20210226121952","is_ascension_mode":true,"campfire_choices":[{"floor":8.0,"key":"REST"},{"floor":11.0,"key":"REST"},{"data":"Footwork","floor":15.0,"key":"SMITH"}],"circlet_count":0,"master_deck":["AscendersBane","Strike_G+1","Strike_G+1","Strike_G+1","Strike_G+1","Defend_G+1","Defend_G+1","Defend_G+1","Defend_G+1","Defend_G+1","Survivor","Neutralize","Deadly Poison","Infinite Blades","Acrobatics","Prepared","Dash","Footwork+1","Flying Knee","Accuracy","A Thousand Cuts","Well Laid Plans+1"],"relics":["Ring of the Snake","NeowsBlessing","Tingsha","Potion Belt","Membership Card","Boot","Golden Idol","Black Star"],"acts_visited":["Exordium","TheCity"],"potions_floor_usage":[16,16,18],"damage_taken":[{"damage":0.0,"enemies":"Jaw Worm","floor":1.0,"turns":1.0},{"damage":0.0,"enemies":"Cultist","floor":2.0,"turns":1.0},{"damage":0.0,"enemies":"2 Louse","floor":3.0,"turns":1.0},{"damage":18.0,"enemies":"2 Fungi Beasts","floor":5.0,"turns":8.0},{"damage":31.0,"enemies":"Lagavulin","floor":6.0,"turns":10.0},{"damage":3.0,"enemies":"Looter","floor":7.0,"turns":3.0},{"damage":11.0,"enemies":"3 Sentries","floor":12.0,"turns":10.0},{"damage":4.0,"enemies":"Exordium Thugs","floor":13.0,"turns":5.0},{"damage":19,"enemies":"Slime Boss","floor":16,"turns":15},{"damage":26,"enemies":"2 Thieves","floor":18,"turns":5},{"damage":27,"enemies":"Spheric Guardian","floor":21,"turns":7}],"seed_played":"4235859211648500330","potions_obtained":[{"floor":1.0,"key":"ColorlessPotion"},{"floor":6.0,"key":"FearPotion"},{"floor":12.0,"key":"Dexterity Potion"},{"floor":13.0,"key":"DuplicationPotion"}],"is_trial":false,"path_per_floor":["M","M","M","?","M","E","M","R","T","$","R","E","M","?","R","B",null,"M","?","?","M"],"character_chosen":"THE_SILENT","items_purchased":["Membership Card","Footwork"],"campfire_rested":2,"item_purchase_floors":[10,10],"current_hp_per_floor":[59,59,59,59,41,10,7,26,26,26,45,34,30,30,30,11,48,22,22,22,0,0],"gold":158,"neow_bonus":"THREE_ENEMY_KILL","is_daily":false,"chose_seed":false,"campfire_upgraded":1,"win_rate":0.0,"timestamp":1614370792,"path_taken":["M","M","M","?","M","E","?","R","T","$","R","E","M","?","R","BOSS","M","?","?","?"],"items_purchased_type":["Relic","Card"],"build_version":"2020-12-22","purchased_purges":0,"victory":false,"max_hp_per_floor":[66,66,66,66,66,66,66,66,66,66,66,66,66,60,60,60,60,60,60,60,60,60],"relic_stats":{"counters":[11,66],"Golden Idol":23,"Tingsha":[75],"Black Star":0,"Boot":[33],"obtain_stats":[{"Potion Belt":9,"NeowsBlessing":0,"Golden Idol":14,"Tingsha":6,"Black Star":17,"Membership Card":10,"Boot":12,"Ring of the Snake":0},{"Potion Belt":6,"NeowsBlessing":0,"Golden Idol":8,"Tingsha":5,"Black Star":9,"Membership Card":6,"Boot":7,"Ring of the Snake":0},{"Potion Belt":24,"NeowsBlessing":0,"Golden Idol":39,"Tingsha":21,"Black Star":54,"Membership Card":24,"Boot":34,"Ring of the Snake":0}],"Ring of the Snake":[22]},"card_choices":[{"not_picked":["Distraction","Acrobatics"],"picked":"Deadly Poison","floor":1.0},{"not_picked":["Poisoned Stab","Bouncing Flask"],"picked":"Infinite Blades","floor":2.0},{"not_picked":["Endless Agony","Quick Slash"],"picked":"Acrobatics","floor":3.0},{"not_picked":["Bane","Eviscerate","Riddle With Holes"],"picked":"SKIP","floor":5.0},{"not_picked":["Flying Knee","Sucker Punch"],"picked":"Prepared","floor":6.0},{"not_picked":["Unload","Concentrate"],"picked":"Dash","floor":7.0},{"not_picked":["Deadly Poison","Sucker Punch"],"picked":"Flying Knee","floor":12.0},{"not_picked":["Quick Slash","Dagger Spray"],"picked":"Accuracy","floor":13.0},{"not_picked":["Unload","Burst"],"picked":"A Thousand Cuts","floor":16},{"not_picked":["Deflect","Poisoned Stab+1"],"picked":"Well Laid Plans+1","floor":18}],"player_experience":390741,"relics_obtained":[{"floor":6.0,"key":"Tingsha"},{"floor":9.0,"key":"Potion Belt"},{"floor":12.0,"key":"Boot"}],"event_choices":[{"cards_removed":["Strike_G"],"damage_healed":0.0,"max_hp_gain":0.0,"max_hp_loss":0.0,"gold_gain":0.0,"event_name":"Purifier","player_choice":"Purged","floor":4.0,"gold_loss":0.0,"damage_taken":0.0},{"damage_healed":0.0,"max_hp_gain":0.0,"max_hp_loss":6.0,"gold_gain":0.0,"event_name":"Golden Idol","player_choice":"Lose Max HP","floor":14.0,"gold_loss":0.0,"damage_taken":0.0,"relics_obtained":["Golden Idol"]},{"damage_healed":0,"gold_gain":0,"player_choice":"Simplicity","damage_taken":0,"max_hp_gain":0,"max_hp_loss":0,"event_name":"Back to Basics","floor":19,"gold_loss":0,"cards_upgraded":["Strike_G","Strike_G","Strike_G","Strike_G","Defend_G","Defend_G","Defend_G","Defend_G","Defend_G"]},{"damage_healed":0,"gold_gain":50,"player_choice":"Pray","damage_taken":0,"max_hp_gain":0,"max_hp_loss":0,"event_name":"Golden Shrine","floor":20,"gold_loss":0}],"is_beta":false,"boss_relics":[{"not_picked":["Ectoplasm","Velvet Choker"],"picked":"Black Star"}],"items_purged_floors":[],"is_endless":false,"potions_floor_spawned":[1,6,12,13],"killed_by":"Spheric Guardian","ascension_level":17}}