{"host":"sav7uxregyirlf69","time":1614343448,"event":{"mods":["AchievementEnabler","BaseMod","Colored Map","DeckTracker","Keyboard Shortcuts","Minty Spire (QoL Compilation)","READ ME - Guardian Mod","StSLib","SuperFastMode"],"gold_per_floor":[363,375,393,411,411,411,428,478,478,67,81,94,124,137,137,214,214,230,230,145,163,163,163],"floor_reached":22,"language":"KOR","playtime":324,"items_purged":["Strike_R"],"score":380,"play_id":"8d058660-b84a-4316-b61e-790578074a84","local_time":"20210226214408","is_ascension_mode":true,"campfire_choices":[{"data":"Flex","floor":6,"key":"SMITH"},{"data":"Demon Form","floor":15,"key":"SMITH"}],"circlet_count":0,"master_deck":["AscendersBane","Strike_R","Strike_R","Strike_R","Strike_R","Defend_R","Defend_R","Defend_R","Defend_R","Bash","Whirlwind+1","Flex+1","Intimidate","Shockwave","Ghostly Armor","Shrug It Off","Demon Form+1","Pummel","Offering"],"relics":["Burning Blood","Nunchaku","Question Card","Happy Flower","Blue Candle","Busted Crown","Toy Ornithopter"],"acts_visited":["Exordium","TheCity"],"potions_floor_usage":[13,16,16],"damage_taken":[{"damage":6,"enemies":"Jaw Worm","floor":1,"turns":6},{"damage":6,"enemies":"Cultist","floor":2,"turns":3},{"damage":7,"enemies":"2 Louse","floor":3,"turns":2},{"damage":10,"enemies":"Exordium Wildlife","floor":4,"turns":4},{"damage":18,"enemies":"Large Slime","floor":7,"turns":5},{"damage":13,"enemies":"Blue Slaver","floor":11,"turns":3},{"damage":0,"enemies":"Exordium Wildlife","floor":12,"turns":2},{"damage":6,"enemies":"Gremlin Nob","floor":13,"turns":3},{"damage":14,"enemies":"Red Slaver","floor":14,"turns":4},{"damage":13,"enemies":"The Guardian","floor":16,"turns":8},{"damage":6,"enemies":"2 Thieves","floor":18,"turns":1},{"damage":1,"enemies":"Spheric Guardian","floor":21,"turns":3},{"damage":69,"enemies":"Cultist and Chosen","floor":22,"turns":7}],"seed_played":"-6425015971159904683","potions_obtained":[{"floor":1,"key":"Regen Potion"},{"floor":4,"key":"DistilledChaos"},{"floor":14,"key":"PowerPotion"},{"floor":16,"key":"ElixirPotion"}],"is_trial":false,"path_per_floor":["M","M","M","M","?","R","M","T","T","$","M","M","E","M","R","B",null,"M","?","?","M","M"],"character_chosen":"IRONCLAD","items_purchased":["Happy Flower","Shockwave","Ghostly Armor","Strength Potion"],"campfire_rested":0,"item_purchase_floors":[10,10,10,10],"current_hp_per_floor":[68,68,67,63,63,63,51,51,51,51,44,50,50,42,42,35,60,60,60,60,65,0,0],"gold":163,"neow_bonus":"TWO_FIFTY_GOLD","is_daily":false,"chose_seed":false,"campfire_upgraded":2,"win_rate":0.0,"timestamp":1614343448,"path_taken":["M","M","M","M","?","R","M","?","T","$","M","?","E","M","R","BOSS","M","?","?","M","?"],"items_purchased_type":["Relic","Card","Card","Potion"],"build_version":"2020-12-22","purchased_purges":1,"victory":false,"max_hp_per_floor":[68,68,68,68,68,68,68,68,68,68,68,68,68,68,68,68,68,68,68,68,68,68,68],"card_choices":[{"not_picked":["Rage","Pommel Strike"],"picked":"Whirlwind","floor":1},{"not_picked":["Perfected Strike","Clash","Heavy Blade"],"picked":"SKIP","floor":2},{"not_picked":["Power Through","Cleave"],"picked":"Flex","floor":3},{"not_picked":["Fire Breathing","Rupture","Thunderclap"],"picked":"SKIP","floor":4},{"not_picked":["Anger","Thunderclap"],"picked":"Intimidate","floor":7},{"not_picked":["Cleave","Evolve","Sword Boomerang"],"picked":"Shrug It Off","floor":11},{"not_picked":["Sword Boomerang","Warcry","Intimidate","Wild Strike"],"picked":"SKIP","floor":12},{"not_picked":["Iron Wave","Dropkick","Spot Weakness"],"picked":"Demon Form","floor":13},{"not_picked":["Rampage","Twin Strike","Flex"],"picked":"Pummel","floor":14},{"not_picked":["Impervious","Juggernaut","Double Tap"],"picked":"Offering","floor":16},{"not_picked":["Cleave","Shrug It Off"],"picked":"SKIP","floor":18},{"not_picked":["Flex","Fire Breathing"],"picked":"SKIP","floor":21}],"player_experience":1708024,"relics_obtained":[{"floor":8,"key":"Nunchaku"},{"floor":9,"key":"Question Card"},{"floor":13,"key":"Blue Candle"}],"event_choices":[{"damage_healed":0,"gold_gain":0,"player_choice":"Grow","damage_taken":0,"max_hp_gain":0,"max_hp_loss":0,"event_name":"Living Wall","floor":5,"gold_loss":0,"cards_upgraded":["Whirlwind"]},{"damage_healed":0,"gold_gain":0,"player_choice":"Ignored","damage_taken":0,"max_hp_gain":0,"max_hp_loss":0,"event_name":"The Mausoleum","floor":19,"gold_loss":0},{"damage_healed":0,"gold_gain":0,"player_choice":"Obtained Relic","damage_taken":0,"relics_obtained":["Toy Ornithopter"],"max_hp_gain":0,"max_hp_loss":0,"event_name":"Addict","floor":20,"gold_loss":85}],"is_beta":false,"boss_relics":[{"not_picked":["SlaversCollar","Pandora\u0027s Box"],"picked":"Busted Crown"}],"items_purged_floors":[10],"is_endless":false,"potions_floor_spawned":[1,4,12,14,16],"killed_by":"Cultist and Chosen","ascension_level":20}}