{"host":"yqw1zpryoutrnocq","time":1614302994,"event":{"mods":["2.2 Compatiblity","AchievementEnabler","BaseMod","Colored Map","Custom Start","DeckTracker","Minty Spire (QoL Compilation)","Replay The Spire","StSLib","SuperFastMode"],"gold_per_floor":[117,117,67,78,78,113,113,133,156,156,167,167,181,207,207,207,207],"floor_reached":16,"language":"KOR","playtime":196,"items_purged":[],"score":200,"play_id":"5ebec96c-6d12-494c-a0e7-e378cb71ca48","local_time":"20210225192954","is_ascension_mode":true,"campfire_choices":[{"data":"Eruption","floor":7,"key":"SMITH"},{"floor":10,"key":"RECALL"},{"data":"CrushJoints","floor":12,"key":"SMITH"},{"data":"Replay:Anticipation","floor":15,"key":"SMITH"}],"circlet_count":0,"master_deck":["Strike_P","Strike_P","Strike_P","Defend_P","Defend_P+1","Defend_P+1","Defend_P","Eruption+1","Vigilance","EmptyFist","CrushJoints+1","Replay:Anticipation+1"],"relics":["PureWater","NeowsBlessing","Ring of Fury","Ring of Panic","Gremlin Food","ReplayTheSpireMod:Ninjato","War Paint","Centennial Puzzle"],"acts_visited":["Exordium"],"potions_floor_usage":[],"damage_taken":[{"damage":0,"enemies":"Jaw Worm","floor":1,"turns":1},{"damage":0,"enemies":"Small Slimes","floor":4,"turns":1},{"damage":0,"enemies":"Gremlin Nob","floor":6,"turns":1},{"damage":0,"enemies":"2 Louse","floor":8,"turns":2},{"damage":0,"enemies":"Blue Slaver","floor":11,"turns":2},{"damage":0,"enemies":"Red Slaver","floor":13,"turns":1},{"damage":0,"enemies":"Lagavulin","floor":14,"turns":3},{"damage":0,"enemies":"Slime Boss","floor":16,"turns":3}],"seed_played":"2546993515869062587","potions_obtained":[{"floor":4,"key":"Weak Potion"},{"floor":6,"key":"BlessingOfTheForge"}],"is_trial":false,"path_per_floor":["M","?","?","M","?","E","R","M","T","R","M","R","M","E","R","B"],"character_chosen":"WATCHER","items_purchased":[],"campfire_rested":0,"item_purchase_floors":[],"current_hp_per_floor":[72,72,72,72,60,60,60,60,60,60,60,60,60,60,60,60,60],"gold":207,"neow_bonus":"THREE_ENEMY_KILL","is_daily":false,"chose_seed":false,"campfire_upgraded":3,"win_rate":0.0,"timestamp":1614302994,"path_taken":["M","?","?","M","?","E","R","M","T","R","M","R","M","E","R","BOSS"],"items_purchased_type":[],"build_version":"2020-12-22","purchased_purges":0,"victory":false,"max_hp_per_floor":[72,72,72,72,72,72,72,72,72,72,72,72,72,72,72,72,72],"card_choices":[{"not_picked":["Protect","Wireheading"],"picked":"EmptyFist","floor":1},{"not_picked":["JustLucky","CutThroughFate","Crescendo"],"picked":"SKIP","floor":4},{"not_picked":["Conclude","ClearTheMind"],"picked":"CrushJoints","floor":6},{"not_picked":["FlurryOfBlows","EmptyBody","Halt"],"picked":"SKIP","floor":8},{"not_picked":["Weave","Nirvana","Meditate"],"picked":"SKIP","floor":11},{"not_picked":["Protect","FollowUp"],"picked":"Replay:Anticipation","floor":13},{"not_picked":["Protect","EmptyFist","CrushJoints"],"picked":"SKIP","floor":14}],"player_experience":369725,"relics_obtained":[{"floor":2,"key":"Ring of Fury"},{"floor":2,"key":"Ring of Panic"},{"floor":6,"key":"ReplayTheSpireMod:Ninjato"},{"floor":9,"key":"War Paint"},{"floor":14,"key":"Centennial Puzzle"}],"event_choices":[{"cards_removed":["Strike_P"],"damage_healed":0,"gold_gain":0,"player_choice":"Card Removal","damage_taken":0,"max_hp_gain":0,"max_hp_loss":0,"event_name":"The Cleric","floor":3,"gold_loss":50},{"damage_healed":0,"gold_gain":0,"player_choice":"Success","damage_taken":12,"relics_obtained":["Gremlin Food"],"max_hp_gain":0,"max_hp_loss":0,"event_name":"Scrap Ooze","floor":5,"gold_loss":0}],"is_beta":false,"boss_relics":[],"items_purged_floors":[],"is_endless":false,"potions_floor_spawned":[4,6],"killed_by":"Slime Boss","ascension_level":5}}