{"host":"545ma68kbj6ggddn","time":1614312612,"event":{"mods":["BaseMod","Colored Map","Colored Powertips","Downfall","Minty Spire (QoL Compilation)","Permanent Neow","Quick Restart","StSLib","The Death Knight"],"gold_per_floor":[99,199,374,374,388,388,388,416,416,443,457,457,483,468,482,586,586,486,502,502,502],"floor_reached":19,"language":"ENG","playtime":1260,"items_purged":[],"score":270,"play_id":"aa071fd4-033f-4ba7-86ef-2cd821787f8a","local_time":"20210225221012","is_ascension_mode":true,"campfire_choices":[{"data":"sneckomod:Unknown","floor":1,"key":"SMITH"},{"data":"sneckomod:Unknown","floor":6,"key":"SMITH"},{"data":"sneckomod:SerpentIdol","floor":9,"key":"SMITH"},{"data":"sneckomod:Unknown3Cost","floor":18,"key":"SMITH"}],"circlet_count":0,"master_deck":["sneckomod:TailWhip","sneckomod:SnekBite","sneckomod:Unknown+1","sneckomod:Unknown+1","sneckomod:Unknown0Cost+1","sneckomod:Unknown0Cost+1","sneckomod:Unknown0Cost","sneckomod:Unknown0Cost","sneckomod:Unknown0Cost+1","sneckomod:Unknown0Cost","Doubt","downfall:Malfunctioning","sneckomod:SerpentIdol+1","sneckomod:UnknownBlock","sneckomod:UnknownDraw","sneckomod:UnknownCommonSkill","sneckomod:Unknown3Cost+1"],"relics":["sneckomod:SneckoSoul","NeowsBlessing","Frozen Egg 2","PreservedInsect","Omamori","The Courier","Philosopher\u0027s Stone","downfall:HeartBlessingBlue"],"acts_visited":["Exordium","TheCity"],"potions_floor_usage":[16],"damage_taken":[{"damage":0,"enemies":"Small Slimes","floor":5,"turns":1},{"damage":0,"enemies":"Gremlin Nob","floor":8,"turns":1},{"damage":0,"enemies":"Lagavulin","floor":10,"turns":2},{"damage":10,"enemies":"Jaw Worm","floor":11,"turns":4},{"damage":4,"enemies":"Gremlin Nob","floor":13,"turns":5},{"damage":10,"enemies":"downfall:FleeingMerchant","floor":14,"turns":4},{"damage":3,"enemies":"Cultist","floor":15,"turns":5},{"damage":47,"enemies":"WA_ARCHETYPE_RETAIN","floor":16,"turns":13},{"damage":19,"enemies":"Shell Parasite","floor":19,"turns":5}],"seed_played":"-1748366242269450020","potions_obtained":[{"floor":10,"key":"Energy Potion"},{"floor":11,"key":"hexamod:SoulburnPotion"},{"floor":15,"key":"sneckomod:MuddlingPotion"}],"is_trial":false,"path_per_floor":["R","?","?","?","M","R","T","E","R","E","M","T","E","$","M","B",null,"R","M"],"character_chosen":"THE_SNECKO","items_purchased":[],"campfire_rested":0,"item_purchase_floors":[],"current_hp_per_floor":[90,90,90,90,90,90,90,90,90,90,80,80,76,66,63,16,90,100,81,81,81],"gold":502,"neow_bonus":"ONE_RANDOM_RARE_CARD","is_daily":false,"chose_seed":false,"campfire_upgraded":4,"win_rate":0.0,"timestamp":1614312612,"path_taken":["R","?","?","?","M","R","T","E","R","E","?","?","E","?","M","BOSS","R","M"],"items_purchased_type":[],"build_version":"2020-12-22","purchased_purges":0,"victory":false,"max_hp_per_floor":[90,90,90,90,90,90,90,90,90,90,90,90,90,90,90,90,90,100,100,100,100],"card_choices":[{"not_picked":["sneckomod:ImprovisedAttack","sneckomod:RainOfDice","sneckomod:QuickMove"],"picked":"SKIP","floor":5},{"not_picked":["sneckomod:ImprovisedAttack","sneckomod:MasterEye+1"],"picked":"sneckomod:SerpentIdol","floor":8},{"not_picked":["sneckomod:SoulDraw","sneckomod:RainOfDice"],"picked":"sneckomod:UnknownBlock","floor":10},{"not_picked":["sneckomod:RainOfDice","sneckomod:SlitherStrike","sneckomod:UnknownCommonAttack"],"picked":"SKIP","floor":11},{"not_picked":["sneckomod:ImprovisedGuard","sneckomod:IronFang"],"picked":"sneckomod:UnknownDraw","floor":13},{"not_picked":["sneckomod:PureSnecko","sneckomod:SoulDraw"],"picked":"sneckomod:UnknownCommonSkill","floor":14},{"not_picked":["sneckomod:DiceBlock","sneckomod:UnknownCommonAttack","sneckomod:QuickBite"],"picked":"SKIP","floor":15},{"not_picked":["sneckomod:Restock","sneckomod:GlitteringGambit"],"picked":"sneckomod:Unknown3Cost","floor":16},{"not_picked":["sneckomod:UnknownCommonSkill","sneckomod:UnknownCommonAttack","sneckomod:SoulRoll+1"],"picked":"SKIP","floor":19}],"player_experience":249115,"relics_obtained":[{"floor":7,"key":"Frozen Egg 2"},{"floor":8,"key":"PreservedInsect"},{"floor":10,"key":"Omamori"},{"floor":13,"key":"The Courier"}],"event_choices":[],"is_beta":false,"boss_relics":[{"not_picked":["Snecko Eye","SacredBark"],"picked":"Philosopher\u0027s Stone"}],"items_purged_floors":[],"is_endless":false,"potions_floor_spawned":[10,11,15],"killed_by":"Shell Parasite","ascension_level":1}}