{"host":"mqhvlr3kpxebko0t","time":1614324308,"event":{"mods":["AchievementEnabler","BaseMod","Colored Map","Colored Powertips","KOR Keyword Fix","Keyboard Shortcuts","Minty Spire (QoL Compilation)","StSLib","SuperFastMode"],"gold_per_floor":[116,134,134,146,83,123,155,167,179,221,233,245,91,108,108,181,181,199,199,199],"floor_reached":19,"language":"KOR","playtime":255,"items_purged":["Strike_R"],"score":400,"play_id":"e7c89531-c117-4500-9cfb-faefacbd8536","local_time":"20210226162508","is_ascension_mode":true,"campfire_choices":[{"data":"Whirlwind","floor":11,"key":"SMITH"},{"floor":15,"key":"REST"}],"circlet_count":0,"master_deck":["AscendersBane","Strike_R","Strike_R","Defend_R","Defend_R","Defend_R","Defend_R","Bash+1","Pommel Strike+1","Whirlwind+1","Power Through","Deep Breath","Evolve","Offering"],"relics":["Burning Blood","NeowsBlessing","MawBank","Toy Ornithopter","The Courier","InkBottle","Philosopher\u0027s Stone"],"acts_visited":["Exordium","TheCity"],"potions_floor_usage":[16],"damage_taken":[{"damage":0,"enemies":"Jaw Worm","floor":1,"turns":1},{"damage":0,"enemies":"Cultist","floor":2,"turns":1},{"damage":0,"enemies":"Lagavulin","floor":6,"turns":1},{"damage":9,"enemies":"2 Louse","floor":7,"turns":3},{"damage":32,"enemies":"Gremlin Nob","floor":10,"turns":4},{"damage":6,"enemies":"Looter","floor":14,"turns":3},{"damage":35,"enemies":"Slime Boss","floor":16,"turns":10},{"damage":55,"enemies":"Spheric Guardian","floor":18,"turns":6}],"seed_played":"-4861610195214535803","potions_obtained":[{"floor":2,"key":"Weak Potion"},{"floor":7,"key":"LiquidBronze"},{"floor":14,"key":"DistilledChaos"}],"is_trial":false,"path_per_floor":["M","M","?","$","?","E","M","?","T","E","R","?","$","M","R","B",null,"M","?"],"character_chosen":"IRONCLAD","items_purchased":["Power Through","Deep Breath"],"campfire_rested":1,"item_purchase_floors":[13,13],"current_hp_per_floor":[74,75,75,75,75,75,72,49,49,23,23,16,16,16,38,14,60,11,0,0],"gold":199,"neow_bonus":"THREE_ENEMY_KILL","is_daily":false,"chose_seed":false,"campfire_upgraded":1,"win_rate":0.0,"timestamp":1614324308,"path_taken":["M","M","?","?","?","E","M","?","T","E","R","?","$","M","R","BOSS","M","?"],"items_purchased_type":["Card","Card"],"build_version":"2020-12-22","purchased_purges":1,"victory":false,"max_hp_per_floor":[75,75,75,75,75,75,75,75,75,75,75,75,75,75,75,75,75,75,80,80],"card_choices":[{"not_picked":["Iron Wave","Havoc","Thunderclap"],"picked":"SKIP","floor":1},{"not_picked":["Shrug It Off","Intimidate"],"picked":"Pommel Strike","floor":2},{"not_picked":["Iron Wave","Heavy Blade"],"picked":"Whirlwind","floor":6},{"not_picked":["Clash","Armaments","Rupture"],"picked":"SKIP","floor":7},{"not_picked":["Twin Strike","Inflame","Anger"],"picked":"SKIP","floor":10},{"not_picked":["Body Slam","Flex"],"picked":"Evolve","floor":14},{"not_picked":["Fiend Fire","Demon Form"],"picked":"Offering","floor":16},{"not_picked":["Intimidate+1","Perfected Strike","Flex"],"picked":"SKIP","floor":18}],"player_experience":722366,"relics_obtained":[{"floor":6,"key":"Toy Ornithopter"},{"floor":9,"key":"The Courier"},{"floor":10,"key":"InkBottle"}],"event_choices":[{"damage_healed":0,"gold_gain":0,"player_choice":"Gave Potion","damage_taken":0,"relics_obtained":["MawBank"],"max_hp_gain":0,"max_hp_loss":0,"event_name":"WeMeetAgain","floor":3,"gold_loss":0},{"cards_removed":["Strike_R"],"damage_healed":0,"gold_gain":0,"player_choice":"Card Removal","damage_taken":0,"max_hp_gain":0,"max_hp_loss":0,"event_name":"The Cleric","floor":5,"gold_loss":75},{"damage_healed":0,"gold_gain":0,"player_choice":"Entered Light","damage_taken":23,"max_hp_gain":0,"max_hp_loss":0,"event_name":"Shining Light","floor":8,"gold_loss":0,"cards_upgraded":["Pommel Strike","Bash"]},{"cards_removed":["Strike_R"],"damage_healed":0,"gold_gain":0,"player_choice":"Card Removal","damage_taken":7,"max_hp_gain":0,"max_hp_loss":0,"event_name":"Golden Wing","floor":12,"gold_loss":0}],"is_beta":false,"boss_relics":[{"not_picked":["Ectoplasm","Black Blood"],"picked":"Philosopher\u0027s Stone"}],"items_purged_floors":[13],"is_endless":false,"potions_floor_spawned":[2,7,14],"ascension_level":20}}