{"host":"Brandi","time":1614380134,"event":{"mods":["BaseMod","Colored Map","Minty Spire (QoL Compilation)","Relic Stats","StSLib"],"gold_per_floor":[110,122,64,214,289,289,324,324,324,341,341,353,368,395,395,473,473,487,487,499,499,28,57,57,70,70,90,117,117,131,51,51,128,128,148,165,179,43,53,53,69,97,97,16,45,59,59,84,84,84,84],"floor_reached":52,"language":"ENG","playtime":2367,"items_purged":["Doubt"],"score":1999,"play_id":"265973a2-ee66-4f36-93e0-192f0b286eb6","local_time":"20210226175534","is_ascension_mode":true,"campfire_choices":[{"data":"Noxious Fumes","floor":6,"key":"SMITH"},{"data":"Noxious Fumes","floor":8,"key":"SMITH"},{"data":"Noxious Fumes","floor":15,"key":"SMITH"},{"floor":24,"key":"REST"},{"floor":29,"key":"REST"},{"floor":32,"key":"REST"},{"data":"Catalyst","floor":40,"key":"SMITH"},{"data":"Footwork","floor":47,"key":"SMITH"},{"data":"Footwork","floor":49,"key":"SMITH"}],"circlet_count":0,"master_deck":["AscendersBane","Defend_G","Defend_G","Defend_G","Defend_G","Defend_G","Survivor","Neutralize","Noxious Fumes+1","Noxious Fumes+1","Noxious Fumes+1","Noxious Fumes","Noxious Fumes","Flying Knee","Poisoned Stab","Bane","Catalyst+1","Adrenaline","Cloak And Dagger","Footwork+1","Noxious Fumes","Wraith Form v2","Footwork+1","Backflip","Cloak And Dagger","Deflect","Crippling Poison","Dodge and Roll","Deflect","Corpse Explosion","Backflip","PiercingWail","Blur","Footwork","Footwork","Dodge and Roll","PiercingWail","PiercingWail","Dodge and Roll"],"relics":["Ring of the Snake","WarpedTongs","Bird Faced Urn","Centennial Puzzle","Potion Belt","Shuriken","Empty Cage","The Courier","Medical Kit","PreservedInsect","HornCleat","Molten Egg 2","Snake Skull","Cursed Key","Vajra","InkBottle","Sundial","Mango"],"acts_visited":["Exordium","TheCity","TheBeyond"],"potions_floor_usage":[37,50,50,51,51,51,51,51,51],"damage_taken":[{"damage":1,"enemies":"Small Slimes","floor":1,"turns":4},{"damage":3,"enemies":"Jaw Worm","floor":2,"turns":4},{"damage":17,"enemies":"Lagavulin","floor":7,"turns":8},{"damage":0,"enemies":"Cultist","floor":10,"turns":4},{"damage":1,"enemies":"Lots of Slimes","floor":12,"turns":3},{"damage":7,"enemies":"Large Slime","floor":13,"turns":5},{"damage":6,"enemies":"3 Sentries","floor":14,"turns":6},{"damage":17,"enemies":"The Guardian","floor":16,"turns":7},{"damage":10,"enemies":"Spheric Guardian","floor":18,"turns":4},{"damage":5,"enemies":"Shell Parasite","floor":20,"turns":6},{"damage":48,"enemies":"Slavers","floor":23,"turns":6},{"damage":18,"enemies":"Centurion and Healer","floor":25,"turns":6},{"damage":17,"enemies":"Chosen and Byrds","floor":27,"turns":5},{"damage":24,"enemies":"Book of Stabbing","floor":28,"turns":6},{"damage":22,"enemies":"Snake Plant","floor":30,"turns":5},{"damage":16,"enemies":"Champ","floor":33,"turns":11},{"damage":1,"enemies":"Orb Walker","floor":35,"turns":4},{"damage":2,"enemies":"3 Darklings","floor":36,"turns":4},{"damage":0,"enemies":"4 Shapes","floor":37,"turns":4},{"damage":2,"enemies":"Spire Growth","floor":39,"turns":7},{"damage":6,"enemies":"Sphere and 2 Shapes","floor":41,"turns":6},{"damage":1,"enemies":"Nemesis","floor":42,"turns":7},{"damage":17,"enemies":"Giant Head","floor":45,"turns":8},{"damage":10,"enemies":"3 Darklings","floor":46,"turns":3},{"damage":0,"enemies":"Mind Bloom Boss Battle","floor":48,"turns":8},{"damage":80,"enemies":"Awakened One","floor":50,"turns":19},{"damage":1,"enemies":"Donu and Deca","floor":51,"turns":9}],"seed_played":"-4970371298673393848","potions_obtained":[{"floor":2,"key":"SpeedPotion"},{"floor":7,"key":"EntropicBrew"},{"floor":12,"key":"Fire Potion"},{"floor":21,"key":"PowerPotion"},{"floor":21,"key":"LiquidMemories"},{"floor":45,"key":"SteroidPotion"}],"is_trial":false,"path_per_floor":["M","M","$","?","?","R","E","R","T","M","?","M","M","E","R","B",null,"M","T","M","?","$","E","R","M","T","M","E","R","M","$","R","B",null,"M","M","M","$","M","R","M","E","T","$","E","M","R","?","R","B","B",null],"character_chosen":"THE_SILENT","items_purchased":["Bane","Medical Kit","PreservedInsect","Noxious Fumes","Wraith Form v2","Footwork","Dodge and Roll","Deflect","Blur","Footwork","PiercingWail"],"campfire_rested":3,"item_purchase_floors":[3,22,22,22,22,22,31,31,38,38,44],"current_hp_per_floor":[66,66,66,66,55,55,48,48,48,58,58,65,63,66,66,55,63,58,58,61,61,61,25,44,42,42,35,23,42,32,32,51,53,63,66,66,66,66,64,64,66,66,66,66,57,55,55,80,80,20,41],"gold":84,"neow_bonus":"RANDOM_COLORLESS","is_daily":false,"chose_seed":false,"campfire_upgraded":6,"win_rate":0.0,"timestamp":1614380134,"path_taken":["M","M","$","?","?","R","E","R","T","M","?","M","M","E","R","BOSS","M","?","?","?","$","E","R","?","T","M","E","R","M","?","R","BOSS","M","M","?","$","?","R","M","E","T","?","E","M","R","?","R","BOSS","BOSS"],"items_purchased_type":["Card","Relic","Relic","Card","Card","Card","Card","Card","Card","Card","Card"],"build_version":"2020-12-18","purchased_purges":1,"victory":true,"max_hp_per_floor":[66,66,66,66,66,66,66,66,66,66,66,66,66,66,66,66,66,66,66,66,66,66,66,66,66,66,66,66,66,66,66,66,66,66,66,66,66,66,66,66,66,66,66,66,66,66,66,80,80,80,80],"relic_stats":{"counters":[27,169],"PreservedInsect":264,"Snake Skull":[151],"Medical Kit":[21],"Cursed Key":1,"WarpedTongs":[169],"Centennial Puzzle":[63],"Shuriken":[10],"Sundial":[4],"Bird Faced Urn":[236],"obtain_stats":[{"Potion Belt":9,"Vajra":42,"Mango":48,"The Courier":19,"PreservedInsect":22,"Snake Skull":28,"Empty Cage":17,"Medical Kit":22,"Cursed Key":34,"WarpedTongs":0,"Centennial Puzzle":7,"HornCleat":23,"Shuriken":14,"Sundial":45,"Bird Faced Urn":0,"Molten Egg 2":26,"InkBottle":43,"Ring of the Snake":0},{"Potion Belt":3,"Vajra":22,"Mango":25,"The Courier":9,"PreservedInsect":10,"Snake Skull":14,"Empty Cage":8,"Medical Kit":10,"Cursed Key":16,"WarpedTongs":0,"Centennial Puzzle":3,"HornCleat":11,"Shuriken":7,"Sundial":23,"Bird Faced Urn":0,"Molten Egg 2":12,"InkBottle":22,"Ring of the Snake":0},{"Potion Belt":16,"Vajra":122,"Mango":141,"The Courier":45,"PreservedInsect":51,"Snake Skull":74,"Empty Cage":41,"Medical Kit":51,"Cursed Key":90,"WarpedTongs":0,"Centennial Puzzle":16,"HornCleat":57,"Shuriken":34,"Sundial":130,"Bird Faced Urn":0,"Molten Egg 2":63,"InkBottle":122,"Ring of the Snake":0}],"InkBottle":[24],"Ring of the Snake":[54]},"card_choices":[{"not_picked":["Enlightenment","Blind"],"picked":"Dramatic Entrance","floor":0},{"not_picked":["Dagger Throw","Slice"],"picked":"Flying Knee","floor":1},{"not_picked":["Prepared","Flying Knee"],"picked":"Poisoned Stab","floor":2},{"not_picked":["Heel Hook","Expertise","Blade Dance"],"picked":"SKIP","floor":7},{"not_picked":["Dagger Throw","Dodge and Roll","Acrobatics"],"picked":"SKIP","floor":10},{"not_picked":["Glass Knife","Terror"],"picked":"Catalyst","floor":12},{"not_picked":["Prepared","Dagger Spray","Acrobatics"],"picked":"SKIP","floor":13},{"not_picked":["Expertise","Reflex"],"picked":"Endless Agony","floor":14},{"not_picked":["Storm of Steel","Venomology"],"picked":"Adrenaline","floor":16},{"not_picked":["Slice","Dagger Throw"],"picked":"Cloak And Dagger","floor":18},{"not_picked":["Cloak And Dagger+1","Quick Slash"],"picked":"Footwork","floor":20},{"not_picked":["Calculated Gamble","Catalyst"],"picked":"Backflip","floor":23},{"not_picked":["Deadly Poison+1","Masterful Stab"],"picked":"Cloak And Dagger","floor":25},{"not_picked":["Escape Plan","Venomology"],"picked":"Deflect","floor":27},{"not_picked":["Well Laid Plans","Glass Knife+1"],"picked":"Crippling Poison","floor":28},{"not_picked":["Cloak And Dagger","Crippling Poison","Sucker Punch+1"],"picked":"SKIP","floor":30},{"not_picked":["A Thousand Cuts","Die Die Die+1"],"picked":"Corpse Explosion","floor":33},{"not_picked":["PiercingWail","Dodge and Roll"],"picked":"Backflip","floor":35},{"not_picked":["Expertise","Quick Slash+1","Slice+1"],"picked":"SKIP","floor":36},{"not_picked":["Flying Knee+1","Acrobatics"],"picked":"PiercingWail","floor":37},{"not_picked":["Noxious Fumes+1","Accuracy"],"picked":"Footwork","floor":39},{"not_picked":["Slice+1","Deadly Poison","Flying Knee+1"],"picked":"SKIP","floor":41},{"not_picked":["Noxious Fumes","Flechettes+1"],"picked":"Dodge and Roll","floor":42},{"not_picked":["Infinite Blades+1","Quick Slash+1"],"picked":"PiercingWail","floor":45},{"not_picked":["Underhanded Strike+1","Tools of the Trade"],"picked":"Dodge and Roll","floor":46}],"player_experience":824565,"relics_obtained":[{"floor":7,"key":"Centennial Puzzle"},{"floor":9,"key":"Potion Belt"},{"floor":14,"key":"Shuriken"},{"floor":19,"key":"The Courier"},{"floor":23,"key":"HornCleat"},{"floor":26,"key":"Molten Egg 2"},{"floor":28,"key":"Snake Skull"},{"floor":42,"key":"Vajra"},{"floor":43,"key":"InkBottle"},{"floor":45,"key":"Sundial"},{"floor":48,"key":"Mango"}],"event_choices":[{"damage_healed":0,"gold_gain":150,"player_choice":"AGREE","damage_taken":0,"max_hp_gain":0,"max_hp_loss":0,"event_name":"Liars Game","floor":4,"gold_loss":0,"cards_obtained":["Doubt"]},{"damage_healed":0,"gold_gain":75,"player_choice":"Gather Gold","damage_taken":11,"max_hp_gain":0,"max_hp_loss":0,"event_name":"World of Goop","floor":5,"gold_loss":0},{"cards_removed":["Doubt"],"damage_healed":0,"gold_gain":0,"player_choice":"Removed Curses","damage_taken":0,"max_hp_gain":0,"max_hp_loss":0,"event_name":"Fountain of Cleansing","floor":11,"gold_loss":0},{"damage_healed":0,"gold_gain":0,"player_choice":"Got Potions","damage_taken":0,"max_hp_gain":0,"max_hp_loss":0,"event_name":"Lab","floor":21,"gold_loss":0},{"damage_healed":0,"gold_gain":0,"player_choice":"Fight","damage_taken":0,"max_hp_gain":0,"max_hp_loss":0,"event_name":"MindBloom","floor":48,"gold_loss":0}],"is_beta":true,"boss_relics":[{"not_picked":["WristBlade","Busted Crown"],"picked":"Empty Cage"},{"not_picked":["Velvet Choker","Ring of the Serpent"],"picked":"Cursed Key"}],"items_purged_floors":[44],"is_endless":false,"potions_floor_spawned":[2,7,12,25,27,35,45,48],"ascension_level":20}}