{"host":"mi0eibewekhugwl1","time":1614323930,"event":{"mods":["AchievementEnabler","BaseMod","Colored Map","Colored Powertips","DeckTracker","Keyboard Shortcuts","Minty Spire (QoL Compilation)","Quick Restart","Rare Cards Sparkle","Relic Stats","StSLib","SuperFastMode","everything is the same but u backflip on backflip"],"gold_per_floor":[110,110,124,6,20,20,38,65,116,81,99,99,110,145,145,216,216,227,77,87,287,287,287,287,287],"floor_reached":24,"language":"KOR","playtime":423,"items_purged":["Strike_B"],"score":412,"play_id":"7b340045-32dd-4fc1-ae9f-2671421ccb84","local_time":"20210226161850","is_ascension_mode":true,"campfire_choices":[{"data":"Chaos","floor":6,"key":"SMITH"},{"data":"Loop","floor":12,"key":"SMITH"},{"floor":15,"key":"REST"},{"floor":23,"key":"REST"}],"circlet_count":0,"master_deck":["AscendersBane","Strike_B","Strike_B","Defend_B","Defend_B","Defend_B","Defend_B","Zap","Dualcast","Ball Lightning","BootSequence","Chaos+1","Rip and Tear","Coolheaded","Loop+1","White Noise","Lockon","Beam Cell","Creative AI","Conserve Battery","Glacier","Cold Snap","Decay"],"relics":["Cracked Core","DataDisk","Shuriken","Akabeko","Juzu Bracelet"],"acts_visited":["Exordium","TheCity"],"potions_floor_usage":[8,16,24,24],"damage_taken":[{"damage":11,"enemies":"2 Louse","floor":1,"turns":2},{"damage":7,"enemies":"Jaw Worm","floor":3,"turns":2},{"damage":0,"enemies":"Cultist","floor":5,"turns":2},{"damage":5,"enemies":"Large Slime","floor":7,"turns":4},{"damage":5,"enemies":"Gremlin Nob","floor":8,"turns":3},{"damage":0,"enemies":"Blue Slaver","floor":11,"turns":1},{"damage":1,"enemies":"Looter","floor":13,"turns":2},{"damage":27,"enemies":"Lagavulin","floor":14,"turns":4},{"damage":16,"enemies":"The Guardian","floor":16,"turns":8},{"damage":27,"enemies":"3 Byrds","floor":18,"turns":5},{"damage":6,"enemies":"Spheric Guardian","floor":20,"turns":7},{"damage":64,"enemies":"Slavers","floor":24,"turns":7}],"seed_played":"3876339950499176773","potions_obtained":[{"floor":3,"key":"Regen Potion"},{"floor":5,"key":"AttackPotion"},{"floor":11,"key":"FocusPotion"},{"floor":16,"key":"Block Potion"}],"is_trial":false,"path_per_floor":["M","?","M","$","M","R","M","E","T","?","M","R","M","E","R","B",null,"M","$","M","?","?","R","E"],"character_chosen":"DEFECT","items_purchased":["Chaos","Rip and Tear","Glacier"],"campfire_rested":2,"item_purchase_floors":[4,4,19],"current_hp_per_floor":[53,46,39,39,39,39,34,29,29,46,46,46,45,18,39,23,59,32,32,26,26,26,47,0,0],"gold":287,"neow_bonus":"RANDOM_COMMON_RELIC","is_daily":false,"chose_seed":false,"campfire_upgraded":2,"win_rate":0.0,"timestamp":1614323930,"path_taken":["M","?","M","$","M","R","M","E","T","?","M","R","M","E","R","BOSS","M","$","M","?","?","R","E"],"items_purchased_type":["Card","Card","Card"],"build_version":"2020-12-22","purchased_purges":1,"victory":false,"max_hp_per_floor":[71,71,71,71,71,71,71,71,71,71,71,71,71,71,71,71,71,71,71,71,71,71,71,71,71],"relic_stats":{"counters":[12,47],"Shuriken":[3],"Juzu Bracelet":1,"obtain_stats":[{"DataDisk":0,"Shuriken":8,"Juzu Bracelet":14,"Cracked Core":0,"Akabeko":9},{"DataDisk":0,"Shuriken":5,"Juzu Bracelet":8,"Cracked Core":0,"Akabeko":5},{"DataDisk":0,"Shuriken":13,"Juzu Bracelet":20,"Cracked Core":0,"Akabeko":13}]},"card_choices":[{"not_picked":["Stack","Heatsinks"],"picked":"Ball Lightning","floor":1},{"not_picked":["Doom and Gloom","Redo"],"picked":"BootSequence","floor":3},{"not_picked":["Double Energy","Chill"],"picked":"Coolheaded","floor":5},{"not_picked":["Redo","Steam Power"],"picked":"Loop","floor":7},{"not_picked":["Recycle","Force Field","Ball Lightning"],"picked":"SKIP","floor":8},{"not_picked":["Rebound","Stack"],"picked":"White Noise","floor":11},{"not_picked":["Creative AI","Hologram"],"picked":"Lockon","floor":13},{"not_picked":["Hologram","Leap"],"picked":"Beam Cell","floor":14},{"not_picked":["Echo Form","Meteor Strike"],"picked":"Creative AI","floor":16},{"not_picked":["Beam Cell","Hologram"],"picked":"Conserve Battery","floor":18},{"not_picked":["White Noise","Leap"],"picked":"Cold Snap","floor":20}],"player_experience":1831676,"relics_obtained":[{"floor":8,"key":"Shuriken"},{"floor":9,"key":"Akabeko"},{"floor":14,"key":"Juzu Bracelet"}],"event_choices":[{"cards_removed":["Strike_B"],"damage_healed":0,"gold_gain":0,"player_choice":"Card Removal","damage_taken":7,"max_hp_gain":0,"max_hp_loss":0,"event_name":"Golden Wing","floor":2,"gold_loss":0},{"damage_healed":17,"gold_gain":0,"player_choice":"Healed","damage_taken":0,"max_hp_gain":0,"max_hp_loss":0,"event_name":"The Cleric","floor":10,"gold_loss":35},{"damage_healed":0,"gold_gain":200,"player_choice":"Gold","damage_taken":0,"max_hp_gain":0,"max_hp_loss":0,"event_name":"Wheel of Change","floor":21,"gold_loss":0},{"damage_healed":0,"gold_gain":0,"player_choice":"Smashed Altar","damage_taken":0,"max_hp_gain":0,"max_hp_loss":0,"event_name":"Forgotten Altar","floor":22,"gold_loss":0,"cards_obtained":["Decay"]}],"is_beta":false,"boss_relics":[{"not_picked":["Ectoplasm","Runic Pyramid","Snecko Eye"]}],"items_purged_floors":[19],"is_endless":false,"potions_floor_spawned":[3,5,7,11,16,18],"killed_by":"Slavers","ascension_level":20}}