{"host":"0hb9w7uizu7y13wj","time":1614366499,"event":{"mods":["Act Like it!","Aspiration","BaseMod","BetterRewards","Colored Map","Conspire","Downfall","Energized Spire","FTL Soundtrack","Friendly Minions","Halation","Hubris","Infinite Spire","Minty Spire (QoL Compilation)","Quick Restart","Replay The Spire","StSLib","Synergy Search","The Hierophant","The Jungle","The Poker Player","Trackpad","everything is the same but u backflip on backflip"],"gold_per_floor":[118,68,96,96,120,132,132],"floor_reached":6,"language":"ENG","playtime":219,"items_purged":[],"score":72,"play_id":"c8109ac3-c923-46b6-af8a-f78800d829f1","local_time":"20210226190819","is_ascension_mode":true,"campfire_choices":[],"circlet_count":0,"master_deck":["AscendersBane","Strike_R","Strike_R","Strike_R","Strike_R","Strike_R","Defend_R","Defend_R","Defend_R","Defend_R","Bash","hubris:EnhanceAbility+1","Metallicize","Whirlwind","Trip","Disarm","Shrug It Off","Metallicize","infinitespire:OneForAll"],"relics":["Burning Blood","Replay:Bandana","hubris:GlazedTorus","hubris:TenFootPole","conspire:TreasureMap"],"acts_visited":["Exordium"],"potions_floor_usage":[6,6],"damage_taken":[{"damage":0.0,"enemies":"conspire:RoseBush","floor":1.0,"turns":4.0},{"damage":0.0,"enemies":"Cultist","floor":3.0,"turns":4.0},{"damage":0.0,"enemies":"2 Louse","floor":5.0,"turns":3.0},{"damage":6,"enemies":"Gremlin Nob","floor":6,"turns":4}],"seed_played":"2831438839107282147","potions_obtained":[{"floor":3.0,"key":"BlessingOfTheForge"}],"is_trial":false,"path_per_floor":["M","$","M","?","M","E"],"character_chosen":"IRONCLAD","items_purchased":["hubris:EnhanceAbility","Replay:Bandana","Metallicize","Whirlwind","hubris:TenFootPole","conspire:TreasureMap","Trip","PowerPotion","Shrug It Off"],"campfire_rested":0,"item_purchase_floors":[0,0,0,0,0,0,0,0,2],"current_hp_per_floor":[26,26,32,32,38,32,32],"gold":132,"neow_bonus":"","is_daily":false,"chose_seed":false,"campfire_upgraded":0,"win_rate":0.0,"timestamp":1614366499,"path_taken":["M","$","M","?","?","E"],"items_purchased_type":["Card","Relic","Card","Card","Relic","Relic","Card","Potion","Card"],"build_version":"2020-12-22","purchased_purges":0,"victory":false,"max_hp_per_floor":[75,75,75,75,75,75,75],"card_choices":[{"not_picked":["hubris:ReadiedAction","Intimidate"],"picked":"Disarm","floor":1.0},{"not_picked":["Body Slam","Run Through"],"picked":"Metallicize","floor":3.0},{"not_picked":["Iron Wave","Flex"],"picked":"infinitespire:OneForAll","floor":5.0}],"player_experience":999158,"relics_obtained":[],"event_choices":[{"damage_healed":0.0,"max_hp_gain":0.0,"max_hp_loss":0.0,"gold_gain":0.0,"event_name":"Accursed Blacksmith","player_choice":"Forge","floor":4.0,"gold_loss":0.0,"damage_taken":0.0,"cards_upgraded":["hubris:EnhanceAbility"]}],"is_beta":false,"boss_relics":[],"items_purged_floors":[],"is_endless":false,"potions_floor_spawned":[3],"killed_by":"Gremlin Nob","ascension_level":20}}