{"host":"6lme9gmrtv3g6npf","time":1614311850,"event":{"mods":["BaseMod","Better Third Choice","Downfall","Hubris","Minty Spire (QoL Compilation)","Rare Cards Sparkle","Reliquary","Replay The Spire","StSLib","egg"],"gold_per_floor":[99,111,26,37,37,37,37,50,500,527,552,552,571,582,598,695,695,695,523,523,535,555,569,569,569,569,569,469,488,498,518,534,631,631,631,641,655,588,604,604,657,96,96,96,96,96,96,114,132,132],"floor_reached":51,"language":"ENG","playtime":3264,"items_purged":["hexamod:Strike","downfall:Icky"],"score":926,"play_id":"ca414116-4865-43d8-8dd9-9f165186cd16","local_time":"20210226005730","is_ascension_mode":false,"campfire_choices":[{"data":"hexamod:Sear","floor":1,"key":"SMITH"},{"data":"hexamod:RainOfEmbers","floor":6,"key":"SMITH"},{"data":"hexamod:HeatMetal","floor":12,"key":"SMITH"},{"floor":18,"key":"RECALL"},{"floor":28,"key":"REST"},{"data":"downfall:Icky","floor":35,"key":"PURGE"},{"floor":40,"key":"REST"},{"floor":43,"key":"REST"},{"floor":45,"key":"REST"}],"circlet_count":0,"master_deck":["hexamod:Defend+1","hexamod:Defend+1","hexamod:Defend+1","hexamod:Defend+1","hexamod:Sear+1","hexamod:Float","hexamod:HeatMetal+1","hexamod:RainOfEmbers+1","hexamod:HeatCrush","hexamod:ThermalTransfer","hexamod:VolcanoVisage","hexamod:SoulSteal","hexamod:BurningTouch","Slimebound:Tackle+1","Slimebound:Tackle+1","Slimebound:Tackle+1","hexamod:ThermalTransfer+1","hexamod:TimeOfNeed","hexamod:BurningTouch+1","hexamod:WildfireWeapon","hexamod:FifthSeal"],"relics":["Runic Pyramid","Happy Flower","reliquary:IridiumChain","Replay:Rubber Ducky","Fusion Hammer","Replay:Bottled Eggs","Pocketwatch","downfall:HeartBlessingRed","hexamod:SoulConsumer","Pen Nib","Orrery","HornCleat","Oddly Smooth Stone"],"acts_visited":["Exordium","TheCity","TheBeyond"],"potions_floor_usage":[10,33,33,39,39,39,39,39],"damage_taken":[{"damage":0,"enemies":"Cultist","floor":2,"turns":3},{"damage":0,"enemies":"downfall:FleeingMerchant","floor":3,"turns":4},{"damage":0,"enemies":"Small Slimes","floor":4,"turns":3},{"damage":6,"enemies":"Jaw Worm","floor":8,"turns":3},{"damage":0,"enemies":"Lagavulin","floor":10,"turns":5},{"damage":11,"enemies":"Large Slime","floor":13,"turns":3},{"damage":1,"enemies":"Gremlin Gang","floor":14,"turns":4},{"damage":0,"enemies":"Exordium Wildlife","floor":15,"turns":3},{"damage":12,"enemies":"WA_ARCHETYPE_RETAIN","floor":16,"turns":4},{"damage":0,"enemies":"downfall:FleeingMerchant","floor":19,"turns":4},{"damage":14,"enemies":"downfall:LooterAlt2","floor":21,"turns":2},{"damage":7,"enemies":"Spheric Guardian","floor":22,"turns":4},{"damage":4,"enemies":"Cultist and Chosen","floor":23,"turns":4},{"damage":13,"enemies":"Chosen and Byrds","floor":29,"turns":3},{"damage":0,"enemies":"Sentry and Sphere","floor":30,"turns":3},{"damage":0,"enemies":"Centurion and Healer","floor":31,"turns":3},{"damage":14,"enemies":"Snake Plant","floor":32,"turns":3},{"damage":28,"enemies":"DF_ARCHETYPE_CLAW","floor":33,"turns":5},{"damage":3,"enemies":"Orb Walker","floor":36,"turns":3},{"damage":9,"enemies":"3 Darklings","floor":37,"turns":9},{"damage":4,"enemies":"downfall:FleeingMerchant","floor":38,"turns":3},{"damage":50,"enemies":"Sphere and 2 Shapes","floor":39,"turns":4},{"damage":20,"enemies":"Transient","floor":48,"turns":5},{"damage":9,"enemies":"Writhing Mass","floor":49,"turns":3},{"damage":28,"enemies":"IC_BLOCK_ARCHETYPE","floor":50,"turns":3}],"seed_played":"3069160324912186553","potions_obtained":[{"floor":4,"key":"SteroidPotion"},{"floor":10,"key":"SmokeBomb"},{"floor":13,"key":"EntropicBrew"},{"floor":14,"key":"SpeedPotion"},{"floor":16,"key":"SteroidPotion"},{"floor":33,"key":"Venom Potion"},{"floor":36,"key":"Fire Potion"},{"floor":39,"key":"hexamod:SoulburnPotion"}],"is_trial":false,"path_per_floor":["R","M","$","M","?","R","T","M","?","E","T","R","M","M","M","B",null,"R","$","?","M","M","M","T","?","?","T","R","M","M","M","M","B",null,"R","M","M","$","M","R","T","$","R","$","R","?","?","M","M","B",null],"character_chosen":"THE_SPIRIT","items_purchased":["hexamod:RainOfEmbers","hexamod:SoulSteal","hexamod:BurningTouch","hexamod:SoulConsumer","Orrery","HornCleat","Oddly Smooth Stone"],"campfire_rested":4,"item_purchase_floors":[3,19,19,38,42,42,42],"current_hp_per_floor":[70,70,70,70,70,70,70,64,64,64,64,64,53,52,52,40,70,70,70,70,56,49,45,45,45,45,45,66,53,53,53,39,11,70,70,67,58,54,4,25,25,25,46,46,67,67,67,51,46,22],"gold":132,"neow_bonus":"BOSS_RELIC","is_daily":false,"chose_seed":false,"campfire_upgraded":3,"win_rate":0.0,"timestamp":1614311850,"path_taken":["R","M","$","?","?","R","T","M","?","E","?","R","M","M","M","BOSS","R","$","?","M","?","M","T","?","?","?","R","M","M","M","M","BOSS","R","M","M","$","?","R","T","$","R","$","R","?","?","?","M","BOSS"],"items_purchased_type":["Card","Card","Card","Relic","Relic","Relic","Relic"],"build_version":"2020-12-22","purchased_purges":2,"victory":true,"max_hp_per_floor":[70,70,70,70,70,70,70,70,70,70,70,70,70,70,70,70,70,70,70,70,70,70,70,70,70,70,70,70,70,70,70,70,70,70,70,70,70,70,70,70,70,70,70,70,70,70,70,70,70,70],"card_choices":[{"not_picked":["hexamod:FourthSeal","hexamod:RadiantFlame"],"picked":"hexamod:HeatMetal","floor":2},{"not_picked":["hexamod:StepThrough","hexamod:GhostLash","hexamod:TimeWarp"],"picked":"SKIP","floor":3},{"not_picked":["hexamod:BacktrackSmack","hexamod:EtherealExpedition"],"picked":"hexamod:HeatCrush","floor":4},{"not_picked":["hexamod:SwordOfDarkness","hexamod:ShieldOfDarkness","hexamod:EtherealExpedition"],"picked":"SKIP","floor":8},{"not_picked":["hexamod:ShieldOfDarkness","hexamod:SkipABeat","hexamod:GhostOfSpireFuture"],"picked":"SKIP","floor":10},{"not_picked":["hexamod:ShieldOfDarkness","hexamod:NightmareStrike","hexamod:HauntingEcho"],"picked":"SKIP","floor":13},{"not_picked":["hexamod:Firestarter","hexamod:FlamesFromBeyond"],"picked":"hexamod:ThermalTransfer","floor":14},{"not_picked":["hexamod:SpectersWail","hexamod:InspiringFlames","hexamod:AdvancingGuard"],"picked":"SKIP","floor":15},{"not_picked":["hexamod:GhostflameInferno","hexamod:GiftsFromTheDead"],"picked":"hexamod:VolcanoVisage","floor":16},{"not_picked":["hexamod:GhostLash","hexamod:FastForward","hexamod:AdvancingGuard+1"],"picked":"SKIP","floor":19},{"not_picked":["hexamod:SpectersWail+1","hexamod:RainOfEmbers","hexamod:FirstSeal"],"picked":"SKIP","floor":21},{"not_picked":["hexamod:StepThrough","hexamod:RadiantFlame","hexamod:AdvancingGuard"],"picked":"SKIP","floor":22},{"not_picked":["hexamod:Firestarter+1","hexamod:Hexaguard+1","hexamod:Again"],"picked":"SKIP","floor":23},{"not_picked":["hexamod:ThirdSeal","hexamod:Firestarter+1","hexamod:SpectersWail"],"picked":"SKIP","floor":29},{"not_picked":["hexamod:SwordOfDarkness","hexamod:PhantomCloak+1"],"picked":"hexamod:ThermalTransfer+1","floor":30},{"not_picked":["hexamod:Hexaguard","hexamod:HauntingEcho"],"picked":"hexamod:TimeOfNeed","floor":31},{"not_picked":["hexamod:RecurringNightmare","hexamod:HeatMetal+1","hexamod:ShieldOfDarkness"],"picked":"SKIP","floor":32},{"not_picked":["hexamod:InspiringFlames","hexamod:FlamesFromBeyond+1"],"picked":"hexamod:BurningTouch+1","floor":36},{"not_picked":["hexamod:SwordOfDarkness+1","hexamod:HauntingEcho","hexamod:BurningTouch"],"picked":"SKIP","floor":37},{"not_picked":["hexamod:NightmareGuise","hexamod:FastForward+1"],"picked":"hexamod:WildfireWeapon","floor":38},{"not_picked":["hexamod:PhantomCloak","hexamod:Haunt","hexamod:CatchUp"],"picked":"SKIP","floor":39},{"not_picked":["hexamod:CatchUp","hexamod:ForkedFlame"],"picked":"hexamod:FifthSeal","floor":42},{"not_picked":["hexamod:NightmareStrike+1","hexamod:FastForward","hexamod:Firestarter+1"],"picked":"SKIP","floor":48},{"not_picked":["hexamod:InspiringFlames+1","hexamod:GhostLash+1","hexamod:RainOfEmbers"],"picked":"SKIP","floor":49}],"player_experience":182199,"relics_obtained":[{"floor":7,"key":"Happy Flower"},{"floor":10,"key":"reliquary:IridiumChain"},{"floor":11,"key":"Replay:Rubber Ducky"},{"floor":24,"key":"Replay:Bottled Eggs"},{"floor":27,"key":"Pocketwatch"},{"floor":41,"key":"Pen Nib"}],"event_choices":[],"is_beta":false,"boss_relics":[{"not_picked":["hubris:CrackedHourglass","hubris:HollowSoul"],"picked":"Fusion Hammer"},{"not_picked":["reliquary:Ember","hubris:Stopwatch","Pandora\u0027s Box"]}],"items_purged_floors":[19,38],"is_endless":false,"potions_floor_spawned":[4,10,13,14,16,22,29,32,33,36,37,39],"ascension_level":0}}