{"host":"359hz4210ybch7ku","time":1614337463,"event":{"mods":["BaseMod","Block Reminder","Colored Map","Colored Powertips","Highlight Path","Minty Spire (QoL Compilation)","Slay the Relics Exporter","StSLib"],"gold_per_floor":[16,32,32,48,67,67,98,98,98,124,124,49,49,65,65,166,166,185,201,201,58,69,98,11,11,38,38,56,66,17,37,37,141,141,154,169,181,29,79,79,79],"floor_reached":40,"language":"ENG","playtime":3158,"items_purged":["Strike_G"],"score":523,"play_id":"7862afcb-6256-4971-a2af-a4c1ad2ced9a","local_time":"20210226030423","is_ascension_mode":true,"campfire_choices":[{"data":"Die Die Die","floor":6,"key":"SMITH"},{"data":"Crippling Poison","floor":8,"key":"SMITH"},{"data":"Bouncing Flask","floor":13,"key":"SMITH"},{"data":"Catalyst","floor":15,"key":"SMITH"},{"data":"Deep Breath","floor":25,"key":"SMITH"},{"data":"Envenom","floor":27,"key":"SMITH"},{"data":"Terror","floor":32,"key":"SMITH"}],"circlet_count":0,"master_deck":["Survivor","Neutralize","Die Die Die+1","Endless Agony","Bouncing Flask+1","Masterful Stab","Acrobatics","Terror+1","Crippling Poison+1","Catalyst+1","Envenom+1","Dash+1","Footwork+1","Bane+1","Deep Breath+1","Bane","Night Terror","Acrobatics","Riddle With Holes","Unload","Terror","Predator","Footwork","Deadly Poison"],"relics":["Ring of the Snake","Vajra","MealTicket","White Beast Statue","Blood Vial","Nloth\u0027s Gift","Oddly Smooth Stone","Bag of Preparation","Art of War","Pandora\u0027s Box","Happy Flower","Gambling Chip"],"acts_visited":["TheCity","TheBeyond"],"potions_floor_usage":[7,10,16,23,23,23,29,29,33,33,36,37,37,40,40],"damage_taken":[{"damage":0,"enemies":"Cultist","floor":1,"turns":3},{"damage":0,"enemies":"Jaw Worm","floor":2,"turns":3},{"damage":0,"enemies":"Small Slimes","floor":4,"turns":1},{"damage":4,"enemies":"Exordium Wildlife","floor":5,"turns":2},{"damage":23,"enemies":"3 Sentries","floor":7,"turns":5},{"damage":7,"enemies":"Lagavulin","floor":10,"turns":5},{"damage":0,"enemies":"Gremlin Gang","floor":14,"turns":2},{"damage":5,"enemies":"Hexaghost","floor":16,"turns":7},{"damage":12,"enemies":"Chosen","floor":18,"turns":2},{"damage":0,"enemies":"3 Byrds","floor":19,"turns":3},{"damage":6,"enemies":"Cultist and Chosen","floor":22,"turns":4},{"damage":12,"enemies":"Gremlin Leader","floor":23,"turns":4},{"damage":16,"enemies":"Shelled Parasite and Fungi","floor":28,"turns":4},{"damage":4,"enemies":"Centurion and Healer","floor":29,"turns":3},{"damage":19,"enemies":"Cultist and Chosen","floor":31,"turns":4},{"damage":27,"enemies":"Collector","floor":33,"turns":8},{"damage":24,"enemies":"3 Darklings","floor":35,"turns":5},{"damage":5,"enemies":"Orb Walker","floor":36,"turns":3},{"damage":42,"enemies":"Sphere and 2 Shapes","floor":37,"turns":6},{"damage":36,"enemies":"Mind Bloom Boss Battle","floor":39,"turns":5},{"damage":24,"enemies":"Reptomancer","floor":40,"turns":2}],"seed_played":"-2409405492630788027","potions_obtained":[{"floor":1,"key":"SpeedPotion"},{"floor":5,"key":"AttackPotion"},{"floor":14,"key":"SkillPotion"},{"floor":16,"key":"SkillPotion"},{"floor":18,"key":"EntropicBrew"},{"floor":19,"key":"Poison Potion"},{"floor":22,"key":"FairyPotion"},{"floor":23,"key":"Strength Potion"},{"floor":28,"key":"DuplicationPotion"},{"floor":29,"key":"BlessingOfTheForge"},{"floor":31,"key":"CunningPotion"},{"floor":33,"key":"CunningPotion"},{"floor":35,"key":"Fire Potion"},{"floor":36,"key":"DuplicationPotion"},{"floor":37,"key":"Strength Potion"},{"floor":39,"key":"Regen Potion"}],"is_trial":false,"path_per_floor":["M","M","?","M","M","R","E","R","T","E","?","$","R","M","R","B",null,"M","M","?","$","M","E","$","R","T","R","M","M","$","M","R","B",null,"M","M","M","$","?","E"],"character_chosen":"THE_SILENT","items_purchased":["Oddly Smooth Stone","Deep Breath","Bane","Happy Flower"],"campfire_rested":0,"item_purchase_floors":[21,24,30,38],"current_hp_per_floor":[70,70,70,70,66,66,43,43,43,36,18,33,33,35,35,32,61,51,53,53,68,64,54,69,69,69,69,54,52,67,50,50,25,59,37,34,21,36,2,0,0],"gold":79,"neow_bonus":"THREE_RARE_CARDS","is_daily":false,"chose_seed":false,"campfire_upgraded":7,"win_rate":0.0,"timestamp":1614337463,"path_taken":["M","?","?","M","M","R","E","R","T","E","?","?","R","?","R","BOSS","M","M","?","$","?","E","$","R","T","R","M","M","?","M","R","BOSS","M","M","M","$","?","E"],"items_purchased_type":["Relic","Card","Card","Relic"],"build_version":"2020-12-22","purchased_purges":1,"victory":false,"max_hp_per_floor":[70,70,70,70,70,70,70,70,70,70,70,70,70,70,70,70,70,70,70,70,70,70,70,70,70,70,70,70,70,70,70,70,70,70,70,70,70,70,70,70,70],"card_choices":[{"not_picked":["Doppelganger","Unload"],"picked":"Die Die Die","floor":0},{"not_picked":["Caltrops","Outmaneuver"],"picked":"Endless Agony","floor":1},{"not_picked":["Prepared","Quick Slash"],"picked":"Bouncing Flask","floor":2},{"not_picked":["Finisher","Outmaneuver"],"picked":"Acrobatics","floor":4},{"not_picked":["Infinite Blades","Blade Dance"],"picked":"Terror","floor":5},{"not_picked":["Blur","A Thousand Cuts"],"picked":"Crippling Poison","floor":7},{"not_picked":["Blade Dance","Quick Slash","PiercingWail"],"picked":"SKIP","floor":10},{"not_picked":["Choke","Setup"],"picked":"Catalyst","floor":14},{"not_picked":["Corpse Explosion","Night Terror"],"picked":"Envenom","floor":16},{"not_picked":["Flechettes+1","Sucker Punch","Underhanded Strike"],"picked":"SKIP","floor":18},{"not_picked":["Flying Knee","Deflect","Setup"],"picked":"SKIP","floor":19},{"not_picked":["Well Laid Plans","Calculated Gamble+1","Dagger Throw"],"picked":"SKIP","floor":22},{"not_picked":["PiercingWail","Masterful Stab","Choke+1"],"picked":"SKIP","floor":23},{"not_picked":["Flying Knee+1","Slice","Eviscerate"],"picked":"SKIP","floor":28},{"not_picked":["Well Laid Plans+1","Sucker Punch","Acrobatics"],"picked":"SKIP","floor":29},{"not_picked":["Unload","Dagger Spray","Blade Dance"],"picked":"SKIP","floor":31},{"not_picked":["Bullet Time","Tools of the Trade"],"picked":"Night Terror","floor":33},{"not_picked":["Bouncing Flask+1","Bane+1"],"picked":"Footwork","floor":35},{"not_picked":["Infinite Blades+1","Underhanded Strike"],"picked":"Deadly Poison","floor":36},{"not_picked":["Sucker Punch","Storm of Steel","Cloak And Dagger"],"picked":"SKIP","floor":37}],"player_experience":361816,"relics_obtained":[{"floor":7,"key":"Vajra"},{"floor":9,"key":"MealTicket"},{"floor":10,"key":"White Beast Statue"},{"floor":23,"key":"Bag of Preparation"},{"floor":26,"key":"Art of War"},{"floor":39,"key":"Gambling Chip"}],"event_choices":[{"damage_healed":0,"gold_gain":0,"cards_transformed":["Defend_G"],"player_choice":"Change","damage_taken":0,"max_hp_gain":0,"max_hp_loss":0,"event_name":"Living Wall","floor":3,"gold_loss":0,"cards_obtained":["Masterful Stab"]},{"damage_healed":0,"gold_gain":0,"player_choice":"Success","damage_taken":18,"relics_obtained":["Blood Vial"],"max_hp_gain":0,"max_hp_loss":0,"event_name":"Scrap Ooze","floor":11,"gold_loss":0},{"damage_healed":0,"gold_gain":0,"player_choice":"Traded Relic","damage_taken":0,"relics_obtained":["Nloth\u0027s Gift"],"max_hp_gain":0,"max_hp_loss":0,"event_name":"N\u0027loth","floor":20,"relics_lost":["Astrolabe"],"gold_loss":0},{"damage_healed":0,"gold_gain":0,"player_choice":"Fight","damage_taken":0,"max_hp_gain":0,"max_hp_loss":0,"event_name":"MindBloom","floor":39,"gold_loss":0}],"is_beta":false,"boss_relics":[{"not_picked":["Velvet Choker","Tiny House"],"picked":"Astrolabe"},{"not_picked":["Runic Dome","Black Star"],"picked":"Pandora\u0027s Box"}],"items_purged_floors":[12],"is_endless":false,"potions_floor_spawned":[1,5,14,16,18,19,22,23,28,29,31,33,35,36,37,39],"killed_by":"Reptomancer","ascension_level":5}}