{"host":"t1puqh5lxz8sp6fn","time":1614315142,"event":{"mods":["AchievementEnabler","BaseMod","Colored Powertips","Minty Spire (QoL Compilation)","Rare Cards Sparkle","Relic Stats","StSLib"],"gold_per_floor":[115,134,134,148,160,160,187,187,214,240,252,277,289,18,18,18,18],"floor_reached":16,"playtime":659,"items_purged":["Strike_R"],"score":220,"play_id":"fe249393-5451-462f-bfaa-4b06640ebedb","local_time":"20210226015222","is_ascension_mode":true,"campfire_choices":[{"data":"Rampage","floor":6.0,"key":"SMITH"},{"data":"Bludgeon","floor":15,"key":"SMITH"}],"circlet_count":0,"master_deck":["AscendersBane","Strike_R","Strike_R","Strike_R","Strike_R","Defend_R","Defend_R","Defend_R","Defend_R","Bash","Shrug It Off","Thunderclap","Headbutt","Rampage+1","Bludgeon+1","Shrug It Off","Pummel","Clothesline"],"relics":["Burning Blood","Vajra","Smiling Mask","PreservedInsect","Question Card","Lantern"],"acts_visited":["Exordium"],"potions_floor_usage":[12,16],"damage_taken":[{"damage":5.0,"enemies":"Cultist","floor":1.0,"turns":5.0},{"damage":11.0,"enemies":"Jaw Worm","floor":2.0,"turns":4.0},{"damage":0.0,"enemies":"2 Louse","floor":4.0,"turns":3.0},{"damage":10.0,"enemies":"2 Fungi Beasts","floor":5.0,"turns":3.0},{"damage":5.0,"enemies":"Gremlin Nob","floor":7.0,"turns":3.0},{"damage":27.0,"enemies":"3 Sentries","floor":10.0,"turns":6.0},{"damage":9.0,"enemies":"3 Louse","floor":11.0,"turns":3.0},{"damage":15,"enemies":"Lagavulin","floor":12,"turns":5},{"damage":0,"enemies":"Exordium Wildlife","floor":13,"turns":5},{"damage":43,"enemies":"The Guardian","floor":16,"turns":8}],"seed_played":"-2642821399404246312","potions_obtained":[{"floor":2.0,"key":"SkillPotion"},{"floor":5.0,"key":"FearPotion"},{"floor":10.0,"key":"PowerPotion"},{"floor":12,"key":"FearPotion"}],"is_trial":false,"path_per_floor":["M","M","?","M","M","R","E","?","T","E","M","E","M","$","R","B"],"character_chosen":"IRONCLAD","items_purchased":["Dexterity Potion","Lantern"],"campfire_rested":0,"item_purchase_floors":[14,14],"current_hp_per_floor":[69,64,64,70,66,66,67,67,67,46,43,34,40,40,40,0,0],"gold":18,"neow_bonus":"RANDOM_COMMON_RELIC","is_daily":false,"chose_seed":false,"campfire_upgraded":2,"win_rate":0.0,"timestamp":1614315142,"path_taken":["M","M","?","M","M","R","E","?","T","E","M","E","M","$","R","BOSS"],"items_purchased_type":["Potion","Relic"],"build_version":"2020-12-13","purchased_purges":1,"victory":false,"max_hp_per_floor":[75,75,75,75,75,75,75,75,75,75,75,75,75,75,75,75,75],"relic_stats":{"counters":[10,45],"PreservedInsect":29,"Smiling Mask":25,"Question Card":1,"obtain_stats":[{"Lantern":14,"Vajra":0,"PreservedInsect":10,"Smiling Mask":7,"Question Card":12,"Burning Blood":0},{"Lantern":9,"Vajra":0,"PreservedInsect":6,"Smiling Mask":5,"Question Card":8,"Burning Blood":0},{"Lantern":37,"Vajra":0,"PreservedInsect":24,"Smiling Mask":18,"Question Card":32,"Burning Blood":0}],"Burning Blood":54},"card_choices":[{"not_picked":["True Grit","Seeing Red"],"picked":"Shrug It Off","floor":1.0},{"not_picked":["Warcry","Shrug It Off"],"picked":"Thunderclap","floor":2.0},{"not_picked":["Infernal Blade","Fire Breathing"],"picked":"Headbutt","floor":4.0},{"not_picked":["Whirlwind","Perfected Strike"],"picked":"Rampage","floor":5.0},{"not_picked":["Ghostly Armor","Battle Trance"],"picked":"Bludgeon","floor":7.0},{"not_picked":["True Grit","Reckless Charge"],"picked":"Shrug It Off","floor":10.0},{"not_picked":["Anger","Sword Boomerang","Clash"],"picked":"SKIP","floor":11.0},{"not_picked":["Dual Wield","Reckless Charge"],"picked":"Pummel","floor":12},{"not_picked":["Wild Strike","Seeing Red","Thunderclap"],"picked":"Clothesline","floor":13}],"player_experience":554479,"relics_obtained":[{"floor":7.0,"key":"Smiling Mask"},{"floor":10.0,"key":"PreservedInsect"},{"floor":12,"key":"Question Card"}],"event_choices":[{"damage_healed":0.0,"max_hp_gain":0.0,"max_hp_loss":0.0,"gold_gain":0.0,"event_name":"The Cleric","player_choice":"Leave","floor":3.0,"gold_loss":0.0,"damage_taken":0.0},{"damage_healed":0.0,"max_hp_gain":0.0,"max_hp_loss":0.0,"gold_gain":0.0,"event_name":"Liars Game","player_choice":"Ignored","floor":8.0,"gold_loss":0.0,"damage_taken":0.0}],"is_beta":false,"boss_relics":[],"items_purged_floors":[14],"is_endless":false,"potions_floor_spawned":[2,5,10,12],"killed_by":"The Guardian","ascension_level":16}}