{"host":"ul3z8ex5o8l5j7mh","time":1614370899,"event":{"mods":["2.2 Compatiblity","AchievementEnabler","BaseMod","Bestiary","Colored Map","Colored Powertips","Curses Come First","DeckTracker","Highlight Path","Keyboard Shortcuts","Minty Spire (QoL Compilation)","Relic Sorter","Relic Stats","StSLib","SuperFastMode"],"gold_per_floor":[216,216,236,253,87,87,101,121,121,160,260,15,39,139,139,251,251,264,14,14,34,43,43,62,161,161,170,182,182,251,271,271,271,271],"floor_reached":33,"language":"ENG","playtime":956,"items_purged":[],"score":321,"play_id":"a431fe78-2b7d-4ca3-9354-f812ff027122","local_time":"20210226212139","is_ascension_mode":true,"campfire_choices":[{"data":"Apotheosis","floor":6,"key":"SMITH"},{"floor":15,"key":"REST"},{"data":"Berserk","floor":23,"key":"SMITH"},{"floor":29,"key":"REST"},{"floor":32,"key":"REST"}],"circlet_count":0,"master_deck":["Strike_R","Strike_R","Strike_R","Strike_R","Strike_R","Defend_R","Defend_R","Defend_R","Defend_R","Bash","Iron Wave","Anger","Berserk+1","Apotheosis+1","Heavy Blade","Dropkick","Flame Barrier","Heavy Blade","Feed","Shame","Clothesline+1","Necronomicurse","Clothesline+1"],"relics":["Burning Blood","Smiling Mask","CeramicFish","Paper Frog","Busted Crown","Frozen Egg 2","MutagenicStrength","Matryoshka","Gremlin Horn","Bronze Scales","Necronomicon","Sundial","InkBottle"],"acts_visited":["Exordium","TheCity"],"potions_floor_usage":[4,7,8,8,9,10,10,18,21,24,33],"damage_taken":[{"damage":8,"enemies":"2 Louse","floor":1,"turns":3},{"damage":1,"enemies":"Cultist","floor":3,"turns":3},{"damage":9,"enemies":"Small Slimes","floor":4,"turns":4},{"damage":8,"enemies":"Exordium Wildlife","floor":7,"turns":4},{"damage":1,"enemies":"3 Louse","floor":8,"turns":4},{"damage":14,"enemies":"Lagavulin","floor":10,"turns":5},{"damage":9,"enemies":"2 Fungi Beasts","floor":13,"turns":4},{"damage":57,"enemies":"The Guardian","floor":16,"turns":9},{"damage":18,"enemies":"2 Thieves","floor":18,"turns":4},{"damage":0,"enemies":"Chosen","floor":21,"turns":4},{"damage":12,"enemies":"Centurion and Healer","floor":24,"turns":5},{"damage":10,"enemies":"3 Cultists","floor":28,"turns":3},{"damage":24,"enemies":"Shelled Parasite and Fungi","floor":31,"turns":4},{"damage":79,"enemies":"Champ","floor":33,"turns":6}],"seed_played":"-6918911696371579270","potions_obtained":[{"floor":2,"key":"EntropicBrew"},{"floor":2,"key":"BlessingOfTheForge"},{"floor":2,"key":"ColorlessPotion"},{"floor":4,"key":"SteroidPotion"},{"floor":7,"key":"Weak Potion"},{"floor":16,"key":"PowerPotion"},{"floor":18,"key":"Block Potion"},{"floor":21,"key":"SteroidPotion"}],"is_trial":false,"path_per_floor":["M","?","M","M","$","R","M","M","T","E","?","$","M","?","R","B",null,"M","$","?","M","?","R","M","?","T","?","M","R","T","M","R","B"],"character_chosen":"IRONCLAD","items_purchased":["Apotheosis","Paper Frog","Frozen Egg 2"],"campfire_rested":3,"item_purchase_floors":[5,12,19],"current_hp_per_floor":[70,70,75,72,72,72,70,75,75,67,67,67,64,64,80,29,67,55,55,55,61,61,61,55,55,55,39,35,59,59,41,65,0,0],"gold":271,"neow_bonus":"HUNDRED_GOLD","is_daily":false,"chose_seed":false,"campfire_upgraded":2,"win_rate":0.0,"timestamp":1614370899,"path_taken":["M","?","?","?","$","R","M","M","T","E","?","?","M","?","R","BOSS","M","?","?","M","?","R","M","?","T","?","M","R","?","M","R","BOSS"],"items_purchased_type":["Card","Relic","Relic"],"build_version":"2020-12-22","purchased_purges":0,"victory":false,"max_hp_per_floor":[80,80,80,80,80,80,80,80,80,80,80,80,80,80,80,80,80,80,80,80,80,80,80,80,80,80,80,80,80,80,80,80,80,80],"relic_stats":{"Busted Crown":10,"Gremlin Horn":[3,3],"counters":[14,62],"Sundial":[0],"CeramicFish":63,"Bronze Scales":[26],"Necronomicon":[11],"Smiling Mask":0,"obtain_stats":[{"Gremlin Horn":26,"CeramicFish":10,"Frozen Egg 2":19,"Smiling Mask":9,"Burning Blood":0,"Busted Crown":17,"Matryoshka":22,"Sundial":30,"MutagenicStrength":20,"Bronze Scales":26,"Necronomicon":27,"InkBottle":30,"Paper Frog":12},{"Gremlin Horn":11,"CeramicFish":6,"Frozen Egg 2":9,"Smiling Mask":5,"Burning Blood":0,"Busted Crown":8,"Matryoshka":10,"Sundial":12,"MutagenicStrength":9,"Bronze Scales":11,"Necronomicon":11,"InkBottle":12,"Paper Frog":6},{"Gremlin Horn":49,"CeramicFish":23,"Frozen Egg 2":40,"Smiling Mask":18,"Burning Blood":0,"Busted Crown":36,"Matryoshka":44,"Sundial":52,"MutagenicStrength":40,"Bronze Scales":49,"Necronomicon":49,"InkBottle":52,"Paper Frog":23}],"Burning Blood":78,"InkBottle":[4]},"card_choices":[{"not_picked":["Perfected Strike","Warcry"],"picked":"Iron Wave","floor":1},{"not_picked":["Pummel","Burning Pact"],"picked":"Anger","floor":3},{"not_picked":["Wild Strike","Perfected Strike"],"picked":"Berserk","floor":4},{"not_picked":["Havoc","Pommel Strike"],"picked":"Heavy Blade","floor":7},{"not_picked":["Intimidate","Havoc"],"picked":"Dropkick","floor":8},{"not_picked":["Body Slam","Immolate"],"picked":"Flame Barrier","floor":10},{"not_picked":["Warcry","Spot Weakness"],"picked":"Heavy Blade","floor":13},{"not_picked":["Impervious","Brutality"],"picked":"Feed","floor":16},{"not_picked":["Shrug It Off"],"picked":"SKIP","floor":18},{"not_picked":["Havoc"],"picked":"SKIP","floor":21},{"not_picked":[],"picked":"Clothesline+1","floor":24},{"not_picked":["Pommel Strike"],"picked":"SKIP","floor":28},{"not_picked":[],"picked":"Clothesline+1","floor":31}],"player_experience":447504,"relics_obtained":[{"floor":9,"key":"Smiling Mask"},{"floor":10,"key":"CeramicFish"},{"floor":26,"key":"Gremlin Horn"},{"floor":26,"key":"Bronze Scales"},{"floor":27,"key":"Necronomicon"},{"floor":30,"key":"Sundial"},{"floor":30,"key":"InkBottle"}],"event_choices":[{"damage_healed":0,"gold_gain":0,"player_choice":"Got Potions","damage_taken":0,"max_hp_gain":0,"max_hp_loss":0,"event_name":"Lab","floor":2,"gold_loss":0},{"damage_healed":0,"gold_gain":100,"player_choice":"Pray","damage_taken":0,"max_hp_gain":0,"max_hp_loss":0,"event_name":"Golden Shrine","floor":11,"gold_loss":0},{"damage_healed":0,"gold_gain":100,"player_choice":"Gold","damage_taken":0,"max_hp_gain":0,"max_hp_loss":0,"event_name":"Wheel of Change","floor":14,"gold_loss":0},{"damage_healed":0,"gold_gain":0,"player_choice":"Inject Mutagens","damage_taken":0,"relics_obtained":["MutagenicStrength"],"max_hp_gain":0,"max_hp_loss":0,"event_name":"Drug Dealer","floor":20,"gold_loss":0},{"damage_healed":0,"gold_gain":0,"player_choice":"Stole Relic","damage_taken":0,"relics_obtained":["Matryoshka"],"max_hp_gain":0,"max_hp_loss":0,"event_name":"Addict","floor":22,"gold_loss":0,"cards_obtained":["Shame"]},{"damage_healed":0,"gold_gain":99,"player_choice":"Stole From Cult","damage_taken":0,"max_hp_gain":0,"max_hp_loss":0,"event_name":"Nest","floor":25,"gold_loss":0},{"damage_healed":0,"gold_gain":0,"player_choice":"Obtained Book","damage_taken":16,"max_hp_gain":0,"max_hp_loss":0,"event_name":"Cursed Tome","floor":27,"gold_loss":0}],"is_beta":false,"boss_relics":[{"not_picked":["Pandora\u0027s Box","Calling Bell"],"picked":"Busted Crown"}],"items_purged_floors":[],"is_endless":false,"potions_floor_spawned":[4,7,16,18,21],"killed_by":"Champ","ascension_level":6}}