{"host":"jsd6g3c2vo13e69c","time":1614356338,"event":{"mods":["2.2 Compatiblity","Act Like it!","BaseMod","Better Altar","Better Match","Better Note","Better Sensory Stone","Better Third Choice","BetterRewards","Colored Map","Colored Powertips","Downfall","Friendly Minions","GifTheSpireLib","Googly Eyes","Gremlin Mod","Hermit","Hubris","Infinite Spire","Melee Mod","Minty Spire (QoL Compilation)","Permanent Neow","Quick Restart","Random Character Button","Replay The Spire","Shop Mod","Spire Arcade","StSLib","The Cursed","The Disciple","The Forsaken","thorton"],"gold_per_floor":[99,119,136,148,148,148,148,175,175,194,228,243,256,326,336,432,432,432,452,471,471,487,487,510,523,423,423,423,423],"floor_reached":27,"language":"ENG","playtime":4501,"items_purged":[],"score":229,"play_id":"831dc33e-55bf-4044-9ef2-29a06d689794","local_time":"20210226111858","is_ascension_mode":false,"campfire_choices":[{"data":"hexamod:Float","floor":1,"key":"SMITH"},{"data":"hexamod:EmpoweredFlame","floor":6,"key":"SMITH"},{"data":"hexamod:RainOfEmbers","floor":9,"key":"SMITH"},{"data":"hexamod:ApocalypticArmor","floor":18,"key":"SMITH"},{"data":"hexamod:Rewind","floor":23,"key":"SMITH"},{"data":"hexamod:SoulSteal","floor":26,"key":"SMITH"}],"circlet_count":0,"master_deck":["hexamod:Strike","hexamod:Strike","hexamod:Strike","hexamod:Strike","hexamod:Defend+1","hexamod:Defend","hexamod:Defend","hexamod:Defend+1","hexamod:Sear+1","hexamod:Float+1","hexamod:Hexaguard","hexamod:RainOfEmbers+1","hexamod:EmpoweredFlame+1","hexamod:SpectersWail","hexamod:StepThrough","hexamod:ThirdSeal","hexamod:SpectersWail","hexamod:Rewind+1","hexamod:GhostOfSpirePast","hexamod:FlameSwitch","hexamod:GhostOfSpireFuture+1","hexamod:FlamesFromBeyond","hexamod:Hexaguard","hexamod:ApocalypticArmor+1","hexamod:SixthSeal","hexamod:GhostOfSpireFuture","hexamod:BurningTouch","hexamod:BurningTouch+1","hexamod:EtherealExpedition+1","hexamod:DynamicBlow+1","hexamod:NightmareGuise","hexamod:SoulSteal+1","hexamod:SecondSeal"],"relics":["hexamod:SpiritBrand","Mummified Hand","hubris:MobiusCoin","Replay:Mystery Machine","hubris:Backtick","Ice Cream","downfall:HeartBlessingBlue"],"acts_visited":["Exordium","TheCity"],"potions_floor_usage":[12,15,16],"damage_taken":[{"damage":0,"enemies":"Cultist","floor":2,"turns":3},{"damage":0,"enemies":"Jaw Worm","floor":3,"turns":3},{"damage":0,"enemies":"2 Louse","floor":4,"turns":3},{"damage":11,"enemies":"Lagavulin","floor":8,"turns":6},{"damage":0,"enemies":"Lots of Slimes","floor":10,"turns":2},{"damage":9,"enemies":"3 Sentries","floor":11,"turns":7},{"damage":3,"enemies":"3 Louse","floor":12,"turns":3},{"damage":0,"enemies":"downfall:LooterAlt","floor":13,"turns":3},{"damage":2,"enemies":"Blue Slaver","floor":14,"turns":3},{"damage":10,"enemies":"Exordium Thugs","floor":15,"turns":4},{"damage":28,"enemies":"WA_ARCHETYPE_RETAIN","floor":16,"turns":6},{"damage":28,"enemies":"3 Byrds","floor":19,"turns":5},{"damage":10,"enemies":"Shell Parasite","floor":20,"turns":5},{"damage":18,"enemies":"Snake Plant","floor":22,"turns":4},{"damage":13,"enemies":"Cultist and Chosen","floor":25,"turns":7},{"damage":11,"enemies":"Shelled Parasite and Fungi","floor":27,"turns":1}],"seed_played":"-319371565763079501","potions_obtained":[{"floor":4,"key":"Venom Potion"},{"floor":10,"key":"PowerPotion"},{"floor":11,"key":"AttackPotion"},{"floor":13,"key":"SkillPotion"},{"floor":14,"key":"Elixir"}],"is_trial":false,"path_per_floor":["R","M","M","M","?","R","T","E","R","M","E","M","M","M","M","B",null,"R","M","M","?","M","R","T","M","R","M"],"character_chosen":"THE_SPIRIT","items_purchased":[],"campfire_rested":0,"item_purchase_floors":[],"current_hp_per_floor":[70,70,70,70,70,70,70,59,59,59,50,47,47,45,35,7,70,70,42,32,32,14,14,14,1,11,0,0,0],"gold":423,"neow_bonus":"UPGRADE_CARD","is_daily":false,"chose_seed":false,"campfire_upgraded":6,"win_rate":0.0,"timestamp":1614356338,"path_taken":["R","M","M","?","?","R","T","E","R","M","E","M","?","M","M","BOSS","R","M","M","?","M","R","T","M","R","M"],"items_purchased_type":[],"build_version":"2020-12-22","purchased_purges":0,"victory":false,"max_hp_per_floor":[70,70,70,70,70,70,70,70,70,70,70,70,70,70,70,70,70,70,70,70,70,70,70,70,70,80,80,80,80],"card_choices":[{"not_picked":["hexamod:SwordOfDarkness","hexamod:NightmareGuise"],"picked":"hexamod:Hexaguard","floor":2},{"not_picked":["hexamod:SwordOfDarkness","hexamod:FastForward"],"picked":"hexamod:RainOfEmbers","floor":3},{"not_picked":["hexamod:AdvancingGuard","hexamod:InspiringFlames"],"picked":"hexamod:EmpoweredFlame","floor":4},{"not_picked":["hexamod:SkipABeat","hexamod:BacktrackSmack"],"picked":"hexamod:SpectersWail","floor":8},{"not_picked":["hexamod:ThermalTransfer","hexamod:NightmareStrike"],"picked":"hexamod:StepThrough","floor":10},{"not_picked":["hexamod:StepThrough","hexamod:SuperheatedStrike"],"picked":"hexamod:ThirdSeal","floor":11},{"not_picked":["hexamod:AdvancingGuard","hexamod:BurningTouch"],"picked":"hexamod:SpectersWail","floor":12},{"not_picked":["hexamod:Hexaguard","hexamod:ThermalTransfer"],"picked":"hexamod:Rewind","floor":12},{"not_picked":["hexamod:RecurringNightmare","hexamod:InspiringFlames"],"picked":"hexamod:GhostOfSpirePast","floor":13},{"not_picked":["hexamod:GhostLash","hexamod:SoulSteal"],"picked":"hexamod:FlameSwitch","floor":13},{"not_picked":["hexamod:BacktrackSmack","hexamod:ThermalTransfer"],"picked":"hexamod:GhostOfSpireFuture","floor":14},{"not_picked":["hexamod:ShieldOfDarkness","hexamod:Firestarter","hexamod:SwordOfDarkness"],"picked":"SKIP","floor":14},{"not_picked":["hexamod:ShieldOfDarkness","hexamod:Firestarter","hexamod:SwordOfDarkness"],"picked":"SKIP","floor":14},{"not_picked":["hexamod:SpectersWail","hexamod:AdvancingGuard"],"picked":"hexamod:FlamesFromBeyond","floor":15},{"not_picked":["hexamod:SwordOfDarkness","hexamod:ChargedBarrage"],"picked":"hexamod:Hexaguard","floor":15},{"not_picked":["hexamod:HexaLevel","hexamod:GhostOfSpirePresent"],"picked":"hexamod:ApocalypticArmor","floor":16},{"not_picked":["hexamod:GiftsFromTheDead","hexamod:FlameSwitch"],"picked":"hexamod:SixthSeal","floor":16},{"not_picked":["hexamod:GhostLash","hexamod:Hexaguard"],"picked":"hexamod:GhostOfSpireFuture","floor":19},{"not_picked":["hexamod:SpectralSpark","hexamod:Firestarter"],"picked":"hexamod:BurningTouch","floor":19},{"not_picked":["hexamod:NecessarySacrifice+1","hexamod:EtherealExpedition"],"picked":"hexamod:BurningTouch+1","floor":20},{"not_picked":["hexamod:ExtraCrispy","hexamod:HeatMetal+1"],"picked":"hexamod:EtherealExpedition","floor":20},{"not_picked":["hexamod:HauntingEcho","hexamod:NightmareGuise"],"picked":"hexamod:DynamicBlow+1","floor":22},{"not_picked":["hexamod:HauntingEcho","hexamod:BacktrackSmack"],"picked":"hexamod:NightmareGuise","floor":22},{"not_picked":["hexamod:GhostLash+1","hexamod:SecondSeal"],"picked":"hexamod:SoulSteal","floor":25},{"not_picked":["hexamod:NightmareGuise","hexamod:HeatShield"],"picked":"hexamod:SecondSeal","floor":25}],"player_experience":488707,"relics_obtained":[{"floor":7,"key":"Mummified Hand"},{"floor":8,"key":"hubris:MobiusCoin"},{"floor":11,"key":"Replay:Mystery Machine"}],"event_choices":[{"damage_healed":0,"gold_gain":0,"player_choice":"Ignored","damage_taken":0,"max_hp_gain":0,"max_hp_loss":0,"event_name":"betterNote:BetterNote","floor":5,"gold_loss":0,"cards_obtained":["Slimebound:MassFeed"]}],"is_beta":false,"boss_relics":[{"not_picked":["hexamod:UnbrokenSoul","Replay:Bronze Core"],"picked":"hubris:Backtick"}],"items_purged_floors":[],"is_endless":false,"potions_floor_spawned":[4,10,11,13,14],"killed_by":"Shelled Parasite and Fungi","ascension_level":0}}