{"host":"fuszjwm6fqgjjp4d","time":1614299570,"event":{"mods":["BaseMod","Colored Map","Minty Spire (QoL Compilation)","Permanent Neow","Relic Sorter","Relic Stats","StSLib"],"gold_per_floor":[111,111,129,147,159,187,187,205,205,239,58,92,107,27,27,101,101,117,7,7,23,41,41,41,41,67,102,122,149,162,44,44,44,44],"floor_reached":33,"language":"ENG","playtime":4771,"items_purged":["Strike_R"],"score":654,"play_id":"28d610dd-0551-4d2a-a1e4-f411bba2b348","local_time":"20210225183250","is_ascension_mode":true,"campfire_choices":[{"data":"Cleave","floor":7.0,"key":"SMITH"},{"data":"Bash","floor":15.0,"key":"SMITH"},{"data":"Sword Boomerang","floor":23.0,"key":"SMITH"},{"data":"Pommel Strike","floor":25.0,"key":"SMITH"},{"data":"Inflame","floor":32,"key":"SMITH"}],"circlet_count":0,"master_deck":["AscendersBane","Strike_R","Strike_R","Strike_R","Defend_R","Defend_R","Defend_R","Defend_R","Bash+1","Twin Strike","Cleave","Cleave+1","Pommel Strike+1","Sword Boomerang+1","Fiend Fire+1","Shrug It Off","Reaper","Pommel Strike","Inflame+1","Disarm"],"relics":["Burning Blood","Red Skull","Omamori","Incense Burner","Letter Opener","Ginger","Philosopher\u0027s Stone","Art of War","Singing Bowl","Potion Belt"],"acts_visited":["Exordium","TheCity"],"potions_floor_usage":[],"damage_taken":[{"damage":5.0,"enemies":"2 Louse","floor":1.0,"turns":4.0},{"damage":6.0,"enemies":"Cultist","floor":3.0,"turns":3.0},{"damage":9.0,"enemies":"Jaw Worm","floor":4.0,"turns":3.0},{"damage":3.0,"enemies":"3 Louse","floor":5.0,"turns":3.0},{"damage":32.0,"enemies":"Gremlin Nob","floor":6.0,"turns":4.0},{"damage":11.0,"enemies":"Looter","floor":8.0,"turns":2.0},{"damage":20.0,"enemies":"3 Sentries","floor":10.0,"turns":5.0},{"damage":3.0,"enemies":"Lagavulin","floor":12.0,"turns":5.0},{"damage":5.0,"enemies":"Gremlin Gang","floor":13.0,"turns":3.0},{"damage":26.0,"enemies":"Hexaghost","floor":16.0,"turns":6.0},{"damage":35.0,"enemies":"2 Thieves","floor":18.0,"turns":4.0},{"damage":13.0,"enemies":"Shell Parasite","floor":21.0,"turns":3.0},{"damage":0.0,"enemies":"Snake Plant","floor":22.0,"turns":2.0},{"damage":0.0,"enemies":"Slavers","floor":24.0,"turns":1.0},{"damage":37.0,"enemies":"Gremlin Leader","floor":27.0,"turns":6.0},{"damage":4.0,"enemies":"Centurion and Healer","floor":28.0,"turns":5.0},{"damage":39,"enemies":"Slavers","floor":29,"turns":3},{"damage":17,"enemies":"Snecko","floor":30,"turns":4},{"damage":49,"enemies":"Automaton","floor":33,"turns":4}],"seed_played":"-5529258631659894452","potions_obtained":[{"floor":1.0,"key":"PowerPotion"},{"floor":2.0,"key":"Regen Potion"},{"floor":4.0,"key":"SteroidPotion"},{"floor":12.0,"key":"AttackPotion"},{"floor":18.0,"key":"Energy Potion"},{"floor":21.0,"key":"SmokeBomb"},{"floor":27.0,"key":"LiquidBronze"},{"floor":28.0,"key":"LiquidBronze"}],"is_trial":false,"path_per_floor":["M","?","M","M","M","E","R","M","T","E","$","E","M","$","R","B",null,"M","?","$","M","M","R","E","R","T","E","M","E","M","$","R","B"],"character_chosen":"IRONCLAD","items_purchased":["Block Potion","SteroidPotion","DuplicationPotion","Inflame","Disarm"],"campfire_rested":0,"item_purchase_floors":[11,11,14,31,31],"current_hp_per_floor":[69,69,69,66,69,43,43,43,43,29,29,32,33,33,33,13,60,46,46,46,39,45,45,63,63,63,46,50,43,38,38,38,0,0],"gold":44,"neow_bonus":"RANDOM_COMMON_RELIC","is_daily":false,"chose_seed":false,"campfire_upgraded":5,"win_rate":0.0,"timestamp":1614299570,"path_taken":["M","?","?","?","M","E","R","M","T","E","$","E","M","$","R","BOSS","M","?","$","M","M","R","E","R","T","E","?","E","M","?","R","BOSS"],"items_purchased_type":["Potion","Potion","Potion","Card","Card"],"build_version":"2020-12-22","purchased_purges":1,"victory":false,"max_hp_per_floor":[75,75,75,75,75,75,75,75,75,75,75,75,75,75,75,75,75,75,75,75,75,75,75,75,75,75,77,79,81,83,83,83,83,83],"relic_stats":{"Singing Bowl":8,"counters":[19,70],"Art of War":[1],"Letter Opener":[0],"Ginger":[8],"obtain_stats":[{"Potion Belt":29,"Singing Bowl":27,"Philosopher\u0027s Stone":17,"Omamori":6,"Incense Burner":9,"Art of War":26,"Letter Opener":10,"Ginger":12,"Burning Blood":0,"Red Skull":0},{"Potion Belt":17,"Singing Bowl":15,"Philosopher\u0027s Stone":10,"Omamori":5,"Incense Burner":6,"Art of War":14,"Letter Opener":7,"Ginger":8,"Burning Blood":0,"Red Skull":0},{"Potion Belt":62,"Singing Bowl":54,"Philosopher\u0027s Stone":38,"Omamori":17,"Incense Burner":19,"Art of War":48,"Letter Opener":24,"Ginger":29,"Burning Blood":0,"Red Skull":0}],"Burning Blood":108},"card_choices":[{"not_picked":["Thunderclap","Anger"],"picked":"Twin Strike","floor":1.0},{"not_picked":["Clash","Iron Wave"],"picked":"Cleave","floor":3.0},{"not_picked":["Iron Wave","Clothesline"],"picked":"Cleave","floor":4.0},{"not_picked":["Havoc","Sever Soul","Dual Wield"],"picked":"SKIP","floor":5.0},{"not_picked":["Rampage","Sentinel"],"picked":"Pommel Strike","floor":6.0},{"not_picked":["Reckless Charge","Havoc","Infernal Blade"],"picked":"SKIP","floor":8.0},{"not_picked":["Perfected Strike","Clothesline"],"picked":"Sword Boomerang","floor":10.0},{"not_picked":["Shrug It Off","Anger"],"picked":"Fiend Fire","floor":12.0},{"not_picked":["Body Slam","Uppercut"],"picked":"Shrug It Off","floor":13.0},{"not_picked":["Exhume","Immolate"],"picked":"Reaper","floor":16.0},{"not_picked":["Body Slam","Warcry+1"],"picked":"Pommel Strike","floor":18.0},{"not_picked":["Combust","Flex+1","Perfected Strike"],"picked":"SKIP","floor":21.0},{"not_picked":["Shrug It Off","Twin Strike","Heavy Blade+1"],"picked":"SKIP","floor":22.0},{"not_picked":["Warcry","Cleave","Thunderclap"],"picked":"Singing Bowl","floor":27.0},{"not_picked":["Flex","Havoc","Limit Break"],"picked":"Singing Bowl","floor":28.0},{"not_picked":["Sword Boomerang","Carnage","Entrench"],"picked":"Singing Bowl","floor":29},{"not_picked":["Thunderclap","Body Slam","Flex"],"picked":"Singing Bowl","floor":30}],"player_experience":1540196,"relics_obtained":[{"floor":6.0,"key":"Omamori"},{"floor":9.0,"key":"Incense Burner"},{"floor":10.0,"key":"Letter Opener"},{"floor":12.0,"key":"Ginger"},{"floor":26.0,"key":"Art of War"},{"floor":27.0,"key":"Singing Bowl"},{"floor":29,"key":"Potion Belt"}],"event_choices":[{"damage_healed":0.0,"max_hp_gain":0.0,"max_hp_loss":0.0,"gold_gain":0.0,"event_name":"Lab","player_choice":"Got Potions","floor":2.0,"gold_loss":0.0,"damage_taken":0.0},{"cards_removed":["Strike_R"],"damage_healed":0.0,"max_hp_gain":0.0,"max_hp_loss":0.0,"gold_gain":0.0,"event_name":"Designer","player_choice":"Upgrade and Remove","floor":19.0,"gold_loss":110.0,"damage_taken":0.0,"cards_upgraded":["Fiend Fire"]}],"is_beta":false,"boss_relics":[{"not_picked":["Runic Cube","SacredBark"],"picked":"Philosopher\u0027s Stone"}],"items_purged_floors":[11],"is_endless":false,"potions_floor_spawned":[1,4,12,18,21,27,28],"killed_by":"Automaton","ascension_level":20}}