{"host":"h23hlq20ir8sps7h","time":1614320809,"event":{"mods":["Act Like it!","Aspiration","BaseMod","BetterRewards","CCEM2","Colored Map","Conspire","Energized Spire","Friendly Minions","GifTheSpireLib","Halation","Hubris","Ironclad Rager","Minty Spire (QoL Compilation)","Permanent Neow","Prisma Mod","Quarter Circle Forward PUNCH!","Quick Restart","Railgun Mod","Remilia??????","Replay The Spire","SCP261 Mod","Shop Mod","Spikes Relics","StSLib","Stuff the Spire","The Animator","The Hierophant","The Problem Sleuth","The Runesmith","The Sage","Trackpad","Wandering Minibosses"],"gold_per_floor":[119,131,145,145,145,175,175,175,175],"floor_reached":8,"language":"ENG","playtime":765,"items_purged":[],"score":81,"play_id":"999da872-af09-4819-b941-79b65c89ce57","local_time":"20210225222649","daily_mods":["SealedDeck","Specialized","Heirloom","DeadlyEvents","Elite Swarm"],"is_ascension_mode":false,"campfire_choices":[],"circlet_count":0,"master_deck":["Runesmith:PerfectChisel","Runesmith:PerfectChisel","Runesmith:PerfectChisel","Runesmith:PerfectChisel","Runesmith:PerfectChisel","Runesmith:CreatorForm","Runesmith:Terraform","Runesmith:PerfectChisel","Runesmith:Repurpose","Runesmith:CraftIndustria"],"relics":["Runesmith:BrokenRuby","conspire:GiftBox","hubris:Towel","Art of War"],"acts_visited":["Exordium"],"potions_floor_usage":[],"damage_taken":[{"damage":11,"enemies":"Jaw Worm","floor":1,"turns":2},{"damage":2,"enemies":"Small Slimes","floor":2,"turns":2},{"damage":6,"enemies":"2 Louse","floor":3,"turns":3},{"damage":22,"enemies":"Gremlin Nob","floor":6,"turns":5},{"damage":30,"enemies":"3 Sentries","floor":8,"turns":8}],"seed_played":"-7839457009193916003","potions_obtained":[{"floor":3,"key":"DuplicationPotion"},{"floor":6,"key":"LiquidBronze"}],"is_trial":true,"path_per_floor":["M","M","M","?","?","E","R","E"],"character_chosen":"RUNESMITH_CLASS","items_purchased":[],"campfire_rested":0,"item_purchase_floors":[],"current_hp_per_floor":[59,57,51,56,56,34,34,4,4],"gold":175,"neow_bonus":"","is_daily":false,"chose_seed":false,"campfire_upgraded":0,"win_rate":0.0,"timestamp":1614320809,"path_taken":["M","M","M","?","?","E","R","E"],"items_purchased_type":[],"build_version":"2020-12-22","purchased_purges":0,"victory":false,"max_hp_per_floor":[70,70,70,75,75,75,75,75,75],"card_choices":[{"not_picked":["Runesmith:ArcReactor","Runesmith:CraftMedicinae"],"picked":"Runesmith:CreatorForm","floor":0},{"not_picked":["Runesmith:UnstableHammer","Runesmith:NegativeSpace"],"picked":"Runesmith:Terraform","floor":1},{"not_picked":["Runesmith:StaticCage","Runesmith:HeatedChisel"],"picked":"Runesmith:PerfectChisel","floor":2},{"not_picked":["Runesmith:DuctTape","Runesmith:ChargedHammer"],"picked":"Runesmith:Repurpose","floor":3},{"not_picked":["Runesmith:GenerateForcefield","Runesmith:CraftMedicinae"],"picked":"Runesmith:CraftIndustria","floor":6}],"player_experience":316082,"relics_obtained":[{"floor":6,"key":"Art of War"}],"event_choices":[{"damage_healed":0,"gold_gain":0,"player_choice":"Donut","damage_taken":0,"max_hp_gain":5,"max_hp_loss":0,"event_name":"Big Fish","floor":4,"gold_loss":0}],"is_beta":false,"boss_relics":[],"items_purged_floors":[],"is_endless":false,"potions_floor_spawned":[3,6],"killed_by":"3 Sentries","ascension_level":0}}