{"host":"i2s4iw62z1dejrqn","time":1614346401,"event":{"mods":["AchievementEnabler","BaseMod","Minty Spire (QoL Compilation)","Random Character Button","SuperFastMode"],"gold_per_floor":[114,114,127,127,127,155,155,166,191,207,220,238,238,266,266,266,266],"floor_reached":16,"language":"KOR","playtime":434,"items_purged":[],"score":206,"play_id":"a4777c51-1b0b-4808-be8b-8a7cbf98b089","local_time":"20210226223321","is_ascension_mode":true,"campfire_choices":[{"data":"Genetic Algorithm","floor":7,"key":"SMITH"},{"data":"Glacier","floor":15,"key":"SMITH"}],"circlet_count":0,"master_deck":["AscendersBane","Strike_B","Strike_B","Defend_B+1","Defend_B","Defend_B","Defend_B","Zap+1","Dualcast","Genetic Algorithm+1","Capacitor","Sunder","Rebound","Glacier+1","Force Field","Seek"],"relics":["Cracked Core","NeowsBlessing","Anchor","The Courier"],"acts_visited":["Exordium"],"potions_floor_usage":[11,14],"damage_taken":[{"damage":0,"enemies":"Small Slimes","floor":1,"turns":1},{"damage":0,"enemies":"2 Louse","floor":3,"turns":1},{"damage":0,"enemies":"3 Sentries","floor":6,"turns":1},{"damage":0,"enemies":"Jaw Worm","floor":8,"turns":4},{"damage":3,"enemies":"Looter","floor":10,"turns":3},{"damage":12,"enemies":"Exordium Thugs","floor":11,"turns":5},{"damage":0,"enemies":"Gremlin Gang","floor":12,"turns":4},{"damage":17,"enemies":"Lagavulin","floor":14,"turns":6},{"damage":22,"enemies":"Hexaghost","floor":16,"turns":10}],"seed_played":"-6365957929427651873","potions_obtained":[{"floor":1,"key":"PotionOfCapacity"},{"floor":6,"key":"Explosive Potion"},{"floor":12,"key":"FearPotion"}],"is_trial":false,"path_per_floor":["M","?","M","?","?","E","R","M","T","M","M","M","?","E","R","B"],"character_chosen":"DEFECT","items_purchased":[],"campfire_rested":0,"item_purchase_floors":[],"current_hp_per_floor":[68,73,73,57,50,50,50,50,50,47,35,35,35,18,18,0,0],"gold":266,"neow_bonus":"THREE_ENEMY_KILL","is_daily":false,"chose_seed":false,"campfire_upgraded":2,"win_rate":0.0,"timestamp":1614346401,"path_taken":["M","?","M","?","?","E","R","M","T","?","M","M","?","E","R","BOSS"],"items_purchased_type":[],"build_version":"2020-12-22","purchased_purges":0,"victory":false,"max_hp_per_floor":[75,80,80,80,80,80,80,80,80,80,80,80,80,80,80,80,80],"card_choices":[{"not_picked":["Auto Shields","Rebound"],"picked":"Genetic Algorithm","floor":1},{"not_picked":["Ball Lightning","Leap"],"picked":"Capacitor","floor":3},{"not_picked":["Leap","Streamline","Beam Cell"],"picked":"SKIP","floor":6},{"not_picked":["Sweeping Beam","Streamline"],"picked":"Sunder","floor":8},{"not_picked":["Compile Driver","Steam"],"picked":"Rebound","floor":10},{"not_picked":["Rebound","Steam","Compile Driver"],"picked":"SKIP","floor":11},{"not_picked":["Coolheaded","Stack"],"picked":"Glacier","floor":12},{"not_picked":["Barrage","Go for the Eyes"],"picked":"Seek","floor":14}],"player_experience":503913,"relics_obtained":[{"floor":6,"key":"Anchor"},{"floor":14,"key":"The Courier"}],"event_choices":[{"damage_healed":0,"gold_gain":0,"player_choice":"Donut","damage_taken":0,"max_hp_gain":5,"max_hp_loss":0,"event_name":"Big Fish","floor":2,"gold_loss":0},{"damage_healed":0,"gold_gain":0,"player_choice":"Entered Light","damage_taken":16,"max_hp_gain":0,"max_hp_loss":0,"event_name":"Shining Light","floor":4,"gold_loss":0,"cards_upgraded":["Zap","Defend_B"]},{"cards_removed":["Strike_B"],"damage_healed":0,"gold_gain":0,"player_choice":"Card Removal","damage_taken":7,"max_hp_gain":0,"max_hp_loss":0,"event_name":"Golden Wing","floor":5,"gold_loss":0},{"damage_healed":0,"gold_gain":0,"cards_transformed":["Strike_B"],"player_choice":"Transformed","damage_taken":0,"max_hp_gain":0,"max_hp_loss":0,"event_name":"Transmorgrifier","floor":13,"gold_loss":0,"cards_obtained":["Force Field"]}],"is_beta":false,"boss_relics":[],"items_purged_floors":[],"is_endless":false,"potions_floor_spawned":[1,6,12],"killed_by":"Hexaghost","ascension_level":10}}