{"host":"4w9vompg42n13q24","time":1614345667,"event":{"mods":["Act Like it!","Aspiration","BaseMod","Better Third Choice","BetterRewards","Colored Map","Colored Powertips","Conspire","Downfall","Hermit","Highlight Path","Hubris","Minty Spire (QoL Compilation)","Replay The Spire","Ruina","StSLib","The Druid","The Necromancer","Trackpad"],"gold_per_floor":[10,10,23,43,43,78,78,90,90,115,115,150,169,204,204,309,309,327,8,8,47,63,89,89,108,108,119,119,132,132,178,178,274,274,284,131,141,141,65,65,0,31,56,56,56,82,82,82,82,82],"floor_reached":51,"language":"ENG","playtime":4750,"items_purged":["Strike_B"],"score":669,"play_id":"5ed8f007-2165-4129-91e1-38677ba8534c","local_time":"20210226142107","is_ascension_mode":false,"campfire_choices":[{"data":"BasicCrystalCard","floor":7,"key":"SMITH"},{"data":"Redo","floor":11,"key":"SMITH"},{"data":"Zap","floor":15,"key":"SMITH"},{"floor":24,"key":"REST"},{"floor":28,"key":"REST"},{"floor":32,"key":"REST"},{"data":"Fission","floor":40,"key":"SMITH"},{"floor":45,"key":"REST"},{"floor":49,"key":"RECALL"}],"circlet_count":0,"master_deck":["Strike_B","Defend_B","Defend_B","Defend_B","Zap+1","Conserve Battery","BasicCrystalCard+1","Undo","Redo+1","Sweeping Beam","Conserve Battery","Conserve Battery","Lockon","Darkness","Echo Form+1","Skim+1","Gash+1","Sweeping Beam","Self Repair","Gash","Sweeping Beam","Fission+1","Coolheaded","Capacitor"],"relics":["Cracked Core","Replay:Antivirus Software","conspire:Flyswatter","trackpad:GuardianSpirit","aspiration:MysteriousAuxiliaryCore","Juzu Bracelet","Replay:Bronze Core","Mercury Hourglass","PreservedInsect","Bag of Preparation","Vajra","Philosopher\u0027s Stone","Replay:Mystery Machine","hubris:Towel","Red Mask","Prayer Wheel","trackpad:SappingStone","Gremlin Food","ReplayTheSpireMod:Lightbulb","ReplayTheSpireMod:Ring of Collecting","Ring of Panic"],"acts_visited":["Exordium","Exordium","TheBeyond"],"potions_floor_usage":[50],"damage_taken":[{"damage":1,"enemies":"2 Louse","floor":1,"turns":3},{"damage":0,"enemies":"conspire:RoseBush","floor":3,"turns":3},{"damage":0,"enemies":"Cultist","floor":4,"turns":4},{"damage":3,"enemies":"Replay:BlueRogue","floor":6,"turns":6},{"damage":2,"enemies":"2 Fungi Beasts","floor":8,"turns":4},{"damage":24,"enemies":"Lagavulin","floor":10,"turns":7},{"damage":8,"enemies":"Replay:BlueRogue","floor":12,"turns":5},{"damage":4,"enemies":"3 Louse","floor":13,"turns":4},{"damage":2,"enemies":"Lagavulin","floor":14,"turns":7},{"damage":39,"enemies":"Fading Forest","floor":16,"turns":11},{"damage":2,"enemies":"ruina:2_Scarecrows","floor":18,"turns":4},{"damage":11,"enemies":"conspire:MimicChest","floor":21,"turns":9},{"damage":7,"enemies":"ruina:BadWolf","floor":22,"turns":6},{"damage":53,"enemies":"ruina:Mountain","floor":23,"turns":10},{"damage":6,"enemies":"ruina:Woodsman","floor":25,"turns":5},{"damage":11,"enemies":"ruina:3_Scarecrows","floor":27,"turns":5},{"damage":22,"enemies":"ruina:QueenOfHate","floor":29,"turns":5},{"damage":58,"enemies":"ruina:Red_and_Wolf","floor":33,"turns":11},{"damage":9,"enemies":"3 Shapes","floor":35,"turns":5},{"damage":27,"enemies":"3 Darklings","floor":37,"turns":6},{"damage":8,"enemies":"R_Hoarder","floor":42,"turns":6},{"damage":48,"enemies":"Awakened One","floor":50,"turns":11}],"seed_played":"7989198296787999861","potions_obtained":[{"floor":8,"key":"Swift Potion"},{"floor":42,"key":"FocusPotion"}],"is_trial":false,"path_per_floor":["M","?","M","M","?","E","R","M","T","E","R","E","M","E","R","B",null,"M","$","?","?","M","E","R","M","T","M","R","M","?","?","R_BF","B",null,"M","$","M","?","$","R","?","E","T","?","R","T","?","?","R","B",null],"character_chosen":"DEFECT","items_purchased":["Mercury Hourglass","Replay:Mystery Machine","Capacitor"],"campfire_rested":4,"item_purchase_floors":[19,36,39],"current_hp_per_floor":[74,74,74,74,74,71,71,69,69,45,45,37,33,31,31,12,75,73,73,73,62,55,2,24,18,18,7,29,21,21,3,25,29,75,73,73,53,53,53,53,53,52,52,52,74,74,74,74,74,33],"gold":82,"neow_bonus":"REMOVE_TWO","is_daily":false,"chose_seed":false,"campfire_upgraded":4,"win_rate":0.0,"timestamp":1614345667,"path_taken":["M","?","M","M","?","E","R","M","T","E","R","E","M","E","R","BOSS","M","$","?","?","M","E","R","M","T","M","R","M","?","?","R_BF","BOSS","M","$","M","?","$","R","?","E","T","?","R","?","?","?","R","BOSS"],"items_purchased_type":["Relic","Relic","Card"],"build_version":"2020-12-22","purchased_purges":1,"victory":true,"max_hp_per_floor":[75,75,75,75,75,75,75,75,75,75,75,75,75,75,75,75,75,75,75,75,75,75,75,75,75,75,75,75,75,75,75,75,75,75,75,75,75,75,75,75,75,75,75,75,75,75,75,75,75,75],"card_choices":[{"not_picked":["Go for the Eyes","Ball Lightning"],"picked":"Conserve Battery","floor":1},{"not_picked":["Reprogram","Hologram","Sweeping Beam"],"picked":"SKIP","floor":3},{"not_picked":["hubris:Ukulele","Capacitor"],"picked":"BasicCrystalCard","floor":4},{"not_picked":["Stack","Cold Snap"],"picked":"Redo","floor":6},{"not_picked":["Streamline","Steam","Sweeping Beam"],"picked":"SKIP","floor":8},{"not_picked":["Streamline","Steam"],"picked":"Sweeping Beam","floor":8},{"not_picked":["Beam Cell","Undo"],"picked":"Conserve Battery","floor":10},{"not_picked":["Time Bomb","ReplayTheSpireMod:System Scan"],"picked":"Conserve Battery","floor":12},{"not_picked":["Stack","Sweeping Beam"],"picked":"Lockon","floor":13},{"not_picked":["hubris:DoWhile","Barrage"],"picked":"Darkness","floor":14},{"not_picked":["Biased Cognition","Mirror Shield"],"picked":"Echo Form","floor":16},{"not_picked":["Reinforced Body","BasicCrystalCard"],"picked":"Skim","floor":18},{"not_picked":["BootSequence","conspire:SharedLibrary"],"picked":"Gash+1","floor":21},{"not_picked":["Cold Snap","Steam","Hello World"],"picked":"SKIP","floor":22},{"not_picked":["Beam Cell","Heatsinks"],"picked":"Sweeping Beam","floor":23},{"not_picked":["Doom and Gloom","Hologram+1","Rebound"],"picked":"SKIP","floor":25},{"not_picked":["Aggregate","Doom and Gloom"],"picked":"Self Repair","floor":27},{"not_picked":["Steam Power","Barrage+1"],"picked":"Gash","floor":29},{"not_picked":["Turbo","ReplayTheSpireMod:GoodbyeWorld"],"picked":"Sweeping Beam","floor":31},{"not_picked":["Multi-Cast","Hyperbeam"],"picked":"Fission","floor":33},{"not_picked":["Aggregate+1","Beam Cell"],"picked":"Coolheaded","floor":35},{"not_picked":["Streamline+1","Leap+1"],"picked":"ReplayTheSpireMod:Fabricate Wheel","floor":37},{"not_picked":["Beam Cell","Streamline+1","Sweeping Beam"],"picked":"SKIP","floor":42}],"player_experience":685776,"relics_obtained":[{"floor":6,"key":"Replay:Antivirus Software"},{"floor":9,"key":"conspire:Flyswatter"},{"floor":10,"key":"trackpad:GuardianSpirit"},{"floor":12,"key":"aspiration:MysteriousAuxiliaryCore"},{"floor":14,"key":"Juzu Bracelet"},{"floor":21,"key":"PreservedInsect"},{"floor":23,"key":"Bag of Preparation"},{"floor":26,"key":"Vajra"},{"floor":42,"key":"trackpad:SappingStone"},{"floor":43,"key":"Gremlin Food"},{"floor":46,"key":"ReplayTheSpireMod:Lightbulb"},{"floor":48,"key":"ReplayTheSpireMod:Ring of Collecting"},{"floor":48,"key":"Ring of Panic"}],"event_choices":[{"damage_healed":0,"gold_gain":0,"cards_transformed":["Strike_B"],"player_choice":"Transformed","damage_taken":0,"max_hp_gain":0,"max_hp_loss":0,"event_name":"Transmorgrifier","floor":5,"gold_loss":0,"cards_obtained":["Undo"]},{"damage_healed":0,"gold_gain":0,"player_choice":"Paid","damage_taken":0,"relics_obtained":["Red Mask"],"max_hp_gain":0,"max_hp_loss":0,"event_name":"Tomb of Lord Red Mask","floor":41,"gold_loss":65},{"damage_healed":0,"gold_gain":0,"player_choice":"Memory 1","damage_taken":0,"max_hp_gain":0,"max_hp_loss":0,"event_name":"SensoryStone","floor":47,"gold_loss":0}],"is_beta":false,"boss_relics":[{"not_picked":["aspiration:WatcherSkillbook","Replay:Drink Me"],"picked":"Replay:Bronze Core"},{"not_picked":["conspire:RoyalGoblet","SacredBark"],"picked":"Philosopher\u0027s Stone"}],"items_purged_floors":[19],"is_endless":false,"potions_floor_spawned":[8,12,14,16,23,25,29,42],"ascension_level":0}}