{"host":"h49usdrjeju7gyhi","time":1614310720,"event":{"mods":["Act Like it!","BaseMod","Minty Spire (QoL Compilation)","Ruina","StSLib","The Animator"],"gold_per_floor":[118,118,29,65,65,65,121,142,215,238,238,2,2,41,41,152,152,141,141,172,172,172],"floor_reached":21,"language":"ENG","playtime":1275,"items_purged":["animator:Defend_MadokaMagica"],"score":358,"play_id":"f50ac285-b497-419a-ba76-cfc4d74c52d0","local_time":"20210225223840","is_ascension_mode":true,"campfire_choices":[{"data":"animator:Berserker","floor":6.0,"key":"SMITH"},{"floor":11.0,"key":"REST"},{"data":"animator:MetalKnight","floor":13.0,"key":"SMITH"},{"data":"animator:MumenRider","floor":15.0,"key":"SMITH"}],"circlet_count":0,"master_deck":["AscendersBane","animator:Strike_OnePunchMan","animator:Defend_OnePunchMan","animator:Genos","animator:MumenRider+1","animator:Berserker+1","animator:Strike_AccelWorld","animator:Strike_Konosuba","animator:Defend_TenSura","animator:Defend_HitsugiNoChaika","animator:Witch","animator:Sonic","animator:MetalKnight+1","animator:Chris","animator:Add","animator:Ainz","animator:Archer+1","animator:Illya"],"relics":["animator:LivingPicture","animator:TheMissingPiece","animator:PurgingStone","Incense Burner","Golden Idol","Ancient Tea Set","Darkstone Periapt","Strawberry","SlaversCollar"],"acts_visited":["Exordium","TheCity"],"potions_floor_usage":[21],"damage_taken":[{"damage":1.0,"enemies":"2 Louse","floor":1.0,"turns":3.0},{"damage":2.0,"enemies":"Jaw Worm","floor":4.0,"turns":3.0},{"damage":30.0,"enemies":"Lagavulin","floor":7.0,"turns":6.0},{"damage":0.0,"enemies":"Cultist","floor":8.0,"turns":2.0},{"damage":4.0,"enemies":"Red Slaver","floor":10.0,"turns":5.0},{"damage":3.0,"enemies":"Exordium Thugs","floor":14.0,"turns":7.0},{"damage":14.0,"enemies":"The Guardian","floor":16.0,"turns":8.0},{"damage":19,"enemies":"2 Thieves","floor":18,"turns":4},{"damage":29,"enemies":"3 Byrds","floor":20,"turns":7},{"damage":19,"enemies":"Shelled Parasite and Fungi","floor":21,"turns":2}],"seed_played":"-1607400187360721894","potions_obtained":[{"floor":4.0,"key":"Strength Potion"},{"floor":8.0,"key":"PowerPotion"},{"floor":14.0,"key":"Strength Potion"},{"floor":18,"key":"SpeedPotion"}],"is_trial":false,"path_per_floor":["M","?","?","M","?","R","E","M","T","M","R","$","R","M","R","B",null,"M","?","M","M"],"character_chosen":"THE_ANIMATOR","items_purchased":["Strawberry"],"campfire_rested":1,"item_purchase_floors":[12],"current_hp_per_floor":[53,49,49,47,47,47,17,18,18,14,29,36,36,33,33,19,48,29,40,11,0,0],"gold":172,"neow_bonus":"ONE_RARE_RELIC","is_daily":false,"chose_seed":false,"campfire_upgraded":3,"win_rate":0.0,"timestamp":1614310720,"path_taken":["M","?","?","M","?","R","E","M","T","?","R","?","R","M","R","BOSS","M","?","M","M"],"items_purchased_type":["Relic"],"build_version":"2020-12-22","purchased_purges":1,"victory":false,"max_hp_per_floor":[54,49,49,49,49,49,49,50,50,50,50,57,57,57,57,57,57,57,57,57,57,57],"card_choices":[{"not_picked":["animator:MamiTomoe","animator:Shion"],"picked":"animator:Berserker","floor":1.0},{"not_picked":["animator:Tatsumaki","animator:SilverFang"],"picked":"animator:Witch","floor":4.0},{"not_picked":["animator:Demiurge","animator:RoyMustang"],"picked":"animator:Sonic","floor":7.0},{"not_picked":["animator:Tatsumaki","animator:Melzalgald"],"picked":"animator:MetalKnight","floor":8.0},{"not_picked":["animator:Aisha","animator:Witch"],"picked":"animator:Chris","floor":10.0},{"not_picked":["animator:Benimaru","animator:Aisha"],"picked":"animator:Add","floor":14.0},{"not_picked":["animator:Kyubey","animator:MadokaKaname"],"picked":"animator:Ainz","floor":16.0},{"not_picked":["animator:Tatsumaki","animator:Entoma"],"picked":"animator:Archer+1","floor":18},{"not_picked":["animator:Caster","animator:Rider"],"picked":"animator:Illya","floor":20}],"player_experience":1613372,"relics_obtained":[{"floor":7.0,"key":"Ancient Tea Set"},{"floor":9.0,"key":"Darkstone Periapt"}],"event_choices":[{"damage_healed":0.0,"max_hp_gain":0.0,"max_hp_loss":5.0,"gold_gain":0.0,"event_name":"Golden Idol","player_choice":"Lose Max HP","floor":2.0,"gold_loss":0.0,"damage_taken":0.0,"relics_obtained":["Golden Idol"]},{"cards_removed":["animator:Strike_Elsword"],"damage_healed":0.0,"max_hp_gain":0.0,"max_hp_loss":0.0,"gold_gain":0.0,"event_name":"Wheel of Change","player_choice":"Card Removal","floor":5.0,"gold_loss":0.0,"damage_taken":0.0},{"damage_healed":11,"gold_gain":0,"player_choice":"Heal","damage_taken":0,"max_hp_gain":0,"max_hp_loss":0,"event_name":"The Library","floor":19,"gold_loss":0}],"is_beta":false,"boss_relics":[{"not_picked":["animator:CursedBlade","Tiny House"],"picked":"SlaversCollar"}],"items_purged_floors":[12],"is_endless":false,"potions_floor_spawned":[4,8,14,18],"killed_by":"Shelled Parasite and Fungi","ascension_level":20}}