{"host":"ugys05tpep779cl6","time":1614339517,"event":{"mods":["AchievementEnabler","Aspiration","BaseMod","Beaked The Cultist","CatGirl Mod","Colored Powertips","HololiveMod","Lobotomy","Minty Spire (QoL Compilation)","Quick Restart","Replay The Spire","Spicy Shops","StSLib","The Druid"],"gold_per_floor":[109,34,34,44,44,78,78,106,106,133,165,165,192,202,202,306,306,326,338,338,338,338],"floor_reached":21,"language":"ENG","playtime":934,"items_purged":["Strike_R"],"score":256,"play_id":"ffbeb830-9981-4bde-bbb6-0bb12254386e","local_time":"20210226123837","is_ascension_mode":true,"campfire_choices":[{"data":"Pot Of Greed","floor":7.0,"key":"SMITH"},{"data":"Uppercut","floor":15,"key":"SMITH"}],"circlet_count":0,"master_deck":["Strike_R","Strike_R","Strike_R","Defend_R","Defend_R","Defend_R","Defend_R","Bash","ReplayTheSpireMod:Limb From Limb","Pot Of Greed+1","Metallicize","Uppercut+1","Doubt","Pot Of Greed","Body Slam"],"relics":["Burning Blood","aspiration:Nostalgia","m_ByrdBlood","Grinning Jar","Onion Ring","Odd Mushroom","MealTicket","ReplayTheSpireMod:Ring of Collecting","Bottled Lightning","aspiration:RitualDagger"],"acts_visited":["Exordium","TheCity"],"potions_floor_usage":[13,13,21],"damage_taken":[{"damage":11.0,"enemies":"Jaw Worm","floor":1.0,"turns":5.0},{"damage":0.0,"enemies":"Cultist","floor":4.0,"turns":2.0},{"damage":8.0,"enemies":"Gremlin Nob","floor":6.0,"turns":3.0},{"damage":16.0,"enemies":"Replay:BlueRogue","floor":8.0,"turns":5.0},{"damage":7.0,"enemies":"The Mushroom Lair","floor":10.0,"turns":5.0},{"damage":13.0,"enemies":"Gremlin Nob","floor":11.0,"turns":3.0},{"damage":16,"enemies":"Lagavulin","floor":13,"turns":5},{"damage":2,"enemies":"Small Slimes","floor":14,"turns":3},{"damage":71,"enemies":"Hexaghost","floor":16,"turns":13},{"damage":53,"enemies":"2 Thieves","floor":18,"turns":4},{"damage":84,"enemies":"3 Byrds","floor":19,"turns":9},{"damage":56,"enemies":"Shelled Parasite and Fungi","floor":21,"turns":7}],"seed_played":"-4189296318843983127","potions_obtained":[{"floor":4.0,"key":"Block Potion"},{"floor":6.0,"key":"Swift Potion"},{"floor":10.0,"key":"BlessingOfTheForge"},{"floor":13,"key":"LiquidBronze"},{"floor":14,"key":"Milkshake"},{"floor":18,"key":"SpeedPotion"}],"is_trial":false,"path_per_floor":["M","$","?","M","?","E","R","E","T","?","E","?","E","M","R","B",null,"M","M","?","M"],"character_chosen":"IRONCLAD","items_purchased":[],"campfire_rested":0,"item_purchase_floors":[],"current_hp_per_floor":[80,80,80,80,73,80,80,79,79,80,80,80,79,80,80,24,66,28,49,49,9,9],"gold":338,"neow_bonus":"NOSTALGIA","is_daily":false,"chose_seed":false,"campfire_upgraded":2,"win_rate":0.0,"timestamp":1614339517,"path_taken":["M","$","?","?","?","E","R","E","T","?","E","?","E","?","R","BOSS","M","M","?","M"],"items_purchased_type":[],"build_version":"2020-12-22","purchased_purges":1,"victory":false,"max_hp_per_floor":[80,80,80,80,80,80,80,80,80,80,80,80,80,80,80,80,80,80,80,80,80,80],"card_choices":[{"not_picked":["Replay:Undeath\u0027s Touch","Warcry","ReplayTheSpireMod:Limb From Limb"],"picked":"SKIP","floor":1.0},{"not_picked":["Replay:Undeath\u0027s Touch","Warcry"],"picked":"ReplayTheSpireMod:Limb From Limb","floor":1.0},{"not_picked":["ReplayTheSpireMod:Strike From Hell","Intimidate","Rupture"],"picked":"SKIP","floor":4.0},{"not_picked":["Warcry","Bludgeon"],"picked":"Metallicize","floor":6.0},{"not_picked":["Thunderclap","ReplayTheSpireMod:LeadingStrike","Blood for Blood"],"picked":"SKIP","floor":8.0},{"not_picked":["Twin Strike","Shrug It Off"],"picked":"Uppercut","floor":11.0},{"not_picked":["Replay:Undeath\u0027s Touch","Pommel Strike","Clothesline"],"picked":"SKIP","floor":13},{"not_picked":["Havoc","Armaments"],"picked":"Body Slam","floor":14},{"not_picked":["Perfected Strike","Iron Wave","ReplayTheSpireMod:LeadingStrike"],"picked":"SKIP","floor":18},{"not_picked":["Fire Breathing","Whirlwind+1","Warcry"],"picked":"SKIP","floor":19}],"player_experience":785884,"relics_obtained":[{"floor":6.0,"key":"Grinning Jar"},{"floor":8.0,"key":"Onion Ring"},{"floor":10.0,"key":"Odd Mushroom"},{"floor":11.0,"key":"MealTicket"},{"floor":12,"key":"ReplayTheSpireMod:Ring of Collecting"},{"floor":13,"key":"Bottled Lightning"}],"event_choices":[{"damage_healed":0.0,"max_hp_gain":0.0,"max_hp_loss":0.0,"gold_gain":0.0,"event_name":"WeMeetAgain","player_choice":"Ignored","floor":3.0,"gold_loss":0.0,"damage_taken":0.0},{"cards_removed":["Strike_R"],"damage_healed":0.0,"max_hp_gain":0.0,"max_hp_loss":0.0,"gold_gain":0.0,"event_name":"Golden Wing","player_choice":"Card Removal","floor":5.0,"gold_loss":0.0,"damage_taken":7.0},{"damage_healed":0.0,"max_hp_gain":0.0,"max_hp_loss":0.0,"gold_gain":0.0,"event_name":"Mushrooms","player_choice":"Fought Mushrooms","floor":10.0,"gold_loss":0.0,"damage_taken":0.0},{"damage_healed":0,"gold_gain":0,"player_choice":"Ignored","damage_taken":0,"max_hp_gain":0,"max_hp_loss":0,"event_name":"Ghosts","floor":20,"gold_loss":0}],"is_beta":false,"boss_relics":[{"not_picked":["Ectoplasm","Replay:Drink Me"],"picked":"aspiration:RitualDagger"}],"items_purged_floors":[2],"is_endless":false,"potions_floor_spawned":[4,6,10,13,14,18],"killed_by":"Shelled Parasite and Fungi","ascension_level":5}}