{"host":"xsyxumpp1kksrtww","time":1614355667,"event":{"mods":["Act Like it!","Ascension Unlocker","BaseMod","Colored Map","Colored Powertips","Library of Ruina","Library of Ruina Extra","Lobotomy","LobotomyExtend","Minty Spire (QoL Compilation)","Permanent Neow","Quick Restart","Rare Cards Sparkle","Replay The Spire","Shop Mod","StSLib"],"gold_per_floor":[119,119,129,129,17,17,51,51,51,51,83,179,254,20,20,162,162,172,31,31,82,94,124,124,156,180,180,180,180,180],"floor_reached":29,"language":"ZHS","playtime":2010,"items_purged":["LightAttack","LightAttack","LightDefense"],"score":426,"play_id":"95d81b60-f610-476b-aded-628152551538","local_time":"20210227000747","is_ascension_mode":true,"campfire_choices":[{"data":"DimensionalRift","floor":6.0,"key":"SMITH"},{"data":"GutHarvesting","floor":8.0,"key":"SMITH"},{"data":"EndlessBattle","floor":10.0,"key":"SMITH"},{"data":"BalefulBrand","floor":15.0,"key":"SMITH"},{"data":"RhinoRam","floor":24.0,"key":"SMITH"},{"data":"Disposal","floor":27.0,"key":"SMITH"}],"circlet_count":0,"master_deck":["LightDefense","ChargeAndCover","FocusedStrikes","Funeral","EndlessBattle+1","DimensionalRift+1","Mercenary","BalefulBrand+1","RhinoRam+1","GutHarvesting+1","BigBadWolf","Quickness","Variant","SpiderBud","CrumblingArmor","Decapitation","CurseOfTheBell","SnowQueen","DesperateStruggle+1","WillProduceFineSilk","IronWall+1","Disposal+1","Quickness","FieryBird","DefenseOrder+1","DespairKnight","Rewind"],"relics":["PageOfLibrarian","CogitoBucket","LetterFromLob","PageOfBloodbath","Blue Doll","Happy Flower","Membership Card","Calling Bell","Potion Belt","Onion Ring","PageOfTheKnightOfDespair","AspirationHeart","Orrery","Enchiridion","PageOfTheQueenOfHatred","PageOfGreed","PageOfWrath"],"acts_visited":["Exordium","TheCity"],"potions_floor_usage":[],"damage_taken":[{"damage":0.0,"enemies":"Jaw Worm","floor":1.0,"turns":3.0},{"damage":0.0,"enemies":"Cultist","floor":3.0,"turns":3.0},{"damage":12.0,"enemies":"Gremlin Nob","floor":7.0,"turns":4.0},{"damage":6.0,"enemies":"Lagavulin","floor":11.0,"turns":4.0},{"damage":3.0,"enemies":"Small Slimes","floor":12.0,"turns":5.0},{"damage":13.0,"enemies":"Hexaghost","floor":16.0,"turns":5.0},{"damage":7.0,"enemies":"Spheric Guardian","floor":18.0,"turns":3.0},{"damage":0.0,"enemies":"Chosen","floor":21.0,"turns":2.0},{"damage":6.0,"enemies":"Snake Plant","floor":22.0,"turns":3.0},{"damage":25.0,"enemies":"Gremlin Leader","floor":23.0,"turns":4.0},{"damage":4.0,"enemies":"Book of Stabbing","floor":25.0,"turns":4.0},{"damage":47,"enemies":"Replay:Snechameleon","floor":29,"turns":2}],"seed_played":"-2105873902378969693","potions_obtained":[{"floor":1.0,"key":"Block Potion"},{"floor":3.0,"key":"SkillPotion"},{"floor":7.0,"key":"Toxic Potion"},{"floor":16.0,"key":"Languid Potion"},{"floor":22.0,"key":"GamblersBrew"}],"is_trial":false,"path_per_floor":["M","?","M","?","$","R","E","R","T","R","E","M","?","$","R","B",null,"M","$","?","M","M","E","R","E","T","R","?","E"],"character_chosen":"Librarian","items_purchased":["RhinoRam","Membership Card","Lock","Orrery"],"campfire_rested":0,"item_purchase_floors":[5,14,14,19],"current_hp_per_floor":[54,54,55,55,55,55,44,44,44,44,48,47,36,36,36,34,67,71,71,55,55,59,44,44,44,44,44,44,0,0],"gold":180,"neow_bonus":"","is_daily":false,"chose_seed":false,"campfire_upgraded":6,"win_rate":0.0,"timestamp":1614355667,"path_taken":["M","?","?","?","$","R","E","R","T","R","E","?","?","$","R","BOSS","M","$","?","M","M","E","R","E","T","R","?","E"],"items_purchased_type":["Card","Relic","Card","Relic"],"build_version":"2020-12-22","purchased_purges":3,"victory":false,"max_hp_per_floor":[83,83,83,83,83,83,84,84,84,84,81,81,81,81,81,78,78,88,88,88,88,85,82,82,82,82,82,82,82,82],"card_choices":[{"not_picked":["WallGazer","ShyLook"],"picked":"Funeral","floor":1.0},{"not_picked":["HiddenBlade","SmokingPipe","HandleRequest","EnergyBeam","BlindFaith","SuppressingShot","DestructiveImpact","FlashingStrike"],"picked":"EndlessBattle","floor":1.0},{"not_picked":["ClassAndRespect","Ripple","StrongStrike","HiddenBlade","SmokingPipe","DesperateStruggle","StructuralAnalysis","BackAttack"],"picked":"DimensionalRift","floor":3.0},{"not_picked":["BeautyBeast","OldLady"],"picked":"Mercenary","floor":3.0},{"not_picked":["AGoldenOpportunity","DarkCloud","GrazeTheGrass","AssaultOrder","Unlock1","HandlingWork","DestructiveImpact","SharpSwipe"],"picked":"GutHarvesting","floor":7.0},{"not_picked":["FairyFestival","Wellcheers"],"picked":"BigBadWolf","floor":7.0},{"not_picked":["Ripple","ChiWen","QuickSuppression","FrontalAssault","Leap_lor","NightInTheBackstreets","BoundaryOfDeath","CoordinatedAssault"],"picked":"Quickness","floor":11.0},{"not_picked":["FairyFestival","GalaxyChild"],"picked":"Variant","floor":11.0},{"not_picked":["BlackSwan","CherryBlossoms"],"picked":"SpiderBud","floor":12.0},{"not_picked":["MindCrush","DirtyBlow","Fence","FeatherShield","TendonChords","UpbeatPerformance","InkOver","SuppressingShot","FrontalAssault"],"picked":"SKIP","floor":12.0},{"not_picked":["Murderer","VoidDream"],"picked":"CrumblingArmor","floor":16.0},{"not_picked":["RepressedFlesh","TrashDisposal"],"picked":"Decapitation","floor":16.0},{"not_picked":["Murderer","OldLady"],"picked":"SnowQueen","floor":18.0},{"not_picked":["RepressedFlesh","AsThePrescriptOrders","QuickAttack","CircusKnives+1","CoordinatedAssault+1","VioletBlade+1","SnakesPrey","ViolentFlame"],"picked":"DesperateStruggle+1","floor":18.0},{"not_picked":["LoosenUp","StrongStrike","BurningFlash","TendonChords","SinglePointStab","HandleRequest","IdentifyWeakpoint","RapidGashes"],"picked":"WillProduceFineSilk","floor":19.0},{"not_picked":["Diversion","Parry","BlindFaith","BattleCommand","CumulusWall+1","Concentration","GrazeTheGrass","Track+1"],"picked":"IronWall+1","floor":19.0},{"not_picked":["StructuralAnalysis","DarkCloud+1","Pound+1","UnavoidableGaze+1","TheWillOfTheCity","CutIn","FrontalAssault+1","EnergyShield"],"picked":"Disposal","floor":19.0},{"not_picked":["YoureTooSlow","BurningFlash","PreemptiveStrike","DarkCloud","DesperateStruggle","HighKick","CumulusWall","PinpointShot+1"],"picked":"UnavoidableGaze+1","floor":19.0},{"not_picked":["FlashOfSunup","DirtyBlow","HiddenBlade","BiXi+1","PreemptiveStrike","TheArtOfRapidSteps","JiaoTu+1","DesperateStruggle"],"picked":"Quickness","floor":19.0},{"not_picked":["Murderer","ShyLook"],"picked":"FieryBird","floor":21.0},{"not_picked":["SunsetBlade","Diversion+1","SnakeSlit","SinglePointStab","Unlock1","Decapitation","FierceCharge","HighKick","Crush"],"picked":"SKIP","floor":21.0},{"not_picked":["SkyClearingCut","Fence","PinpointShot","FrontalAssault","TendonChords+1","FendThisOffIfYouCan","FleetFootsteps","ClassAndRespect+1","Overpower"],"picked":"SKIP","floor":22.0},{"not_picked":["SerpentSwordTechnique","FleetEdge","OpportunitySpotted","Crush","TheWillOfTheCity","StrongStrike","Tailoring","EnergyShield"],"picked":"DefenseOrder+1","floor":23.0},{"not_picked":["OSAHOGD","Murderer"],"picked":"DespairKnight","floor":23.0},{"not_picked":["SharpSwipe+1","Disposal","Unlock1","Leap_lor","SmokingPipe","FierceCharge","AutonomousRush","TrashDisposal","Collision"],"picked":"SKIP","floor":25.0}],"player_experience":961967,"relics_obtained":[{"floor":1.0,"key":"LetterFromLob"},{"floor":7.0,"key":"PageOfBloodbath"},{"floor":9.0,"key":"Blue Doll"},{"floor":11.0,"key":"Happy Flower"},{"floor":17.0,"key":"Potion Belt"},{"floor":17.0,"key":"Onion Ring"},{"floor":17.0,"key":"PageOfTheKnightOfDespair"},{"floor":20.0,"key":"Enchiridion"},{"floor":23.0,"key":"PageOfTheQueenOfHatred"},{"floor":25.0,"key":"PageOfGreed"},{"floor":26.0,"key":"PageOfWrath"}],"event_choices":[{"cards_removed":["LightAttack"],"damage_healed":0.0,"max_hp_gain":0.0,"max_hp_loss":0.0,"gold_gain":0.0,"event_name":"Bonfire Elementals","player_choice":"Offered Basic","floor":2.0,"gold_loss":0.0,"damage_taken":0.0},{"damage_healed":0.0,"max_hp_gain":0.0,"max_hp_loss":0.0,"gold_gain":0.0,"event_name":"Match and Keep!","player_choice":"1 cards matched","floor":4.0,"gold_loss":0.0,"damage_taken":0.0,"cards_obtained":["BalefulBrand"]},{"damage_healed":0.0,"max_hp_gain":0.0,"max_hp_loss":0.0,"gold_gain":75.0,"event_name":"World of Goop","player_choice":"Gather Gold","floor":13.0,"gold_loss":0.0,"damage_taken":11.0},{"damage_healed":0.0,"max_hp_gain":0.0,"max_hp_loss":0.0,"gold_gain":0.0,"event_name":"Cursed Tome","player_choice":"Obtained Book","floor":20.0,"gold_loss":0.0,"damage_taken":16.0},{"damage_healed":0,"gold_gain":0,"player_choice":"Read","damage_taken":0,"max_hp_gain":0,"max_hp_loss":0,"event_name":"The Library","floor":28,"gold_loss":0,"cards_obtained":["Rewind"]}],"is_beta":false,"boss_relics":[{"not_picked":["Replay:Wanted Poster","Velvet Choker"],"picked":"Calling Bell"}],"items_purged_floors":[5,14,19],"is_endless":false,"potions_floor_spawned":[1,3,7,16,22],"killed_by":"Replay:Snechameleon","ascension_level":10}}