{"host":"ve9aztkoyqeblvav","time":1614333513,"event":{"mods":["Act Like it!","Aspiration","BaseMod","Colored Map","Colored Powertips","Highlight Path","Marked Mod","Minty Spire (QoL Compilation)","Pale of the Ancients","Quick Restart","Reorder Act Four","StSLib","The Hierophant","Waifu the Spire","[IsaacMod]ÒÔÈö¼âËþ"],"gold_per_floor":[19,45,62,78,78,78,98,98,121,146,146,146,6,19,19,19,19],"floor_reached":16,"language":"ZHS","playtime":504,"items_purged":[],"score":200,"play_id":"f1636c21-cedf-420d-bc4a-73a0cb74b204","local_time":"20210226175833","is_ascension_mode":true,"campfire_choices":[{"data":"Blade Dance","floor":6.0,"key":"SMITH"},{"data":"Dash","floor":8.0,"key":"SMITH"},{"data":"Doppelganger","floor":12,"key":"SMITH"},{"data":"Malaise","floor":15,"key":"SMITH"}],"circlet_count":0,"master_deck":["AscendersBane","Strike_G","Strike_G","Strike_G","Strike_G","Defend_G","Defend_G","Defend_G","Defend_G","Defend_G","Survivor","Neutralize","Dash+1","Blade Dance+1","Malaise+1","PiercingWail","Doppelganger+1"],"relics":["Ring of the Snake","HushsDoor","SteamSale","Incense Burner","Centennial Puzzle","Bag of Preparation","aspiration:FetidBarrel"],"acts_visited":["Exordium"],"potions_floor_usage":[10,16],"damage_taken":[{"damage":0.0,"enemies":"Cultist","floor":1.0,"turns":2.0},{"damage":3.0,"enemies":"Jaw Worm","floor":3.0,"turns":5.0},{"damage":0.0,"enemies":"2 Louse","floor":4.0,"turns":3.0},{"damage":15.0,"enemies":"Large Slime","floor":7.0,"turns":6.0},{"damage":9,"enemies":"Lagavulin","floor":10,"turns":9},{"damage":0,"enemies":"Looter","floor":14,"turns":3},{"damage":33,"enemies":"Hexaghost","floor":16,"turns":12}],"seed_played":"2602890767684068966","potions_obtained":[{"floor":3.0,"key":"Explosive Potion"},{"floor":7.0,"key":"ColorlessPotion"}],"is_trial":false,"path_per_floor":["M","T","M","M","?","R","M","R","T","E","?","R","$","M","R","B"],"character_chosen":"THE_SILENT","items_purchased":["aspiration:FetidBarrel"],"campfire_rested":0,"item_purchase_floors":[13],"current_hp_per_floor":[59,59,56,56,56,56,41,41,41,32,32,32,32,32,32,0,0],"gold":19,"neow_bonus":"ONE_RARE_RELIC","is_daily":false,"chose_seed":false,"campfire_upgraded":4,"win_rate":0.0,"timestamp":1614333513,"path_taken":["M","?","M","M","?","R","M","R","T","E","?","R","?","M","R","BOSS"],"items_purchased_type":["Relic"],"build_version":"2020-12-22","purchased_purges":0,"victory":false,"max_hp_per_floor":[66,66,66,66,66,66,66,66,66,66,66,66,66,66,66,66,66],"card_choices":[{"not_picked":[],"picked":"ChaosCard","floor":0.0},{"not_picked":["Deadly Poison","Quick Slash","Dagger Throw"],"picked":"SKIP","floor":1.0},{"not_picked":["Bane","Dagger Spray"],"picked":"Dash","floor":3.0},{"not_picked":["Setup","Backstab"],"picked":"Blade Dance","floor":4.0},{"not_picked":["Poisoned Stab","Dagger Throw"],"picked":"PiercingWail","floor":7.0},{"not_picked":["PiercingWail","Predator"],"picked":"Doppelganger","floor":10},{"not_picked":["Prepared","Outmaneuver","Backstab"],"picked":"SKIP","floor":14}],"player_experience":1716525,"relics_obtained":[{"floor":2.0,"key":"Centennial Puzzle"},{"floor":10,"key":"Bag of Preparation"}],"event_choices":[{"damage_healed":0.0,"max_hp_gain":0.0,"max_hp_loss":0.0,"gold_gain":0.0,"cards_transformed":["Strike_G"],"event_name":"Transmorgrifier","player_choice":"Transformed","floor":5.0,"gold_loss":0.0,"damage_taken":0.0,"cards_obtained":["Malaise"]},{"damage_healed":0,"gold_gain":0,"player_choice":"Ignored","damage_taken":0,"max_hp_gain":0,"max_hp_loss":0,"event_name":"Liars Game","floor":11,"gold_loss":0}],"is_beta":false,"boss_relics":[],"items_purged_floors":[],"is_endless":false,"potions_floor_spawned":[3,7],"killed_by":"Hexaghost","ascension_level":20}}