{"host":"d9tpyi6mde8z2n96","time":1614300523,"event":{"mods":["100% Spire Juice","2.2 Compatiblity","A Penny For Your Troubles","AchievementEnabler","Act Like it!","AlwaysNeverKeys","Aspiration","BaseMod","Beaked The Cultist","Better Altar","Better Note","Bossed Relics","CapriCore","Challenge The Spire","Colored Map","Colored Powertips","Conspire","Dark Map","Defuse TimeMaze Blight","Dota2Spire","Elementarium","Energized Spire","Fox Events","Friendly Minions","Gensokyo","GifTheSpireLib","Gold Saver","Halation","Hermit","HololiveMod","Hubris","Hyrulean Relics","Infinite Spire","Jess\u0027s Bottle","Jorbs\u0027s Wanderer Trilogy","Library of Ruina","Library of Ruina Extra","Marisa????????","Melee Mod","Minty Spire (QoL Compilation)","MostiFishMod","Pale of the Ancients","Permanent Neow","Potionbrewer","Quick Restart","Railgun Mod","Reimu??????","Reliquary","Replay The Spire","Robot Space Explorer","Ruina","RumiaBox-????????","Shop Mod","Spikes Relics","StS++","StSLib","SuperFastMode","TestMod","The Alterego","The Animator","The Blue Laboratory","The Cursed","The Death Knight","The Fake Hero","The Marked","The Servant 0.9.4","The Spell Scribe","Trackpad","Transform Curses","Uncapped","Virulent Crown","Waifu the Spire","Wandering Minibosses","WarShipGirlsR/????R mod","Wide Potions","Yakumo Yukari mod"],"gold_per_floor":[99186,99186,99196,99216,26,51,66,96,198,46,46,11,22,39,39,135,212,232,309,309,321,334,365,365,367,367],"floor_reached":25,"language":"ENG","playtime":1622,"items_purged":[],"score":233,"play_id":"9df251fd-817e-4853-8bbc-641136935989","local_time":"20210225194843","is_ascension_mode":false,"campfire_choices":[{"data":"Creative AI","floor":24,"key":"SMITH"}],"circlet_count":0,"master_deck":["alterego_mod:Strike","alterego_mod:Strike","alterego_mod:Strike","alterego_mod:Strike","alterego_mod:Defend","alterego_mod:Defend","alterego_mod:Defend","alterego_mod:Defend","alterego_mod:Impale","alterego_mod:BigMeatyClaws","alterego_mod:BrynhildrsRune","alterego_mod:Rip","alterego_mod:Bounce","alterego_mod:SakuraFive","alterego_mod:MagicResistance","alterego_mod:Rip+1","alterego_mod:Belle","ReplayTheSpireMod:Doomed","alterego_mod:Nekomimi","Creative AI+1","DeathKnight:Hysteria","MostiFishMod:KingOfFree","RobotSpaceExplorer:TrailblazerForm"],"relics":["alterego_mod:MasochisticConstitution","Ring of Chaos","testmod-TestBox","DaveBox","testmod-Nyarlathotep","SynthV:MejaisSoulstealer","SynthV:TestCard","foxEvents:LuckyCharm","Dota2Spire:LotusOrb","halation:PrussianBluePaint","Tiny Chest","aspiration:ChemicalBlood","PrismaticShard","Transparent","testmod-RandomTest","Simple Rune","aspiration:Stabinomicon"],"acts_visited":["Exordium","TheCity"],"potions_floor_usage":[18,18,25],"damage_taken":[{"damage":5.0,"enemies":"2 Louse","floor":1.0,"turns":4.0},{"damage":13.0,"enemies":"infinitespire:Voidling","floor":3.0,"turns":3.0},{"damage":1.0,"enemies":"Small Slimes","floor":4.0,"turns":4.0},{"damage":14.0,"enemies":"Colosseum Slavers","floor":5.0,"turns":4.0},{"damage":10.0,"enemies":"Replay:BlueRogue","floor":6.0,"turns":4.0},{"damage":12.0,"enemies":"2 Fungi Beasts","floor":7.0,"turns":7.0},{"damage":8.0,"enemies":"Lagavulin","floor":8.0,"turns":6.0},{"damage":15.0,"enemies":"Exordium Thugs","floor":13.0,"turns":4.0},{"damage":12.0,"enemies":"Looter","floor":14.0,"turns":3.0},{"damage":6.0,"enemies":"Slime Boss","floor":16.0,"turns":8.0},{"damage":129,"enemies":"3 Byrds","floor":18,"turns":6},{"damage":32,"enemies":"Spheric Guardian","floor":21,"turns":2},{"damage":48,"enemies":"Chosen and Byrds","floor":22,"turns":3},{"damage":55,"enemies":"Book of Stabbing","floor":23,"turns":3},{"damage":94,"enemies":"Snake Plant","floor":25,"turns":3}],"seed_played":"2400715087945702111","potions_obtained":[{"floor":1.0,"key":"blueLaboratory:FruitPreserves"},{"floor":2.0,"key":"SteroidPotion"},{"floor":2.0,"key":"Reflective Coating"},{"floor":14.0,"key":"EssenceOfSteel"},{"floor":22,"key":"DistilledChaos"}],"is_trial":true,"path_per_floor":["M","?","M","M","?","E","M","E","T","$","?","?","M","M","R_BF","B",null,"M","T","?","M","M","E","R","M"],"character_chosen":"The_Alterego","items_purchased":["aspiration:ChemicalBlood"],"campfire_rested":0,"item_purchase_floors":[10],"current_hp_per_floor":[71,71,70,73,69,60,56,56,56,56,56,75,68,64,79,74,80,60,60,60,82,83,84,84,0,0],"gold":367,"neow_bonus":"","is_daily":false,"chose_seed":false,"campfire_upgraded":1,"win_rate":0.0,"timestamp":1614300523,"path_taken":["M","?","?","M","?","E","M","E","T","$","?","?","M","?","R_BF","BOSS","M","?","?","M","M","E","R","?"],"items_purchased_type":["Relic"],"build_version":"2020-12-22","purchased_purges":0,"victory":false,"max_hp_per_floor":[71,71,72,73,74,75,76,77,77,77,77,77,78,79,79,80,80,81,81,81,82,83,84,84,84,84],"card_choices":[{"not_picked":["alterego_mod:Pet","alterego_mod:PerceptionDisorder"],"picked":"alterego_mod:Rip","floor":1.0},{"not_picked":["alterego_mod:Maid","alterego_mod:BreastValley","alterego_mod:BustOut","alterego_mod:Bunnysuit"],"picked":"alterego_mod:Bounce","floor":3.0},{"not_picked":["alterego_mod:Crossover","alterego_mod:Weigh","alterego_mod:Jiggle","alterego_mod:RidiculouslyBig"],"picked":"alterego_mod:SakuraFive","floor":4.0},{"not_picked":["alterego_mod:Clap","alterego_mod:Cycle","alterego_mod:RidiculouslyBig","alterego_mod:Swimsuit"],"picked":"alterego_mod:MagicResistance","floor":6.0},{"not_picked":["alterego_mod:Lingerie","alterego_mod:Mirror","alterego_mod:Punishment","alterego_mod:1TonWallop"],"picked":"alterego_mod:Rip","floor":7.0},{"not_picked":["alterego_mod:TrashNCrash","alterego_mod:1TonWallop","alterego_mod:Complex","alterego_mod:Skirt"],"picked":"alterego_mod:Belle","floor":8.0},{"not_picked":["Crescendo","stsjorbsmod:ForcedPresence","beaked:Evade","theMarked:Abjuration"],"picked":"alterego_mod:Nekomimi","floor":13.0},{"not_picked":["StSpp:Dive","hermit:ItchyTrigger","luka_mod:Struggle","Havoc","InnerPeace"],"picked":"SKIP","floor":14.0},{"not_picked":["StSpp:MakeshiftWeapon","MostiFishMod:Adaptation","Gensokyo:DreamlikeParadise","stsjorbsmod:Fear"],"picked":"Creative AI","floor":16.0},{"not_picked":["WrathOfTorment","AirStrike:ReiMu","TimeWarp","Clash"],"picked":"DeathKnight:Hysteria","floor":18},{"not_picked":["potionbrewer:FlashPowder","Iron Wave+1","hermit:GoldenBullet","animator:Guy"],"picked":"MostiFishMod:KingOfFree","floor":21},{"not_picked":["RobotSpaceExplorer:SurgingStrike","potionbrewer:Contingency","theScribe:Thwack","theMarked:Frustration+1","hermit:Snipe"],"picked":"SKIP","floor":22},{"not_picked":["beaked:Foresight","animator:UneriGinkaku","conspire:DoublingDagger","animator:SwordMaiden"],"picked":"RobotSpaceExplorer:TrailblazerForm","floor":23}],"player_experience":1135886,"relics_obtained":[{"floor":1.0,"key":"SynthV:TestCard"},{"floor":5.0,"key":"foxEvents:LuckyCharm"},{"floor":6.0,"key":"Dota2Spire:LotusOrb"},{"floor":8.0,"key":"halation:PrussianBluePaint"},{"floor":9.0,"key":"Tiny Chest"},{"floor":19,"key":"testmod-RandomTest"},{"floor":23,"key":"aspiration:Stabinomicon"}],"event_choices":[{"damage_healed":0.0,"max_hp_gain":0.0,"max_hp_loss":0.0,"gold_gain":0.0,"event_name":"Lab","player_choice":"Got Potions","floor":2.0,"gold_loss":0.0,"damage_taken":0.0},{"damage_healed":19.0,"max_hp_gain":0.0,"max_hp_loss":0.0,"gold_gain":0.0,"event_name":"The Cleric","player_choice":"Healed","floor":12.0,"gold_loss":35.0,"damage_taken":0.0},{"damage_healed":0,"gold_gain":0,"player_choice":"Gave Potion","damage_taken":0,"relics_obtained":["Simple Rune"],"max_hp_gain":0,"max_hp_loss":0,"event_name":"WeMeetAgain","floor":20,"gold_loss":0}],"is_beta":false,"boss_relics":[{"not_picked":["testmod-CardMagician","aspiration:WatcherSkillbook"],"picked":"Transparent"}],"items_purged_floors":[],"is_endless":false,"potions_floor_spawned":[1,6,8,13,21,22],"killed_by":"Snake Plant","ascension_level":0}}