{"host":"gk5m6v7zec9neb0j","time":1614335673,"event":{"mods":["AchievementEnabler","AlwaysNeverKeys","BaseMod","BetterRewards","Block Reminder","Minty Spire (QoL Compilation)","RNG Fix","Rare Cards Sparkle","Relic Stats","StSLib"],"gold_per_floor":[119,119,134,134,57,57,57,57,57,57,7,31,50,73,73,198,198,218,128,3,26,26,57,57,88,114,132,14,52,52,71,71,202,202,217,280,299,318,334,377,393,418,418,481,481,481,501,501,501,501,501,501,129,169,169],"floor_reached":56,"language":"ENG","playtime":1940,"items_purged":["Strike_G","Strike_G","Strike_G"],"score":1554,"play_id":"a74db83f-7d72-4214-afd3-9f50e2e797c0","local_time":"20210226053433","is_ascension_mode":false,"campfire_choices":[{"data":"Accuracy","floor":6.0,"key":"SMITH"},{"data":"Footwork","floor":8.0,"key":"SMITH"},{"floor":10.0,"key":"REST"},{"data":"Footwork","floor":15.0,"key":"SMITH"},{"data":"Accuracy","floor":24.0,"key":"SMITH"},{"data":"Footwork","floor":32.0,"key":"SMITH"},{"data":"Accuracy","floor":46.0,"key":"SMITH"},{"data":"A Thousand Cuts","floor":49.0,"key":"SMITH"},{"data":"Envenom","floor":52.0,"key":"SMITH"}],"circlet_count":0,"master_deck":["Defend_G","Defend_G","Defend_G+1","Defend_G+1","Defend_G","Survivor+1","Neutralize+1","Footwork+1","Blade Dance","Blade Dance","Footwork+1","Accuracy+1","Phantasmal Killer+1","A Thousand Cuts+1","CurseOfTheBell","Blade Dance+1","Finesse+1","Accuracy+1","Accuracy","Accuracy","Deflect+1","Footwork+1","Cloak And Dagger+1","Accuracy+1","Escape Plan+1","Expertise+1","Envenom+1","Backflip+1","Prepared+1","Blade Dance+1","Caltrops","Acrobatics+1"],"relics":["Ring of the Snake","Calipers","Question Card","Golden Idol","Toxic Egg 2","Calling Bell","War Paint","Letter Opener","Torii","Strawberry","Paper Crane","Nunchaku","Molten Egg 2","Mummified Hand","SacredBark","CaptainsWheel","Orichalcum","White Beast Statue","Thread and Needle","Mercury Hourglass","Happy Flower"],"acts_visited":["Exordium","TheCity","TheBeyond","TheEnding"],"potions_floor_usage":[55,55,55,55,55,55],"damage_taken":[{"damage":0.0,"enemies":"Cultist","floor":1.0,"turns":4.0},{"damage":0.0,"enemies":"Small Slimes","floor":3.0,"turns":3.0},{"damage":0.0,"enemies":"Jaw Worm","floor":12.0,"turns":3.0},{"damage":0.0,"enemies":"Blue Slaver","floor":13.0,"turns":4.0},{"damage":0.0,"enemies":"Exordium Wildlife","floor":14.0,"turns":3.0},{"damage":0.0,"enemies":"The Guardian","floor":16.0,"turns":10.0},{"damage":0.0,"enemies":"Shell Parasite","floor":18.0,"turns":6.0},{"damage":0.0,"enemies":"3 Byrds","floor":21.0,"turns":4.0},{"damage":19.0,"enemies":"Gremlin Leader","floor":23.0,"turns":3.0},{"damage":8.0,"enemies":"Book of Stabbing","floor":25.0,"turns":6.0},{"damage":9.0,"enemies":"Snake Plant","floor":27.0,"turns":5.0},{"damage":11.0,"enemies":"Gremlin Leader","floor":29.0,"turns":8.0},{"damage":0.0,"enemies":"Sentry and Sphere","floor":31.0,"turns":1.0},{"damage":15.0,"enemies":"Champ","floor":33.0,"turns":8.0},{"damage":1.0,"enemies":"Orb Walker","floor":35.0,"turns":3.0},{"damage":1.0,"enemies":"2 Orb Walkers","floor":36.0,"turns":4.0},{"damage":0.0,"enemies":"3 Shapes","floor":37.0,"turns":4.0},{"damage":9.0,"enemies":"3 Darklings","floor":38.0,"turns":4.0},{"damage":0.0,"enemies":"Transient","floor":39.0,"turns":5.0},{"damage":1.0,"enemies":"Nemesis","floor":40.0,"turns":7.0},{"damage":0.0,"enemies":"Sphere and 2 Shapes","floor":41.0,"turns":5.0},{"damage":0.0,"enemies":"Maw","floor":42.0,"turns":6.0},{"damage":0.0,"enemies":"Mind Bloom Boss Battle","floor":44.0,"turns":3.0},{"damage":0.0,"enemies":"Jaw Worm Horde","floor":47.0,"turns":4.0},{"damage":0.0,"enemies":"Writhing Mass","floor":48.0,"turns":2.0},{"damage":14.0,"enemies":"Awakened One","floor":50.0,"turns":5.0},{"damage":21,"enemies":"Shield and Spear","floor":54,"turns":4},{"damage":18,"enemies":"The Heart","floor":55,"turns":8}],"seed_played":"451166663580721556","potions_obtained":[{"floor":18.0,"key":"Regen Potion"},{"floor":27.0,"key":"SmokeBomb"},{"floor":29.0,"key":"Explosive Potion"},{"floor":33.0,"key":"DistilledChaos"},{"floor":37.0,"key":"EntropicBrew"},{"floor":47.0,"key":"EntropicBrew"}],"is_trial":false,"path_per_floor":["M","$","M","?","$","R","?","R","T","R","?","M","M","M","R","B",null,"M","?","$","M","?","E","R","E","T","M","$","E","?","M","R","B",null,"M","?","M","M","M","E","M","M","T","?","?","R","M","M","R","B",null,"R","$","E","B",null],"character_chosen":"THE_SILENT","items_purchased":["Calipers","Question Card","Footwork","Blade Dance","Accuracy","Accuracy","Deflect+1","PowerPotion","Caltrops","Mercury Hourglass"],"campfire_rested":1,"item_purchase_floors":[0,0,0,0,5,28,28,53,53,53],"current_hp_per_floor":[28,28,28,28,28,28,28,28,28,47,47,47,47,47,47,47,65,65,65,65,65,65,53,53,45,45,36,36,40,40,40,40,25,72,71,70,70,61,61,60,60,60,60,60,60,60,60,60,60,46,72,72,72,51,33],"gold":169,"neow_bonus":"","is_daily":false,"chose_seed":false,"campfire_upgraded":8,"win_rate":0.0,"timestamp":1614335673,"path_taken":["M","$","M","?","$","R","?","R","T","R","?","M","?","M","R","BOSS","M","?","$","M","?","E","R","E","T","M","$","E","?","M","R","BOSS","M","?","M","M","M","E","M","M","T","?","?","R","M","?","R","BOSS","R","$","E","BOSS"],"items_purchased_type":["Relic","Relic","Card","Card","Card","Card","Card","Potion","Card","Relic"],"build_version":"2020-12-22","purchased_purges":3,"victory":true,"max_hp_per_floor":[70,70,70,65,65,65,65,65,65,65,65,65,65,65,65,65,65,65,65,65,65,65,72,72,72,72,72,72,72,72,72,72,72,72,72,72,72,72,72,72,72,72,72,72,72,72,72,72,72,72,72,72,72,72,72],"relic_stats":{"Torii":25,"Happy Flower":[2],"counters":[1082,5699],"Golden Idol":230,"Letter Opener":[286],"War Paint":["Defend_G","Survivor"],"Orichalcum":[144],"Question Card":27,"Mercury Hourglass":[39],"Nunchaku":[22],"Mummified Hand":[125],"obtain_stats":[{"TwistedFunnel":0,"Spirit Poop":30,"Ginger":0,"Whetstone":11,"Bottled Tornado":43,"Boot":25,"Sling":0,"Old Coin":34,"Blood Vial":17,"Sundial":24,"MealTicket":31,"HandDrill":48,"Kunai":0,"Pear":28,"Blue Candle":54,"Velvet Choker":17,"Eternal Feather":54,"Tingsha":0,"Pen Nib":11,"Paper Crane":43,"Akabeko":3,"SlaversCollar":17,"MutagenicStrength":19,"Bird Faced Urn":38,"StrikeDummy":27,"Unceasing Top":46,"Ring of the Serpent":17,"Regal Pillow":9,"Lantern":45,"Torii":0,"Singing Bowl":43,"StoneCalendar":42,"Bag of Preparation":26,"Ancient Tea Set":4,"Cursed Key":17,"Smiling Mask":41,"Matryoshka":37,"Shovel":38,"WristBlade":34,"Ninja Scroll":0,"Toolbox":45,"WingedGreaves":17,"Chemical X":37,"InkBottle":54,"Ring of the Snake":0,"Potion Belt":9,"Lee\u0027s Waffle":48,"The Specimen":0,"Golden Idol":3,"Thread and Needle":45,"The Courier":26,"PreservedInsect":38,"Omamori":39,"Frozen Egg 2":43,"MawBank":45,"Ornamental Fan":0,"Bloody Idol":31,"Orrery":0,"Turnip":38,"Art of War":17,"Bottled Lightning":43,"Toy Ornithopter":27,"Ice Cream":7,"Calipers":13,"Tiny House":34,"Gremlin Horn":26,"Nilry\u0027s Codex":31,"CeramicFish":0,"HoveringKite":34,"Vajra":43,"Sozu":34,"Centennial Puzzle":6,"Lizard Tail":10,"HornCleat":43,"DollysMirror":4,"Strawberry":26,"Prayer Wheel":38,"Toxic Egg 2":28,"Girya":0,"Happy Flower":13,"Astrolabe":34,"Oddly Smooth Stone":0,"Letter Opener":53,"War Paint":43,"Question Card":48,"Du-Vu Doll":47,"OrangePellets":22,"Bottled Flame":25,"Shuriken":0,"Bronze Scales":10,"Molten Egg 2":9,"Black Star":17,"Meat on the Bone":17,"Pocketwatch":17,"Darkstone Periapt":23,"SacredBark":17,"Enchiridion":22,"Mango":43,"Snake Skull":54,"Juzu Bracelet":43,"Incense Burner":29,"Empty Cage":17,"PrismaticShard":53,"ClockworkSouvenir":20,"Frozen Eye":39,"Tough Bandages":25,"Nunchaku":31,"Dream Catcher":9,"Mummified Hand":30,"Pantograph":12,"Gambling Chip":0,"Tiny Chest":26,"Red Mask":47,"Orichalcum":26,"Odd Mushroom":12,"Medical Kit":37,"White Beast Statue":9,"Mercury Hourglass":54,"Peace Pipe":9,"Calling Bell":17,"Cauldron":53,"Strange Spoon":53,"Anchor":34,"CaptainsWheel":54,"Bag of Marbles":43,"Coffee Dripper":34,"Membership Card":36,"FossilizedHelix":0,"TungstenRod":26},{"TwistedFunnel":381,"Spirit Poop":819,"Ginger":97,"Whetstone":100,"Bottled Tornado":52,"Boot":640,"Sling":741,"Old Coin":338,"Blood Vial":129,"Sundial":44,"MealTicket":616,"HandDrill":491,"Kunai":31,"Pear":315,"Blue Candle":249,"Velvet Choker":784,"Eternal Feather":146,"Tingsha":274,"Pen Nib":356,"Paper Crane":322,"Akabeko":575,"SlaversCollar":231,"MutagenicStrength":156,"Bird Faced Urn":189,"StrikeDummy":17,"Unceasing Top":193,"Ring of the Serpent":388,"Regal Pillow":36,"Lantern":269,"Torii":31,"Singing Bowl":116,"StoneCalendar":217,"Bag of Preparation":366,"Ancient Tea Set":2,"Cursed Key":281,"Smiling Mask":452,"Matryoshka":137,"Shovel":594,"WristBlade":112,"Ninja Scroll":172,"Toolbox":675,"WingedGreaves":80,"Chemical X":22,"InkBottle":57,"Ring of the Snake":0,"Potion Belt":3,"Lee\u0027s Waffle":676,"The Specimen":274,"Golden Idol":2,"Thread and Needle":245,"The Courier":183,"PreservedInsect":240,"Omamori":189,"Frozen Egg 2":398,"MawBank":245,"Ornamental Fan":72,"Bloody Idol":161,"Orrery":58,"Turnip":116,"Art of War":80,"Bottled Lightning":24,"Toy Ornithopter":17,"Ice Cream":11,"Calipers":154,"Tiny House":984,"Gremlin Horn":480,"Nilry\u0027s Codex":925,"CeramicFish":172,"HoveringKite":21,"Vajra":91,"Sozu":136,"Centennial Puzzle":278,"Lizard Tail":329,"HornCleat":621,"DollysMirror":123,"Strawberry":107,"Prayer Wheel":138,"Toxic Egg 2":108,"Girya":250,"Happy Flower":12,"Astrolabe":86,"Oddly Smooth Stone":122,"Letter Opener":272,"War Paint":191,"Question Card":94,"Du-Vu Doll":540,"OrangePellets":754,"Bottled Flame":16,"Shuriken":97,"Bronze Scales":36,"Molten Egg 2":151,"Black Star":13,"Meat on the Bone":80,"Pocketwatch":129,"Darkstone Periapt":182,"SacredBark":360,"Enchiridion":68,"Mango":538,"Snake Skull":273,"Juzu Bracelet":141,"Incense Burner":560,"Empty Cage":103,"PrismaticShard":272,"ClockworkSouvenir":41,"Frozen Eye":877,"Tough Bandages":16,"Nunchaku":85,"Dream Catcher":355,"Mummified Hand":110,"Pantograph":11,"Gambling Chip":197,"Tiny Chest":16,"Red Mask":54,"Orichalcum":235,"Odd Mushroom":499,"Medical Kit":188,"White Beast Statue":11,"Mercury Hourglass":349,"Peace Pipe":62,"Calling Bell":80,"Cauldron":625,"Strange Spoon":739,"Anchor":338,"CaptainsWheel":349,"Bag of Marbles":267,"Coffee Dripper":848,"Membership Card":163,"FossilizedHelix":250,"TungstenRod":416},{"TwistedFunnel":2158,"Spirit Poop":4420,"Ginger":599,"Whetstone":611,"Bottled Tornado":309,"Boot":3447,"Sling":3991,"Old Coin":1918,"Blood Vial":722,"Sundial":249,"MealTicket":3304,"HandDrill":2775,"Kunai":183,"Pear":1796,"Blue Candle":1454,"Velvet Choker":4248,"Eternal Feather":781,"Tingsha":1567,"Pen Nib":2009,"Paper Crane":1834,"Akabeko":3135,"SlaversCollar":1359,"MutagenicStrength":843,"Bird Faced Urn":1121,"StrikeDummy":100,"Unceasing Top":1141,"Ring of the Serpent":2183,"Regal Pillow":206,"Lantern":1539,"Torii":183,"Singing Bowl":676,"StoneCalendar":1281,"Bag of Preparation":2061,"Ancient Tea Set":5,"Cursed Key":1617,"Smiling Mask":2575,"Matryoshka":750,"Shovel":3206,"WristBlade":661,"Ninja Scroll":996,"Toolbox":3633,"WingedGreaves":500,"Chemical X":129,"InkBottle":364,"Ring of the Snake":0,"Potion Belt":9,"Lee\u0027s Waffle":3638,"The Specimen":1567,"Golden Idol":5,"Thread and Needle":1436,"The Courier":1085,"PreservedInsect":1411,"Omamori":1121,"Frozen Egg 2":2226,"MawBank":1436,"Ornamental Fan":459,"Bloody Idol":873,"Orrery":367,"Turnip":676,"Art of War":500,"Bottled Lightning":139,"Toy Ornithopter":100,"Ice Cream":57,"Calipers":823,"Tiny House":5251,"Gremlin Horn":2719,"Nilry\u0027s Codex":4904,"CeramicFish":996,"HoveringKite":124,"Vajra":558,"Sozu":746,"Centennial Puzzle":1590,"Lizard Tail":1866,"HornCleat":3329,"DollysMirror":699,"Strawberry":637,"Prayer Wheel":755,"Toxic Egg 2":643,"Girya":1462,"Happy Flower":68,"Astrolabe":533,"Oddly Smooth Stone":696,"Letter Opener":1557,"War Paint":1131,"Question Card":574,"Du-Vu Doll":2986,"OrangePellets":4053,"Bottled Flame":94,"Shuriken":599,"Bronze Scales":206,"Molten Egg 2":801,"Black Star":79,"Meat on the Bone":500,"Pocketwatch":722,"Darkstone Periapt":1075,"SacredBark":2027,"Enchiridion":435,"Mango":2979,"Snake Skull":1562,"Juzu Bracelet":766,"Incense Burner":3065,"Empty Cage":621,"PrismaticShard":1557,"ClockworkSouvenir":234,"Frozen Eye":4692,"Tough Bandages":94,"Nunchaku":521,"Dream Catcher":2005,"Mummified Hand":652,"Pantograph":57,"Gambling Chip":1176,"Tiny Chest":94,"Red Mask":329,"Orichalcum":1384,"Odd Mushroom":2819,"Medical Kit":1117,"White Beast Statue":57,"Mercury Hourglass":1972,"Peace Pipe":387,"Calling Bell":500,"Cauldron":3355,"Strange Spoon":3981,"Anchor":1918,"CaptainsWheel":1972,"Bag of Marbles":1530,"Coffee Dripper":4530,"Membership Card":899,"FossilizedHelix":1462,"TungstenRod":2337}],"Ring of the Snake":[292]},"card_choices":[{"not_picked":["Poisoned Stab","Sucker Punch","Catalyst"],"picked":"Blade Dance","floor":1.0},{"not_picked":["Cloak And Dagger","Sucker Punch","Dodge and Roll"],"picked":"Footwork","floor":3.0},{"not_picked":["Flying Knee","Choke","Poisoned Stab","Dodge and Roll+1"],"picked":"SKIP","floor":12.0},{"not_picked":["Endless Agony","Slice","Deadly Poison+1","Riddle With Holes"],"picked":"SKIP","floor":13.0},{"not_picked":["Prepared+1","Quick Slash","Skewer"],"picked":"Phantasmal Killer+1","floor":14.0},{"not_picked":["Unload","Bullet Time+1","Phantasmal Killer+1"],"picked":"A Thousand Cuts","floor":16.0},{"not_picked":["Bane","Backflip+1","PiercingWail+1"],"picked":"Blade Dance+1","floor":18.0},{"not_picked":["Dagger Spray","Tactician+1","Endless Agony","Leg Sweep+1"],"picked":"SKIP","floor":21.0},{"not_picked":["Leg Sweep+1","Bane","Reflex+1","Backflip+1"],"picked":"SKIP","floor":23.0},{"not_picked":["Leg Sweep+1","Bane","Reflex+1","Backflip+1"],"picked":"SKIP","floor":23.0},{"not_picked":["Acrobatics+1","Deflect+1","Noxious Fumes"],"picked":"Accuracy","floor":25.0},{"not_picked":["Deadly Poison+1","Flying Knee","Backflip+1","Unload"],"picked":"SKIP","floor":27.0},{"not_picked":["Flying Knee+1","Dagger Throw+1","Leg Sweep+1"],"picked":"Footwork","floor":29.0},{"not_picked":["Distraction+1","Flying Knee+1","Prepared+1","Deadly Poison+1"],"picked":"SKIP","floor":31.0},{"not_picked":["Doppelganger+1","Grand Finale+1","Venomology+1"],"picked":"A Thousand Cuts","floor":33.0},{"not_picked":["Skewer+1","Deadly Poison+1","Well Laid Plans+1"],"picked":"Cloak And Dagger+1","floor":35.0},{"not_picked":["Backflip+1","Quick Slash+1","Acrobatics+1"],"picked":"Accuracy","floor":36.0},{"not_picked":["Dodge and Roll+1","Outmaneuver+1","Blade Dance+1"],"picked":"Escape Plan+1","floor":37.0},{"not_picked":["Sucker Punch+1","Tactician+1","Masterful Stab+1"],"picked":"Expertise+1","floor":38.0},{"not_picked":["Bane+1","Riddle With Holes+1","Prepared+1"],"picked":"Envenom","floor":39.0},{"not_picked":["Flying Knee+1","Leg Sweep+1","Endless Agony+1","Noxious Fumes+1"],"picked":"SKIP","floor":40.0},{"not_picked":["Finisher+1","Reflex+1","Underhanded Strike+1"],"picked":"Backflip+1","floor":41.0},{"not_picked":["Flying Knee+1","Slice+1","Masterful Stab+1"],"picked":"Prepared+1","floor":42.0},{"not_picked":["PiercingWail+1","Eviscerate+1","Concentrate+1"],"picked":"Blade Dance+1","floor":47.0},{"not_picked":["Cloak And Dagger+1","Finisher+1","Deadly Poison+1"],"picked":"Acrobatics+1","floor":54}],"player_experience":869133,"relics_obtained":[{"floor":9.0,"key":"Toxic Egg 2"},{"floor":17.0,"key":"War Paint"},{"floor":17.0,"key":"Letter Opener"},{"floor":17.0,"key":"Torii"},{"floor":23.0,"key":"Strawberry"},{"floor":25.0,"key":"Paper Crane"},{"floor":26.0,"key":"Nunchaku"},{"floor":29.0,"key":"Molten Egg 2"},{"floor":36.0,"key":"CaptainsWheel"},{"floor":40.0,"key":"Orichalcum"},{"floor":43.0,"key":"White Beast Statue"},{"floor":44.0,"key":"Thread and Needle"},{"floor":54,"key":"Happy Flower"}],"event_choices":[{"damage_healed":0.0,"max_hp_gain":0.0,"max_hp_loss":5.0,"gold_gain":0.0,"event_name":"Golden Idol","player_choice":"Lose Max HP","floor":4.0,"gold_loss":0.0,"damage_taken":0.0,"relics_obtained":["Golden Idol"]},{"damage_healed":0.0,"max_hp_gain":0.0,"max_hp_loss":0.0,"gold_gain":0.0,"event_name":"Living Wall","player_choice":"Grow","floor":7.0,"gold_loss":0.0,"damage_taken":0.0,"cards_upgraded":["Neutralize"]},{"cards_removed":["Strike_G"],"damage_healed":0.0,"max_hp_gain":0.0,"max_hp_loss":0.0,"gold_gain":0.0,"event_name":"The Cleric","player_choice":"Card Removal","floor":11.0,"gold_loss":50.0,"damage_taken":0.0},{"cards_removed":["Strike_G"],"damage_healed":0.0,"max_hp_gain":0.0,"max_hp_loss":0.0,"gold_gain":0.0,"event_name":"Designer","player_choice":"Upgrade and Remove","floor":19.0,"gold_loss":90.0,"damage_taken":0.0,"cards_upgraded":["Defend_G"]},{"damage_healed":0.0,"max_hp_gain":0.0,"max_hp_loss":0.0,"gold_gain":0.0,"event_name":"Match and Keep!","player_choice":"2 cards matched","floor":22.0,"gold_loss":0.0,"damage_taken":0.0,"cards_obtained":["Finesse","Accuracy"]},{"damage_healed":0.0,"max_hp_gain":0.0,"max_hp_loss":0.0,"gold_gain":0.0,"event_name":"The Mausoleum","player_choice":"Opened","floor":30.0,"gold_loss":0.0,"damage_taken":0.0,"relics_obtained":["Mummified Hand"]},{"damage_healed":0.0,"max_hp_gain":0.0,"max_hp_loss":0.0,"gold_gain":0.0,"event_name":"Mysterious Sphere","player_choice":"Fight","floor":36.0,"gold_loss":0.0,"damage_taken":0.0},{"damage_healed":0.0,"max_hp_gain":0.0,"max_hp_loss":0.0,"gold_gain":0.0,"event_name":"MindBloom","player_choice":"Fight","floor":44.0,"gold_loss":0.0,"damage_taken":0.0},{"cards_removed":["A Thousand Cuts"],"damage_healed":0.0,"max_hp_gain":0.0,"max_hp_loss":0.0,"gold_gain":0.0,"event_name":"Purifier","player_choice":"Purged","floor":45.0,"gold_loss":0.0,"damage_taken":0.0}],"is_beta":false,"boss_relics":[{"not_picked":["Cursed Key","Pandora\u0027s Box"],"picked":"Calling Bell"},{"not_picked":["HoveringKite","Coffee Dripper"],"picked":"SacredBark"}],"items_purged_floors":[0,0,20],"is_endless":false,"potions_floor_spawned":[3,12,18,27,29,33,37,39,41,44,47,48,54],"ascension_level":0}}