{"host":"a3jrmgpelfdupjt8","time":1614313859,"event":{"mods":["AchievementEnabler","Act Like it!","BaseMod","Better Match","Better Note","Better Third Choice","Colored Map","Colored Powertips","Downfall","Infinite Spire","Minty Spire (QoL Compilation)","Rare Cards Sparkle","Replay The Spire","Shop Mod","Spicy Shops","StSLib","The Blue Laboratory"],"gold_per_floor":[99,99,274,117,117,117,117,139,139,160,160,183,183,207,228,334,334,334,357,357,357,357],"floor_reached":20,"language":"ENG","playtime":1140,"items_purged":[],"score":162,"play_id":"4cfd0a80-b98e-4c18-aa1f-4ed5968a5db5","local_time":"20210225233059","is_ascension_mode":false,"campfire_choices":[{"data":"Slimebound:Split","floor":1,"key":"SMITH"},{"data":"Slimebound:Strike_Slimebound","floor":9,"key":"SMITH"},{"floor":11,"key":"REST"},{"floor":13,"key":"REST"},{"floor":18,"key":"RECALL"}],"circlet_count":0,"master_deck":["Slimebound:Strike_Slimebound","Slimebound:Strike_Slimebound","Slimebound:Strike_Slimebound","Slimebound:Tackle","Slimebound:Defend_Slimebound","Slimebound:Defend_Slimebound","Slimebound:Defend_Slimebound","Slimebound:Defend_Slimebound","Slimebound:Split+1","Slimebound:CorrosiveSpit","Slimebound:SlimeSpikes","Doubt","Slimebound:Chomp","Slimebound:SplitLeeching","Slimebound:Equalize","Slimebound:LeechEnergy","Slimebound:Repurpose","Slimebound:Replication","Slimebound:SplitMire","Slimebound:MegaLick","Slimebound:HauntingLick","Slimebound:DuplicatedForm","Slimebound:TongueLash+1"],"relics":["Slimebound:AbsorbEndCombat","downfall:HeartsMalice","Replay:Bandana","Simple Rune","ReplayTheSpireMod:DimensionalGlitch"],"acts_visited":["Exordium","TheCity"],"potions_floor_usage":[15,16],"damage_taken":[{"damage":0,"enemies":"Cultist","floor":2,"turns":1},{"damage":0,"enemies":"downfall:FleeingMerchant","floor":4,"turns":1},{"damage":0,"enemies":"Small Slimes","floor":6,"turns":1},{"damage":0,"enemies":"2 Louse","floor":8,"turns":3},{"damage":19,"enemies":"2 Fungi Beasts","floor":10,"turns":4},{"damage":41,"enemies":"Exordium Thugs","floor":12,"turns":6},{"damage":13,"enemies":"Blue Slaver","floor":14,"turns":3},{"damage":3,"enemies":"Large Slime","floor":15,"turns":5},{"damage":37,"enemies":"IC_STATUS_ARCHETYPE","floor":16,"turns":10},{"damage":55,"enemies":"downfall:LooterAlt2","floor":19,"turns":4},{"damage":28,"enemies":"Chosen","floor":20,"turns":1}],"seed_played":"6545877287431520319","potions_obtained":[{"floor":12,"key":"FearPotion"},{"floor":14,"key":"Block Potion"},{"floor":15,"key":"SkillPotion"}],"is_trial":false,"path_per_floor":["R","M","?","$","?","M","T","M","R","M","R","M","R","M","M","B",null,"R","M","M"],"character_chosen":"SLIMEBOUND","items_purchased":["Replay:Bandana"],"campfire_rested":2,"item_purchase_floors":[4],"current_hp_per_floor":[65,65,65,65,65,65,65,65,65,46,65,28,47,36,43,22,65,65,27,0,0,0],"gold":357,"neow_bonus":"THREE_ENEMY_KILL","is_daily":false,"chose_seed":false,"campfire_upgraded":2,"win_rate":0.0,"timestamp":1614313859,"path_taken":["R","M","?","$","?","M","T","M","R","M","R","?","R","?","M","BOSS","R","M","M"],"items_purchased_type":["Relic"],"build_version":"2020-12-22","purchased_purges":0,"victory":false,"max_hp_per_floor":[65,65,65,65,65,65,65,65,65,65,65,65,65,65,65,65,65,65,65,65,65,65],"card_choices":[{"not_picked":["Slimebound:FlameTackle","Slimebound:LivingWall"],"picked":"Slimebound:SlimeSpikes","floor":2},{"not_picked":["Slimebound:Equalize","Slimebound:Dissolve"],"picked":"Slimebound:Chomp","floor":4},{"not_picked":["Slimebound:SpikyOuterGoop","Slimebound:Replication"],"picked":"Slimebound:LeechEnergy","floor":6},{"not_picked":["Slimebound:Schlurp","Slimebound:Grow"],"picked":"Slimebound:Repurpose","floor":8},{"not_picked":["Slimebound:GoopTackle","Slimebound:Prepare"],"picked":"Slimebound:Replication","floor":10},{"not_picked":["Slimebound:GoopTackle","Slimebound:LeechingTouch"],"picked":"Slimebound:SplitMire","floor":12},{"not_picked":["Slimebound:SplitAcid","Slimebound:SplitBruiser"],"picked":"Slimebound:MegaLick","floor":14},{"not_picked":["Slimebound:LeechEnergy","Slimebound:ProtectTheBoss"],"picked":"Slimebound:HauntingLick","floor":15},{"not_picked":["Slimebound:CheckThePlaybook","Slimebound:LeechLife"],"picked":"Slimebound:DuplicatedForm","floor":16},{"not_picked":["Slimebound:RollThrough","Slimebound:Schlurp"],"picked":"Slimebound:TongueLash+1","floor":19}],"player_experience":144677,"relics_obtained":[{"floor":7,"key":"Simple Rune"}],"event_choices":[],"is_beta":false,"boss_relics":[{"not_picked":["Slimebound:TarBlob","Ring of Chaos"],"picked":"ReplayTheSpireMod:DimensionalGlitch"}],"items_purged_floors":[],"is_endless":false,"potions_floor_spawned":[12,14,15],"killed_by":"Chosen","ascension_level":0}}