{"host":"bf5upntvbdompq33","time":1614303900,"event":{"mods":["BaseMod","Bestiary","Colored Map","Colored Powertips","Curses Come First","Highlight Path","Minty Spire (QoL Compilation)","StSLib","ojb\u0027s Info Mod"],"gold_per_floor":[110,125,125,145,41,74,74,74,74],"floor_reached":8,"language":"ENG","playtime":626,"items_purged":[],"score":90,"play_id":"1c7543b5-183a-4324-aa6a-37ab86c1004b","local_time":"20210225184500","is_ascension_mode":true,"campfire_choices":[],"circlet_count":0,"master_deck":["AscendersBane","Strike_G","Strike_G","Strike_G","Strike_G","Strike_G","Defend_G","Defend_G","Defend_G","Defend_G","Defend_G","Survivor","Neutralize","Wraith Form v2","Terror","Footwork","Dodge and Roll","Deadly Poison","Sucker Punch","Quick Slash"],"relics":["Ring of the Snake","Art of War"],"acts_visited":["Exordium"],"potions_floor_usage":[6,8],"damage_taken":[{"damage":13,"enemies":"Small Slimes","floor":1,"turns":6},{"damage":4,"enemies":"Jaw Worm","floor":2,"turns":4},{"damage":1,"enemies":"Cultist","floor":4,"turns":6},{"damage":3,"enemies":"Gremlin Nob","floor":6,"turns":5},{"damage":44,"enemies":"3 Sentries","floor":8,"turns":9}],"seed_played":"-4902025570914042610","potions_obtained":[{"floor":1,"key":"AttackPotion"},{"floor":4,"key":"GamblersBrew"},{"floor":7,"key":"Explosive Potion"}],"is_trial":false,"path_per_floor":["M","M","?","M","$","E","?","E"],"character_chosen":"THE_SILENT","items_purchased":["Deadly Poison","Sucker Punch"],"campfire_rested":0,"item_purchase_floors":[5,5],"current_hp_per_floor":[50,46,46,45,45,42,42,0,0],"gold":74,"neow_bonus":"THREE_RARE_CARDS","is_daily":false,"chose_seed":false,"campfire_upgraded":0,"win_rate":0.0,"timestamp":1614303900,"path_taken":["M","M","?","M","$","E","?","E"],"items_purchased_type":["Card","Card"],"build_version":"2020-12-22","purchased_purges":0,"victory":false,"max_hp_per_floor":[63,63,63,63,63,63,63,63,63],"card_choices":[{"not_picked":["Envenom","Burst"],"picked":"Wraith Form v2","floor":0},{"not_picked":["Distraction","Sucker Punch"],"picked":"Terror","floor":1},{"not_picked":["Endless Agony","Caltrops"],"picked":"Footwork","floor":2},{"not_picked":["Caltrops","Underhanded Strike"],"picked":"Dodge and Roll","floor":4},{"not_picked":["Well Laid Plans","Outmaneuver"],"picked":"Quick Slash","floor":6}],"player_experience":1745036,"relics_obtained":[{"floor":6,"key":"Art of War"}],"event_choices":[{"damage_healed":0,"gold_gain":0,"player_choice":"Ignored","damage_taken":0,"max_hp_gain":0,"max_hp_loss":0,"event_name":"Shining Light","floor":3,"gold_loss":0},{"damage_healed":0,"gold_gain":0,"player_choice":"Got Potions","damage_taken":0,"max_hp_gain":0,"max_hp_loss":0,"event_name":"Lab","floor":7,"gold_loss":0}],"is_beta":false,"boss_relics":[],"items_purged_floors":[],"is_endless":false,"potions_floor_spawned":[1,4],"killed_by":"3 Sentries","ascension_level":12}}