{"host":"3xw0a45c096y5vpc","time":1614316158,"event":{"mods":["BaseMod","Minty Spire (QoL Compilation)","StSLib"],"gold_per_floor":[118,137,153,173,242,242,267,267,267,72,72,96,96,109,109,199,199,220,3,17,32,32,32],"floor_reached":22,"language":"ENG","playtime":1011,"items_purged":["Strike_G"],"score":376,"play_id":"a9a16b16-c26e-4b10-9853-68d5b0bf284e","local_time":"20210226000918","is_ascension_mode":true,"campfire_choices":[{"floor":6.0,"key":"REST"},{"floor":8.0,"key":"REST"},{"floor":13,"key":"REST"},{"data":"Noxious Fumes","floor":15,"key":"SMITH"}],"circlet_count":0,"master_deck":["AscendersBane","Strike_G","Strike_G","Strike_G","Defend_G","Defend_G","Defend_G","Defend_G","Survivor","Neutralize","Flying Knee","Dagger Spray","Choke","Noxious Fumes+1","Dash","Calculated Gamble","Leg Sweep","Adrenaline","Cloak And Dagger","Blade Dance","Finisher","Slice","Backflip+1"],"relics":["Ring of the Snake","Calipers","Golden Idol","WristBlade"],"acts_visited":["Exordium","TheCity"],"potions_floor_usage":[16,21],"damage_taken":[{"damage":0.0,"enemies":"Cultist","floor":1.0,"turns":4.0},{"damage":1.0,"enemies":"2 Louse","floor":2.0,"turns":3.0},{"damage":4.0,"enemies":"Small Slimes","floor":3.0,"turns":3.0},{"damage":18.0,"enemies":"Exordium Thugs","floor":4.0,"turns":6.0},{"damage":39.0,"enemies":"Lagavulin","floor":7.0,"turns":8.0},{"damage":2,"enemies":"Exordium Wildlife","floor":12,"turns":3},{"damage":4,"enemies":"2 Fungi Beasts","floor":14,"turns":4},{"damage":17,"enemies":"Hexaghost","floor":16,"turns":9},{"damage":22,"enemies":"Shell Parasite","floor":18,"turns":8},{"damage":1,"enemies":"3 Byrds","floor":20,"turns":4},{"damage":29,"enemies":"Snake Plant","floor":21,"turns":5},{"damage":37,"enemies":"Snecko","floor":22,"turns":5}],"seed_played":"3847040722540186189","potions_obtained":[{"floor":7.0,"key":"DuplicationPotion"},{"floor":14,"key":"FairyPotion"},{"floor":16,"key":"Regen Potion"},{"floor":21,"key":"FearPotion"}],"is_trial":false,"path_per_floor":["M","M","M","M","?","R","E","R","T","$","?","M","R","M","R","B",null,"M","$","M","M","M"],"character_chosen":"THE_SILENT","items_purchased":["Calculated Gamble","CultistPotion","Blade Dance","Finisher"],"campfire_rested":3,"item_purchase_floors":[10,10,19,19],"current_hp_per_floor":[44,43,39,21,21,40,1,20,20,20,20,18,36,32,32,15,49,27,27,26,12,0,0],"gold":32,"neow_bonus":"REMOVE_TWO","is_daily":false,"chose_seed":false,"campfire_upgraded":1,"win_rate":0.0,"timestamp":1614316158,"path_taken":["M","M","?","M","?","R","E","R","T","$","?","?","R","M","R","BOSS","M","$","M","M","M"],"items_purchased_type":["Card","Potion","Card","Card"],"build_version":"2020-12-22","purchased_purges":1,"victory":false,"max_hp_per_floor":[66,66,66,66,66,66,66,66,66,66,60,60,60,60,60,60,60,60,60,60,60,60,60],"card_choices":[{"not_picked":["Prepared","Dodge and Roll"],"picked":"Flying Knee","floor":1.0},{"not_picked":["Sucker Punch","Deflect"],"picked":"Dagger Spray","floor":2.0},{"not_picked":["Grand Finale","Poisoned Stab"],"picked":"Choke","floor":3.0},{"not_picked":["Riddle With Holes","Underhanded Strike"],"picked":"Noxious Fumes","floor":4.0},{"not_picked":["Dagger Throw","Distraction"],"picked":"Dash","floor":7.0},{"not_picked":["Quick Slash","Infinite Blades","Expertise"],"picked":"SKIP","floor":12},{"not_picked":["Dagger Spray","Acrobatics"],"picked":"Leg Sweep","floor":14},{"not_picked":["Tools of the Trade","Night Terror"],"picked":"Adrenaline","floor":16},{"not_picked":["Dagger Spray","Sucker Punch+1"],"picked":"Cloak And Dagger","floor":18},{"not_picked":["Heel Hook","Expertise"],"picked":"Slice","floor":20},{"not_picked":["Dash","Deflect"],"picked":"Backflip+1","floor":21}],"player_experience":633964,"relics_obtained":[{"floor":9.0,"key":"Calipers"}],"event_choices":[{"damage_healed":0.0,"max_hp_gain":0.0,"max_hp_loss":0.0,"gold_gain":69.0,"event_name":"Golden Wing","player_choice":"Gained Gold","floor":5.0,"gold_loss":0.0,"damage_taken":0.0},{"damage_healed":0.0,"max_hp_gain":0.0,"max_hp_loss":6.0,"gold_gain":0.0,"event_name":"Golden Idol","player_choice":"Lose Max HP","floor":11.0,"gold_loss":0.0,"damage_taken":0.0,"relics_obtained":["Golden Idol"]}],"is_beta":false,"boss_relics":[{"not_picked":["Philosopher\u0027s Stone","Coffee Dripper"],"picked":"WristBlade"}],"items_purged_floors":[19],"is_endless":false,"potions_floor_spawned":[7,14,16,20,21],"killed_by":"Snecko","ascension_level":20}}