{"host":"gzsdmyo07u314vug","time":1614344478,"event":{"mods":["2.2 Compatiblity","Astrologer","BaseMod","Colored Powertips","GifTheSpireLib","Gremlin Mod","Hermit","Jorbs\u0027s Wanderer Trilogy","Minty Spire (QoL Compilation)","Quick Restart","Rare Cards Sparkle","Relic Stats","Replay The Spire","Robot Space Explorer","Shop Mod","StSLib","The Bladedancer","The Bug Knight","The Construct","The Cursed","The Elementalist","The Hierophant","The IronCluck","The Marked","The Necromancer","The Runesmith","The Servant 0.9.4","Unceasing Turn Reminder","everything is the same but u backflip on backflip","slay the spire mod where everything is the same but ironclad has a cowboy hat"],"gold_per_floor":[16,29,29,304,229,229,243,243,243,255,270,270,270,287,287,364,364,374,392,411,427,446,446,465,465,465],"floor_reached":25,"language":"ENG","playtime":981,"items_purged":["Regret"],"score":352,"play_id":"7040c92f-1847-42e6-876a-b00a3ab12027","local_time":"20210226100118","is_ascension_mode":true,"campfire_choices":[{"floor":6,"key":"REST"},{"floor":12,"key":"REST"},{"floor":15,"key":"REST"},{"floor":23,"key":"REST"}],"circlet_count":0,"master_deck":["AscendersBane","Strike_B","Strike_B","Defend_B","Defend_B","Defend_B","Zap+1","Dualcast+1","Tempest","Streamline","Mirror Shield","Compile Driver","Capacitor","Crystallizer"],"relics":["Cracked Core","Potion Belt","Sozu"],"acts_visited":["Exordium","TheCity"],"potions_floor_usage":[13,16,19],"damage_taken":[{"damage":8,"enemies":"2 Louse","floor":1,"turns":3},{"damage":2,"enemies":"Jaw Worm","floor":2,"turns":3},{"damage":1,"enemies":"Cultist","floor":7,"turns":3},{"damage":10,"enemies":"3 Louse","floor":10,"turns":3},{"damage":20,"enemies":"Gremlin Gang","floor":11,"turns":4},{"damage":0,"enemies":"Lots of Slimes","floor":13,"turns":1},{"damage":8,"enemies":"Blue Slaver","floor":14,"turns":3},{"damage":27,"enemies":"Slime Boss","floor":16,"turns":11},{"damage":1,"enemies":"Spheric Guardian","floor":18,"turns":3},{"damage":9,"enemies":"Shell Parasite","floor":19,"turns":3},{"damage":7,"enemies":"Snecko","floor":20,"turns":5},{"damage":25,"enemies":"Shelled Parasite and Fungi","floor":21,"turns":6},{"damage":15,"enemies":"Snake Plant","floor":22,"turns":3},{"damage":17,"enemies":"Snecko","floor":24,"turns":6},{"damage":8,"enemies":"Shelled Parasite and Fungi","floor":25,"turns":2}],"seed_played":"-1180288418823423776","potions_obtained":[{"floor":1,"key":"Venom Potion"},{"floor":10,"key":"SmokeBomb"},{"floor":14,"key":"Adrenaline Potion"},{"floor":16,"key":"Fire Potion"}],"is_trial":false,"path_per_floor":["M","M","?","?","$","R","M","?","T","M","M","R","M","M","R","B",null,"M","M","M","M","M","R","M","M"],"character_chosen":"DEFECT","items_purchased":[],"campfire_rested":4,"item_purchase_floors":[],"current_hp_per_floor":[56,54,33,33,33,54,53,53,53,43,23,44,44,36,57,30,61,60,51,44,19,4,25,8,0,0],"gold":465,"neow_bonus":"REMOVE_TWO","is_daily":false,"chose_seed":false,"campfire_upgraded":0,"win_rate":0.0,"timestamp":1614344478,"path_taken":["M","M","?","?","$","R","?","?","T","M","M","R","?","M","R","BOSS","M","M","M","M","?","R","M","M"],"items_purchased_type":[],"build_version":"2020-12-22","purchased_purges":1,"victory":false,"max_hp_per_floor":[71,71,71,71,71,71,71,71,71,71,71,71,71,71,71,71,71,71,71,71,71,71,71,71,71,71],"relic_stats":{"Sozu":4,"counters":[15,59],"obtain_stats":[{"Potion Belt":9,"Sozu":17,"Cracked Core":0},{"Potion Belt":3,"Sozu":8,"Cracked Core":0},{"Potion Belt":9,"Sozu":31,"Cracked Core":0}]},"card_choices":[{"not_picked":["Double Energy","Steam Power","BasicCrystalCard"],"picked":"SKIP","floor":1},{"not_picked":["Sweeping Beam","Turbo","Stack"],"picked":"SKIP","floor":2},{"not_picked":["FIFO Queue","ReplaySolidLightProjector","ReplayTheSpireMod:Reroute Power"],"picked":"SKIP","floor":7},{"not_picked":["Compile Driver","ReplayTheSpireMod:Reroute Power"],"picked":"Tempest","floor":10},{"not_picked":["Hologram","Compile Driver"],"picked":"Streamline","floor":11},{"not_picked":["Rebound","ReplayTheSpireMod:System Scan","Redo"],"picked":"SKIP","floor":14},{"not_picked":["Thunder Strike","Machine Learning"],"picked":"Mirror Shield","floor":16},{"not_picked":["Steam+1","Self Repair"],"picked":"Compile Driver","floor":18},{"not_picked":["Tempest","Redo","Beam Cell"],"picked":"SKIP","floor":19},{"not_picked":["Streamline","Leap"],"picked":"Capacitor","floor":20},{"not_picked":["Coolheaded","Steam Power"],"picked":"Crystallizer","floor":21},{"not_picked":["Coolheaded","Lockon","Barrage"],"picked":"SKIP","floor":22},{"not_picked":["Coolheaded","Core Surge","Sweeping Beam"],"picked":"SKIP","floor":24}],"player_experience":971853,"relics_obtained":[{"floor":9,"key":"Potion Belt"}],"event_choices":[{"damage_healed":0,"gold_gain":0,"player_choice":"Entered Light","damage_taken":21,"max_hp_gain":0,"max_hp_loss":0,"event_name":"Shining Light","floor":3,"gold_loss":0,"cards_upgraded":["Zap","Dualcast"]},{"damage_healed":0,"gold_gain":275,"player_choice":"Desecrate","damage_taken":0,"max_hp_gain":0,"max_hp_loss":0,"event_name":"Golden Shrine","floor":4,"gold_loss":0,"cards_obtained":["Regret"]},{"cards_removed":["Strike_B"],"damage_healed":0,"gold_gain":0,"player_choice":"Purged","damage_taken":0,"max_hp_gain":0,"max_hp_loss":0,"event_name":"Purifier","floor":8,"gold_loss":0}],"is_beta":false,"boss_relics":[{"not_picked":["Runic Dome","Pandora\u0027s Box"],"picked":"Sozu"}],"items_purged_floors":[5],"is_endless":false,"potions_floor_spawned":[1,10,14,16,18,20,22,24],"killed_by":"Shelled Parasite and Fungi","ascension_level":15}}