{"host":"41yb08u5hvoqx9xd","time":1614346212,"event":{"mods":["BaseMod","Minty Spire (QoL Compilation)","Relic Stats"],"gold_per_floor":[119,119,119,119,133,133,153,185,185,211,211,243,243,259,259,333,333,350,364,79,79,91,118,118,118,190,205,239,249,299,311,311,385,385,404,419,472,472,492,526,526,526],"floor_reached":41,"language":"ENG","playtime":53607,"items_purged":["Strike_G"],"score":1012,"play_id":"1ad400ed-9e5b-4250-ad2a-0769d78eca2b","local_time":"20210226083012","is_ascension_mode":true,"campfire_choices":[{"data":"Sucker Punch","floor":6.0,"key":"SMITH"},{"data":"Corpse Explosion","floor":11.0,"key":"SMITH"},{"data":"Backflip","floor":13.0,"key":"SMITH"},{"data":"Bane","floor":15.0,"key":"SMITH"},{"floor":32.0,"key":"REST"}],"circlet_count":0,"master_deck":["AscendersBane","Strike_G+1","Strike_G","Strike_G","Strike_G","Defend_G","Defend_G","Defend_G+1","Defend_G","Survivor+1","Neutralize","Sucker Punch+1","Corpse Explosion+1","Bane+1","Backflip+1","Wraith Form v2","Deadly Poison","Footwork","Poisoned Stab+1","Tools of the Trade","Decay"],"relics":["Ring of the Snake","Singing Bowl","Oddly Smooth Stone","Pocketwatch","StoneCalendar","Ice Cream","Sozu","Toolbox","Nilry\u0027s Codex","Blood Vial","Bottled Tornado","War Paint","Snecko Eye","Girya","Bottled Flame"],"acts_visited":["Exordium","TheCity","TheBeyond"],"potions_floor_usage":[],"damage_taken":[{"damage":0.0,"enemies":"Jaw Worm","floor":1.0,"turns":4.0},{"damage":0.0,"enemies":"Cultist","floor":5.0,"turns":3.0},{"damage":0.0,"enemies":"2 Louse","floor":7.0,"turns":2.0},{"damage":3.0,"enemies":"Gremlin Nob","floor":8.0,"turns":3.0},{"damage":4.0,"enemies":"Lagavulin","floor":10.0,"turns":6.0},{"damage":1.0,"enemies":"3 Sentries","floor":12.0,"turns":2.0},{"damage":1.0,"enemies":"2 Fungi Beasts","floor":14.0,"turns":2.0},{"damage":5.0,"enemies":"Hexaghost","floor":16.0,"turns":8.0},{"damage":16.0,"enemies":"Shell Parasite","floor":18.0,"turns":4.0},{"damage":0.0,"enemies":"Chosen","floor":19.0,"turns":4.0},{"damage":0.0,"enemies":"Snecko","floor":22.0,"turns":5.0},{"damage":15.0,"enemies":"Book of Stabbing","floor":23.0,"turns":5.0},{"damage":1.0,"enemies":"Chosen and Byrds","floor":27.0,"turns":6.0},{"damage":1.0,"enemies":"Gremlin Leader","floor":28.0,"turns":6.0},{"damage":3.0,"enemies":"Snake Plant","floor":29.0,"turns":4.0},{"damage":17.0,"enemies":"Cultist and Chosen","floor":31.0,"turns":4.0},{"damage":28.0,"enemies":"Collector","floor":33.0,"turns":10.0},{"damage":1.0,"enemies":"3 Darklings","floor":35.0,"turns":3.0},{"damage":1.0,"enemies":"Orb Walker","floor":36.0,"turns":3.0},{"damage":17.0,"enemies":"2 Orb Walkers","floor":37.0,"turns":4.0},{"damage":9.0,"enemies":"Jaw Worm Horde","floor":39.0,"turns":3.0},{"damage":34,"enemies":"Reptomancer","floor":40,"turns":6},{"damage":30,"enemies":"Transient","floor":41,"turns":5}],"seed_played":"-2085325991365579731","potions_obtained":[{"floor":4.0,"key":"ColorlessPotion"},{"floor":4.0,"key":"EssenceOfSteel"},{"floor":10.0,"key":"SpeedPotion"}],"is_trial":false,"path_per_floor":["M","?","T","?","M","R","M","E","T","E","R","E","R","M","R","B",null,"M","M","$","?","M","E","?","?","T","M","E","M","?","M","R","B",null,"M","M","?","?","M","E","M"],"character_chosen":"THE_SILENT","items_purchased":["Footwork","Toolbox"],"campfire_rested":1,"item_purchase_floors":[20,20],"current_hp_per_floor":[59,39,39,39,41,41,41,38,38,36,36,35,35,36,36,31,62,48,48,48,27,27,12,27,27,27,30,33,34,34,21,45,21,68,71,74,61,61,56,26,0,0],"gold":526,"neow_bonus":"TRANSFORM_CARD","is_daily":false,"chose_seed":false,"campfire_upgraded":4,"win_rate":0.0,"timestamp":1614346212,"path_taken":["M","?","?","?","M","R","M","E","T","E","R","E","R","M","R","BOSS","M","?","$","?","M","E","?","?","T","M","E","M","?","M","R","BOSS","M","?","?","?","M","E","M"],"items_purchased_type":["Card","Relic"],"build_version":"2020-12-22","purchased_purges":1,"victory":false,"max_hp_per_floor":[66,66,66,66,68,68,68,68,68,70,70,70,70,72,72,72,72,74,74,74,74,74,74,74,74,74,76,78,80,80,82,82,84,84,86,88,90,90,92,94,94,94],"relic_stats":{"Sozu":6,"Blood Vial":22,"Singing Bowl":28,"counters":[23,102],"Snecko Eye":[44,48,43,51],"StoneCalendar":[188],"War Paint":["Defend_G","Survivor"],"obtain_stats":[{"Ice Cream":12,"Girya":37,"Singing Bowl":3,"Nilry\u0027s Codex":21,"Oddly Smooth Stone":8,"StoneCalendar":10,"Bottled Tornado":26,"War Paint":28,"Sozu":17,"Blood Vial":23,"Bottled Flame":40,"Toolbox":20,"Snecko Eye":34,"Ring of the Snake":0,"Pocketwatch":9},{"Ice Cream":6,"Girya":20,"Singing Bowl":1,"Nilry\u0027s Codex":10,"Oddly Smooth Stone":4,"StoneCalendar":5,"Bottled Tornado":12,"War Paint":14,"Sozu":8,"Blood Vial":12,"Bottled Flame":22,"Toolbox":10,"Snecko Eye":17,"Ring of the Snake":0,"Pocketwatch":4},{"Ice Cream":20,"Girya":88,"Singing Bowl":4,"Nilry\u0027s Codex":38,"Oddly Smooth Stone":12,"StoneCalendar":18,"Bottled Tornado":48,"War Paint":60,"Sozu":30,"Blood Vial":48,"Bottled Flame":97,"Toolbox":38,"Snecko Eye":78,"Ring of the Snake":0,"Pocketwatch":12}],"Ring of the Snake":[46],"Pocketwatch":[66]},"card_choices":[{"not_picked":["Dagger Spray","Backflip"],"picked":"Poisoned Stab","floor":1.0},{"not_picked":["Cloak And Dagger","Expertise","Escape Plan"],"picked":"Singing Bowl","floor":5.0},{"not_picked":["Quick Slash","Slice"],"picked":"Corpse Explosion","floor":7.0},{"not_picked":["Crippling Poison","Flying Knee"],"picked":"Bane","floor":8.0},{"not_picked":["Cloak And Dagger","Sucker Punch","Dagger Spray"],"picked":"Singing Bowl","floor":10.0},{"not_picked":["Dagger Spray","Skewer"],"picked":"Backflip","floor":12.0},{"not_picked":["Sucker Punch","Bane","Flechettes"],"picked":"Singing Bowl","floor":14.0},{"not_picked":["Corpse Explosion","Doppelganger"],"picked":"Wraith Form v2","floor":16.0},{"not_picked":["PiercingWail","Deflect","Sucker Punch"],"picked":"Singing Bowl","floor":18.0},{"not_picked":["Concentrate+1","Finisher"],"picked":"Deadly Poison","floor":19.0},{"not_picked":["Blade Dance","Setup"],"picked":"Poisoned Stab+1","floor":22.0},{"not_picked":["PiercingWail","Quick Slash"],"picked":"Tools of the Trade","floor":23.0},{"not_picked":["Outmaneuver","Deadly Poison","Quick Slash"],"picked":"Singing Bowl","floor":27.0},{"not_picked":["Underhanded Strike","Escape Plan","Noxious Fumes"],"picked":"Singing Bowl","floor":28.0},{"not_picked":["Die Die Die","Outmaneuver","Dash"],"picked":"Singing Bowl","floor":29.0},{"not_picked":["Finisher","Prepared","Underhanded Strike"],"picked":"Singing Bowl","floor":31.0},{"not_picked":["Envenom","Grand Finale","After Image"],"picked":"Singing Bowl","floor":33.0},{"not_picked":["Dagger Spray+1","Slice","Bouncing Flask"],"picked":"Singing Bowl","floor":35.0},{"not_picked":["Deadly Poison","Dagger Spray","Deflect"],"picked":"Singing Bowl","floor":36.0},{"not_picked":["Acrobatics","Well Laid Plans","Burst"],"picked":"Singing Bowl","floor":37.0},{"not_picked":["Bane","Dagger Throw","Quick Slash"],"picked":"Singing Bowl","floor":39.0},{"not_picked":["Outmaneuver+1","Deflect","Expertise+1"],"picked":"Singing Bowl","floor":40}],"player_experience":656680,"relics_obtained":[{"floor":3.0,"key":"Singing Bowl"},{"floor":8.0,"key":"Oddly Smooth Stone"},{"floor":9.0,"key":"Pocketwatch"},{"floor":10.0,"key":"StoneCalendar"},{"floor":12.0,"key":"Ice Cream"},{"floor":21.0,"key":"Nilry\u0027s Codex"},{"floor":23.0,"key":"Blood Vial"},{"floor":26.0,"key":"Bottled Tornado"},{"floor":28.0,"key":"War Paint"},{"floor":37.0,"key":"Girya"},{"floor":40,"key":"Bottled Flame"}],"event_choices":[{"damage_healed":0.0,"max_hp_gain":0.0,"max_hp_loss":0.0,"gold_gain":0.0,"event_name":"Shining Light","player_choice":"Entered Light","floor":2.0,"gold_loss":0.0,"damage_taken":20.0,"cards_upgraded":["Strike_G","Poisoned Stab"]},{"damage_healed":0.0,"max_hp_gain":0.0,"max_hp_loss":0.0,"gold_gain":0.0,"event_name":"Lab","player_choice":"Got Potions","floor":4.0,"gold_loss":0.0,"damage_taken":0.0},{"damage_healed":0.0,"max_hp_gain":0.0,"max_hp_loss":0.0,"gold_gain":0.0,"event_name":"Cursed Tome","player_choice":"Obtained Book","floor":21.0,"gold_loss":0.0,"damage_taken":21.0},{"damage_healed":15.0,"max_hp_gain":0.0,"max_hp_loss":0.0,"gold_gain":0.0,"event_name":"The Library","player_choice":"Heal","floor":24.0,"gold_loss":0.0,"damage_taken":0.0},{"damage_healed":0.0,"max_hp_gain":0.0,"max_hp_loss":0.0,"gold_gain":0.0,"event_name":"Forgotten Altar","player_choice":"Smashed Altar","floor":25.0,"gold_loss":0.0,"damage_taken":0.0,"cards_obtained":["Decay"]},{"damage_healed":0.0,"max_hp_gain":0.0,"max_hp_loss":0.0,"gold_gain":50.0,"event_name":"Golden Shrine","player_choice":"Pray","floor":30.0,"gold_loss":0.0,"damage_taken":0.0},{"damage_healed":0.0,"max_hp_gain":0.0,"max_hp_loss":0.0,"gold_gain":0.0,"event_name":"Mysterious Sphere","player_choice":"Fight","floor":37.0,"gold_loss":0.0,"damage_taken":0.0},{"cards_removed":["Poisoned Stab"],"damage_healed":0.0,"max_hp_gain":0.0,"max_hp_loss":0.0,"gold_gain":0.0,"event_name":"Falling","player_choice":"Removed Attack","floor":38.0,"gold_loss":0.0,"damage_taken":0.0}],"is_beta":false,"boss_relics":[{"not_picked":["Empty Cage","Pandora\u0027s Box"],"picked":"Sozu"},{"not_picked":["WristBlade","Astrolabe"],"picked":"Snecko Eye"}],"items_purged_floors":[20],"is_endless":false,"potions_floor_spawned":[7,10,12,18,27,31,33,35,37],"killed_by":"Transient","ascension_level":19}}