{"host":"rsokn1b2nrspb1iw","time":1614325919,"event":{"mods":["BaseMod","Better Altar","Better Match","Better Note","Better Sensory Stone","Better Skull","Better Third Choice","Better Vampires","BetterRewards","Block Reminder","Colored Map","Colored Powertips","Curses Come First","Custom Start","GifTheSpireLib","Hermit","Minty Spire (QoL Compilation)","Quick Restart","Rare Cards Sparkle","Relic Stats","Spire Birthday Party","StSLib","Unceasing Turn Reminder"],"gold_per_floor":[219,219,219,171,187,187,187],"floor_reached":6,"language":"ENG","playtime":133,"items_purged":[],"score":34,"play_id":"607a8dfa-1cae-45d4-9883-80ac3649e2d0","local_time":"20210226005159","is_ascension_mode":false,"campfire_choices":[],"circlet_count":0,"master_deck":["Strike_R","Strike_R","Strike_R","Strike_R","Strike_R","Defend_R","Defend_R","Defend_R","Defend_R","Bash","Regret","Madness"],"relics":["Burning Blood","Dream Catcher","betterThird:SlimedRelic"],"acts_visited":["Exordium"],"potions_floor_usage":[],"damage_taken":[{"damage":3,"enemies":"Jaw Worm","floor":1,"turns":4},{"damage":1,"enemies":"2 Louse","floor":5,"turns":3},{"damage":21,"enemies":"3 Sentries","floor":6,"turns":3}],"seed_played":"4350591713865804365","potions_obtained":[{"floor":1,"key":"Ancient Potion"},{"floor":5,"key":"ElixirPotion"}],"is_trial":false,"path_per_floor":["M","?","?","?","M","E"],"character_chosen":"IRONCLAD","items_purchased":[],"campfire_rested":0,"item_purchase_floors":[],"current_hp_per_floor":[80,80,80,69,74,53,53],"gold":187,"neow_bonus":"HUNDRED_GOLD","is_daily":false,"chose_seed":false,"campfire_upgraded":0,"win_rate":0.0,"timestamp":1614325919,"path_taken":["M","?","?","?","?","E"],"items_purchased_type":[],"build_version":"2020-12-22","purchased_purges":0,"victory":false,"max_hp_per_floor":[80,80,80,80,80,80,80],"relic_stats":{"Dream Catcher":0,"counters":[3,10],"obtain_stats":[{"Dream Catcher":2,"betterThird:SlimedRelic":4,"Burning Blood":0},{"Dream Catcher":1,"betterThird:SlimedRelic":1,"Burning Blood":0},{"Dream Catcher":4,"betterThird:SlimedRelic":4,"Burning Blood":0}],"Burning Blood":9},"card_choices":[{"not_picked":["Dark Embrace","Ghostly Armor","Thunderclap"],"picked":"SKIP","floor":1},{"not_picked":["Finesse","Dark Shackles"],"picked":"Madness","floor":3},{"not_picked":["Warcry","Perfected Strike","Clash"],"picked":"SKIP","floor":5}],"player_experience":200225,"relics_obtained":[],"event_choices":[{"damage_healed":0,"gold_gain":0,"player_choice":"Box","damage_taken":0,"relics_obtained":["Dream Catcher"],"max_hp_gain":0,"max_hp_loss":0,"event_name":"Big Fish","floor":2,"gold_loss":0,"cards_obtained":["Regret"]},{"damage_healed":0,"gold_gain":1,"player_choice":"1","damage_taken":0,"max_hp_gain":0,"max_hp_loss":0,"event_name":"betterStone:BetterStone","floor":3,"gold_loss":0},{"damage_healed":0,"gold_gain":0,"player_choice":"Slimed","damage_taken":11,"max_hp_gain":0,"max_hp_loss":0,"event_name":"betterThird:BetterGoop","floor":4,"gold_loss":48}],"is_beta":false,"boss_relics":[],"items_purged_floors":[],"is_endless":false,"potions_floor_spawned":[1,5],"killed_by":"3 Sentries","ascension_level":0}}