{"host":"u7lm8z2rvb4dg2oo","time":1614316417,"event":{"mods":["AchievementEnabler","BaseMod","Bestiary","Block Reminder","Colored Map","Colored Powertips","Curses Come First","DeckTracker","Googly Eyes","Highlight Path","Minty Spire (QoL Compilation)","Quick Restart","StSLib"],"gold_per_floor":[112,68,143,160,27,53,53,84,84,99,99,71,90,106,106,177,177,190,32,50,0,18,18,18,18],"floor_reached":24,"language":"ENG","playtime":1162,"items_purged":["Strike_G","Parasite"],"score":462,"play_id":"f55cf985-f25c-4bdd-a112-c52c924edb3b","local_time":"20210226001337","is_ascension_mode":true,"campfire_choices":[{"data":"Terror","floor":7,"key":"SMITH"},{"floor":15,"key":"REST"},{"data":"Phantasmal Killer","floor":23,"key":"SMITH"}],"circlet_count":0,"master_deck":["AscendersBane","Strike_G","Strike_G","Strike_G","Strike_G","Defend_G","Defend_G","Defend_G","Defend_G","Defend_G","Survivor","Neutralize","Accuracy","Terror+1","Phantasmal Killer+1","Blade Dance","Cloak And Dagger","Blur","Cloak And Dagger","Blade Dance","Die Die Die","Accuracy+1","Night Terror","Corpse Explosion","PiercingWail","Backstab","PiercingWail+1","Envenom+1"],"relics":["Ring of the Snake","NeowsBlessing","Prayer Wheel","Bag of Preparation","Frozen Egg 2","Black Star"],"acts_visited":["Exordium","TheCity"],"potions_floor_usage":[13,14,14,16,18,24],"damage_taken":[{"damage":0,"enemies":"2 Louse","floor":1,"turns":1},{"damage":0,"enemies":"Small Slimes","floor":4,"turns":1},{"damage":0,"enemies":"3 Sentries","floor":6,"turns":1},{"damage":46,"enemies":"Gremlin Nob","floor":8,"turns":4},{"damage":0,"enemies":"Cultist","floor":10,"turns":2},{"damage":0,"enemies":"Exordium Wildlife","floor":13,"turns":2},{"damage":0,"enemies":"Red Slaver","floor":14,"turns":1},{"damage":16,"enemies":"The Guardian","floor":16,"turns":7},{"damage":4,"enemies":"3 Byrds","floor":18,"turns":2},{"damage":0,"enemies":"Spheric Guardian","floor":20,"turns":1},{"damage":4,"enemies":"Cultist and Chosen","floor":22,"turns":3},{"damage":60,"enemies":"Slavers","floor":24,"turns":4}],"seed_played":"5393400776451320944","potions_obtained":[{"floor":8,"key":"EntropicBrew"},{"floor":10,"key":"DistilledChaos"},{"floor":14,"key":"Poison Potion"},{"floor":18,"key":"FearPotion"},{"floor":20,"key":"LiquidBronze"}],"is_trial":false,"path_per_floor":["M","$","?","M","$","E","R","E","T","M","?","$","M","M","R","B",null,"M","$","M","?","M","R","E"],"character_chosen":"THE_SILENT","items_purchased":["Terror","Blade Dance","Blade Dance","PiercingWail"],"campfire_rested":1,"item_purchase_floors":[2,5,12,19],"current_hp_per_floor":[59,59,48,48,48,48,48,2,2,2,18,18,18,18,37,21,55,51,51,51,51,47,47,0,0],"gold":18,"neow_bonus":"THREE_ENEMY_KILL","is_daily":false,"chose_seed":false,"campfire_upgraded":2,"win_rate":0.0,"timestamp":1614316417,"path_taken":["M","$","?","M","$","E","R","E","T","M","?","$","M","M","R","BOSS","M","$","M","?","M","R","E"],"items_purchased_type":["Card","Card","Card","Card"],"build_version":"2020-12-22","purchased_purges":2,"victory":false,"max_hp_per_floor":[66,66,66,66,66,66,66,66,66,66,66,66,66,66,66,66,66,66,63,63,63,63,63,63,63],"card_choices":[{"not_picked":["Bane","Tactician"],"picked":"Accuracy","floor":1},{"not_picked":["Poisoned Stab","Deadly Poison"],"picked":"Phantasmal Killer","floor":4},{"not_picked":["Concentrate","Acrobatics","Dagger Throw"],"picked":"SKIP","floor":6},{"not_picked":["Flying Knee","Blade Dance"],"picked":"Cloak And Dagger","floor":8},{"not_picked":["Outmaneuver","Poisoned Stab"],"picked":"Blur","floor":10},{"not_picked":["Backflip","Well Laid Plans+1"],"picked":"Cloak And Dagger","floor":10},{"not_picked":["Quick Slash","PiercingWail"],"picked":"Die Die Die","floor":13},{"not_picked":["Prepared","Bane"],"picked":"Accuracy+1","floor":13},{"not_picked":["Underhanded Strike","Blur"],"picked":"Night Terror","floor":14},{"not_picked":["Eviscerate","Blade Dance","Quick Slash"],"picked":"SKIP","floor":14},{"not_picked":["Doppelganger","Burst"],"picked":"Corpse Explosion","floor":16},{"not_picked":["All Out Attack","Masterful Stab","Bouncing Flask+1"],"picked":"SKIP","floor":18},{"not_picked":["Riddle With Holes","Acrobatics","Cloak And Dagger"],"picked":"SKIP","floor":18},{"not_picked":["Slice","Backflip"],"picked":"Backstab","floor":20},{"not_picked":["Eviscerate","Predator"],"picked":"PiercingWail+1","floor":20},{"not_picked":["Outmaneuver","Catalyst"],"picked":"Envenom+1","floor":22},{"not_picked":["Crippling Poison","Deflect","PiercingWail"],"picked":"SKIP","floor":22}],"player_experience":2088481,"relics_obtained":[{"floor":6,"key":"Prayer Wheel"},{"floor":8,"key":"Bag of Preparation"},{"floor":9,"key":"Frozen Egg 2"}],"event_choices":[{"damage_healed":0,"gold_gain":75,"player_choice":"Gather Gold","damage_taken":11,"max_hp_gain":0,"max_hp_loss":0,"event_name":"World of Goop","floor":3,"gold_loss":0},{"damage_healed":16,"gold_gain":0,"player_choice":"Healed and dodged fight","damage_taken":0,"max_hp_gain":0,"max_hp_loss":0,"event_name":"Mushrooms","floor":11,"gold_loss":0,"cards_obtained":["Parasite"]},{"damage_healed":0,"gold_gain":0,"player_choice":"Paid Fearfully","damage_taken":0,"max_hp_gain":0,"max_hp_loss":0,"event_name":"Masked Bandits","floor":21,"gold_loss":50}],"is_beta":false,"boss_relics":[{"not_picked":["Fusion Hammer","Astrolabe"],"picked":"Black Star"}],"items_purged_floors":[5,19],"is_endless":false,"potions_floor_spawned":[8,10,14,18,20],"killed_by":"Slavers","ascension_level":20}}