{"host":"9gxprskaw0c5jpbt","time":1614383658,"event":{"mods":["AchievementEnabler","BaseMod","Colored Map","Highlight Path","KOR Keyword Fix","Minty Spire (QoL Compilation)","Rare Cards Sparkle","StSLib","SuperFastMode","everything is the same but u backflip on backflip"],"gold_per_floor":[109,15,15,28,28,28,46,46,46,79,79,110,2,48,48,123,173,191,206,216,216,216,216,234,234,234,267,284,284,284],"floor_reached":29,"language":"KOR","playtime":894,"items_purged":[],"score":477,"play_id":"d341322f-09f9-4544-a2df-f1da0c904285","local_time":"20210227085418","is_ascension_mode":true,"campfire_choices":[{"data":"Zap","floor":6.0,"key":"SMITH"},{"data":"Static Discharge","floor":8.0,"key":"SMITH"},{"floor":15,"key":"REST"},{"floor":23,"key":"REST"},{"floor":25,"key":"REST"}],"circlet_count":0,"master_deck":["AscendersBane","Strike_B","Strike_B","Strike_B","Defend_B+1","Defend_B","Defend_B","Defend_B+1","Zap","Dualcast+1","BootSequence","Static Discharge+1","Ball Lightning","Zap+1","Rebound","Echo Form","Chill","Go for the Eyes","Redo","Conserve Battery","Turbo","Loop","Hologram","Seek+1","Go for the Eyes","Stack","Turbo","Steam","Double Energy"],"relics":["Cracked Core","NeowsBlessing","FossilizedHelix","Sundial","InkBottle","Oddly Smooth Stone","Tiny House","Symbiotic Virus","Question Card"],"acts_visited":["Exordium","TheCity"],"potions_floor_usage":[12,16,18,20,27,28],"damage_taken":[{"damage":0.0,"enemies":"2 Louse","floor":1.0,"turns":1.0},{"damage":0.0,"enemies":"Small Slimes","floor":4.0,"turns":1.0},{"damage":0.0,"enemies":"Cultist","floor":7.0,"turns":1.0},{"damage":7.0,"enemies":"Lagavulin","floor":10.0,"turns":5.0},{"damage":5,"enemies":"3 Sentries","floor":12,"turns":7},{"damage":28,"enemies":"Hexaghost","floor":16,"turns":8},{"damage":19,"enemies":"3 Byrds","floor":18,"turns":4},{"damage":7,"enemies":"2 Thieves","floor":19,"turns":4},{"damage":16,"enemies":"Centurion and Healer","floor":20,"turns":6},{"damage":14,"enemies":"Snake Plant","floor":24,"turns":3},{"damage":44,"enemies":"Gremlin Leader","floor":27,"turns":8},{"damage":0,"enemies":"Snecko","floor":28,"turns":5},{"damage":11,"enemies":"Centurion and Healer","floor":29,"turns":6}],"seed_played":"-2587597717790235677","potions_obtained":[{"floor":1.0,"key":"SpeedPotion"},{"floor":7.0,"key":"Energy Potion"},{"floor":16,"key":"Ancient Potion"},{"floor":17,"key":"FocusPotion"},{"floor":19,"key":"BlessingOfTheForge"},{"floor":27,"key":"SneckoOil"}],"is_trial":false,"path_per_floor":["M","$","?","M","?","R","M","R","T","E","?","E","$","T","R","B",null,"M","M","M","?","?","R","M","R","T","E","M","M"],"character_chosen":"DEFECT","items_purchased":["Static Discharge","Ball Lightning","Turbo","Loop"],"campfire_rested":3,"item_purchase_floors":[2,2,13,13],"current_hp_per_floor":[64,64,43,43,43,43,43,43,43,36,36,31,31,31,52,24,64,45,38,22,22,22,44,30,52,52,8,8,0,0],"gold":284,"neow_bonus":"THREE_ENEMY_KILL","is_daily":false,"chose_seed":false,"campfire_upgraded":2,"win_rate":0.0,"timestamp":1614383658,"path_taken":["M","$","?","M","?","R","?","R","T","E","?","E","?","?","R","BOSS","M","M","M","?","?","R","?","R","T","E","M","M"],"items_purchased_type":["Card","Card","Card","Card"],"build_version":"2020-12-22","purchased_purges":0,"victory":false,"max_hp_per_floor":[71,71,71,71,71,71,71,71,71,71,71,71,71,71,71,71,76,76,76,76,76,76,76,76,76,76,76,76,76,76],"card_choices":[{"not_picked":["Hologram","Cold Snap"],"picked":"BootSequence","floor":1.0},{"not_picked":["Genetic Algorithm","Melter","Cold Snap"],"picked":"SKIP","floor":4.0},{"not_picked":["White Noise","Blizzard"],"picked":"Go for the Eyes","floor":7.0},{"not_picked":["Recycle","Hello World"],"picked":"Redo","floor":10.0},{"not_picked":["Redo","Auto Shields"],"picked":"Conserve Battery","floor":12},{"not_picked":["Conserve Battery","Hello World"],"picked":"Hologram","floor":17},{"not_picked":["Go for the Eyes","Turbo"],"picked":"Seek","floor":18},{"not_picked":["Redo","Sunder"],"picked":"Go for the Eyes","floor":19},{"not_picked":["Compile Driver","Chill"],"picked":"Stack","floor":20},{"not_picked":["Doom and Gloom","Go for the Eyes"],"picked":"Turbo","floor":24},{"not_picked":["Double Energy","Reprogram"],"picked":"Steam","floor":27},{"not_picked":["Rip and Tear+1","Rebound","Hello World"],"picked":"Double Energy","floor":28}],"player_experience":998189,"relics_obtained":[{"floor":9.0,"key":"FossilizedHelix"},{"floor":10.0,"key":"Sundial"},{"floor":12,"key":"InkBottle"},{"floor":14,"key":"Oddly Smooth Stone"},{"floor":26,"key":"Symbiotic Virus"},{"floor":27,"key":"Question Card"}],"event_choices":[{"damage_healed":0.0,"max_hp_gain":0.0,"max_hp_loss":0.0,"gold_gain":0.0,"event_name":"Shining Light","player_choice":"Entered Light","floor":3.0,"gold_loss":0.0,"damage_taken":21.0,"cards_upgraded":["Dualcast","Defend_B"]},{"damage_healed":0.0,"max_hp_gain":0.0,"max_hp_loss":0.0,"gold_gain":0.0,"event_name":"Match and Keep!","player_choice":"4 cards matched","floor":5.0,"gold_loss":0.0,"damage_taken":0.0,"cards_obtained":["Zap","Rebound","Echo Form","Chill"]},{"damage_healed":0.0,"max_hp_gain":0.0,"max_hp_loss":0.0,"gold_gain":0.0,"event_name":"Lab","player_choice":"Got Potions","floor":11.0,"gold_loss":0.0,"damage_taken":0.0},{"cards_removed":["Strike_B"],"damage_healed":0,"gold_gain":0,"player_choice":"Elegance","damage_taken":0,"max_hp_gain":0,"max_hp_loss":0,"event_name":"Back to Basics","floor":21,"gold_loss":0},{"damage_healed":0,"gold_gain":0,"player_choice":"Forge","damage_taken":0,"max_hp_gain":0,"max_hp_loss":0,"event_name":"Accursed Blacksmith","floor":22,"gold_loss":0,"cards_upgraded":["Seek"]}],"is_beta":false,"boss_relics":[{"not_picked":["Coffee Dripper","FrozenCore"],"picked":"Tiny House"}],"items_purged_floors":[],"is_endless":false,"potions_floor_spawned":[1,7,16,19,27],"killed_by":"Centurion and Healer","ascension_level":18}}