{"host":"bg0cyinkrjnqf173","time":1614372755,"event":{"mods":["BaseMod","Colored Map","Minty Spire (QoL Compilation)","Replay The Spire","StSLib","Together in Spire"],"gold_per_floor":[20,32,45,64,54,54,9,24,24,44,79,94,94,128,128,227,227,246,266,284,298,174,194,210,241,241,241,251,251,270,295,295,397,397,416,241,251,96,115,115,145,145,171,187,187,203,203,222,222,222],"floor_reached":51,"language":"ENG","playtime":3229,"items_purged":["Strike_R","Strike_R"],"score":514,"play_id":"63428d61-d432-4c48-aec1-304e3235858a","local_time":"20210226155235","is_ascension_mode":false,"campfire_choices":[{"data":"Limit Break","floor":13,"key":"SMITH"},{"data":"Limit Break","floor":15,"key":"SMITH"},{"data":"Rupture","floor":27,"key":"SMITH"},{"data":"Whirlwind","floor":40,"key":"SMITH"},{"data":"ReplayTheSpireMod:Muscle Training","floor":42,"key":"SMITH"},{"data":"Pummel","floor":45,"key":"SMITH"},{"data":"WeaponsOverheat","floor":47,"key":"SMITH"},{"data":"Inflame","floor":49,"key":"SMITH"}],"circlet_count":0,"master_deck":["Strike_R","Strike_R","Strike_R","Defend_R","Defend_R","Defend_R","Defend_R","Bash","Limit Break+1","Anger","Rupture+1","ReplayTheSpireMod:Muscle Training+1","Self Repair+1","WeaponsOverheat+1","Combust","Limit Break+1","Iron Wave+1","Cold Snap","Shrug It Off","Whirlwind+1","Inflame+1","Pummel+1","Bloodletting","Heavy Blade+1"],"relics":["Iron Core","Oddly Smooth Stone","Replay:Bottled Steam","Akabeko","Busted Crown","Gambling Chip","Bottled Tornado","Bag of Preparation","Ooze Armor","Brimstone","Replay:WaspNest","Art of War"],"acts_visited":["Exordium","TheCity","TheBeyond"],"potions_floor_usage":[12,23,23,33,50,50],"damage_taken":[{"damage":0,"enemies":"2 Louse","floor":1,"turns":2},{"damage":1,"enemies":"Jaw Worm","floor":2,"turns":3},{"damage":3,"enemies":"Cultist","floor":3,"turns":4},{"damage":10,"enemies":"Red Slaver","floor":4,"turns":4},{"damage":5,"enemies":"Looter","floor":5,"turns":3},{"damage":6,"enemies":"Exordium Wildlife","floor":8,"turns":2},{"damage":8,"enemies":"Gremlin Gang","floor":10,"turns":4},{"damage":19,"enemies":"Replay:BlueRogue","floor":11,"turns":4},{"damage":31,"enemies":"3 Louse","floor":12,"turns":4},{"damage":0,"enemies":"Gremlin Nob","floor":14,"turns":2},{"damage":41,"enemies":"The Guardian","floor":16,"turns":7},{"damage":25,"enemies":"3 Byrds","floor":18,"turns":3},{"damage":11,"enemies":"Chosen","floor":19,"turns":2},{"damage":33,"enemies":"Snake Plant","floor":20,"turns":4},{"damage":0,"enemies":"Snecko","floor":21,"turns":2},{"damage":1,"enemies":"Centurion and Healer","floor":23,"turns":3},{"damage":35,"enemies":"Snake Plant","floor":24,"turns":3},{"damage":18,"enemies":"Slavers","floor":25,"turns":3},{"damage":4,"enemies":"Cultist and Chosen","floor":28,"turns":3},{"damage":31,"enemies":"Colosseum Slavers","floor":29,"turns":5},{"damage":0,"enemies":"Snecko","floor":30,"turns":2},{"damage":22,"enemies":"Book of Stabbing","floor":31,"turns":4},{"damage":14,"enemies":"Champ","floor":33,"turns":7},{"damage":1,"enemies":"3 Darklings","floor":35,"turns":2},{"damage":0,"enemies":"Orb Walker","floor":37,"turns":1},{"damage":0,"enemies":"3 Darklings","floor":39,"turns":1},{"damage":21,"enemies":"Nemesis","floor":41,"turns":3},{"damage":7,"enemies":"Maw","floor":44,"turns":4},{"damage":10,"enemies":"4 Shapes","floor":46,"turns":3},{"damage":0,"enemies":"3 Darklings","floor":48,"turns":1},{"damage":59,"enemies":"Time Eater","floor":50,"turns":7}],"seed_played":"7798313193195348598","potions_obtained":[{"floor":8,"key":"Death Potion"},{"floor":10,"key":"Weak Potion"},{"floor":16,"key":"Swift Potion"},{"floor":18,"key":"Energy Potion"},{"floor":28,"key":"Swift Potion"},{"floor":31,"key":"HeartOfIron"},{"floor":33,"key":"Dexterity Potion"},{"floor":46,"key":"CultistPotion"}],"is_trial":false,"path_per_floor":["M","M","M","M","M","?","$","M","T","M","E","M","R","E","R","B",null,"M","M","M","M","$","M","M","E","T","R","M","?","M","E","R_BF","B",null,"M","$","M","$","M","R","E","R","T","M","R","M","R","M","R","B",null],"character_chosen":"IRONCLAD","items_purchased":["WeaponsOverheat","Shrug It Off","Pummel","Brimstone"],"campfire_rested":0,"item_purchase_floors":[7,22,36,38],"current_hp_per_floor":[80,80,80,76,77,77,77,80,80,80,71,50,50,50,50,19,80,65,64,41,51,51,60,35,47,47,47,43,22,22,30,54,50,80,79,79,80,80,80,80,69,69,69,72,72,72,72,72,72,23],"gold":222,"neow_bonus":"THREE_RARE_CARDS","is_daily":false,"chose_seed":false,"campfire_upgraded":8,"win_rate":0.0,"timestamp":1614372755,"path_taken":["M","M","M","M","M","?","$","M","T","M","E","M","R","E","R","BOSS","M","M","M","M","$","M","M","E","T","R","M","?","M","E","R_BF","BOSS","M","$","M","$","M","R","E","R","T","M","R","M","R","M","R","BOSS"],"items_purchased_type":["Card","Card","Card","Relic"],"build_version":"2020-12-22","purchased_purges":2,"victory":true,"max_hp_per_floor":[80,80,80,80,80,80,80,80,80,80,80,80,80,80,80,80,80,80,80,80,80,80,80,80,80,80,80,80,80,80,80,80,80,80,80,80,80,80,80,80,80,80,80,80,80,80,80,80,80,80],"card_choices":[{"not_picked":["Feed","Berserk"],"picked":"Limit Break","floor":0},{"not_picked":["Wild Strike","Armaments"],"picked":"Anger","floor":1},{"not_picked":["Shrug It Off","Rampage"],"picked":"Rupture","floor":2},{"not_picked":["Searing Blow","ReplayTheSpireMod:Strike From Hell","Clash"],"picked":"SKIP","floor":3},{"not_picked":["Rage","ReplayTheSpireMod:Strike From Hell"],"picked":"ReplayTheSpireMod:Muscle Training","floor":4},{"not_picked":["Sentinel","Dark Embrace","Defy Death"],"picked":"SKIP","floor":5},{"not_picked":["Sever Soul","Exhume","ReplayTheSpireMod:Limb From Limb"],"picked":"SKIP","floor":8},{"not_picked":["Headbutt","ReplayTheSpireMod:Strike From Hell"],"picked":"Combust","floor":10},{"not_picked":["WeaponsOverheat","Run Through"],"picked":"Limit Break","floor":11},{"not_picked":["Entrench","Anger"],"picked":"Iron Wave","floor":12},{"not_picked":["Burning Pact","Run Through"],"picked":"Cold Snap","floor":14},{"not_picked":["Sword Boomerang+1"],"picked":"SKIP","floor":18},{"not_picked":["Body Slam"],"picked":"SKIP","floor":19},{"not_picked":["Clothesline"],"picked":"SKIP","floor":20},{"not_picked":["Armaments"],"picked":"SKIP","floor":21},{"not_picked":[],"picked":"Whirlwind","floor":23},{"not_picked":["Dark Embrace"],"picked":"SKIP","floor":24},{"not_picked":["Infernal Blade"],"picked":"SKIP","floor":25},{"not_picked":["Shrug It Off"],"picked":"SKIP","floor":28},{"not_picked":["Rampage"],"picked":"SKIP","floor":30},{"not_picked":[],"picked":"Inflame","floor":31},{"not_picked":["Run Through+1"],"picked":"SKIP","floor":35},{"not_picked":[],"picked":"Bloodletting","floor":37},{"not_picked":["Fire Breathing"],"picked":"SKIP","floor":39},{"not_picked":["Shockwave"],"picked":"SKIP","floor":41},{"not_picked":[],"picked":"Heavy Blade+1","floor":44},{"not_picked":["Inflame+1"],"picked":"SKIP","floor":46},{"not_picked":["Replay:Undeath\u0027s Touch"],"picked":"SKIP","floor":48}],"player_experience":696970,"relics_obtained":[{"floor":9,"key":"Replay:Bottled Steam"},{"floor":11,"key":"Oddly Smooth Stone"},{"floor":14,"key":"Akabeko"},{"floor":25,"key":"Gambling Chip"},{"floor":26,"key":"Bottled Tornado"},{"floor":31,"key":"Bag of Preparation"},{"floor":41,"key":"Replay:WaspNest"},{"floor":43,"key":"Art of War"}],"event_choices":[{"damage_healed":0,"gold_gain":0,"player_choice":"Fight","damage_taken":0,"max_hp_gain":0,"max_hp_loss":0,"event_name":"Colosseum","floor":29,"gold_loss":0},{"damage_healed":0,"gold_gain":0,"player_choice":"Fled From Nobs","damage_taken":0,"max_hp_gain":0,"max_hp_loss":0,"event_name":"Colosseum","floor":29,"gold_loss":0}],"is_beta":false,"boss_relics":[{"not_picked":["Runic Cube","Ectoplasm"],"picked":"Busted Crown"},{"not_picked":["Black Star","Astrolabe"],"picked":"Ooze Armor"}],"items_purged_floors":[22,36],"is_endless":false,"potions_floor_spawned":[4,5,8,10,14,16,18,19,28,29,31,33,35,39,46],"ascension_level":0}}