{"host":"p9xedk00duaz8l9n","time":1614330373,"event":{"mods":["BaseMod","Colored Map","DeckTracker","Highlight Path","Minty Spire (QoL Compilation)","Relic Stats","SuperFastMode"],"gold_per_floor":[366,366,379,192,192,192,221,221,292,292,292,292],"floor_reached":11,"language":"JPN","playtime":225,"items_purged":["Strike_R"],"score":138,"play_id":"80c58bf1-4d9d-4a3b-a5e2-1235464a04cf","local_time":"20210226180613","is_ascension_mode":true,"campfire_choices":[{"data":"Clothesline","floor":6,"key":"SMITH"}],"circlet_count":0,"master_deck":["AscendersBane","Strike_R+1","Strike_R","Strike_R","Defend_R","Defend_R","Defend_R","Defend_R","Bash","Carnage+1","Clothesline+1","Armaments","Thunderclap"],"relics":["Burning Blood","Whetstone","InkBottle","Regal Pillow"],"acts_visited":["Exordium"],"potions_floor_usage":[7,7],"damage_taken":[{"damage":19,"enemies":"Jaw Worm","floor":1,"turns":4},{"damage":0,"enemies":"2 Louse","floor":3,"turns":2},{"damage":14,"enemies":"Gremlin Nob","floor":7,"turns":3},{"damage":30,"enemies":"3 Sentries","floor":11,"turns":6}],"seed_played":"-5784526860126112834","potions_obtained":[{"floor":1,"key":"ColorlessPotion"},{"floor":7,"key":"SpeedPotion"}],"is_trial":false,"path_per_floor":["M","?","M","$","?","R","E","?","T","T","E"],"character_chosen":"IRONCLAD","items_purchased":["Fire Potion","Armaments"],"campfire_rested":0,"item_purchase_floors":[4,4],"current_hp_per_floor":[37,30,36,36,36,36,28,28,28,28,0,0],"gold":292,"neow_bonus":"TWO_FIFTY_GOLD","is_daily":false,"chose_seed":false,"campfire_upgraded":1,"win_rate":0.0,"timestamp":1614330373,"path_taken":["M","?","M","$","?","R","E","?","T","?","E"],"items_purchased_type":["Potion","Card"],"build_version":"2020-12-22","purchased_purges":1,"victory":false,"max_hp_per_floor":[75,75,75,75,75,75,75,75,75,75,75,75],"relic_stats":{"Regal Pillow":0,"counters":[4,15],"Whetstone":["Carnage","Strike_R"],"obtain_stats":[{"Regal Pillow":10,"Whetstone":7,"Burning Blood":0,"InkBottle":9},{"Regal Pillow":3,"Whetstone":3,"Burning Blood":0,"InkBottle":3},{"Regal Pillow":9,"Whetstone":9,"Burning Blood":0,"InkBottle":9}],"Burning Blood":18,"InkBottle":[1]},"card_choices":[{"not_picked":["Dual Wield","Clothesline"],"picked":"Carnage","floor":1},{"not_picked":["Sword Boomerang","Seeing Red"],"picked":"Clothesline","floor":3},{"not_picked":["Rupture","Iron Wave"],"picked":"Thunderclap","floor":7}],"player_experience":872752,"relics_obtained":[{"floor":7,"key":"Whetstone"},{"floor":9,"key":"InkBottle"},{"floor":10,"key":"Regal Pillow"}],"event_choices":[{"cards_removed":["Strike_R"],"damage_healed":0,"gold_gain":0,"player_choice":"Card Removal","damage_taken":7,"max_hp_gain":0,"max_hp_loss":0,"event_name":"Golden Wing","floor":2,"gold_loss":0},{"damage_healed":0,"gold_gain":0,"player_choice":"Ignored","damage_taken":0,"max_hp_gain":0,"max_hp_loss":0,"event_name":"Liars Game","floor":5,"gold_loss":0},{"damage_healed":0,"gold_gain":0,"player_choice":"Fled","damage_taken":0,"max_hp_gain":0,"max_hp_loss":0,"event_name":"Scrap Ooze","floor":8,"gold_loss":0}],"is_beta":false,"boss_relics":[],"items_purged_floors":[4],"is_endless":false,"potions_floor_spawned":[1,7],"killed_by":"3 Sentries","ascension_level":20}}