{"host":"3uci9gpt6cwo3y1o","time":1614333290,"event":{"mods":["BaseMod","Bossed Relics","Minty Spire (QoL Compilation)","MostiFishMod","Reliquary","StSLib","TestMod"],"gold_per_floor":[115,115,115,128,138,138,172,172,227,254,254,271,299,357,357,435,435,455,455,505,505,538,564,564,592,592,592,618,618,646,661,661,734,734,745,790,814,1813,1828,1877,2099,2141,2168,2168,2182,2227,2253,2288,2288,2323,2339,2339,2339,1269,1306,1318],"floor_reached":57,"language":"ZHS","playtime":3473,"items_purged":["Strike_G"],"score":3079,"play_id":"c9c39e4f-f61c-43b2-b7f6-6f4e67b39b64","local_time":"20210226175450","is_ascension_mode":true,"campfire_choices":[{"data":"Neutralize","floor":6.0,"key":"SMITH"},{"data":"Tactician","floor":8.0,"key":"SMITH"},{"data":"Footwork","floor":15.0,"key":"SMITH"},{"data":"Reflex","floor":27.0,"key":"SMITH"},{"data":"Acrobatics","floor":29.0,"key":"SMITH"},{"floor":32.0,"key":"RECALL"},{"data":"Tactician","floor":44.0,"key":"SMITH"},{"data":"Acrobatics","floor":49.0,"key":"SMITH"},{"data":"Adrenaline","floor":53.0,"key":"SMITH"}],"circlet_count":0,"master_deck":["AscendersBane","Strike_G","Strike_G","Strike_G","Strike_G","Defend_G","Defend_G","Defend_G","Defend_G","Defend_G","Survivor","Neutralize+1","MostiFishMod:Neurotoxin+1","Regret","Crippling Poison","Tactician+1","Adrenaline+1","Footwork+1","Footwork+1","Reflex+1","Acrobatics+1","Backflip","Die Die Die+1","Normality","Parasite","Tactician+1","Blur","Noxious Fumes+1","Acrobatics+1","MostiFishMod:WinterMarkForm+1","MostiFishMod:ShivMaster+1","Heel Hook+1","Backflip"],"relics":["Ring of the Snake","DaveBox","testmod-TestBox","testmod-ConstraintPeriapt","HereWithMe","SynthV:TestCard","Omamori","reliquary:RosewoodLute","Juzu Bracelet","Toy Ornithopter","testmod-Muramasa","Odd Mushroom","testmod-DragonStarHat","ChiXiaoBlade","Red Mask","The Specimen","Molten Egg 2","reliquary:Firecrackers","Pantograph","Tiny House","testmod-TheFather","Unceasing Top","Frozen Egg 2","Anchor","testmod-CasingShield","testmod-Antiphasic","ArrowTower","testmod-BouquetWithThorns","Lantern"],"acts_visited":["TheCity","TheBeyond","TheEnding"],"potions_floor_usage":[56,56],"damage_taken":[{"damage":0.0,"enemies":"2 Louse","floor":1.0,"turns":2.0},{"damage":0.0,"enemies":"Cultist","floor":4.0,"turns":2.0},{"damage":0.0,"enemies":"Jaw Worm","floor":5.0,"turns":3.0},{"damage":7.0,"enemies":"3 Sentries","floor":7.0,"turns":3.0},{"damage":25.0,"enemies":"Gremlin Nob","floor":10.0,"turns":4.0},{"damage":0.0,"enemies":"Looter","floor":12.0,"turns":2.0},{"damage":8.0,"enemies":"The Mushroom Lair","floor":13.0,"turns":2.0},{"damage":4.0,"enemies":"3 Sentries","floor":14.0,"turns":3.0},{"damage":4.0,"enemies":"Slime Boss","floor":16.0,"turns":7.0},{"damage":0.0,"enemies":"3 Byrds","floor":18.0,"turns":2.0},{"damage":2.0,"enemies":"Masked Bandits","floor":22.0,"turns":3.0},{"damage":16.0,"enemies":"Gremlin Leader","floor":23.0,"turns":6.0},{"damage":17.0,"enemies":"Book of Stabbing","floor":25.0,"turns":4.0},{"damage":28.0,"enemies":"Gremlin Leader","floor":28.0,"turns":4.0},{"damage":1.0,"enemies":"Slavers","floor":30.0,"turns":2.0},{"damage":4.0,"enemies":"2 Thieves","floor":31.0,"turns":3.0},{"damage":11.0,"enemies":"Automaton","floor":33.0,"turns":5.0},{"damage":17.0,"enemies":"3 Darklings","floor":35.0,"turns":3.0},{"damage":9.0,"enemies":"2 Orb Walkers","floor":36.0,"turns":3.0},{"damage":0.0,"enemies":"3 Shapes","floor":37.0,"turns":1.0},{"damage":27.0,"enemies":"Writhing Mass","floor":39.0,"turns":4.0},{"damage":3.0,"enemies":"Reptomancer","floor":40.0,"turns":2.0},{"damage":39.0,"enemies":"Giant Head","floor":42.0,"turns":7.0},{"damage":0.0,"enemies":"Jaw Worm Horde","floor":45.0,"turns":1.0},{"damage":30.0,"enemies":"Reptomancer","floor":46.0,"turns":3.0},{"damage":0.0,"enemies":"3 Darklings","floor":47.0,"turns":1.0},{"damage":8.0,"enemies":"Nemesis","floor":48.0,"turns":5.0},{"damage":41.0,"enemies":"Awakened One","floor":50.0,"turns":8.0},{"damage":25.0,"enemies":"Time Eater","floor":51.0,"turns":8.0},{"damage":9.0,"enemies":"Shield and Spear","floor":55.0,"turns":3.0},{"damage":49,"enemies":"The Heart","floor":56,"turns":6}],"seed_played":"-9149109650536286046","potions_obtained":[{"floor":1.0,"key":"Poison Potion"},{"floor":4.0,"key":"FearPotion"},{"floor":14.0,"key":"DistilledChaos"},{"floor":16.0,"key":"LiquidBronze"},{"floor":18.0,"key":"SteroidPotion"},{"floor":22.0,"key":"Swift Potion"},{"floor":23.0,"key":"testmod-TestPotion"},{"floor":31.0,"key":"DuplicationPotion"},{"floor":35.0,"key":"Poison Potion"},{"floor":37.0,"key":"Explosive Potion"},{"floor":40.0,"key":"DistilledChaos"},{"floor":42.0,"key":"Fire Potion"},{"floor":48.0,"key":"Block Potion"}],"is_trial":false,"path_per_floor":["M","?","?","M","M","R","E","R","T","E","?","M","?","?","R","B",null,"M","?","?","?","?","E","?","E","T","R","E","R","E","M","R","B",null,"M","?","M","?","M","E","?","E","T","R","M","E","M","E","R","B","B",null,"R","$","E","B",null],"character_chosen":"THE_SILENT","items_purchased":["ArrowTower","testmod-BouquetWithThorns","LiquidMemories","MostiFishMod:ShivMaster+1","Heel Hook+1"],"campfire_rested":0,"item_purchase_floors":[54,54,54,54,54],"current_hp_per_floor":[61,61,61,63,65,65,60,60,60,39,28,31,24,23,23,26,56,59,59,59,59,65,57,57,51,51,51,28,28,31,32,32,56,64,57,55,57,57,41,41,41,28,28,28,32,13,19,24,24,33,55,63,63,63,57,42],"gold":1318,"neow_bonus":"ONE_RANDOM_RARE_CARD","is_daily":false,"chose_seed":false,"campfire_upgraded":8,"win_rate":0.0,"timestamp":1614333290,"path_taken":["M","?","?","M","?","R","E","R","T","E","?","M","?","?","R","BOSS","M","?","?","?","?","E","?","E","T","R","E","R","E","M","R","BOSS","M","?","M","?","M","E","?","E","T","R","M","E","M","E","R","BOSS","BOSS","R","$","E","BOSS"],"items_purchased_type":["Relic","Relic","Potion","Card","Card"],"build_version":"2020-12-22","purchased_purges":1,"victory":true,"max_hp_per_floor":[66,66,66,66,66,66,66,66,66,66,66,66,66,66,66,66,66,66,66,66,66,66,66,66,66,66,66,66,66,66,66,66,66,66,66,66,66,66,66,66,66,66,66,66,66,66,66,66,66,66,66,66,66,66,66,71],"card_choices":[{"not_picked":["Concentrate","Finisher","Deadly Poison"],"picked":"SKIP","floor":1.0},{"not_picked":["Poisoned Stab","Prepared","Outmaneuver","MostiFishMod:PerfectParry"],"picked":"Crippling Poison","floor":4.0},{"not_picked":["Concentrate","Dagger Spray","Terror","MostiFishMod:PerfectParry","Poisoned Stab"],"picked":"SKIP","floor":5.0},{"not_picked":["Concentrate","Dagger Spray","Terror","MostiFishMod:PerfectParry","Poisoned Stab"],"picked":"SKIP","floor":5.0},{"not_picked":["Setup","Flechettes","Endless Agony","MostiFishMod:PerfectParry"],"picked":"Tactician","floor":7.0},{"not_picked":["Prepared","Infinite Blades","Sucker Punch","Dodge and Roll"],"picked":"Adrenaline","floor":10.0},{"not_picked":["Flechettes","Deadly Poison","Underhanded Strike","Poisoned Stab"],"picked":"Footwork","floor":12.0},{"not_picked":["MostiFishMod:ShivMaster","MostiFishMod:Wind","Burst","MostiFishMod:SpreadingSpore"],"picked":"MostiFishMod:FullyArmed","floor":16.0},{"not_picked":["Backstab","MostiFishMod:PoisonShield","Deadly Poison+1","Prepared","All Out Attack"],"picked":"SKIP","floor":18.0},{"not_picked":["Flying Knee","Leg Sweep","Dagger Throw","Noxious Fumes"],"picked":"Footwork+1","floor":22.0},{"not_picked":["MostiFishMod:Wind","Deadly Poison","Accuracy+1","Dagger Spray"],"picked":"Reflex","floor":23.0},{"not_picked":["Underhanded Strike+1","Dagger Throw+1","MostiFishMod:FrostNova","Deadly Poison","Flying Knee+1"],"picked":"SKIP","floor":25.0},{"not_picked":["Cloak And Dagger","PiercingWail","Dodge and Roll","Deadly Poison"],"picked":"Acrobatics","floor":28.0},{"not_picked":["Slice+1","Malaise","Predator+1","MostiFishMod:PerfectParry"],"picked":"Backflip","floor":30.0},{"not_picked":["Flying Knee+1","MostiFishMod:InvigoratingSolution","Deflect","MostiFishMod:PerfectParry","Poisoned Stab+1"],"picked":"SKIP","floor":31.0},{"not_picked":["MostiFishMod:SpreadingSpore","Burst","MostiFishMod:Confrontation","Envenom"],"picked":"Die Die Die+1","floor":33.0},{"not_picked":["MostiFishMod:PerfectParry","Dash+1","Cloak And Dagger","Sucker Punch+1","MostiFishMod:PoisonShield"],"picked":"SKIP","floor":35.0},{"not_picked":["All Out Attack+1","Accuracy","Dodge and Roll","Bouncing Flask","Masterful Stab+1"],"picked":"SKIP","floor":37.0},{"not_picked":["Quick Slash+1","Crippling Poison","PiercingWail","Deflect+1"],"picked":"Tactician","floor":39.0},{"not_picked":["Dodge and Roll","Doppelganger","Noxious Fumes+1","PiercingWail+1"],"picked":"Blur","floor":40.0},{"not_picked":["Flechettes+1","Flying Knee+1","Leg Sweep","Deflect"],"picked":"Noxious Fumes+1","floor":42.0},{"not_picked":["MostiFishMod:PerfectParry","Calculated Gamble","Bane+1","MostiFishMod:FrostNova"],"picked":"Acrobatics","floor":45.0},{"not_picked":["Bane+1","Flying Knee+1","Blade Dance","Sucker Punch+1","MostiFishMod:HiddenBlade"],"picked":"SKIP","floor":46.0},{"not_picked":["Eviscerate+1","Sucker Punch+1","Bane+1","Masterful Stab+1","Quick Slash+1"],"picked":"SKIP","floor":47.0},{"not_picked":["Dagger Spray+1","Slice+1","MostiFishMod:PerfectParry","Cloak And Dagger"],"picked":"MostiFishMod:WinterMarkForm+1","floor":48.0},{"not_picked":["PiercingWail","Reflex","Choke+1","Poisoned Stab+1"],"picked":"Backflip","floor":55.0}],"player_experience":922843,"relics_obtained":[{"floor":1.0,"key":"SynthV:TestCard"},{"floor":7.0,"key":"reliquary:RosewoodLute"},{"floor":9.0,"key":"Juzu Bracelet"},{"floor":10.0,"key":"Toy Ornithopter"},{"floor":13.0,"key":"Odd Mushroom"},{"floor":14.0,"key":"testmod-DragonStarHat"},{"floor":22.0,"key":"Red Mask"},{"floor":23.0,"key":"The Specimen"},{"floor":25.0,"key":"Molten Egg 2"},{"floor":28.0,"key":"reliquary:Firecrackers"},{"floor":30.0,"key":"Pantograph"},{"floor":36.0,"key":"testmod-TheFather"},{"floor":40.0,"key":"Unceasing Top"},{"floor":42.0,"key":"Frozen Egg 2"},{"floor":43.0,"key":"Anchor"},{"floor":46.0,"key":"testmod-CasingShield"},{"floor":48.0,"key":"testmod-Antiphasic"},{"floor":55.0,"key":"Lantern"}],"event_choices":[{"damage_healed":0.0,"max_hp_gain":0.0,"max_hp_loss":0.0,"gold_gain":0.0,"event_name":"Big Fish","player_choice":"Box","floor":2.0,"gold_loss":0.0,"damage_taken":0.0,"relics_obtained":["Omamori"],"cards_obtained":["Regret"]},{"damage_healed":0.0,"max_hp_gain":0.0,"max_hp_loss":0.0,"gold_gain":0.0,"event_name":"Upgrade Shrine","player_choice":"Upgraded","floor":3.0,"gold_loss":0.0,"damage_taken":0.0,"cards_upgraded":["MostiFishMod:Neurotoxin"]},{"damage_healed":0.0,"max_hp_gain":0.0,"max_hp_loss":0.0,"gold_gain":0.0,"event_name":"Scrap Ooze","player_choice":"Success","floor":11.0,"gold_loss":0.0,"damage_taken":11.0,"relics_obtained":["testmod-Muramasa"]},{"damage_healed":0.0,"max_hp_gain":0.0,"max_hp_loss":0.0,"gold_gain":0.0,"event_name":"Mushrooms","player_choice":"Fought Mushrooms","floor":13.0,"gold_loss":0.0,"damage_taken":0.0},{"damage_healed":0.0,"max_hp_gain":0.0,"max_hp_loss":0.0,"gold_gain":0.0,"event_name":"Dead Adventurer","player_choice":"Searched \u00271\u0027 times","floor":14.0,"gold_loss":0.0,"damage_taken":0.0},{"damage_healed":0.0,"max_hp_gain":0.0,"max_hp_loss":0.0,"gold_gain":0.0,"event_name":"Wheel of Change","player_choice":"Cursed","floor":19.0,"gold_loss":0.0,"damage_taken":0.0,"cards_obtained":["Decay"]},{"damage_healed":0.0,"max_hp_gain":0.0,"max_hp_loss":0.0,"gold_gain":50.0,"event_name":"Nest","player_choice":"Stole From Cult","floor":20.0,"gold_loss":0.0,"damage_taken":0.0},{"damage_healed":0.0,"max_hp_gain":0.0,"max_hp_loss":0.0,"gold_gain":0.0,"event_name":"Ghosts","player_choice":"Ignored","floor":21.0,"gold_loss":0.0,"damage_taken":0.0},{"damage_healed":0.0,"max_hp_gain":0.0,"max_hp_loss":0.0,"gold_gain":0.0,"event_name":"Masked Bandits","player_choice":"Fought Bandits","floor":22.0,"gold_loss":0.0,"damage_taken":0.0},{"damage_healed":0.0,"max_hp_gain":0.0,"max_hp_loss":0.0,"gold_gain":0.0,"event_name":"给自己的盒子","player_choice":"Swap Relic","floor":24.0,"relics_lost":["Pocketwatch"],"gold_loss":0.0,"damage_taken":0.0,"relics_obtained":["Pocketwatch"]},{"damage_healed":0.0,"max_hp_gain":0.0,"max_hp_loss":0.0,"gold_gain":0.0,"event_name":"Mysterious Sphere","player_choice":"Fight","floor":36.0,"gold_loss":0.0,"damage_taken":0.0},{"damage_healed":0.0,"max_hp_gain":0.0,"max_hp_loss":0.0,"gold_gain":999.0,"event_name":"MindBloom","player_choice":"Gold","floor":38.0,"gold_loss":0.0,"damage_taken":0.0,"cards_obtained":["Normality","Normality"]},{"damage_healed":0.0,"max_hp_gain":0.0,"max_hp_loss":0.0,"gold_gain":222.0,"event_name":"Tomb of Lord Red Mask","player_choice":"Wore Mask","floor":41.0,"gold_loss":0.0,"damage_taken":0.0}],"is_beta":false,"boss_relics":[{"not_picked":["ExusiaiGun","WristBlade"],"picked":"ChiXiaoBlade"},{"not_picked":["Coffee Dripper","testmod-Nine"],"picked":"Tiny House"}],"items_purged_floors":[54],"is_endless":false,"potions_floor_spawned":[1,4,14,16,18,22,23,31,35,37,40,42,48],"ascension_level":20}}