{"host":"7oiwk103j2prpym5","time":1614350726,"event":{"mods":["BaseMod","BetterRewards","Colored Map","Colored Powertips","GifTheSpireLib","Infinite Spire","Minty Spire (QoL Compilation)","Permanent Neow","Relic Filter Mod","Reliquary","Remove Card Discount Mod","Replay The Spire","StSLib","Stuff the Spire","Weighted Paths"],"gold_per_floor":[112,126,91,441,10,23,59,59,59,90,106,106,126,143,143,240,240,261,261,279,294,316,316,331,372,372,372,410,424,424,438,438,542,542,604,604,665,726,728,807,113,113,113,135,145,145],"floor_reached":45,"language":"ENG","playtime":3895,"items_purged":["Strike_G","Sickly","ReplayTheSpireMod:Restless Dread","Amnesia","Strike_G","Defend_G","Strike_G","Replay:Hysterical Blindness","ReplayTheSpireMod:Doomed"],"score":799,"play_id":"41ca58be-d88f-472d-ad34-01e81f76f732","local_time":"20210226084526","is_ascension_mode":false,"campfire_choices":[{"floor":8,"key":"REST"},{"data":"Noxious Fumes","floor":15,"key":"SMITH"},{"floor":23,"key":"REST"},{"data":"1","floor":27,"key":"LIFT"},{"data":"Panache","floor":30,"key":"SMITH"},{"floor":32,"key":"REST"},{"floor":42,"key":"REST"}],"circlet_count":0,"master_deck":["Survivor","Neutralize+1","Footwork","Footwork","Flying Knee","Crippling Poison","Noxious Fumes+1","Panache+1","Quick Slash","Bandage Up","Hidden Blade","Corpse Explosion","Replay:Poison Smokescreen","Backflip","StuffTheSpire:MirrorStance","ReplayTheSpireMod:Scrap Shanks","Fluid Movement","Languid","Finisher+1","Slice+1","Cloak And Dagger","A Thousand Cuts","Pot Of Greed","Pot Of Greed+1","Pot Of Greed","Dodge and Roll","Writhe","Well Laid Plans","Catalyst","Riddle With Holes","Masterful Stab","Well Laid Plans","infinitespire:Neurotoxin","Pot Of Greed+1","Deadly Poison","Spreading Infection","Accuracy+1","Replay:Dark Deal+1"],"relics":["Ring of the Snake","Girya","Strange Spoon","Ring of Misfortune","Ring of Greed","Old Coin","infinitespire:Midas Blood","Mercury Hourglass","ReplayTheSpireMod:TigerMarble","Toy Ornithopter","Busted Crown","Replay:Bottled Flurry","Kunai","Grinning Jar","infinitespire:EvilPickle","Replay:Grab Bag","StuffTheSpire:ModemDavis","Philosopher\u0027s Stone","Black Star","Cauldron","Pandora\u0027s Box","StuffTheSpire:GreaterSneckoEye","Whetstone","War Paint","reliquary:FingerTrap","Golden Egg","reliquary:HotPoker"],"acts_visited":["Exordium","TheCity","TheBeyond"],"potions_floor_usage":[6,16,18,24,25,25,40,40,40,40],"damage_taken":[{"damage":0,"enemies":"Jaw Worm","floor":1,"turns":8},{"damage":1,"enemies":"Small Slimes","floor":2,"turns":5},{"damage":3,"enemies":"infinitespire:Voidling","floor":6,"turns":3},{"damage":4,"enemies":"3 Sentries","floor":7,"turns":2},{"damage":2,"enemies":"Replay:BlueRogue","floor":10,"turns":5},{"damage":9,"enemies":"Large Slime","floor":11,"turns":5},{"damage":0,"enemies":"Exordium Wildlife","floor":13,"turns":2},{"damage":4,"enemies":"Blue Slaver","floor":14,"turns":4},{"damage":1,"enemies":"Hexaghost","floor":16,"turns":8},{"damage":5,"enemies":"3 Byrds","floor":18,"turns":2},{"damage":5,"enemies":"Spheric Guardian","floor":20,"turns":5},{"damage":0,"enemies":"3 Cultists","floor":21,"turns":3},{"damage":16,"enemies":"Sentry and Sphere","floor":22,"turns":4},{"damage":1,"enemies":"Chosen and Byrds","floor":24,"turns":5},{"damage":14,"enemies":"Nightmare","floor":25,"turns":10},{"damage":11,"enemies":"Book of Stabbing","floor":28,"turns":6},{"damage":9,"enemies":"Snake Plant","floor":29,"turns":5},{"damage":7,"enemies":"Centurion and Healer","floor":31,"turns":3},{"damage":10,"enemies":"Pondfish","floor":33,"turns":9},{"damage":22,"enemies":"3 Darklings","floor":35,"turns":3},{"damage":9,"enemies":"Orb Walker","floor":37,"turns":2},{"damage":14,"enemies":"4 Shapes","floor":38,"turns":2},{"damage":8,"enemies":"Nemesis","floor":40,"turns":7},{"damage":7,"enemies":"Sphere and 2 Shapes","floor":44,"turns":4},{"damage":45,"enemies":"Jaw Worm Horde","floor":45,"turns":2}],"seed_played":"3402259868588587151","potions_obtained":[{"floor":1,"key":"DistilledChaos"},{"floor":2,"key":"Strength Potion"},{"floor":10,"key":"AttackPotion"},{"floor":12,"key":"GhostInAJar"},{"floor":13,"key":"LiquidMemories"},{"floor":22,"key":"Energy Potion"},{"floor":29,"key":"Explosive Potion"},{"floor":33,"key":"ColorlessPotion"},{"floor":35,"key":"Death Potion"},{"floor":36,"key":"AttackPotion"},{"floor":36,"key":"EntropicBrew"},{"floor":40,"key":"Reflective Coating"}],"is_trial":false,"path_per_floor":["M","M","?","?","$","M","E","R","T","E","M","?","M","M","R","B",null,"M","?","M","M","M","R","M","NM","T","R","E","M","R","M","R","B",null,"M","AVR","M","M","?","E","$","R","T","M","M"],"character_chosen":"THE_SILENT","items_purchased":["Orichalcum","Strange Spoon","Footwork","Noxious Fumes","Panache","Quick Slash","Bandage Up","Hidden Blade","reliquary:FingerTrap","Golden Egg","Accuracy","Replay:Dark Deal"],"campfire_rested":4,"item_purchase_floors":[0,0,0,5,5,5,5,5,41,41,41,41],"current_hp_per_floor":[36,35,52,52,52,53,53,70,70,70,65,65,65,69,69,69,70,70,70,65,69,57,70,70,69,69,69,66,61,61,58,70,64,70,48,48,43,33,13,29,29,50,50,43,0,0],"gold":145,"neow_bonus":"","is_daily":false,"chose_seed":false,"campfire_upgraded":2,"win_rate":0.0,"timestamp":1614350726,"path_taken":["M","M","?","?","$","M","E","R","T","E","M","?","?","M","R","BOSS","M","?","M","M","M","R","M","NM","T","R","E","M","R","M","R","BOSS","M","AVR","M","M","?","E","$","R","T","M","M"],"items_purchased_type":["Relic","Relic","Card","Card","Card","Card","Card","Card","Relic","Relic","Card","Card"],"build_version":"2020-12-22","purchased_purges":9,"victory":false,"max_hp_per_floor":[70,70,70,70,70,70,70,70,70,70,70,70,70,70,70,70,70,70,70,70,70,70,70,70,70,70,70,70,70,70,70,70,70,70,70,70,70,70,70,70,70,70,70,70,70,70],"card_choices":[{"not_picked":["Outmaneuver","Deadly Poison"],"picked":"Flying Knee","floor":1},{"not_picked":["Cloak And Dagger","Leg Sweep"],"picked":"Crippling Poison","floor":2},{"not_picked":["Prepared","Choke"],"picked":"Corpse Explosion","floor":6},{"not_picked":["PiercingWail","StuffTheSpire:MirrorStance"],"picked":"Replay:Poison Smokescreen","floor":7},{"not_picked":["StuffTheSpire:Injection","Backstab"],"picked":"Backflip","floor":10},{"not_picked":["Masterful Stab","StuffTheSpire:BumpUp"],"picked":"StuffTheSpire:MirrorStance","floor":11},{"not_picked":["Underhanded Strike","Hidden Blade"],"picked":"ReplayTheSpireMod:Scrap Shanks","floor":13},{"not_picked":["ReplayTheSpireMod:Exploit Weakness","Flying Knee"],"picked":"Fluid Movement","floor":14},{"not_picked":[],"picked":"Finisher+1","floor":18},{"not_picked":["Sneak Up"],"picked":"SKIP","floor":20},{"not_picked":[],"picked":"Slice","floor":21},{"not_picked":["Slice"],"picked":"SKIP","floor":22},{"not_picked":[],"picked":"Cloak And Dagger","floor":24},{"not_picked":[],"picked":"A Thousand Cuts","floor":25},{"not_picked":["Underhanded Strike+1"],"picked":"SKIP","floor":28},{"not_picked":["Choke"],"picked":"SKIP","floor":29},{"not_picked":[],"picked":"Dodge and Roll","floor":31},{"not_picked":["Reflex"],"picked":"SKIP","floor":35},{"not_picked":[],"picked":"Deadly Poison","floor":37},{"not_picked":["StuffTheSpire:Fury+1"],"picked":"SKIP","floor":38},{"not_picked":["ReplayTheSpireMod:Tripwire"],"picked":"SKIP","floor":40},{"not_picked":["Prepared"],"picked":"SKIP","floor":44}],"player_experience":929190,"relics_obtained":[{"floor":4,"key":"Ring of Misfortune"},{"floor":4,"key":"Ring of Greed"},{"floor":4,"key":"Old Coin"},{"floor":4,"key":"infinitespire:Midas Blood"},{"floor":7,"key":"Mercury Hourglass"},{"floor":9,"key":"ReplayTheSpireMod:TigerMarble"},{"floor":10,"key":"Toy Ornithopter"},{"floor":25,"key":"Replay:Bottled Flurry"},{"floor":26,"key":"Kunai"},{"floor":28,"key":"Grinning Jar"},{"floor":39,"key":"StuffTheSpire:GreaterSneckoEye"},{"floor":40,"key":"Whetstone"},{"floor":40,"key":"War Paint"},{"floor":43,"key":"reliquary:HotPoker"}],"event_choices":[{"damage_healed":17,"gold_gain":0,"player_choice":"Healed","damage_taken":0,"max_hp_gain":0,"max_hp_loss":0,"event_name":"The Cleric","floor":3,"gold_loss":35},{"damage_healed":0,"gold_gain":0,"player_choice":"Got Potions","damage_taken":0,"max_hp_gain":0,"max_hp_loss":0,"event_name":"Lab","floor":12,"gold_loss":0}],"is_beta":false,"boss_relics":[{"not_picked":["Painkiller Herb","StuffTheSpire:Kangaroo"],"picked":"Busted Crown"},{"not_picked":["ReplayTheSpireMod:SealedPack","Astrolabe"],"picked":"Replay:Grab Bag"},{"not_picked":["StuffTheSpire:RunicConfusion","Runic Dome"],"picked":"StuffTheSpire:ModemDavis"},{"not_picked":["Fusion Hammer","Velvet Choker"],"picked":"Philosopher\u0027s Stone"},{"not_picked":["Runic Pyramid","Empty Cage"],"picked":"Black Star"}],"items_purged_floors":[0,5,5,5,5,5,5,36,41],"is_endless":true,"potions_floor_spawned":[1,2,10,13,22,29,33,35,40],"killed_by":"Jaw Worm Horde","ascension_level":0}}