{"host":"ep8i7b8n5hbu63rl","time":1614344419,"event":{"mods":["AchievementEnabler","BaseMod","Colored Map","DeckTracker","Keyboard Shortcuts","Minty Spire (QoL Compilation)","Permanent Neow","Quick Restart","SuperFastMode"],"gold_per_floor":[129,151,163,53,68,95,15,25,107,7,7,26,201,219,219,320,370,388,398,416,435,452,452,469,482,482,482,510,510,510,527,527,632,632,651,1001,1001,1017,1037,1037,1047,1047,1047,1047,1075,1075,1086,1086,1086,1086,1086,1086,46,14,42,42],"floor_reached":57,"language":"KOR","playtime":2091,"items_purged":["Strike_B","Defend_B","Defend_B"],"score":1483,"play_id":"f11d8268-acb0-4aed-865d-14756edf1e5d","local_time":"20210226220019","is_ascension_mode":false,"campfire_choices":[{"floor":15,"key":"DIG"},{"floor":29,"key":"DIG"},{"floor":32,"key":"DIG"},{"floor":40,"key":"DIG"},{"floor":44,"key":"DIG"},{"floor":46,"key":"DIG"},{"floor":49,"key":"DIG"},{"floor":52,"key":"DIG"}],"circlet_count":0,"master_deck":["Strike_B+1","Defend_B","Zap+1","Dualcast+1","Echo Form","Leap","Self Repair","Force Field","Chill+1","Force Field","Streamline","Machine Learning+1","Storm","Creative AI+1","Hologram","Genetic Algorithm","Capacitor","Apotheosis","Defragment","Electrodynamics","Self Repair+1","Thunder Strike","Defragment+1","Capacitor","Reinforced Body","Capacitor","Coolheaded","Self Repair","Doubt","Reboot+1","Thunder Strike","Static Discharge","Sunder","Buffer","Coolheaded+1","Capacitor","Capacitor+1","Melter","Coolheaded+1","Force Field+1","Heatsinks","Creative AI","Storm+1","Writhe","Defragment"],"relics":["Cracked Core","Kunai","Question Card","Mummified Hand","Inserter","Bird Faced Urn","MawBank","Strawberry","Shovel","Pear","Orichalcum","Ancient Tea Set","Blood Vial","The Courier","SlaversCollar","Whetstone","Symbiotic Virus","Oddly Smooth Stone","Juzu Bracelet","Blue Candle","Art of War","Sundial","Du-Vu Doll","Bronze Scales","GremlinMask","Prayer Wheel","Toxic Egg 2","Potion Belt","Tiny House","The Courier","Shovel","Singing Bowl","Question Card","Sozu","Old Coin","Pantograph","Mango","PreservedInsect","Art of War","Omamori","Bottled Tornado","Bottled Lightning","Torii","Thread and Needle","Runic Capacitor","Nunchaku","Mercury Hourglass","Boot","Oddly Smooth Stone"],"acts_visited":["Exordium","TheCity","TheBeyond","TheEnding"],"potions_floor_usage":[],"damage_taken":[{"damage":0,"enemies":"Small Slimes","floor":1,"turns":1},{"damage":0,"enemies":"Cultist","floor":2,"turns":2},{"damage":0,"enemies":"2 Louse","floor":5,"turns":2},{"damage":0,"enemies":"Gremlin Nob","floor":6,"turns":3},{"damage":0,"enemies":"Large Slime","floor":8,"turns":4},{"damage":0,"enemies":"2 Fungi Beasts","floor":12,"turns":3},{"damage":0,"enemies":"Red Slaver","floor":14,"turns":2},{"damage":8,"enemies":"The Guardian","floor":16,"turns":6},{"damage":12,"enemies":"2 Thieves","floor":18,"turns":3},{"damage":6,"enemies":"3 Byrds","floor":19,"turns":4},{"damage":0,"enemies":"Sentry and Sphere","floor":20,"turns":3},{"damage":7,"enemies":"Snake Plant","floor":21,"turns":3},{"damage":0,"enemies":"Centurion and Healer","floor":22,"turns":6},{"damage":5,"enemies":"Shelled Parasite and Fungi","floor":24,"turns":5},{"damage":0,"enemies":"Snake Plant","floor":25,"turns":4},{"damage":15,"enemies":"Slavers","floor":28,"turns":3},{"damage":0,"enemies":"Snecko","floor":31,"turns":4},{"damage":0,"enemies":"Champ","floor":33,"turns":5},{"damage":7,"enemies":"Orb Walker","floor":35,"turns":3},{"damage":42,"enemies":"Mind Bloom Boss Battle","floor":36,"turns":6},{"damage":7,"enemies":"3 Shapes","floor":38,"turns":4},{"damage":34,"enemies":"Writhing Mass","floor":39,"turns":3},{"damage":0,"enemies":"Sphere and 2 Shapes","floor":41,"turns":3},{"damage":1,"enemies":"Nemesis","floor":45,"turns":3},{"damage":23,"enemies":"Jaw Worm Horde","floor":47,"turns":4},{"damage":15,"enemies":"Donu and Deca","floor":50,"turns":5},{"damage":9,"enemies":"Shield and Spear","floor":55,"turns":3},{"damage":44,"enemies":"The Heart","floor":56,"turns":3}],"seed_played":"5757569180181088675","potions_obtained":[{"floor":5,"key":"BlessingOfTheForge"},{"floor":6,"key":"Block Potion"},{"floor":16,"key":"EssenceOfSteel"},{"floor":17,"key":"ColorlessPotion"},{"floor":20,"key":"GamblersBrew"}],"is_trial":false,"path_per_floor":["M","M","?","$","M","E","$","M","T","$","$","M","?","M","R","B",null,"M","M","M","M","M","?","M","M","T","?","E","R","?","M","R","B",null,"M","?","?","M","M","R","M","?","T","R","E","R","M","?","R","B",null,"R","$","$","E","B",null],"character_chosen":"DEFECT","items_purchased":["Capacitor","Torii","Thread and Needle","Runic Capacitor","Nunchaku","Mercury Hourglass","Boot","Defragment"],"campfire_rested":0,"item_purchase_floors":[4,53,53,53,53,53,53,54],"current_hp_per_floor":[90,90,90,90,90,90,90,90,90,90,90,90,90,90,90,90,95,95,95,95,95,95,95,95,95,95,95,95,95,79,99,99,99,99,103,105,115,119,107,107,125,125,139,139,141,141,145,145,145,145,145,145,145,145,147,147],"gold":42,"neow_bonus":"TEN_PERCENT_HP_BONUS","is_daily":false,"chose_seed":false,"campfire_upgraded":0,"win_rate":0.0,"timestamp":1614344419,"path_taken":["M","M","?","$","M","E","$","M","T","?","$","M","?","M","R","BOSS","M","M","M","M","M","?","M","M","T","?","E","R","?","M","R","BOSS","M","?","?","M","M","R","M","?","T","R","E","R","M","?","R","BOSS","R","$","$","E","BOSS"],"items_purchased_type":["Card","Relic","Relic","Relic","Relic","Relic","Relic","Card"],"build_version":"2020-12-22","purchased_purges":3,"victory":true,"max_hp_per_floor":[90,90,90,90,90,90,90,90,90,90,90,90,90,90,90,90,95,95,95,95,95,95,95,95,95,95,95,95,95,95,99,99,99,99,103,105,115,119,121,121,125,125,139,139,141,141,145,145,145,145,145,145,145,145,147,147],"card_choices":[{"not_picked":["Hologram","Compile Driver","Redo","Aggregate"],"picked":"SKIP","floor":1},{"not_picked":["Steam","Go for the Eyes","Hologram","Leap"],"picked":"SKIP","floor":2},{"not_picked":["Ball Lightning","Stack","Aggregate"],"picked":"Reinforced Body","floor":5},{"not_picked":["Machine Learning","Barrage","Sunder"],"picked":"Capacitor","floor":6},{"not_picked":["Go for the Eyes","Rebound","Stack"],"picked":"Coolheaded","floor":8},{"not_picked":["Lockon","Stack","White Noise","Conserve Battery"],"picked":"SKIP","floor":8},{"not_picked":["Glacier+1","White Noise+1","Chill+1"],"picked":"Self Repair","floor":12},{"not_picked":["Beam Cell","Coolheaded+1","Ball Lightning","Stack+1"],"picked":"SKIP","floor":12},{"not_picked":["Chaos+1","Storm","Turbo+1"],"picked":"Reboot+1","floor":14},{"not_picked":["Leap+1","Beam Cell","Coolheaded+1","Chaos+1"],"picked":"SKIP","floor":14},{"not_picked":["Reboot+1","Biased Cognition","Hyperbeam"],"picked":"Thunder Strike","floor":16},{"not_picked":["Sweeping Beam","Glacier+1","Genetic Algorithm+1"],"picked":"Static Discharge","floor":17},{"not_picked":["Turbo+1","Coolheaded+1","Scrape+1"],"picked":"Sunder","floor":18},{"not_picked":["Scrape","Leap+1","Barrage+1","Turbo+1"],"picked":"SKIP","floor":18},{"not_picked":["Sweeping Beam","Leap+1","Barrage+1"],"picked":"Buffer","floor":19},{"not_picked":["Ball Lightning","Reinforced Body+1","Hello World"],"picked":"Coolheaded+1","floor":19},{"not_picked":["Cold Snap","Sweeping Beam","Melter"],"picked":"Capacitor","floor":20},{"not_picked":["Go for the Eyes","Gash","Double Energy+1"],"picked":"Capacitor+1","floor":20},{"not_picked":["Chill+1","Redo+1","Cold Snap"],"picked":"Melter","floor":21},{"not_picked":["Scrape","Leap+1","Streamline"],"picked":"Coolheaded+1","floor":21},{"not_picked":["Blizzard","Redo+1","Chaos+1"],"picked":"Rainbow+1","floor":22},{"not_picked":["Darkness+1","Undo+1","Redo+1"],"picked":"Force Field+1","floor":22},{"not_picked":["Barrage","Double Energy+1","Ball Lightning","Auto Shields+1"],"picked":"SKIP","floor":24},{"not_picked":["Cold Snap+1","Barrage","Compile Driver","Go for the Eyes"],"picked":"SKIP","floor":24},{"not_picked":["Double Energy+1","Chill+1","Force Field+1","Beam Cell"],"picked":"SKIP","floor":25},{"not_picked":["Loop+1","Lockon","Turbo+1","Reprogram+1"],"picked":"SKIP","floor":25},{"not_picked":["Leap+1","Amplify+1","Cold Snap+1","BootSequence+1"],"picked":"SKIP","floor":28},{"not_picked":["Reprogram+1","Sweeping Beam+1","Blizzard","Turbo+1"],"picked":"Singing Bowl","floor":31},{"not_picked":["Beam Cell+1","Melter","Coolheaded+1","Streamline"],"picked":"Singing Bowl","floor":31},{"not_picked":["Rainbow+1","Core Surge","Seek+1","Thunder Strike"],"picked":"Creative AI","floor":33},{"not_picked":["Tempest+1","Steam+1","Streamline+1","Melter","Turbo+1"],"picked":"Singing Bowl","floor":35},{"not_picked":["Rebound","Ball Lightning+1","Conserve Battery+1","BootSequence+1","Redo+1"],"picked":"Singing Bowl","floor":35},{"not_picked":["Compile Driver+1","Tempest+1","Redo+1","Steam Power+1","Rebound"],"picked":"Singing Bowl","floor":36},{"not_picked":["Conserve Battery+1","Darkness+1","Rebound+1","Amplify+1","Barrage+1"],"picked":"Singing Bowl","floor":38},{"not_picked":["Cold Snap+1","Redo+1","Turbo+1","Chaos+1","Leap+1"],"picked":"Singing Bowl","floor":38},{"not_picked":["Undo+1","Barrage+1","Leap+1","Chill+1"],"picked":"Storm+1","floor":39},{"not_picked":["Gash","Beam Cell+1","Barrage","Coolheaded+1","Force Field+1"],"picked":"Singing Bowl","floor":39},{"not_picked":["Tempest+1","Redo+1","Streamline","Turbo+1","Sunder"],"picked":"Singing Bowl","floor":41},{"not_picked":["Rainbow+1","Chill+1","Barrage+1","Blizzard","Cold Snap"],"picked":"Singing Bowl","floor":41},{"not_picked":["Chill+1","Doom and Gloom","Compile Driver+1","Barrage+1","Streamline"],"picked":"Singing Bowl","floor":45},{"not_picked":["Lockon+1","Beam Cell","Sweeping Beam","Rip and Tear","Auto Shields+1"],"picked":"Singing Bowl","floor":47},{"not_picked":["Streamline","Leap+1","Static Discharge+1","FTL+1","Go for the Eyes+1"],"picked":"Singing Bowl","floor":47},{"not_picked":["Gash","Beam Cell+1","Steam Power+1","Conserve Battery+1","Ball Lightning"],"picked":"Singing Bowl","floor":55}],"player_experience":183983,"relics_obtained":[{"floor":6,"key":"Prayer Wheel"},{"floor":9,"key":"Toxic Egg 2"},{"floor":15,"key":"Potion Belt"},{"floor":26,"key":"The Courier"},{"floor":28,"key":"Shovel"},{"floor":29,"key":"Singing Bowl"},{"floor":32,"key":"Question Card"},{"floor":36,"key":"Old Coin"},{"floor":40,"key":"Pantograph"},{"floor":43,"key":"Mango"},{"floor":44,"key":"PreservedInsect"},{"floor":45,"key":"Art of War"},{"floor":46,"key":"Omamori"},{"floor":49,"key":"Bottled Tornado"},{"floor":52,"key":"Bottled Lightning"},{"floor":55,"key":"Oddly Smooth Stone"}],"event_choices":[{"damage_healed":0,"gold_gain":0,"player_choice":"Trade","damage_taken":0,"relics_obtained":["GremlinMask"],"max_hp_gain":0,"max_hp_loss":0,"event_name":"FaceTrader","floor":3,"gold_loss":0},{"damage_healed":0,"gold_gain":175,"player_choice":"AGREE","damage_taken":0,"max_hp_gain":0,"max_hp_loss":0,"event_name":"Liars Game","floor":13,"gold_loss":0,"cards_obtained":["Doubt"]},{"damage_healed":0,"gold_gain":0,"player_choice":"Read","damage_taken":0,"max_hp_gain":0,"max_hp_loss":0,"event_name":"The Library","floor":23,"gold_loss":0,"cards_obtained":["Heatsinks"]},{"damage_healed":0,"gold_gain":0,"player_choice":"Ignored","damage_taken":0,"max_hp_gain":0,"max_hp_loss":0,"event_name":"Vampires","floor":27,"gold_loss":0},{"damage_healed":0,"gold_gain":0,"player_choice":"Obtained Book","damage_taken":16,"max_hp_gain":0,"max_hp_loss":0,"event_name":"Cursed Tome","floor":30,"gold_loss":0},{"damage_healed":0,"gold_gain":0,"player_choice":"Fight","damage_taken":0,"max_hp_gain":0,"max_hp_loss":0,"event_name":"MindBloom","floor":36,"gold_loss":0},{"cards_removed":["Rainbow"],"damage_healed":0,"gold_gain":0,"player_choice":"Offered Rare","damage_taken":0,"max_hp_gain":10,"max_hp_loss":0,"event_name":"Bonfire Elementals","floor":37,"gold_loss":0},{"damage_healed":31,"gold_gain":0,"player_choice":"Writhe","damage_taken":0,"max_hp_gain":0,"max_hp_loss":0,"event_name":"Winding Halls","floor":42,"gold_loss":0,"cards_obtained":["Writhe"]},{"damage_healed":0,"gold_gain":0,"player_choice":"Ignored","damage_taken":0,"max_hp_gain":0,"max_hp_loss":0,"event_name":"Tomb of Lord Red Mask","floor":48,"gold_loss":0}],"is_beta":false,"boss_relics":[{"not_picked":["SacredBark","FrozenCore"],"picked":"Tiny House"},{"not_picked":["Velvet Choker","Empty Cage"],"picked":"Sozu"}],"items_purged_floors":[4,7,10],"is_endless":false,"potions_floor_spawned":[5,6,16,20,21,28,31,33,36,38,45,47,55],"ascension_level":0}}