{"host":"0kk91h4bq4kgfj0u","time":1614378024,"event":{"mods":["BaseMod","Bestiary","Block Reminder","Colored Map","Colored Powertips","Curses Come First","Highlight Path","Minty Spire (QoL Compilation)","Relic Stats","StSLib"],"gold_per_floor":[125,137,167,244,256,296,308,330,342,367,397,57,82,94,94,189,189,199,199,214,214,139,165,185,185,234,234,234,251,263,8,8,104,104,117,117,0,0,13,45,45,45,45],"floor_reached":42,"language":"ENG","playtime":1451,"items_purged":["Strike_R"],"score":661,"play_id":"33c692d3-085c-4d86-98bf-30084097bff8","local_time":"20210226172024","is_ascension_mode":true,"campfire_choices":[{"floor":7.0,"key":"REST"},{"floor":15,"key":"REST"},{"floor":25,"key":"REST"},{"floor":27,"key":"REST"},{"floor":32,"key":"RECALL"},{"floor":41,"key":"REST"}],"circlet_count":0,"master_deck":["Strike_R+1","Strike_R+1","Strike_R","Defend_R","Defend_R","Defend_R","Bash","Clothesline","Armaments","Whirlwind","Anger","Flex","Shrug It Off","Inflame","Fire Breathing","Pommel Strike+1","Reaper+1","Power Through","RitualDagger+1","Impervious","Shame","Writhe","Heavy Blade+1","Cleave+1","Immolate+1","Feel No Pain+1","Decay","Rampage+1","Infernal Blade"],"relics":["Burning Blood","MawBank","The Courier","Magic Flower","Molten Egg 2","Cursed Key","Bronze Scales","Du-Vu Doll","Tiny Chest","Dead Branch","Strawberry","Mark of Pain","Red Mask","Juzu Bracelet","Question Card"],"acts_visited":["Exordium","TheCity","TheBeyond"],"potions_floor_usage":[16,24,29,33,42],"damage_taken":[{"damage":19.0,"enemies":"Jaw Worm","floor":1.0,"turns":5.0},{"damage":0.0,"enemies":"Small Slimes","floor":3.0,"turns":3.0},{"damage":45.0,"enemies":"3 Sentries","floor":6.0,"turns":11.0},{"damage":0.0,"enemies":"2 Louse","floor":8.0,"turns":3.0},{"damage":3.0,"enemies":"Gremlin Gang","floor":10.0,"turns":2.0},{"damage":14.0,"enemies":"Exordium Wildlife","floor":11.0,"turns":4.0},{"damage":33.0,"enemies":"Gremlin Nob","floor":13.0,"turns":4.0},{"damage":5,"enemies":"Looter","floor":14,"turns":4},{"damage":34,"enemies":"Hexaghost","floor":16,"turns":12},{"damage":13,"enemies":"Chosen","floor":18,"turns":5},{"damage":17,"enemies":"Shell Parasite","floor":20,"turns":6},{"damage":68,"enemies":"Slavers","floor":23,"turns":7},{"damage":26,"enemies":"Snake Plant","floor":24,"turns":4},{"damage":8,"enemies":"Snecko","floor":29,"turns":4},{"damage":0,"enemies":"Chosen and Byrds","floor":30,"turns":5},{"damage":101,"enemies":"Collector","floor":33,"turns":9},{"damage":21,"enemies":"3 Darklings","floor":35,"turns":4},{"damage":3,"enemies":"Orb Walker","floor":39,"turns":2},{"damage":69,"enemies":"Reptomancer","floor":40,"turns":8},{"damage":92,"enemies":"Transient","floor":42,"turns":5}],"seed_played":"-7028402409066782092","potions_obtained":[{"floor":1.0,"key":"PowerPotion"},{"floor":5.0,"key":"Energy Potion"},{"floor":5.0,"key":"AttackPotion"},{"floor":6.0,"key":"CultistPotion"},{"floor":14,"key":"Swift Potion"},{"floor":16,"key":"Dexterity Potion"},{"floor":23,"key":"Fire Potion"},{"floor":24,"key":"Fruit Juice"},{"floor":33,"key":"DuplicationPotion"}],"is_trial":false,"path_per_floor":["M","?","M","?","?","E","R","M","T","M","M","$","E","M","R","B",null,"M","?","M","?","?","E","M","R","T","R","T","M","M","$","R","B",null,"M","?","?","T","M","E","R","M"],"character_chosen":"IRONCLAD","items_purchased":["Magic Flower","Inflame","FairyPotion","Strawberry","Cleave+1","Strength Potion"],"campfire_rested":5,"item_purchase_floors":[12,12,31,31,31,31],"current_hp_per_floor":[59,43,49,49,49,10,34,40,40,43,35,35,11,15,39,14,64,68,68,60,54,54,21,17,42,42,67,67,68,77,84,84,34,78,80,80,80,80,86,47,74,0,0],"gold":45,"neow_bonus":"RANDOM_COMMON_RELIC","is_daily":false,"chose_seed":false,"campfire_upgraded":0,"win_rate":0.0,"timestamp":1614378024,"path_taken":["M","?","M","?","?","E","R","M","T","M","M","$","E","?","R","BOSS","M","?","M","?","?","E","?","R","T","R","?","M","M","$","R","BOSS","M","?","?","?","M","E","R","M"],"items_purchased_type":["Relic","Card","Potion","Relic","Card","Potion"],"build_version":"2020-12-22","purchased_purges":1,"victory":false,"max_hp_per_floor":[80,80,80,80,80,80,80,80,80,80,80,80,80,80,80,80,80,80,80,80,80,80,80,85,85,85,85,85,85,85,92,92,92,92,92,92,92,92,92,92,92,92,92],"relic_stats":{"counters":[20,107],"Bronze Scales":[215],"Dead Branch":[8],"Magic Flower":[80],"Tiny Chest":1,"Juzu Bracelet":0,"MawBank":144,"Cursed Key":3,"Question Card":0,"obtain_stats":[{"Dead Branch":28,"Magic Flower":12,"The Courier":6,"Juzu Bracelet":38,"MawBank":0,"Cursed Key":17,"Question Card":40,"Burning Blood":0,"Du-Vu Doll":23,"Bronze Scales":19,"Strawberry":31,"Molten Egg 2":13,"Tiny Chest":26,"Mark of Pain":34,"Red Mask":37},{"Dead Branch":13,"Magic Flower":6,"The Courier":3,"Juzu Bracelet":17,"MawBank":0,"Cursed Key":9,"Question Card":19,"Burning Blood":0,"Du-Vu Doll":12,"Bronze Scales":10,"Strawberry":15,"Molten Egg 2":7,"Tiny Chest":13,"Mark of Pain":16,"Red Mask":17},{"Dead Branch":70,"Magic Flower":28,"The Courier":19,"Juzu Bracelet":92,"MawBank":0,"Cursed Key":48,"Question Card":102,"Burning Blood":0,"Du-Vu Doll":66,"Bronze Scales":53,"Strawberry":79,"Molten Egg 2":32,"Tiny Chest":70,"Mark of Pain":88,"Red Mask":92}],"Burning Blood":153},"card_choices":[{"not_picked":["Carnage","Burning Pact"],"picked":"Clothesline","floor":1.0},{"not_picked":["Clothesline","Havoc"],"picked":"Armaments","floor":3.0},{"not_picked":["Clash","Sever Soul"],"picked":"Whirlwind","floor":6.0},{"not_picked":["Havoc","Cleave"],"picked":"Anger","floor":8.0},{"not_picked":["Iron Wave","Heavy Blade"],"picked":"Flex","floor":10.0},{"not_picked":["Flex","Twin Strike"],"picked":"Shrug It Off","floor":11.0},{"not_picked":["Clothesline+1","Corruption"],"picked":"Fire Breathing","floor":13.0},{"not_picked":["Dark Embrace","Ghostly Armor"],"picked":"Pommel Strike+1","floor":14},{"not_picked":["Exhume","Fiend Fire+1"],"picked":"Reaper+1","floor":16},{"not_picked":["Warcry","Dual Wield"],"picked":"Power Through","floor":18},{"not_picked":["Hemokinesis+1","Headbutt+1","Power Through"],"picked":"SKIP","floor":20},{"not_picked":["Sentinel","Sever Soul+1"],"picked":"Impervious","floor":23},{"not_picked":["Dual Wield","Fire Breathing","Pommel Strike+1"],"picked":"SKIP","floor":24},{"not_picked":["Disarm","Burning Pact+1","True Grit"],"picked":"SKIP","floor":29},{"not_picked":["Iron Wave+1","Rupture"],"picked":"Heavy Blade+1","floor":30},{"not_picked":["Barricade","Reaper+1"],"picked":"Immolate+1","floor":33},{"not_picked":["Havoc+1","Blood for Blood+1"],"picked":"Feel No Pain+1","floor":35},{"not_picked":["Shrug It Off+1","Bloodletting+1"],"picked":"Rampage+1","floor":39},{"not_picked":["Impervious","Perfected Strike+1"],"picked":"Infernal Blade","floor":40}],"player_experience":928263,"relics_obtained":[{"floor":6.0,"key":"The Courier"},{"floor":13.0,"key":"Molten Egg 2"},{"floor":23,"key":"Du-Vu Doll"},{"floor":26,"key":"Tiny Chest"},{"floor":28,"key":"Dead Branch"},{"floor":38,"key":"Juzu Bracelet"},{"floor":40,"key":"Question Card"}],"event_choices":[{"damage_healed":0.0,"max_hp_gain":0.0,"max_hp_loss":0.0,"gold_gain":0.0,"event_name":"Shining Light","player_choice":"Entered Light","floor":2.0,"gold_loss":0.0,"damage_taken":16.0,"cards_upgraded":["Strike_R","Strike_R"]},{"damage_healed":0.0,"max_hp_gain":0.0,"max_hp_loss":0.0,"gold_gain":65.0,"event_name":"Golden Wing","player_choice":"Gained Gold","floor":4.0,"gold_loss":0.0,"damage_taken":0.0},{"damage_healed":0.0,"max_hp_gain":0.0,"max_hp_loss":0.0,"gold_gain":0.0,"event_name":"Lab","player_choice":"Got Potions","floor":5.0,"gold_loss":0.0,"damage_taken":0.0},{"damage_healed":0,"gold_gain":0,"player_choice":"Opened","damage_taken":0,"relics_obtained":["Bronze Scales"],"max_hp_gain":0,"max_hp_loss":0,"event_name":"The Mausoleum","floor":19,"gold_loss":0},{"damage_healed":0,"gold_gain":0,"player_choice":"Joined the Cult","damage_taken":6,"max_hp_gain":0,"max_hp_loss":0,"event_name":"Nest","floor":21,"gold_loss":0,"cards_obtained":["RitualDagger"]},{"cards_removed":["Strike_R"],"damage_healed":0,"gold_gain":0,"player_choice":"Gave Gold","damage_taken":0,"max_hp_gain":0,"max_hp_loss":0,"event_name":"Beggar","floor":22,"gold_loss":75},{"cards_removed":["Defend_R"],"damage_healed":0,"gold_gain":0,"player_choice":"Removed Skill","damage_taken":0,"max_hp_gain":0,"max_hp_loss":0,"event_name":"Falling","floor":36,"gold_loss":0},{"damage_healed":0,"gold_gain":0,"player_choice":"Paid","damage_taken":0,"relics_obtained":["Red Mask"],"max_hp_gain":0,"max_hp_loss":0,"event_name":"Tomb of Lord Red Mask","floor":37,"gold_loss":117}],"is_beta":false,"boss_relics":[{"not_picked":["Ectoplasm","Coffee Dripper"],"picked":"Cursed Key"},{"not_picked":["Pandora\u0027s Box","Busted Crown"],"picked":"Mark of Pain"}],"items_purged_floors":[12],"is_endless":false,"potions_floor_spawned":[1,6,14,16,23,24,33],"killed_by":"Transient","ascension_level":9}}