{"host":"vpk7v26cevh9misn","time":1614354086,"event":{"mods":["2.2 Compatiblity","AchievementEnabler","Act Like it!","Aspiration","BaseMod","Better Sensory Stone","BetterRewards","Bossed Relics","Energized Spire","Fiend Mod","Gold Saver","Halation","Hubris","Infinite Spire","Luminous","Marisa????????","Minty Spire (QoL Compilation)","Permanent Neow","Quick Restart","RNG Fix","Relic Stats","Reliquary","Replay The Spire","Robot Space Explorer","Ruina","Small Relic Pack","Spicy Shops","StSLib","The Judge","Uncapped"],"gold_per_floor":[702,777,71,71,84,84,102,124,124,149,162,162,162],"floor_reached":12,"language":"ENG","playtime":631,"items_purged":[],"score":78,"play_id":"bd337541-2b8d-4cc0-b776-f78cab726001","local_time":"20210226104126","is_ascension_mode":false,"campfire_choices":[{"data":"Fiend:FiendRam","floor":6,"key":"SMITH"}],"circlet_count":0,"master_deck":["Fiend:FiendDemonSlash","Fiend:FiendDemonSlash","Fiend:FiendDemonSlash","Fiend:FiendDemonSlash","Fiend:FiendDemonSlash","Fiend:FiendFortify","Fiend:FiendFortify","Fiend:FiendFortify","Fiend:FiendFortify","Fiend:FiendConsume","Fiend:FiendDemonWhip","The Bomb+1","Swift Strike","Fiend:FiendRam+1","Fiend:FiendSalvage","Fiend:FiendMeatPaste","Fiend:FiendRage","Fiend:FiendVaccine"],"relics":["Fiend:FiendTotem","Shuriken","Ancient Tea Set","Odd Mushroom","infinitespire:CheckeredPen","Pen Nib"],"acts_visited":["Exordium"],"potions_floor_usage":[8,10,12],"damage_taken":[{"damage":0,"enemies":"Small Slimes","floor":1,"turns":3},{"damage":6,"enemies":"Cultist","floor":5,"turns":3},{"damage":7,"enemies":"Jaw Worm","floor":7,"turns":2},{"damage":14,"enemies":"The Mushroom Lair","floor":8,"turns":4},{"damage":14,"enemies":"3 Sentries","floor":10,"turns":6},{"damage":6,"enemies":"Looter","floor":11,"turns":2},{"damage":20,"enemies":"Lagavulin","floor":12,"turns":3}],"seed_played":"-3529790804528141167","potions_obtained":[{"floor":7,"key":"Block Potion"},{"floor":8,"key":"Fruit Juice"},{"floor":11,"key":"Reflective Coating"}],"is_trial":false,"path_per_floor":["M","?","$","?","M","R","M","?","T","E","M","E"],"character_chosen":"THE_FIEND","items_purchased":["The Bomb","Shuriken","Ancient Tea Set","Swift Strike"],"campfire_rested":0,"item_purchase_floors":[3,3,3,3],"current_hp_per_floor":[63,52,52,52,47,47,40,31,31,19,13,0,0],"gold":162,"neow_bonus":"TWO_FIFTY_GOLD","is_daily":false,"chose_seed":false,"campfire_upgraded":1,"win_rate":0.0,"timestamp":1614354086,"path_taken":["M","?","$","?","M","R","M","?","T","E","M","E"],"items_purchased_type":["Card","Relic","Relic","Card"],"build_version":"2020-12-22","purchased_purges":0,"victory":false,"max_hp_per_floor":[63,63,63,63,63,63,63,68,68,68,68,68,68],"relic_stats":{"counters":[7,23],"Shuriken":[8],"Pen Nib":[1],"obtain_stats":[{"Shuriken":3,"Pen Nib":10,"infinitespire:CheckeredPen":9,"Odd Mushroom":8,"Fiend:FiendTotem":0,"Ancient Tea Set":3},{"Shuriken":1,"Pen Nib":5,"infinitespire:CheckeredPen":4,"Odd Mushroom":4,"Fiend:FiendTotem":0,"Ancient Tea Set":1},{"Shuriken":3,"Pen Nib":18,"infinitespire:CheckeredPen":12,"Odd Mushroom":12,"Fiend:FiendTotem":0,"Ancient Tea Set":3}]},"card_choices":[{"not_picked":["Fiend:FiendMeditate","Fiend:FiendBackFromHell"],"picked":"Fiend:FiendDemonWhip","floor":1},{"not_picked":["Fiend:FiendMeditate","Fiend:FiendDemonicContract"],"picked":"Fiend:FiendRam","floor":5},{"not_picked":["Fiend:FiendLeech","Fiend:FiendMeatShield"],"picked":"Fiend:FiendSalvage","floor":7},{"not_picked":["Fiend:FiendBloodlust","Fiend:FiendSiphon"],"picked":"Fiend:FiendMeatPaste","floor":8},{"not_picked":["Fiend:FiendRadiation","Fiend:FiendBloodPrice"],"picked":"Fiend:FiendRage","floor":10},{"not_picked":["Fiend:FiendMeatShield","Fiend:FiendAbomination"],"picked":"Fiend:FiendVaccine","floor":11}],"player_experience":39396,"relics_obtained":[{"floor":8,"key":"Odd Mushroom"},{"floor":9,"key":"infinitespire:CheckeredPen"},{"floor":10,"key":"Pen Nib"}],"event_choices":[{"damage_healed":0,"gold_gain":75,"player_choice":"Gather Gold","damage_taken":11,"max_hp_gain":0,"max_hp_loss":0,"event_name":"World of Goop","floor":2,"gold_loss":0},{"damage_healed":0,"gold_gain":0,"player_choice":"Grow","damage_taken":0,"max_hp_gain":0,"max_hp_loss":0,"event_name":"Living Wall","floor":4,"gold_loss":0,"cards_upgraded":["The Bomb"]},{"damage_healed":0,"gold_gain":0,"player_choice":"Fought Mushrooms","damage_taken":0,"max_hp_gain":0,"max_hp_loss":0,"event_name":"Mushrooms","floor":8,"gold_loss":0}],"is_beta":false,"boss_relics":[],"items_purged_floors":[],"is_endless":false,"potions_floor_spawned":[7,8,11],"killed_by":"Lagavulin","ascension_level":0}}