{"host":"uticcqe2hnyxrts2","time":1614310637,"event":{"mods":["BaseMod","Colored Map","Custom Start","Downfall","Grow up Mod","Minty Spire (QoL Compilation)","Permanent Neow","Remove Card Discount Mod","StSLib","The Poker Player","The Problem Sleuth"],"gold_per_floor":[115,133,152,171,191,222,222,254,300,300,315,315,325,174,174,271,271,291,566,60,80,76,102,102,135,135,150,183,203,203,217,217,318,318,336,336,24,40,55,80,80,111,111,111,111,131,144,163,163,163,163,163,26,51,51],"floor_reached":56,"language":"ENG","playtime":5756,"items_purged":["Strike_B","Defend_B","Defend_B","Strike_B","Strike_B","Strike_B","Regret","Defend_B","Defend_B","Pain"],"score":1306,"play_id":"8cb9f692-19ee-43fb-b571-48b10728f9e5","local_time":"20210225223717","is_ascension_mode":false,"campfire_choices":[{"floor":7,"key":"RECALL"},{"data":"Storm","floor":15,"key":"SMITH"},{"data":"Fusion","floor":24,"key":"SMITH"},{"data":"Defragment","floor":32,"key":"SMITH"},{"data":"Aggregate","floor":41,"key":"SMITH"},{"data":"Creative AI","floor":44,"key":"SMITH"},{"data":"Seek","floor":49,"key":"SMITH"},{"data":"Heatsinks","floor":52,"key":"SMITH"}],"circlet_count":0,"master_deck":["Zap","Dualcast","Conserve Battery","Heatsinks+1","Consume","Redo","Streamline","Aggregate+1","Electrodynamics","Sweeping Beam","Storm+1","Panacea","Ball Lightning","Electrodynamics","Doom and Gloom+1","Capacitor","Tempest","The Bomb","Sweeping Beam","Panacea","Scrape+1","Fusion+1","Seek+1","Defragment+1","Tempest+1","Loop","Fusion+1","Loop","Thunder Strike","Steam+1","Thinking Ahead+1","Metamorphosis+1","Panacea+1","Capacitor","Doom and Gloom+1","Ball Lightning","Conserve Battery+1","Fusion+1","Hello World+1","Creative AI+1","Chaos+1","Chaos+1","Double Energy+1","Reboot+1","Ball Lightning+1"],"relics":["Cracked Core","NeowsBlessing","MealTicket","Orichalcum","Shuriken","Philosopher\u0027s Stone","Dream Catcher","Bag of Preparation","Toxic Egg 2","Anchor","Letter Opener","SlaversCollar","Potion Belt","Happy Flower","Molten Egg 2","Question Card","WarpedTongs","Whetstone"],"acts_visited":["Exordium","TheCity","TheBeyond","TheEnding"],"potions_floor_usage":[6,6,13,13,23,25,25,33,33,39,40,42,48,54,55,55],"damage_taken":[{"damage":0,"enemies":"Small Slimes","floor":1,"turns":1},{"damage":0,"enemies":"Cultist","floor":2,"turns":1},{"damage":0,"enemies":"Jaw Worm","floor":3,"turns":1},{"damage":26,"enemies":"Exordium Thugs","floor":4,"turns":5},{"damage":14,"enemies":"Blue Slaver","floor":5,"turns":4},{"damage":7,"enemies":"Gremlin Nob","floor":6,"turns":3},{"damage":50,"enemies":"Lagavulin","floor":8,"turns":7},{"damage":4,"enemies":"Looter","floor":11,"turns":3},{"damage":2,"enemies":"Exordium Thugs","floor":13,"turns":4},{"damage":5,"enemies":"Slime Boss","floor":16,"turns":7},{"damage":6,"enemies":"Chosen","floor":18,"turns":3},{"damage":0,"enemies":"3 Byrds","floor":21,"turns":1},{"damage":47,"enemies":"Slavers","floor":23,"turns":3},{"damage":47,"enemies":"Gremlin Leader","floor":25,"turns":5},{"damage":5,"enemies":"Centurion and Healer","floor":27,"turns":3},{"damage":29,"enemies":"Slavers","floor":28,"turns":2},{"damage":3,"enemies":"Snecko","floor":29,"turns":3},{"damage":18,"enemies":"Snake Plant","floor":31,"turns":3},{"damage":16,"enemies":"Collector","floor":33,"turns":5},{"damage":5,"enemies":"3 Shapes","floor":35,"turns":2},{"damage":0,"enemies":"3 Darklings","floor":38,"turns":1},{"damage":24,"enemies":"Sphere and 2 Shapes","floor":39,"turns":4},{"damage":30,"enemies":"Nemesis","floor":40,"turns":5},{"damage":10,"enemies":"Reptomancer","floor":42,"turns":3},{"damage":15,"enemies":"Maw","floor":46,"turns":5},{"damage":0,"enemies":"Jaw Worm Horde","floor":47,"turns":2},{"damage":7,"enemies":"Transient","floor":48,"turns":5},{"damage":86,"enemies":"Time Eater","floor":50,"turns":7},{"damage":73,"enemies":"Shield and Spear","floor":54,"turns":4},{"damage":164,"enemies":"The Heart","floor":55,"turns":8}],"seed_played":"4266015580059881158","potions_obtained":[{"floor":4,"key":"FocusPotion"},{"floor":5,"key":"AttackPotion"},{"floor":6,"key":"sneckomod:MuddlingPotion"},{"floor":12,"key":"Regen Potion"},{"floor":12,"key":"DistilledChaos"},{"floor":12,"key":"Explosive Potion"},{"floor":16,"key":"bronze:BurnAndBuffPotion"},{"floor":23,"key":"Block Potion"},{"floor":28,"key":"Energy Potion"},{"floor":29,"key":"PowerPotion"},{"floor":31,"key":"hexamod:SoulburnPotion"},{"floor":33,"key":"EssenceOfDarkness"},{"floor":35,"key":"champ:CounterPotion"},{"floor":38,"key":"AttackPotion"},{"floor":42,"key":"SkillPotion"},{"floor":47,"key":"LiquidBronze"},{"floor":54,"key":"Regen Potion"}],"is_trial":false,"path_per_floor":["M","M","M","M","M","E","R","E","T","?","M","?","M","$","R","B",null,"M","?","$","M","$","E","R","E","T","M","E","M","T","M","R","B",null,"M","?","$","M","M","E","R","E","T","R","?","M","M","M","R","B",null,"R","$","E","B",null],"character_chosen":"DEFECT","items_purchased":["Panacea","Ball Lightning","Capacitor","Tempest","The Bomb","Sweeping Beam","Panacea","Scrape","Potion Belt","Capacitor","Doom and Gloom","Ball Lightning","Reboot+1"],"campfire_rested":0,"item_purchase_floors":[14,14,20,20,20,20,20,20,37,37,37,37,53],"current_hp_per_floor":[95,105,115,99,95,98,108,68,78,63,69,79,99,124,134,139,255,259,269,285,295,305,268,278,241,251,256,237,244,254,246,256,250,425,430,430,455,465,451,431,441,441,451,461,471,466,476,479,489,413,595,605,615,552,413],"gold":51,"neow_bonus":"THREE_ENEMY_KILL","is_daily":false,"chose_seed":false,"campfire_upgraded":7,"win_rate":0.0,"timestamp":1614310637,"path_taken":["M","M","M","M","M","E","R","E","T","?","M","?","?","$","R","BOSS","M","?","$","M","?","E","R","E","T","M","E","M","?","M","R","BOSS","M","?","$","M","M","E","R","E","T","R","?","M","M","?","R","BOSS","R","$","E","BOSS"],"items_purchased_type":["Card","Card","Card","Card","Card","Card","Card","Card","Relic","Card","Card","Card","Card"],"build_version":"2020-12-22","purchased_purges":10,"victory":true,"max_hp_per_floor":[95,105,115,125,135,145,155,165,175,185,195,205,215,225,235,245,255,265,275,285,295,305,315,325,335,345,355,365,375,385,395,405,415,425,435,445,455,465,475,485,495,505,515,525,535,545,555,565,575,585,595,605,615,625,635],"card_choices":[{"not_picked":["Hologram","Chaos"],"picked":"Conserve Battery","floor":1},{"not_picked":["Gash","Barrage"],"picked":"Heatsinks","floor":2},{"not_picked":["Rebound","Hologram"],"picked":"Consume","floor":3},{"not_picked":["Stack","Melter"],"picked":"Redo","floor":4},{"not_picked":["Compile Driver","Sweeping Beam"],"picked":"Streamline","floor":5},{"not_picked":["Hologram","Chill"],"picked":"Aggregate","floor":6},{"not_picked":["Tempest","White Noise"],"picked":"Electrodynamics","floor":8},{"not_picked":["Rebound","Coolheaded"],"picked":"Sweeping Beam","floor":11},{"not_picked":["Self Repair","Leap"],"picked":"Storm","floor":13},{"not_picked":["Creative AI","Seek"],"picked":"Electrodynamics","floor":16},{"not_picked":["Sweeping Beam","Go for the Eyes"],"picked":"Doom and Gloom+1","floor":18},{"not_picked":["Stack","Redo"],"picked":"Fusion","floor":21},{"not_picked":["Reprogram","Coolheaded+1"],"picked":"Seek","floor":23},{"not_picked":["Double Energy+1","Coolheaded+1"],"picked":"Defragment","floor":25},{"not_picked":["Hologram+1","Barrage"],"picked":"Tempest+1","floor":27},{"not_picked":["Lockon","FTL"],"picked":"Loop","floor":28},{"not_picked":["Gash+1","Reboot+1"],"picked":"Fusion+1","floor":29},{"not_picked":["Redo+1","Coolheaded+1"],"picked":"Loop","floor":31},{"not_picked":["Biased Cognition","Multi-Cast+1"],"picked":"Thunder Strike","floor":33},{"not_picked":["Rip and Tear+1","Undo+1"],"picked":"Steam+1","floor":35},{"not_picked":["PanicButton+1","Finesse+1"],"picked":"Thinking Ahead+1","floor":36},{"not_picked":["Dark Shackles+1","Good Instincts+1"],"picked":"Metamorphosis+1","floor":36},{"not_picked":["Madness+1","Finesse+1"],"picked":"Panacea+1","floor":36},{"not_picked":["Barrage","Go for the Eyes"],"picked":"Conserve Battery+1","floor":38},{"not_picked":["Gash","FTL"],"picked":"Fusion+1","floor":39},{"not_picked":["Blizzard","Storm"],"picked":"Hello World+1","floor":40},{"not_picked":["Consume+1","Self Repair"],"picked":"Creative AI","floor":42},{"not_picked":["Compile Driver+1","Beam Cell+1","Coolheaded+1"],"picked":"Chaos+1","floor":46},{"not_picked":["Conserve Battery+1","Stack+1","Compile Driver+1"],"picked":"Chaos+1","floor":47},{"not_picked":["Coolheaded+1","Hologram+1","Leap+1"],"picked":"Double Energy+1","floor":48},{"not_picked":["Force Field+1","Auto Shields+1","Cold Snap+1"],"picked":"Ball Lightning+1","floor":54}],"player_experience":18566,"relics_obtained":[{"floor":6,"key":"MealTicket"},{"floor":8,"key":"Orichalcum"},{"floor":23,"key":"Dream Catcher"},{"floor":25,"key":"Bag of Preparation"},{"floor":26,"key":"Toxic Egg 2"},{"floor":28,"key":"Anchor"},{"floor":30,"key":"Letter Opener"},{"floor":40,"key":"Happy Flower"},{"floor":42,"key":"Molten Egg 2"},{"floor":43,"key":"Question Card"},{"floor":54,"key":"Whetstone"}],"event_choices":[{"damage_healed":0,"gold_gain":0,"player_choice":"Success","damage_taken":25,"relics_obtained":["Shuriken"],"max_hp_gain":0,"max_hp_loss":0,"event_name":"Scrap Ooze","floor":10,"gold_loss":0},{"damage_healed":0,"gold_gain":0,"player_choice":"Got Potions","damage_taken":0,"max_hp_gain":0,"max_hp_loss":0,"event_name":"Lab","floor":12,"gold_loss":0},{"damage_healed":0,"gold_gain":275,"player_choice":"Desecrate","damage_taken":0,"max_hp_gain":0,"max_hp_loss":0,"event_name":"Golden Shrine","floor":19,"gold_loss":0,"cards_obtained":["Regret"]},{"damage_healed":0,"gold_gain":0,"player_choice":"Memory 3","damage_taken":10,"max_hp_gain":0,"max_hp_loss":0,"event_name":"SensoryStone","floor":36,"gold_loss":0},{"damage_healed":0,"gold_gain":0,"player_choice":"Rummage","damage_taken":0,"relics_obtained":["WarpedTongs"],"max_hp_gain":0,"max_hp_loss":0,"event_name":"Accursed Blacksmith","floor":45,"gold_loss":0,"cards_obtained":["Pain"]}],"is_beta":false,"boss_relics":[{"not_picked":["Snecko Eye","Empty Cage"],"picked":"Philosopher\u0027s Stone"},{"not_picked":["Runic Pyramid","Sozu"],"picked":"SlaversCollar"}],"items_purged_floors":[14,14,14,14,14,14,20,22,22,53],"is_endless":false,"potions_floor_spawned":[4,5,6,16,23,28,29,31,33,35,38,42,47,54],"ascension_level":0}}