{"host":"vpk7v26cevh9misn","time":1614306732,"event":{"mods":["2.2 Compatiblity","AchievementEnabler","Act Like it!","Aspiration","BaseMod","Better Sensory Stone","BetterRewards","Bossed Relics","Energized Spire","Fiend Mod","Gold Saver","Halation","Hubris","Infinite Spire","Luminous","Marisa????????","Minty Spire (QoL Compilation)","Permanent Neow","Quick Restart","RNG Fix","Relic Stats","Reliquary","Replay The Spire","Robot Space Explorer","Ruina","Small Relic Pack","Spicy Shops","StSLib","The Judge","Uncapped"],"gold_per_floor":[114,114,134,148,148,148,148],"floor_reached":6,"language":"ENG","playtime":464,"items_purged":[],"score":36,"play_id":"0f58330c-a965-4013-9dc2-8214bbac5ee3","local_time":"20210225213212","is_ascension_mode":false,"campfire_choices":[],"circlet_count":0,"master_deck":["Strike_B","Strike_B","Defend_B","Defend_B","Defend_B","Defend_B","Zap","Dualcast","Capacitor","BasicCrystalCard+1","Conserve Battery","Tempest"],"relics":["Cracked Core","reliquary:Vitrine"],"acts_visited":["Exordium"],"potions_floor_usage":[6],"damage_taken":[{"damage":5,"enemies":"Small Slimes","floor":1,"turns":4},{"damage":7,"enemies":"2 Louse","floor":3,"turns":3},{"damage":0,"enemies":"Cultist","floor":4,"turns":3},{"damage":57,"enemies":"Gremlin Nob","floor":6,"turns":4}],"seed_played":"1778217408774165254","potions_obtained":[{"floor":1,"key":"Cursed Concoction"}],"is_trial":false,"path_per_floor":["M","?","M","M","?","E"],"character_chosen":"DEFECT","items_purchased":[],"campfire_rested":0,"item_purchase_floors":[],"current_hp_per_floor":[70,63,56,56,56,0,0],"gold":148,"neow_bonus":"TRANSFORM_CARD","is_daily":false,"chose_seed":false,"campfire_upgraded":0,"win_rate":0.0,"timestamp":1614306732,"path_taken":["M","?","M","M","?","E"],"items_purchased_type":[],"build_version":"2020-12-22","purchased_purges":0,"victory":false,"max_hp_per_floor":[75,75,75,75,75,75,75],"relic_stats":{"counters":[4,14],"obtain_stats":[{"reliquary:Vitrine":2,"Cracked Core":0},{"reliquary:Vitrine":1,"Cracked Core":0},{"reliquary:Vitrine":4,"Cracked Core":0}]},"card_choices":[{"not_picked":["Panic Button","Leap"],"picked":"BasicCrystalCard","floor":1},{"not_picked":["ReplayTheSpireMod:Reroute Power","Stack"],"picked":"Conserve Battery","floor":3},{"not_picked":["Force Field","Capacitor"],"picked":"Tempest","floor":4}],"player_experience":35489,"relics_obtained":[],"event_choices":[{"damage_healed":0,"gold_gain":0,"player_choice":"Success","damage_taken":7,"relics_obtained":["reliquary:Vitrine"],"max_hp_gain":0,"max_hp_loss":0,"event_name":"Scrap Ooze","floor":2,"gold_loss":0},{"damage_healed":0,"gold_gain":0,"player_choice":"Grow","damage_taken":0,"max_hp_gain":0,"max_hp_loss":0,"event_name":"Living Wall","floor":5,"gold_loss":0,"cards_upgraded":["BasicCrystalCard"]}],"is_beta":false,"boss_relics":[],"items_purged_floors":[],"is_endless":false,"potions_floor_spawned":[1],"killed_by":"Gremlin Nob","ascension_level":0}}