{"host":"qkcfkaplhifbw24p","time":1614355152,"event":{"mods":["BaseMod","Colored Map","Colored Powertips","Hermit","Minty Spire (QoL Compilation)","Quick Restart","Rare Cards Sparkle","StSLib","SuperFastMode"],"gold_per_floor":[116,116,131,151,151,151,180,191,216,248,248,248,264,284,284,382,382,401,500,520,530,530,560,560,177,246,257,283,301,401,429,429,529,529,539,106,106,23,23,23,34,34,114,114,114,147,166,177,177,177,177,177,29,29,29],"floor_reached":54,"language":"ENG","playtime":1938,"items_purged":["Defend_B"],"score":735,"play_id":"563fea24-a12c-43a5-aca9-90c362420a06","local_time":"20210226105912","is_ascension_mode":false,"campfire_choices":[{"data":"Melter","floor":6.0,"key":"SMITH"},{"data":"Reinforced Body","floor":11.0,"key":"SMITH"},{"data":"Capacitor","floor":15.0,"key":"SMITH"},{"data":"Barrage","floor":24.0,"key":"SMITH"},{"data":"Machine Learning","floor":32.0,"key":"SMITH"},{"data":"Panacea","floor":40,"key":"SMITH"},{"data":"Loop","floor":42,"key":"SMITH"},{"floor":49,"key":"RECALL"},{"data":"Darkness","floor":52,"key":"SMITH"}],"circlet_count":0,"master_deck":["Defend_B","Defend_B","Defend_B","Zap","Dualcast","Capacitor+1","Melter+1","Auto Shields","Conserve Battery","Seek","Cold Snap","Reinforced Body+1","Ball Lightning","Buffer","Gash+1","Self Repair+1","Chill+1","Barrage+1","Go for the Eyes","Beam Cell+1","Loop+1","Machine Learning+1","Lockon","Biased Cognition+1","Core Surge","Panacea+1","Compile Driver+1","Parasite","Darkness+1","Capacitor+1","Biased Cognition+1"],"relics":["Cracked Core","NeowsBlessing","Anchor","Oddly Smooth Stone","Potion Belt","Astrolabe","Juzu Bracelet","Ice Cream","Eternal Feather","Sundial","Tiny Chest","Sozu","Thread and Needle","Mummified Hand","Du-Vu Doll","DollysMirror"],"acts_visited":["Exordium","TheCity","TheBeyond","TheEnding"],"potions_floor_usage":[],"damage_taken":[{"damage":0.0,"enemies":"Jaw Worm","floor":1.0,"turns":1.0},{"damage":0.0,"enemies":"Cultist","floor":3.0,"turns":1.0},{"damage":0.0,"enemies":"Small Slimes","floor":4.0,"turns":1.0},{"damage":16.0,"enemies":"Lagavulin","floor":7.0,"turns":6.0},{"damage":1.0,"enemies":"Gremlin Gang","floor":8.0,"turns":5.0},{"damage":1.0,"enemies":"3 Sentries","floor":10.0,"turns":7.0},{"damage":0.0,"enemies":"Exordium Thugs","floor":13.0,"turns":4.0},{"damage":0.0,"enemies":"Looter","floor":14.0,"turns":2.0},{"damage":14.0,"enemies":"Slime Boss","floor":16.0,"turns":10.0},{"damage":2.0,"enemies":"Shell Parasite","floor":18.0,"turns":7.0},{"damage":0.0,"enemies":"Spheric Guardian","floor":20.0,"turns":2.0},{"damage":2.0,"enemies":"Centurion and Healer","floor":21.0,"turns":8.0},{"damage":34.0,"enemies":"Slavers","floor":23.0,"turns":7.0},{"damage":0.0,"enemies":"Sentry and Sphere","floor":27.0,"turns":4.0},{"damage":7.0,"enemies":"Book of Stabbing","floor":28.0,"turns":6.0},{"damage":11.0,"enemies":"Snake Plant","floor":29.0,"turns":5.0},{"damage":46.0,"enemies":"Gremlin Leader","floor":31.0,"turns":8.0},{"damage":49.0,"enemies":"Automaton","floor":33.0,"turns":13.0},{"damage":3.0,"enemies":"Orb Walker","floor":35.0,"turns":4.0},{"damage":5,"enemies":"3 Darklings","floor":41,"turns":6},{"damage":0,"enemies":"Giant Head","floor":46,"turns":8},{"damage":0,"enemies":"Writhing Mass","floor":47,"turns":6},{"damage":4,"enemies":"Sphere and 2 Shapes","floor":48,"turns":4},{"damage":37,"enemies":"Time Eater","floor":50,"turns":11},{"damage":71,"enemies":"Shield and Spear","floor":54,"turns":3}],"seed_played":"1926165225475803974","potions_obtained":[{"floor":1.0,"key":"Weak Potion"},{"floor":4.0,"key":"Explosive Potion"},{"floor":10.0,"key":"PotionOfCapacity"},{"floor":13.0,"key":"GamblersBrew"},{"floor":18.0,"key":"SmokeBomb"},{"floor":23.0,"key":"LiquidBronze"},{"floor":29.0,"key":"GamblersBrew"},{"floor":31.0,"key":"Regen Potion"}],"is_trial":false,"path_per_floor":["M","?","M","M","?","R","E","M","T","E","R","?","M","M","R","B",null,"M","?","M","M","?","E","R","$","T","M","E","M","?","E","R","B",null,"M","$","?","$","?","R","M","R","T","?","T","E","M","M","R","B",null,"R","$","E"],"character_chosen":"DEFECT","items_purchased":["Ice Cream","Core Surge","Thread and Needle","Panacea","DollysMirror"],"campfire_rested":0,"item_purchase_floors":[25,36,36,38,53],"current_hp_per_floor":[75,75,75,75,75,75,59,58,58,57,57,57,57,57,57,43,75,73,73,73,75,75,51,51,51,51,61,64,63,63,27,39,15,75,75,75,75,75,75,75,75,75,75,71,71,71,71,71,71,34,71,71,71,0,0],"gold":29,"neow_bonus":"THREE_ENEMY_KILL","is_daily":false,"chose_seed":false,"campfire_upgraded":8,"win_rate":0.0,"timestamp":1614355152,"path_taken":["M","?","M","?","?","R","E","?","T","E","R","?","?","M","R","BOSS","M","?","M","M","?","E","R","$","T","M","E","M","?","E","R","BOSS","M","$","?","$","?","R","M","R","T","?","?","E","M","M","R","BOSS","R","$","E"],"items_purchased_type":["Relic","Card","Relic","Card","Relic"],"build_version":"2020-12-22","purchased_purges":1,"victory":false,"max_hp_per_floor":[75,75,75,75,75,75,75,75,75,75,75,75,75,75,75,75,75,75,75,75,75,75,75,75,75,75,75,75,75,75,75,75,75,75,75,75,75,75,75,75,75,75,75,71,71,71,71,71,71,71,71,71,71,71,71],"card_choices":[{"not_picked":["Sweeping Beam","Hello World"],"picked":"Capacitor","floor":1.0},{"not_picked":["Leap","Turbo"],"picked":"Auto Shields","floor":3.0},{"not_picked":["Barrage","Streamline"],"picked":"Conserve Battery","floor":4.0},{"not_picked":["Stack","FTL"],"picked":"Seek","floor":7.0},{"not_picked":["Coolheaded","Melter"],"picked":"Cold Snap","floor":8.0},{"not_picked":["Scrape","Turbo"],"picked":"Reinforced Body","floor":10.0},{"not_picked":["Ball Lightning","Stack","Go for the Eyes"],"picked":"SKIP","floor":13.0},{"not_picked":["Stack","Go for the Eyes"],"picked":"Ball Lightning","floor":13.0},{"not_picked":["Gash","Rebound","Ball Lightning"],"picked":"SKIP","floor":14.0},{"not_picked":["Seek","All For One"],"picked":"Buffer","floor":16.0},{"not_picked":["Compile Driver","Redo"],"picked":"Barrage","floor":18.0},{"not_picked":["Conserve Battery","Ball Lightning"],"picked":"Go for the Eyes","floor":20.0},{"not_picked":["Leap+1","Hello World+1"],"picked":"Beam Cell+1","floor":21.0},{"not_picked":["Thunder Strike","Leap"],"picked":"Loop","floor":23.0},{"not_picked":["Beam Cell+1","Leap","Conserve Battery"],"picked":"SKIP","floor":27.0},{"not_picked":["Redo+1","Ball Lightning"],"picked":"Machine Learning","floor":28.0},{"not_picked":["Reprogram","Skim"],"picked":"Lockon","floor":29.0},{"not_picked":["Hologram","Hello World","Thunder Strike"],"picked":"SKIP","floor":31.0},{"not_picked":["Meteor Strike","Fission"],"picked":"Biased Cognition","floor":33.0},{"not_picked":["Turbo+1","Conserve Battery","Rebound"],"picked":"SKIP","floor":35.0},{"not_picked":["Cold Snap","Sweeping Beam"],"picked":"Compile Driver+1","floor":41},{"not_picked":["Self Repair","Steam+1","Hello World+1"],"picked":"SKIP","floor":46},{"not_picked":["Gash","BootSequence+1"],"picked":"Darkness","floor":47},{"not_picked":["Rip and Tear+1","Redo"],"picked":"Capacitor+1","floor":48}],"player_experience":1448588,"relics_obtained":[{"floor":7.0,"key":"Anchor"},{"floor":9.0,"key":"Oddly Smooth Stone"},{"floor":10.0,"key":"Potion Belt"},{"floor":23.0,"key":"Juzu Bracelet"},{"floor":26.0,"key":"Eternal Feather"},{"floor":28.0,"key":"Sundial"},{"floor":31.0,"key":"Tiny Chest"},{"floor":43,"key":"Mummified Hand"},{"floor":46,"key":"Du-Vu Doll"}],"event_choices":[{"damage_healed":0.0,"max_hp_gain":0.0,"max_hp_loss":0.0,"gold_gain":0.0,"cards_transformed":["Strike_B"],"event_name":"Transmorgrifier","player_choice":"Transformed","floor":2.0,"gold_loss":0.0,"damage_taken":0.0,"cards_obtained":["Melter"]},{"damage_healed":0.0,"max_hp_gain":0.0,"max_hp_loss":0.0,"gold_gain":0.0,"event_name":"Match and Keep!","player_choice":"0 cards matched","floor":5.0,"gold_loss":0.0,"damage_taken":0.0,"cards_obtained":[]},{"damage_healed":0.0,"max_hp_gain":0.0,"max_hp_loss":0.0,"gold_gain":0.0,"event_name":"NoteForYourself","player_choice":"Ignored","floor":12.0,"gold_loss":0.0,"damage_taken":0.0},{"damage_healed":0.0,"max_hp_gain":0.0,"max_hp_loss":0.0,"gold_gain":99.0,"event_name":"Nest","player_choice":"Stole From Cult","floor":19.0,"gold_loss":0.0,"damage_taken":0.0},{"damage_healed":0.0,"max_hp_gain":0.0,"max_hp_loss":0.0,"gold_gain":0.0,"event_name":"Ghosts","player_choice":"Ignored","floor":22.0,"gold_loss":0.0,"damage_taken":0.0},{"damage_healed":0.0,"max_hp_gain":0.0,"max_hp_loss":0.0,"gold_gain":100.0,"event_name":"Golden Shrine","player_choice":"Pray","floor":30.0,"gold_loss":0.0,"damage_taken":0.0},{"damage_healed":0.0,"max_hp_gain":0.0,"max_hp_loss":0.0,"gold_gain":0.0,"event_name":"Tomb of Lord Red Mask","player_choice":"Ignored","floor":37.0,"gold_loss":0.0,"damage_taken":0.0},{"damage_healed":0,"gold_gain":0,"player_choice":"Upgraded","damage_taken":0,"max_hp_gain":0,"max_hp_loss":0,"event_name":"Upgrade Shrine","floor":39,"gold_loss":0,"cards_upgraded":["Biased Cognition"]},{"damage_healed":0,"gold_gain":0,"player_choice":"Max HP","damage_taken":0,"max_hp_gain":0,"max_hp_loss":4,"event_name":"Winding Halls","floor":44,"gold_loss":0}],"is_beta":false,"boss_relics":[{"not_picked":["SlaversCollar","Cursed Key"],"picked":"Astrolabe"},{"not_picked":["Busted Crown","Fusion Hammer"],"picked":"Sozu"}],"items_purged_floors":[25],"is_endless":false,"potions_floor_spawned":[1,4,10,13,18,23,29,31,35,46],"killed_by":"Shield and Spear","ascension_level":0}}