{"host":"08yfhu6uhosdn245","time":1614302125,"event":{"mods":["2.2 Compatiblity","AchievementEnabler","BaseMod","Bestiary","Colored Map","Colored Powertips","Curses Come First","Highlight Path","Minty Spire (QoL Compilation)","Quick Restart","Relic Stats","StSLib"],"gold_per_floor":[111,25,25,44,57,89,89,121,199,6,23,37,37,37,37,135,135,154,165,18,18,33,33,33,68,68,79,79,107,32,61,61,156,156,169,180,192,212,36,69,69,115,196,196,215,231,231,266,266,266],"floor_reached":51,"language":"ENG","playtime":5658,"items_purged":["Strike_R","Strike_R"],"score":999,"play_id":"ed8080fe-6ad0-4e5c-8d5b-0fb4e47dd0ab","local_time":"20210225201525","is_ascension_mode":true,"campfire_choices":[{"floor":7.0,"key":"REST"},{"data":"Dark Embrace","floor":13.0,"key":"SMITH"},{"data":"Havoc","floor":15.0,"key":"SMITH"},{"data":"Corruption","floor":23.0,"key":"SMITH"},{"data":"Sentinel","floor":28.0,"key":"SMITH"},{"data":"Feed","floor":32.0,"key":"SMITH"},{"data":"Dark Embrace","floor":41,"key":"SMITH"},{"data":"Inflame","floor":44,"key":"SMITH"},{"data":"Fire Breathing","floor":49,"key":"SMITH"}],"circlet_count":0,"master_deck":["Strike_R+1","Defend_R+1","Defend_R+1","Defend_R+1","Defend_R+1","Bash","Infernal Blade","Headbutt","Uppercut","Dark Embrace+1","Havoc+1","Sever Soul+1","Power Through","Sentinel+1","Corruption+1","Pummel","Wild Strike","Disarm","Ghostly","Ghostly","Ghostly","Ghostly","Ghostly","Reaper","Intimidate","Burning Pact","Reaper","Metallicize+1","Metallicize+1","Dark Embrace+1","Offering","Inflame+1","Warcry+1","Parasite","Feel No Pain","True Grit+1","Fire Breathing+1"],"relics":["Burning Blood","WingedGreaves","Red Skull","Question Card","Membership Card","Cursed Key","Vajra","Bag of Preparation","Omamori","Happy Flower","PreservedInsect","Calling Bell","Nunchaku","Mummified Hand","Charon\u0027s Ashes","Strange Spoon","MealTicket","Mango","The Courier","Pocketwatch"],"acts_visited":["Exordium","TheCity","TheBeyond"],"potions_floor_usage":[33,50,50],"damage_taken":[{"damage":18.0,"enemies":"Jaw Worm","floor":1.0,"turns":4.0},{"damage":6.0,"enemies":"Cultist","floor":4.0,"turns":3.0},{"damage":6.0,"enemies":"Small Slimes","floor":5.0,"turns":2.0},{"damage":47.0,"enemies":"3 Sentries","floor":6.0,"turns":10.0},{"damage":33.0,"enemies":"Lagavulin","floor":8.0,"turns":7.0},{"damage":0.0,"enemies":"3 Louse","floor":11.0,"turns":3.0},{"damage":0.0,"enemies":"Large Slime","floor":12.0,"turns":4.0},{"damage":0.0,"enemies":"Slime Boss","floor":16.0,"turns":6.0},{"damage":0.0,"enemies":"Chosen","floor":18.0,"turns":3.0},{"damage":21.0,"enemies":"Shell Parasite","floor":19.0,"turns":4.0},{"damage":24.0,"enemies":"Snake Plant","floor":22.0,"turns":3.0},{"damage":8.0,"enemies":"Slavers","floor":25.0,"turns":6.0},{"damage":2.0,"enemies":"Cultist and Chosen","floor":27.0,"turns":6.0},{"damage":16.0,"enemies":"Gremlin Leader","floor":29.0,"turns":6.0},{"damage":6.0,"enemies":"Book of Stabbing","floor":31.0,"turns":6.0},{"damage":48,"enemies":"Collector","floor":33,"turns":8},{"damage":1,"enemies":"3 Shapes","floor":35,"turns":4},{"damage":0,"enemies":"3 Darklings","floor":36,"turns":4},{"damage":0,"enemies":"Spire Growth","floor":37,"turns":5},{"damage":1,"enemies":"4 Shapes","floor":38,"turns":3},{"damage":1,"enemies":"Nemesis","floor":40,"turns":5},{"damage":12,"enemies":"2 Orb Walkers","floor":42,"turns":7},{"damage":7,"enemies":"Writhing Mass","floor":45,"turns":4},{"damage":3,"enemies":"Sphere and 2 Shapes","floor":46,"turns":5},{"damage":8,"enemies":"Giant Head","floor":48,"turns":4},{"damage":8,"enemies":"Donu and Deca","floor":50,"turns":6}],"seed_played":"-7617578835046844292","potions_obtained":[{"floor":4.0,"key":"SteroidPotion"},{"floor":6.0,"key":"ElixirPotion"},{"floor":11.0,"key":"DuplicationPotion"},{"floor":12.0,"key":"BloodPotion"},{"floor":25.0,"key":"Swift Potion"},{"floor":33,"key":"Block Potion"},{"floor":38,"key":"Weak Potion"},{"floor":40,"key":"SkillPotion"},{"floor":48,"key":"Strength Potion"}],"is_trial":false,"path_per_floor":["M","$","?","M","M","E","R","E","T","$","M","M","R","?","R","B",null,"M","M","$","?","M","R","?","E","T","M","R","E","?","E","R","B",null,"M","M","M","M","$","E","R","?","T","R","M","M","?","E","R","B",null],"character_chosen":"IRONCLAD","items_purchased":["Uppercut","Block Potion","Membership Card","Disarm","Vajra","Strange Spoon","Dark Embrace","Offering"],"campfire_rested":1,"item_purchase_floors":[2,2,10,20,20,39,39,39],"current_hp_per_floor":[68,68,68,68,68,27,51,24,24,24,30,36,36,36,36,42,80,80,65,65,65,47,47,40,38,38,40,40,30,30,38,38,16,47,51,55,59,63,63,67,67,85,85,85,85,89,89,89,89,89],"gold":266,"neow_bonus":"TRANSFORM_CARD","is_daily":false,"chose_seed":false,"campfire_upgraded":8,"win_rate":0.0,"timestamp":1614302125,"path_taken":["M","$","?","?","M","E","R","E","T","$","M","M","R","?","R","BOSS","M","M","$","?","M","R","?","E","T","M","R","E","?","E","R","BOSS","M","M","M","M","$","E","R","?","T","R","M","M","?","E","R","BOSS"],"items_purchased_type":["Card","Potion","Relic","Card","Relic","Relic","Card","Card"],"build_version":"2020-12-22","purchased_purges":2,"victory":true,"max_hp_per_floor":[80,80,80,80,80,80,80,80,80,80,80,80,80,80,80,80,80,80,80,80,80,80,80,40,40,40,40,40,40,40,43,43,47,47,51,55,59,63,63,67,67,85,85,85,85,89,89,89,89,89],"relic_stats":{"Happy Flower":[20],"counters":[26,128],"PreservedInsect":172,"Charon\u0027s Ashes":[589],"Bag of Preparation":[28],"Question Card":21,"Cursed Key":2,"Burning Blood":99,"Strange Spoon":[61],"Nunchaku":[9],"Mummified Hand":[58],"MealTicket":0,"obtain_stats":[{"Happy Flower":29,"Vajra":20,"Mango":42,"PreservedInsect":31,"Charon\u0027s Ashes":34,"The Courier":43,"Bag of Preparation":25,"Omamori":26,"Question Card":9,"Cursed Key":17,"Burning Blood":0,"Calling Bell":34,"Strange Spoon":39,"Nunchaku":34,"Mummified Hand":34,"MealTicket":40,"WingedGreaves":6,"Membership Card":10,"Red Skull":8,"Pocketwatch":48},{"Happy Flower":14,"Vajra":10,"Mango":22,"PreservedInsect":15,"Charon\u0027s Ashes":16,"The Courier":22,"Bag of Preparation":12,"Omamori":12,"Question Card":5,"Cursed Key":8,"Burning Blood":0,"Calling Bell":16,"Strange Spoon":20,"Nunchaku":16,"Mummified Hand":16,"MealTicket":21,"WingedGreaves":4,"Membership Card":5,"Red Skull":5,"Pocketwatch":25},{"Happy Flower":67,"Vajra":46,"Mango":109,"PreservedInsect":73,"Charon\u0027s Ashes":81,"The Courier":109,"Bag of Preparation":55,"Omamori":55,"Question Card":26,"Cursed Key":39,"Burning Blood":0,"Calling Bell":81,"Strange Spoon":97,"Nunchaku":81,"Mummified Hand":81,"MealTicket":102,"WingedGreaves":19,"Membership Card":26,"Red Skull":26,"Pocketwatch":122}],"Pocketwatch":[0]},"card_choices":[{"not_picked":["Pommel Strike","Rupture"],"picked":"Headbutt","floor":1.0},{"not_picked":["Twin Strike","Iron Wave"],"picked":"Dark Embrace","floor":4.0},{"not_picked":["Combust","Perfected Strike"],"picked":"Havoc","floor":5.0},{"not_picked":["Thunderclap","Whirlwind"],"picked":"Sever Soul","floor":6.0},{"not_picked":["Juggernaut","Bloodletting"],"picked":"Power Through","floor":8.0},{"not_picked":["Twin Strike","Inflame","Sword Boomerang","Havoc"],"picked":"SKIP","floor":11.0},{"not_picked":["Cleave","Twin Strike","Combust"],"picked":"Sentinel","floor":12.0},{"not_picked":["Juggernaut","Berserk","Feed"],"picked":"Corruption","floor":16.0},{"not_picked":["Headbutt","Warcry","Thunderclap+1"],"picked":"Pummel","floor":18.0},{"not_picked":["Shrug It Off","Perfected Strike+1","Headbutt"],"picked":"Wild Strike","floor":19.0},{"not_picked":["Pummel","Flex+1","Havoc","Hemokinesis"],"picked":"SKIP","floor":22.0},{"not_picked":["Sword Boomerang","Iron Wave","Clothesline"],"picked":"Reaper","floor":25.0},{"not_picked":["Clothesline","Ghostly Armor","Clash"],"picked":"Intimidate","floor":27.0},{"not_picked":["Inflame+1","Dual Wield","Pommel Strike"],"picked":"Feed","floor":29.0},{"not_picked":["Warcry","Thunderclap","Clash"],"picked":"Burning Pact","floor":31.0},{"not_picked":["Bludgeon","Brutality","Corruption"],"picked":"Reaper","floor":33},{"not_picked":["Rampage","Perfected Strike+1","Anger"],"picked":"Metallicize+1","floor":35},{"not_picked":["Cleave","Corruption","Pommel Strike"],"picked":"Metallicize+1","floor":36},{"not_picked":["Pommel Strike","Spot Weakness","Clash+1","Clothesline+1"],"picked":"SKIP","floor":37},{"not_picked":["Flex+1","Headbutt+1","Twin Strike+1","Iron Wave"],"picked":"SKIP","floor":38},{"not_picked":["True Grit","Searing Blow+1","Hemokinesis+1"],"picked":"Inflame","floor":40},{"not_picked":["Rampage","Rage+1","Twin Strike+1"],"picked":"Warcry+1","floor":42},{"not_picked":["Pommel Strike+1","Iron Wave","Uppercut"],"picked":"Feel No Pain","floor":45},{"not_picked":["Shrug It Off","Limit Break","Iron Wave+1"],"picked":"True Grit+1","floor":46},{"not_picked":["Armaments+1","Sever Soul","Pommel Strike+1"],"picked":"Fire Breathing","floor":48}],"player_experience":421998,"relics_obtained":[{"floor":6.0,"key":"WingedGreaves"},{"floor":8.0,"key":"Red Skull"},{"floor":9.0,"key":"Question Card"},{"floor":25.0,"key":"Bag of Preparation"},{"floor":26.0,"key":"Omamori"},{"floor":29.0,"key":"Happy Flower"},{"floor":31.0,"key":"PreservedInsect"},{"floor":34,"key":"Nunchaku"},{"floor":34,"key":"Mummified Hand"},{"floor":34,"key":"Charon\u0027s Ashes"},{"floor":40,"key":"MealTicket"},{"floor":42,"key":"Mango"},{"floor":43,"key":"The Courier"},{"floor":48,"key":"Pocketwatch"}],"event_choices":[{"cards_removed":["Strike_R"],"damage_healed":0.0,"max_hp_gain":0.0,"max_hp_loss":0.0,"gold_gain":0.0,"event_name":"Purifier","player_choice":"Purged","floor":3.0,"gold_loss":0.0,"damage_taken":0.0},{"damage_healed":0.0,"max_hp_gain":0.0,"max_hp_loss":0.0,"gold_gain":0.0,"event_name":"Living Wall","player_choice":"Grow","floor":14.0,"gold_loss":0.0,"damage_taken":0.0,"cards_upgraded":["Sever Soul"]},{"damage_healed":0.0,"max_hp_gain":0.0,"max_hp_loss":0.0,"gold_gain":0.0,"event_name":"Back to Basics","player_choice":"Simplicity","floor":21.0,"gold_loss":0.0,"damage_taken":0.0,"cards_upgraded":["Strike_R","Defend_R","Defend_R","Defend_R","Defend_R"]},{"damage_healed":0.0,"max_hp_gain":0.0,"max_hp_loss":40.0,"gold_gain":0.0,"event_name":"Ghosts","player_choice":"Became a Ghost","floor":24.0,"gold_loss":0.0,"damage_taken":0.0,"cards_obtained":["Ghostly","Ghostly","Ghostly","Ghostly","Ghostly"]},{"cards_removed":["Doubt"],"damage_healed":0.0,"max_hp_gain":0.0,"max_hp_loss":0.0,"gold_gain":0.0,"event_name":"Beggar","player_choice":"Gave Gold","floor":30.0,"gold_loss":75.0,"damage_taken":0.0},{"damage_healed":0,"gold_gain":0,"player_choice":"Fight","damage_taken":0,"max_hp_gain":0,"max_hp_loss":0,"event_name":"Mysterious Sphere","floor":42,"gold_loss":0},{"cards_removed":["Feed"],"damage_healed":0,"gold_gain":0,"player_choice":"Removed Attack","damage_taken":0,"max_hp_gain":0,"max_hp_loss":0,"event_name":"Falling","floor":47,"gold_loss":0}],"is_beta":false,"boss_relics":[{"not_picked":["Black Star","Sozu"],"picked":"Cursed Key"},{"not_picked":["Runic Cube","Velvet Choker"],"picked":"Calling Bell"}],"items_purged_floors":[10,20],"is_endless":false,"potions_floor_spawned":[4,6,11,12,25,27,33,38,40,42,48],"ascension_level":3}}