{"host":"zu1swnxjkaahohqc","time":1614306237,"event":{"mods":["BaseMod","Minty Spire (QoL Compilation)","Replay The Spire","StSLib"],"gold_per_floor":[118,173,173,173,20,51,51,62,88,70,85,114,132,150,150,250,250,270,270,270],"floor_reached":19,"language":"ENG","playtime":1191,"items_purged":["Defend_G","Shame"],"score":242,"play_id":"37173bce-0871-407e-ac80-1f7a6e3aad05","local_time":"20210225212357","is_ascension_mode":true,"campfire_choices":[{"data":"Prepared","floor":7,"key":"SMITH"},{"data":"Defend_G","floor":15,"key":"PURGE"}],"circlet_count":0,"master_deck":["Strike_G","Strike_G","Strike_G","Strike_G","Defend_G","Defend_G","Defend_G","Survivor","Neutralize","Dagger Throw","Acrobatics","Underhanded Strike","Prepared+1","ReplayTheSpireMod:The Works","Reflex","A Thousand Cuts","Slice","Flying Knee"],"relics":["Ring of the Snake","NeowsBlessing","Dream Catcher","Durian","Regal Pillow","Snake Skull","ReplayTheSpireMod:CursedCoin","Replay:Wax Seal","Busted Crown"],"acts_visited":["Exordium","TheCity"],"potions_floor_usage":[16,18],"damage_taken":[{"damage":0,"enemies":"2 Louse","floor":1,"turns":1},{"damage":0,"enemies":"3 Sentries","floor":6,"turns":1},{"damage":0,"enemies":"Jaw Worm","floor":8,"turns":1},{"damage":0,"enemies":"Small Slimes","floor":11,"turns":2},{"damage":14,"enemies":"Lagavulin","floor":12,"turns":8},{"damage":1,"enemies":"Blue Slaver","floor":13,"turns":3},{"damage":2,"enemies":"Red Slaver","floor":14,"turns":2},{"damage":26,"enemies":"Hexaghost","floor":16,"turns":10},{"damage":20,"enemies":"2 Thieves","floor":18,"turns":4},{"damage":0,"enemies":"3 Byrds","floor":19,"turns":2}],"seed_played":"-4861397774569360538","potions_obtained":[{"floor":2,"key":"GamblersBrew"},{"floor":2,"key":"Flashbang"},{"floor":12,"key":"Flashbang"},{"floor":13,"key":"FearPotion"},{"floor":16,"key":"Regen Potion"}],"is_trial":false,"path_per_floor":["M","?","?","T","$","E","R","M","T","$","M","E","M","M","R","B",null,"M","M"],"character_chosen":"THE_SILENT","items_purchased":["Underhanded Strike","Prepared","ReplayTheSpireMod:CursedCoin","Reflex"],"campfire_rested":0,"item_purchase_floors":[5,5,10,10],"current_hp_per_floor":[70,70,70,75,75,75,75,75,75,75,75,61,60,58,58,32,75,55,55,55],"gold":270,"neow_bonus":"THREE_ENEMY_KILL","is_daily":false,"chose_seed":false,"campfire_upgraded":1,"win_rate":0.0,"timestamp":1614306237,"path_taken":["M","?","?","?","?","E","R","M","T","$","?","E","M","M","R","BOSS","M","?"],"items_purchased_type":["Card","Card","Relic","Card"],"build_version":"2020-12-13","purchased_purges":2,"victory":false,"max_hp_per_floor":[70,70,70,75,75,75,75,75,75,75,75,75,75,75,75,75,75,75,75,75],"card_choices":[{"not_picked":["Outmaneuver","Sucker Punch"],"picked":"Dagger Throw","floor":1},{"not_picked":["Dagger Spray","PiercingWail"],"picked":"Acrobatics","floor":2},{"not_picked":["Acrobatics","Expertise","Noxious Fumes"],"picked":"SKIP","floor":6},{"not_picked":["Backflip","Acrobatics"],"picked":"ReplayTheSpireMod:The Works","floor":8},{"not_picked":["Cloak And Dagger","Prepared"],"picked":"A Thousand Cuts","floor":11},{"not_picked":["Glass Knife","Phantasmal Killer","Toxin Wave"],"picked":"SKIP","floor":12},{"not_picked":["Slice","Accuracy","Quick Slash"],"picked":"SKIP","floor":13},{"not_picked":["Accuracy","Quick Slash"],"picked":"Slice","floor":13},{"not_picked":["PiercingWail","Replay:Poison Smokescreen","Accuracy"],"picked":"SKIP","floor":14},{"not_picked":[],"picked":"Flying Knee","floor":18}],"player_experience":33085,"relics_obtained":[{"floor":2,"key":"Dream Catcher"},{"floor":4,"key":"Durian"},{"floor":6,"key":"Regal Pillow"},{"floor":9,"key":"Snake Skull"},{"floor":12,"key":"Replay:Wax Seal"}],"event_choices":[],"is_beta":false,"boss_relics":[{"not_picked":["Runic Dome","ChewingGum"],"picked":"Busted Crown"}],"items_purged_floors":[5,10],"is_endless":false,"potions_floor_spawned":[12,13,14,16],"killed_by":"3 Byrds","ascension_level":4}}