{"host":"dhv3u8yhd2rnugsp","time":1614306754,"event":{"mods":["BaseMod","Block Reminder","Colored Map","Googly Eyes","Highlight Path","Minty Spire (QoL Compilation)","Permanent Neow","Quick Restart","Random Character Button","StSLib"],"gold_per_floor":[118,136,136,136,152,177,177,212,239,239,265,280,280,280],"floor_reached":13,"language":"ENG","playtime":793,"items_purged":[],"score":206,"play_id":"b6451687-e5dd-48f1-8f5f-68cc27d0061d","local_time":"20210225203234","is_ascension_mode":true,"campfire_choices":[{"data":"Noxious Fumes","floor":7.0,"key":"SMITH"}],"circlet_count":0,"master_deck":["AscendersBane","Survivor","Neutralize","Venomology","Prepared","Corpse Explosion","PiercingWail","Skewer","Accuracy","Leg Sweep","Cloak And Dagger","Quick Slash","Poisoned Stab","Venomology","Backflip","Noxious Fumes+1","Unload"],"relics":["Pandora\u0027s Box","Happy Flower","Art of War","Juzu Bracelet","Girya"],"acts_visited":["Exordium"],"potions_floor_usage":[11,12,13],"damage_taken":[{"damage":3.0,"enemies":"Small Slimes","floor":1.0,"turns":5.0},{"damage":2.0,"enemies":"Jaw Worm","floor":2.0,"turns":5.0},{"damage":0.0,"enemies":"Cultist","floor":5.0,"turns":3.0},{"damage":11.0,"enemies":"3 Sentries","floor":6.0,"turns":5.0},{"damage":2.0,"enemies":"Lagavulin","floor":8.0,"turns":6.0},{"damage":13,"enemies":"3 Sentries","floor":11,"turns":4},{"damage":6,"enemies":"3 Louse","floor":12,"turns":2},{"damage":54,"enemies":"Gremlin Nob","floor":13,"turns":4}],"seed_played":"4640502066907313156","potions_obtained":[{"floor":2.0,"key":"ColorlessPotion"}],"is_trial":false,"path_per_floor":["M","M","?","?","M","E","R","E","T","$","E","M","E"],"character_chosen":"THE_SILENT","items_purchased":[],"campfire_rested":0,"item_purchase_floors":[],"current_hp_per_floor":[56,54,47,47,47,36,36,34,34,34,21,15,0,0],"gold":280,"neow_bonus":"BOSS_RELIC","is_daily":false,"chose_seed":false,"campfire_upgraded":1,"win_rate":0.0,"timestamp":1614306754,"path_taken":["M","M","?","?","M","E","R","E","T","$","E","M","E"],"items_purchased_type":[],"build_version":"2020-12-22","purchased_purges":0,"victory":false,"max_hp_per_floor":[66,66,66,66,66,66,66,66,66,66,66,66,66,66],"card_choices":[{"not_picked":["Dodge and Roll","Skewer"],"picked":"Quick Slash","floor":1.0},{"not_picked":["Expertise","Acrobatics"],"picked":"Poisoned Stab","floor":2.0},{"not_picked":["Leg Sweep","Flying Knee"],"picked":"Backflip","floor":5.0},{"not_picked":["Prepared","Acrobatics"],"picked":"Noxious Fumes","floor":6.0},{"not_picked":["Crippling Poison","Setup"],"picked":"Unload","floor":8.0},{"not_picked":["Infinite Blades","Poisoned Stab","Dagger Spray"],"picked":"SKIP","floor":11},{"not_picked":["Quick Slash","Deflect","Outmaneuver"],"picked":"SKIP","floor":12}],"player_experience":1709050,"relics_obtained":[{"floor":6.0,"key":"Happy Flower"},{"floor":8.0,"key":"Art of War"},{"floor":9.0,"key":"Juzu Bracelet"},{"floor":11,"key":"Girya"}],"event_choices":[{"cards_removed":["Night Terror"],"damage_healed":0.0,"max_hp_gain":0.0,"max_hp_loss":0.0,"gold_gain":0.0,"event_name":"Golden Wing","player_choice":"Card Removal","floor":3.0,"gold_loss":0.0,"damage_taken":7.0},{"damage_healed":0.0,"max_hp_gain":0.0,"max_hp_loss":0.0,"gold_gain":0.0,"cards_transformed":["Tools of the Trade"],"event_name":"Transmorgrifier","player_choice":"Transformed","floor":4.0,"gold_loss":0.0,"damage_taken":0.0,"cards_obtained":["Venomology"]}],"is_beta":false,"boss_relics":[],"items_purged_floors":[],"is_endless":false,"potions_floor_spawned":[2,5,12],"killed_by":"Gremlin Nob","ascension_level":20}}