{"host":"vhu12qr9yy4p5pn7","time":1614352041,"event":{"mods":["BaseMod","Challenge The Spire","Minty Spire (QoL Compilation)","Permanent Neow","Quick Restart","Reliquary","Spicy Shops","StSLib","óô»ðÖ¸ÄÏ"],"gold_per_floor":[116,136,211,262,299,32,65,65,65],"floor_reached":8,"language":"ZHS","playtime":736,"items_purged":[],"score":50,"play_id":"3e56fbb0-639e-49f0-9ea8-a7b40022bb93","local_time":"20210226230721","daily_mods":["Vintage","Allstar","Diverse","Heirloom"],"is_ascension_mode":false,"campfire_choices":[],"circlet_count":0,"master_deck":["Strike_P","Strike_P","Strike_P","Strike_P","Defend_P","Defend_P","Defend_P","Defend_P","Eruption+1","Vigilance","Chrysalis","HandOfGreed","Dark Shackles","Panacea","Transmutation","Seeing Red+1"],"relics":["PureWater","Turnip","Pantograph","Blue Candle","Singing Bowl","reliquary:Firecrackers","reliquary:Buckler","Damaru"],"acts_visited":["Exordium"],"potions_floor_usage":[8],"damage_taken":[{"damage":1.0,"enemies":"Jaw Worm","floor":1.0,"turns":3.0},{"damage":1.0,"enemies":"Cultist","floor":2.0,"turns":7.0},{"damage":0.0,"enemies":"Small Slimes","floor":4.0,"turns":4.0},{"damage":4.0,"enemies":"Red Slaver","floor":5.0,"turns":3.0},{"damage":34.0,"enemies":"3 Louse","floor":7.0,"turns":4.0},{"damage":45,"enemies":"Gremlin Nob","floor":8,"turns":3}],"seed_played":"-8047117366533406115","potions_obtained":[{"floor":4.0,"key":"Block Potion"},{"floor":7.0,"key":"SteroidPotion"}],"is_trial":true,"path_per_floor":["M","M","?","M","M","R","M","E"],"character_chosen":"WATCHER","items_purchased":["Seeing Red","reliquary:Buckler"],"campfire_rested":0,"item_purchase_floors":[6,6],"current_hp_per_floor":[71,70,63,63,59,59,25,0,0],"gold":65,"neow_bonus":"","is_daily":false,"chose_seed":false,"campfire_upgraded":0,"win_rate":0.0,"timestamp":1614352041,"path_taken":["M","M","?","M","?","R","M","E"],"items_purchased_type":["Card","Relic"],"build_version":"2020-11-29","purchased_purges":0,"victory":false,"max_hp_per_floor":[72,72,72,72,72,72,72,72,72],"card_choices":[],"player_experience":94447,"relics_obtained":[{"floor":1.0,"key":"Pantograph"},{"floor":2.0,"key":"Blue Candle"},{"floor":4.0,"key":"Singing Bowl"},{"floor":5.0,"key":"reliquary:Firecrackers"},{"floor":7.0,"key":"Damaru"}],"event_choices":[{"damage_healed":0.0,"max_hp_gain":0.0,"max_hp_loss":0.0,"gold_gain":75.0,"event_name":"FaceTrader","player_choice":"Touch","floor":3.0,"gold_loss":0.0,"damage_taken":7.0}],"is_beta":false,"boss_relics":[],"items_purged_floors":[],"is_endless":true,"potions_floor_spawned":[4,7],"killed_by":"Gremlin Nob","ascension_level":0}}