{"host":"9gxprskaw0c5jpbt","time":1614378496,"event":{"mods":["AchievementEnabler","BaseMod","Colored Map","Highlight Path","KOR Keyword Fix","Minty Spire (QoL Compilation)","Rare Cards Sparkle","StSLib","SuperFastMode","everything is the same but u backflip on backflip"],"gold_per_floor":[113,113,125,136,136,136,136,136,160,160,181,181,7,282,282,377,377,395,315,315],"floor_reached":19,"language":"KOR","playtime":390,"items_purged":[],"score":310,"play_id":"54106632-594a-443b-9768-21794d1f71dc","local_time":"20210227072816","is_ascension_mode":true,"campfire_choices":[{"data":"Ghostly Armor","floor":6.0,"key":"SMITH"},{"data":"Rupture","floor":8.0,"key":"SMITH"},{"floor":10.0,"key":"REST"},{"data":"Armaments","floor":12.0,"key":"SMITH"},{"floor":15.0,"key":"REST"}],"circlet_count":0,"master_deck":["AscendersBane","Strike_R","Strike_R","Strike_R","Strike_R","Defend_R","Defend_R","Defend_R","Defend_R","Bash","Apotheosis+1","Rupture+1","Ghostly Armor+1","Cleave","Injury","Inflame","Armaments+1","Dropkick","Rupture","Heavy Blade","Regret","Double Tap","Offering","Flex"],"relics":["Black Blood","Golden Idol","Dream Catcher"],"acts_visited":["Exordium","TheCity"],"potions_floor_usage":[],"damage_taken":[{"damage":16.0,"enemies":"2 Louse","floor":1.0,"turns":3.0},{"damage":4.0,"enemies":"Jaw Worm","floor":3.0,"turns":4.0},{"damage":0.0,"enemies":"Small Slimes","floor":4.0,"turns":5.0},{"damage":13.0,"enemies":"Blue Slaver","floor":11.0,"turns":4.0},{"damage":26.0,"enemies":"The Guardian","floor":16.0,"turns":9.0},{"damage":55.0,"enemies":"3 Byrds","floor":18.0,"turns":5.0},{"damage":27,"enemies":"2 Thieves","floor":19,"turns":3}],"seed_played":"4877142746168717417","potions_obtained":[{"floor":1.0,"key":"AttackPotion"},{"floor":3.0,"key":"Fire Potion"},{"floor":11.0,"key":"Fruit Juice"}],"is_trial":false,"path_per_floor":["M","?","M","M","?","R","?","R","T","R","M","R","$","?","R","B",null,"M","M"],"character_chosen":"IRONCLAD","items_purchased":["Dropkick","Rupture","Heavy Blade"],"campfire_rested":2,"item_purchase_floors":[13,13,13],"current_hp_per_floor":[40,40,42,48,48,48,41,41,41,63,61,61,61,61,80,60,75,32,5,5],"gold":315,"neow_bonus":"RANDOM_COLORLESS_2","is_daily":false,"chose_seed":false,"campfire_upgraded":3,"win_rate":0.0,"timestamp":1614378496,"path_taken":["M","?","M","M","?","R","?","R","T","R","M","R","$","?","R","BOSS","M","?"],"items_purchased_type":["Card","Card","Card"],"build_version":"2020-12-22","purchased_purges":0,"victory":false,"max_hp_per_floor":[75,75,75,75,75,75,75,75,75,75,80,80,80,80,80,80,80,80,80,80],"card_choices":[{"not_picked":["Magnetism","HandOfGreed"],"picked":"Apotheosis","floor":0.0},{"not_picked":["Carnage","Sword Boomerang"],"picked":"Rupture","floor":1.0},{"not_picked":["Havoc","Heavy Blade"],"picked":"Ghostly Armor","floor":3.0},{"not_picked":["Blood for Blood","Sword Boomerang"],"picked":"Cleave","floor":4.0},{"not_picked":["Clothesline","Clash"],"picked":"Inflame","floor":10.0},{"not_picked":["Havoc","Sword Boomerang"],"picked":"Armaments","floor":11.0},{"not_picked":["Shrug It Off","Searing Blow"],"picked":"Double Tap","floor":15.0},{"not_picked":["Fiend Fire","Brutality"],"picked":"Offering","floor":16.0},{"not_picked":["Armaments","Headbutt+1"],"picked":"Flex","floor":18.0}],"player_experience":993889,"relics_obtained":[{"floor":9.0,"key":"Dream Catcher"}],"event_choices":[{"damage_healed":0.0,"max_hp_gain":0.0,"max_hp_loss":0.0,"gold_gain":0.0,"event_name":"Living Wall","player_choice":"Grow","floor":2.0,"gold_loss":0.0,"damage_taken":0.0,"cards_upgraded":["Apotheosis"]},{"damage_healed":0.0,"max_hp_gain":0.0,"max_hp_loss":0.0,"gold_gain":0.0,"event_name":"Golden Idol","player_choice":"Take Wound","floor":5.0,"gold_loss":0.0,"damage_taken":0.0,"relics_obtained":["Golden Idol"],"cards_obtained":["Injury"]},{"cards_removed":["Strike_R"],"damage_healed":0.0,"max_hp_gain":0.0,"max_hp_loss":0.0,"gold_gain":0.0,"event_name":"Golden Wing","player_choice":"Card Removal","floor":7.0,"gold_loss":0.0,"damage_taken":7.0},{"damage_healed":0.0,"max_hp_gain":0.0,"max_hp_loss":0.0,"gold_gain":275.0,"event_name":"Golden Shrine","player_choice":"Desecrate","floor":14.0,"gold_loss":0.0,"damage_taken":0.0,"cards_obtained":["Regret"]}],"is_beta":false,"boss_relics":[{"not_picked":["Ectoplasm","Astrolabe"],"picked":"Black Blood"}],"items_purged_floors":[],"is_endless":false,"potions_floor_spawned":[1,3,11],"killed_by":"2 Thieves","ascension_level":20}}