{"host":"mydft8i2zzydgggw","time":1614352350,"event":{"mods":["AchievementEnabler","BaseMod","Colored Map","Colored Powertips","DeckTracker","Keyboard Shortcuts","Minty Spire (QoL Compilation)","Rare Cards Sparkle","Relic Stats","StSLib","SuperFastMode","Together in Spire","everything is the same but u backflip on backflip"],"gold_per_floor":[119,119,137,48,60,60,40,51,76,109,34,44,70,83,83,159,159,169,125,50,63,10,35,35,35,35],"floor_reached":25,"language":"KOR","playtime":728,"items_purged":["Defend_B"],"score":490,"play_id":"89f5f8d9-311b-465f-8b66-adb04a1e5099","local_time":"20210227001230","is_ascension_mode":true,"campfire_choices":[{"data":"Coolheaded","floor":6.0,"key":"SMITH"},{"data":"Defragment","floor":15,"key":"SMITH"}],"circlet_count":0,"master_deck":["AscendersBane","Strike_B","Strike_B","Strike_B","Defend_B","Defend_B","Defend_B","Zap","Dualcast","Coolheaded+1","Go for the Eyes","Consume","Coolheaded+1","Coolheaded","Streamline","Barrage","Defragment+1","Seek","Capacitor","Undo","Defragment"],"relics":["Cracked Core","NeowsBlessing","Bronze Scales","Strawberry","Fusion Hammer","The Courier"],"acts_visited":["Exordium","TheCity"],"potions_floor_usage":[8,10,13,13,16,21,23,23,25],"damage_taken":[{"damage":0.0,"enemies":"Jaw Worm","floor":1.0,"turns":1.0},{"damage":0.0,"enemies":"Cultist","floor":3.0,"turns":1.0},{"damage":0.0,"enemies":"Small Slimes","floor":5.0,"turns":1.0},{"damage":13,"enemies":"Gremlin Gang","floor":8,"turns":7},{"damage":4,"enemies":"Lagavulin","floor":10,"turns":11},{"damage":10,"enemies":"3 Louse","floor":12,"turns":4},{"damage":7,"enemies":"3 Sentries","floor":13,"turns":7},{"damage":10,"enemies":"Looter","floor":14,"turns":3},{"damage":20,"enemies":"The Guardian","floor":16,"turns":15},{"damage":4,"enemies":"3 Byrds","floor":18,"turns":3},{"damage":25,"enemies":"2 Thieves","floor":19,"turns":5},{"damage":21,"enemies":"Snecko","floor":21,"turns":7},{"damage":0,"enemies":"Book of Stabbing","floor":23,"turns":7},{"damage":10,"enemies":"Snake Plant","floor":25,"turns":2}],"seed_played":"-4973393979561048506","potions_obtained":[{"floor":1.0,"key":"PotionOfCapacity"},{"floor":7,"key":"EssenceOfSteel"},{"floor":10,"key":"LiquidMemories"},{"floor":12,"key":"AttackPotion"},{"floor":13,"key":"AttackPotion"},{"floor":16,"key":"DuplicationPotion"},{"floor":21,"key":"Swift Potion"},{"floor":23,"key":"AttackPotion"}],"is_trial":false,"path_per_floor":["M","?","M","$","M","R","?","M","T","E","$","M","E","M","R","B",null,"M","M","?","M","$","E","?","M"],"character_chosen":"DEFECT","items_purchased":["Consume","BlessingOfTheForge"],"campfire_rested":0,"item_purchase_floors":[4,22],"current_hp_per_floor":[64,64,64,64,64,64,64,51,51,47,47,37,37,27,27,7,60,56,31,31,10,10,10,10,0,0],"gold":35,"neow_bonus":"THREE_ENEMY_KILL","is_daily":false,"chose_seed":false,"campfire_upgraded":2,"win_rate":0.0,"timestamp":1614352350,"path_taken":["M","?","?","?","M","R","?","?","T","E","$","M","E","M","R","BOSS","M","M","?","M","$","E","?","M"],"items_purchased_type":["Card","Potion"],"build_version":"2020-12-22","purchased_purges":1,"victory":false,"max_hp_per_floor":[71,71,71,71,71,71,71,71,71,71,71,71,78,78,78,78,78,78,78,78,78,78,78,78,78,78],"relic_stats":{"counters":[14,74],"Bronze Scales":[255],"obtain_stats":[{"NeowsBlessing":0,"Bronze Scales":10,"Strawberry":13,"Fusion Hammer":17,"The Courier":23,"Cracked Core":0},{"NeowsBlessing":0,"Bronze Scales":5,"Strawberry":7,"Fusion Hammer":9,"The Courier":13,"Cracked Core":0},{"NeowsBlessing":0,"Bronze Scales":21,"Strawberry":32,"Fusion Hammer":50,"The Courier":72,"Cracked Core":0}]},"card_choices":[{"not_picked":["Chill","Barrage"],"picked":"Coolheaded","floor":1.0},{"not_picked":["Coolheaded","Recycle"],"picked":"Go for the Eyes","floor":3.0},{"not_picked":["Barrage","Conserve Battery"],"picked":"Coolheaded","floor":5.0},{"not_picked":["Sunder","Genetic Algorithm"],"picked":"Coolheaded","floor":8},{"not_picked":["Coolheaded","Hyperbeam"],"picked":"Streamline","floor":10},{"not_picked":["Conserve Battery","Rebound"],"picked":"Barrage","floor":12},{"not_picked":["Scrape","Hyperbeam","Redo"],"picked":"SKIP","floor":13},{"not_picked":["Glacier","Gash"],"picked":"Defragment","floor":14},{"not_picked":["Reboot","Rainbow"],"picked":"Seek","floor":16},{"not_picked":["Doom and Gloom","Beam Cell"],"picked":"Capacitor","floor":18},{"not_picked":["Steam Power","Compile Driver","Tempest"],"picked":"SKIP","floor":19},{"not_picked":["Rebound+1","Go for the Eyes+1"],"picked":"Undo","floor":21},{"not_picked":["Barrage","Streamline"],"picked":"Defragment","floor":23}],"player_experience":306953,"relics_obtained":[{"floor":10,"key":"Bronze Scales"},{"floor":13,"key":"Strawberry"},{"floor":23,"key":"The Courier"}],"event_choices":[{"damage_healed":0.0,"max_hp_gain":0.0,"max_hp_loss":0.0,"gold_gain":0.0,"event_name":"Upgrade Shrine","player_choice":"Upgraded","floor":2.0,"gold_loss":0.0,"damage_taken":0.0,"cards_upgraded":["Coolheaded"]},{"damage_healed":0,"gold_gain":0,"player_choice":"Bought 1 Potion","damage_taken":0,"max_hp_gain":0,"max_hp_loss":0,"event_name":"The Woman in Blue","floor":7,"gold_loss":0},{"cards_removed":["Strike_B"],"damage_healed":0,"gold_gain":0,"player_choice":"Gave Gold","damage_taken":0,"max_hp_gain":0,"max_hp_loss":0,"event_name":"Beggar","floor":20,"gold_loss":75}],"is_beta":false,"boss_relics":[{"not_picked":["Runic Pyramid","Astrolabe"],"picked":"Fusion Hammer"}],"items_purged_floors":[11],"is_endless":false,"potions_floor_spawned":[1,10,12,13,16,21,23],"killed_by":"Snake Plant","ascension_level":18}}