{"host":"gobyjzz6xbwq9f9i","time":1614326113,"event":{"mods":["AchievementEnabler","BaseMod","Bestiary","Colored Map","Minty Spire (QoL Compilation)","Relic Stats","ojb\u0027s Info Mod"],"gold_per_floor":[111,121,71,71,81,81,113,113,113,128,142,159,159,184,184,286,286,275,290,43,43,57,57,83,102,102,102,137,55,90,102,102,203,203,218,218,230,242,49,82,92,92,92,111,111,139,139,170,170,170,170],"floor_reached":50,"language":"ENG","playtime":2981,"items_purged":["Anger+1"],"score":991,"play_id":"f38d907c-eae6-4226-b77d-853cd9917c86","local_time":"20210225235513","is_ascension_mode":true,"campfire_choices":[{"data":"Bash","floor":6.0,"key":"SMITH"},{"data":"Cleave","floor":8.0,"key":"SMITH"},{"data":"Pommel Strike","floor":13.0,"key":"SMITH"},{"data":"Sever Soul","floor":15.0,"key":"SMITH"},{"data":"Immolate","floor":23.0,"key":"SMITH"},{"data":"Battle Trance","floor":32,"key":"SMITH"},{"data":"Fiend Fire","floor":42,"key":"SMITH"},{"data":"Power Through","floor":49,"key":"SMITH"}],"circlet_count":0,"master_deck":["AscendersBane","Bash+1","Wild Strike","Shrug It Off","Pommel Strike+1","Cleave+1","True Grit","Battle Trance+1","Power Through+1","Sever Soul+1","Fiend Fire+1","Sword Boomerang","Immolate+1","Dual Wield","Metallicize","Intimidate","Corruption","Sever Soul","Sentinel","Havoc+1","Shrug It Off+1","Whirlwind+1","Ghostly","Ghostly","Ghostly","Ghostly","Ghostly","Bloodletting","Shockwave","Limit Break","Armaments+1","Impervious","Shrug It Off+1","Parasite","Fire Breathing+1","Evolve+1","Shockwave+1"],"relics":["Burning Blood","NeowsBlessing","Unceasing Top","Darkstone Periapt","Self Forming Clay","Pandora\u0027s Box","HornCleat","Nilry\u0027s Codex","Centennial Puzzle","Peace Pipe","Matryoshka","Paper Frog","Snecko Eye","Membership Card","Letter Opener","Frozen Egg 2","Bottled Flame","Pantograph","Toxic Egg 2"],"acts_visited":["Exordium","TheCity","TheBeyond"],"potions_floor_usage":[33,50,50,50],"damage_taken":[{"damage":0.0,"enemies":"2 Louse","floor":1.0,"turns":1.0},{"damage":0.0,"enemies":"Small Slimes","floor":2.0,"turns":1.0},{"damage":0.0,"enemies":"Cultist","floor":5.0,"turns":1.0},{"damage":8.0,"enemies":"Gremlin Nob","floor":7.0,"turns":3.0},{"damage":14.0,"enemies":"Red Slaver","floor":10.0,"turns":2.0},{"damage":11.0,"enemies":"Blue Slaver","floor":11.0,"turns":3.0},{"damage":4.0,"enemies":"2 Fungi Beasts","floor":12.0,"turns":4.0},{"damage":13.0,"enemies":"Lagavulin","floor":14.0,"turns":5.0},{"damage":42.0,"enemies":"Hexaghost","floor":16.0,"turns":10.0},{"damage":33.0,"enemies":"2 Thieves","floor":18.0,"turns":4.0},{"damage":0.0,"enemies":"Chosen","floor":19.0,"turns":4.0},{"damage":0.0,"enemies":"Snecko","floor":22.0,"turns":3.0},{"damage":9.0,"enemies":"Book of Stabbing","floor":24.0,"turns":5.0},{"damage":0.0,"enemies":"Snake Plant","floor":25.0,"turns":3.0},{"damage":4.0,"enemies":"Gremlin Leader","floor":28.0,"turns":5.0},{"damage":7,"enemies":"Book of Stabbing","floor":30,"turns":5},{"damage":2,"enemies":"Cultist and Chosen","floor":31,"turns":5},{"damage":37,"enemies":"Collector","floor":33,"turns":9},{"damage":0,"enemies":"3 Darklings","floor":35,"turns":5},{"damage":2,"enemies":"3 Shapes","floor":37,"turns":3},{"damage":3,"enemies":"Jaw Worm Horde","floor":38,"turns":3},{"damage":1,"enemies":"Giant Head","floor":40,"turns":5},{"damage":3,"enemies":"4 Shapes","floor":41,"turns":2},{"damage":1,"enemies":"Writhing Mass","floor":44,"turns":5},{"damage":10,"enemies":"Nemesis","floor":46,"turns":5},{"damage":3,"enemies":"Giant Head","floor":48,"turns":5},{"damage":49,"enemies":"Awakened One","floor":50,"turns":9}],"seed_played":"8140567455503671306","potions_obtained":[{"floor":1.0,"key":"Dexterity Potion"},{"floor":4.0,"key":"Swift Potion"},{"floor":4.0,"key":"SteroidPotion"},{"floor":10.0,"key":"LiquidBronze"},{"floor":11.0,"key":"DistilledChaos"},{"floor":16.0,"key":"FearPotion"},{"floor":24.0,"key":"SkillPotion"},{"floor":25.0,"key":"Explosive Potion"},{"floor":33,"key":"Strength Potion"}],"is_trial":false,"path_per_floor":["M","M","?","?","M","R","E","R","T","M","M","M","R","E","R","B",null,"M","M","$","?","M","R","E","M","T","?","E","$","E","M","R","B",null,"M","?","M","M","$","E","M","R","T","M","?","E","?","E","R","B"],"character_chosen":"IRONCLAD","items_purchased":["HornCleat","Shockwave","Membership Card"],"campfire_rested":0,"item_purchase_floors":[20,29,39],"current_hp_per_floor":[78,80,80,80,80,80,78,78,78,70,65,67,67,60,60,24,66,39,45,45,29,35,35,32,38,38,38,40,40,39,40,40,9,32,38,38,40,40,40,40,40,40,40,46,44,40,40,43,43,0,0],"gold":170,"neow_bonus":"THREE_ENEMY_KILL","is_daily":false,"chose_seed":false,"campfire_upgraded":8,"win_rate":0.0,"timestamp":1614326113,"path_taken":["M","M","?","?","?","R","E","R","T","M","M","M","R","E","R","BOSS","M","M","$","?","M","R","E","M","T","?","E","$","E","M","R","BOSS","M","?","M","M","$","E","M","R","T","M","?","E","?","E","R","BOSS"],"items_purchased_type":["Relic","Card","Relic"],"build_version":"2020-12-22","purchased_purges":1,"victory":false,"max_hp_per_floor":[80,80,80,80,80,80,80,80,80,80,80,80,80,80,80,80,80,80,80,80,80,80,80,80,80,80,40,40,40,40,40,40,40,40,40,40,40,40,40,40,40,40,40,46,44,44,44,44,44,44,44],"relic_stats":{"Darkstone Periapt":6,"Peace Pipe":3,"Centennial Puzzle":[33],"counters":[27,115],"Self Forming Clay":[150],"Pantograph":1,"Snecko Eye":[103,84,100,95],"Pandora\u0027s Box":["Sword Boomerang","Immolate","Dual Wield","Metallicize","Intimidate","Corruption","Clash","Sever Soul"],"Letter Opener":[123],"obtain_stats":[{"Darkstone Periapt":9,"NeowsBlessing":0,"Self Forming Clay":14,"Nilry\u0027s Codex":21,"Letter Opener":40,"Frozen Egg 2":43,"Burning Blood":0,"Peace Pipe":26,"Centennial Puzzle":24,"Bottled Flame":43,"HornCleat":20,"Matryoshka":28,"Pantograph":46,"Snecko Eye":34,"Pandora\u0027s Box":17,"Membership Card":39,"Toxic Egg 2":48,"Unceasing Top":7,"Paper Frog":30},{"Darkstone Periapt":4,"NeowsBlessing":0,"Self Forming Clay":8,"Nilry\u0027s Codex":11,"Letter Opener":22,"Frozen Egg 2":23,"Burning Blood":0,"Peace Pipe":14,"Centennial Puzzle":13,"Bottled Flame":23,"HornCleat":11,"Matryoshka":15,"Pantograph":25,"Snecko Eye":18,"Pandora\u0027s Box":9,"Membership Card":21,"Toxic Egg 2":26,"Unceasing Top":4,"Paper Frog":16},{"Darkstone Periapt":6,"NeowsBlessing":0,"Self Forming Clay":20,"Nilry\u0027s Codex":38,"Letter Opener":89,"Frozen Egg 2":91,"Burning Blood":0,"Peace Pipe":49,"Centennial Puzzle":46,"Bottled Flame":91,"HornCleat":38,"Matryoshka":54,"Pantograph":101,"Snecko Eye":73,"Pandora\u0027s Box":30,"Membership Card":84,"Toxic Egg 2":106,"Unceasing Top":6,"Paper Frog":59}],"Burning Blood":125,"Unceasing Top":[27]},"card_choices":[{"not_picked":["Dropkick","Warcry"],"picked":"Wild Strike","floor":1.0},{"not_picked":["Cleave","Intimidate"],"picked":"Shrug It Off","floor":2.0},{"not_picked":["Havoc","Sword Boomerang"],"picked":"Pommel Strike","floor":5.0},{"not_picked":["Shrug It Off","Exhume"],"picked":"Cleave","floor":7.0},{"not_picked":["Havoc","Feel No Pain"],"picked":"True Grit","floor":10.0},{"not_picked":["Ghostly Armor","Shockwave"],"picked":"Battle Trance","floor":11.0},{"not_picked":["Anger","True Grit"],"picked":"Power Through","floor":12.0},{"not_picked":["Double Tap","Shrug It Off"],"picked":"Sever Soul","floor":14.0},{"not_picked":["Double Tap","Bludgeon"],"picked":"Fiend Fire","floor":16.0},{"not_picked":["Wild Strike","Havoc"],"picked":"Sentinel","floor":18.0},{"not_picked":["Armaments","Thunderclap"],"picked":"Havoc+1","floor":19.0},{"not_picked":["Entrench","Headbutt"],"picked":"Anger+1","floor":22.0},{"not_picked":["Headbutt","Perfected Strike+1"],"picked":"Shrug It Off+1","floor":24.0},{"not_picked":["Carnage","Second Wind"],"picked":"Whirlwind+1","floor":25.0},{"not_picked":["Iron Wave","Barricade"],"picked":"Bloodletting","floor":28.0},{"not_picked":["Reaper","Wild Strike"],"picked":"Limit Break","floor":30},{"not_picked":["Perfected Strike","Sword Boomerang"],"picked":"Armaments+1","floor":31},{"not_picked":["Barricade","Berserk"],"picked":"Impervious","floor":33},{"not_picked":["Wild Strike+1","Warcry","True Grit"],"picked":"SKIP","floor":35},{"not_picked":["Anger+1","Clash"],"picked":"Shrug It Off+1","floor":37},{"not_picked":["Perfected Strike+1","Wild Strike","Flex"],"picked":"SKIP","floor":38},{"not_picked":["Limit Break","Flex","Bludgeon"],"picked":"SKIP","floor":40},{"not_picked":["Heavy Blade+1","Cleave+1","Reckless Charge"],"picked":"SKIP","floor":41},{"not_picked":["Sentinel","Cleave+1"],"picked":"Fire Breathing+1","floor":44},{"not_picked":["Thunderclap","Sentinel"],"picked":"Evolve+1","floor":46},{"not_picked":["Shrug It Off+1","Battle Trance+1"],"picked":"Shockwave+1","floor":48}],"player_experience":1397886,"relics_obtained":[{"floor":7.0,"key":"Unceasing Top"},{"floor":9.0,"key":"Darkstone Periapt"},{"floor":14.0,"key":"Self Forming Clay"},{"floor":21.0,"key":"Nilry\u0027s Codex"},{"floor":24.0,"key":"Centennial Puzzle"},{"floor":26.0,"key":"Peace Pipe"},{"floor":28.0,"key":"Matryoshka"},{"floor":30,"key":"Paper Frog"},{"floor":40,"key":"Letter Opener"},{"floor":43,"key":"Frozen Egg 2"},{"floor":43,"key":"Bottled Flame"},{"floor":46,"key":"Pantograph"},{"floor":48,"key":"Toxic Egg 2"}],"event_choices":[{"cards_removed":["Defend_R"],"damage_healed":0.0,"max_hp_gain":0.0,"max_hp_loss":0.0,"gold_gain":0.0,"event_name":"The Cleric","player_choice":"Card Removal","floor":3.0,"gold_loss":50.0,"damage_taken":0.0},{"damage_healed":0.0,"max_hp_gain":0.0,"max_hp_loss":0.0,"gold_gain":0.0,"event_name":"Lab","player_choice":"Got Potions","floor":4.0,"gold_loss":0.0,"damage_taken":0.0},{"damage_healed":0.0,"max_hp_gain":0.0,"max_hp_loss":0.0,"gold_gain":0.0,"event_name":"Cursed Tome","player_choice":"Obtained Book","floor":21.0,"gold_loss":0.0,"damage_taken":16.0},{"damage_healed":0.0,"max_hp_gain":0.0,"max_hp_loss":40.0,"gold_gain":0.0,"event_name":"Ghosts","player_choice":"Became a Ghost","floor":27.0,"gold_loss":0.0,"damage_taken":0.0,"cards_obtained":["Ghostly","Ghostly","Ghostly","Ghostly","Ghostly"]},{"damage_healed":0,"gold_gain":0,"player_choice":"Ignored","damage_taken":0,"max_hp_gain":0,"max_hp_loss":0,"event_name":"Tomb of Lord Red Mask","floor":36,"gold_loss":0},{"damage_healed":0,"gold_gain":0,"player_choice":"Max HP","damage_taken":0,"max_hp_gain":0,"max_hp_loss":2,"event_name":"Winding Halls","floor":45,"gold_loss":0},{"cards_removed":["Clash"],"damage_healed":0,"gold_gain":0,"player_choice":"Removed Attack","damage_taken":0,"max_hp_gain":0,"max_hp_loss":0,"event_name":"Falling","floor":47,"gold_loss":0}],"is_beta":false,"boss_relics":[{"not_picked":["Tiny House","Black Blood"],"picked":"Pandora\u0027s Box"},{"not_picked":["Mark of Pain","Astrolabe"],"picked":"Snecko Eye"}],"items_purged_floors":[39],"is_endless":false,"potions_floor_spawned":[1,10,11,16,24,25,28,31,33,37,40,44,46],"killed_by":"Awakened One","ascension_level":10}}