{"host":"cd9ii0p4lcq6b7m2","time":1614376946,"event":{"mods":["BaseMod","Block Reminder","Colored Map","Highlight Path","Minty Spire (QoL Compilation)"],"gold_per_floor":[144,189,169,79,124,214,176,278,290,392,494,506,518,605,617,929,941,998,1010,395,95,95,205,205,295,295,295,145,235,195,285,285,585,585,630,957,1002,1152,850,940,1030,1030,1055,1055,1055,1155,730,820,820,820],"floor_reached":51,"language":"ENG","playtime":3945,"items_purged":["Infernal Blade","Iron Wave","Thunderclap"],"score":977,"play_id":"85d4ec50-58f2-48b6-9f58-d090c4574f43","local_time":"20210226220226","daily_mods":["Draft","Flight","Midas"],"is_ascension_mode":false,"campfire_choices":[{"floor":12,"key":"REST"},{"floor":15,"key":"REST"},{"floor":24,"key":"REST"},{"floor":32,"key":"REST"},{"data":"1","floor":42,"key":"LIFT"},{"data":"2","floor":44,"key":"LIFT"},{"data":"3","floor":45,"key":"LIFT"},{"floor":49,"key":"REST"}],"circlet_count":0,"master_deck":["Iron Wave","Flame Barrier+1","Shockwave+1","Wild Strike+1","Pommel Strike","Headbutt","Cleave","Heavy Blade","Iron Wave+1","Uppercut","True Grit+1","Flash of Steel","Spot Weakness","Metallicize","Berserk","Dropkick+1","Impervious","Seeing Red+1","Dropkick+1","Double Tap+1","Thunderclap+1","Pommel Strike+1","Impervious+1","Dropkick+1","Uppercut+1","Shrug It Off+1","Metallicize","Flex+1"],"relics":["Burning Blood","MawBank","InkBottle","Centennial Puzzle","Molten Egg 2","Calipers","Sozu","Akabeko","Paper Frog","ClockworkSouvenir","Toolbox","Happy Flower","Enchiridion","Bird Faced Urn","Dream Catcher","Toxic Egg 2","Vajra","War Paint","Singing Bowl","Black Star","Old Coin","Girya","Red Skull","Thread and Needle","Anchor","Gremlin Horn","Orichalcum","Charon\u0027s Ashes","Eternal Feather","Art of War"],"acts_visited":["Exordium","TheCity","TheBeyond"],"potions_floor_usage":[6,8,8,10,15],"damage_taken":[{"damage":0.0,"enemies":"Jaw Worm","floor":1.0,"turns":3.0},{"damage":0.0,"enemies":"Cultist","floor":2.0,"turns":2.0},{"damage":0,"enemies":"2 Louse","floor":5,"turns":2},{"damage":10,"enemies":"Gremlin Nob","floor":6,"turns":4},{"damage":9,"enemies":"3 Sentries","floor":8,"turns":3},{"damage":13,"enemies":"Lagavulin","floor":10,"turns":5},{"damage":12,"enemies":"Gremlin Nob","floor":11,"turns":3},{"damage":42,"enemies":"Hexaghost","floor":16,"turns":9},{"damage":0,"enemies":"Chosen","floor":18,"turns":4},{"damage":12,"enemies":"Gremlin Leader","floor":23,"turns":4},{"damage":24,"enemies":"Slavers","floor":25,"turns":4},{"damage":13,"enemies":"Book of Stabbing","floor":29,"turns":3},{"damage":7,"enemies":"Slavers","floor":31,"turns":3},{"damage":0,"enemies":"Collector","floor":33,"turns":5},{"damage":1,"enemies":"Orb Walker","floor":35,"turns":2},{"damage":3,"enemies":"2 Orb Walkers","floor":36,"turns":3},{"damage":14,"enemies":"3 Darklings","floor":37,"turns":3},{"damage":0,"enemies":"Mind Bloom Boss Battle","floor":38,"turns":4},{"damage":22,"enemies":"Reptomancer","floor":40,"turns":3},{"damage":1,"enemies":"Nemesis","floor":41,"turns":5},{"damage":0,"enemies":"Giant Head","floor":48,"turns":5},{"damage":26,"enemies":"Awakened One","floor":50,"turns":8}],"seed_played":"-7386017133472573341","potions_obtained":[{"floor":1.0,"key":"DistilledChaos"},{"floor":2.0,"key":"Dexterity Potion"},{"floor":3.0,"key":"Dexterity Potion"},{"floor":8,"key":"Fruit Juice"},{"floor":11,"key":"Fruit Juice"}],"is_trial":false,"path_per_floor":["M","M","?","$","M","E","?","E","T","E","E","R","?","?","R","B",null,"M","?","$","$","?","E","R","E","T","?","$","E","?","E","R","B",null,"M","?","M","?","$","E","E","R","T","R","R","?","$","E","R","B",null],"character_chosen":"IRONCLAD","items_purchased":["Flash of Steel","Paper Frog","Impervious","ClockworkSouvenir","Toolbox","Happy Flower","Vajra","Uppercut+1","Shrug It Off+1","Metallicize","Charon\u0027s Ashes"],"campfire_rested":5,"item_purchase_floors":[4,20,20,20,21,21,28,39,39,39,47],"current_hp_per_floor":[80,80,80,80,80,76,76,78,78,71,65,85,85,74,90,54,90,90,90,90,90,74,68,90,74,74,74,74,71,71,74,92,92,92,92,92,84,92,92,80,93,93,93,93,93,93,93,96,98,82],"gold":820,"neow_bonus":"","is_daily":true,"chose_seed":false,"campfire_upgraded":0,"win_rate":0.0,"timestamp":1614376946,"path_taken":["M","M","?","$","?","E","?","E","T","E","E","R","?","?","R","BOSS","M","?","$","$","?","E","R","E","T","?","$","E","?","E","R","BOSS","M","?","M","?","$","E","E","R","T","R","R","?","$","E","R","BOSS"],"items_purchased_type":["Card","Relic","Card","Relic","Relic","Relic","Relic","Card","Card","Card","Relic"],"build_version":"2020-12-22","purchased_purges":3,"victory":true,"max_hp_per_floor":[80,80,80,80,80,80,80,85,85,85,85,85,85,85,90,90,90,90,90,90,90,90,90,90,90,90,90,90,90,90,90,92,92,92,92,92,92,92,92,94,96,96,96,96,96,96,96,96,98,98],"card_choices":[{"not_picked":["Entrench","Spot Weakness"],"picked":"Thunderclap","floor":0.0},{"not_picked":["Battle Trance","Evolve"],"picked":"True Grit","floor":0.0},{"not_picked":["Body Slam","Armaments"],"picked":"Iron Wave","floor":0.0},{"not_picked":["Searing Blow","Shrug It Off"],"picked":"Flame Barrier","floor":0.0},{"not_picked":["Flex","Heavy Blade"],"picked":"Shockwave","floor":0.0},{"not_picked":["Clash","Heavy Blade"],"picked":"Wild Strike","floor":0.0},{"not_picked":["Flex","Thunderclap"],"picked":"Infernal Blade","floor":0.0},{"not_picked":["Heavy Blade","Body Slam"],"picked":"Iron Wave","floor":0.0},{"not_picked":["True Grit","Rampage"],"picked":"Pommel Strike","floor":0.0},{"not_picked":["Pummel","Reckless Charge"],"picked":"Headbutt","floor":0.0},{"not_picked":["Flex","Body Slam"],"picked":"Cleave","floor":0.0},{"not_picked":["Anger","Perfected Strike"],"picked":"Heavy Blade","floor":0.0},{"not_picked":["Heavy Blade","Warcry"],"picked":"Iron Wave","floor":0.0},{"not_picked":["Pommel Strike","Battle Trance"],"picked":"Uppercut","floor":0.0},{"not_picked":["Perfected Strike","Headbutt"],"picked":"True Grit","floor":0.0},{"not_picked":["Heavy Blade","Anger","Sword Boomerang"],"picked":"SKIP","floor":1.0},{"not_picked":["Armaments","Entrench","Shrug It Off"],"picked":"SKIP","floor":2.0},{"not_picked":["True Grit","Flex","Battle Trance"],"picked":"SKIP","floor":5},{"not_picked":["Shrug It Off","Perfected Strike"],"picked":"Spot Weakness","floor":6},{"not_picked":["Intimidate","Flame Barrier","Evolve"],"picked":"SKIP","floor":8},{"not_picked":["Fire Breathing","Feel No Pain","Headbutt+1"],"picked":"SKIP","floor":10},{"not_picked":["Thunderclap+1","Rage"],"picked":"Metallicize","floor":11},{"not_picked":["Brutality","Offering"],"picked":"Berserk","floor":16},{"not_picked":["Thunderclap+1","Heavy Blade+1"],"picked":"Dropkick+1","floor":18},{"not_picked":["Uppercut+1","Whirlwind+1","Clash+1"],"picked":"SKIP","floor":23},{"not_picked":["Armaments","Juggernaut","Twin Strike+1"],"picked":"SKIP","floor":25},{"not_picked":["Shrug It Off+1","Clothesline+1"],"picked":"Seeing Red+1","floor":29},{"not_picked":["Power Through+1","Whirlwind+1"],"picked":"Dropkick+1","floor":31},{"not_picked":["Spot Weakness+1","Heavy Blade+1","Wild Strike+1"],"picked":"Singing Bowl","floor":32},{"not_picked":["Brutality","Feed+1"],"picked":"Double Tap+1","floor":33},{"not_picked":["Power Through+1","True Grit+1"],"picked":"Thunderclap+1","floor":35},{"not_picked":["Armaments+1","Havoc+1"],"picked":"Pommel Strike+1","floor":36},{"not_picked":["Clothesline+1","Dark Embrace+1"],"picked":"Impervious+1","floor":37},{"not_picked":["Feel No Pain+1","Flame Barrier+1"],"picked":"Dropkick+1","floor":38},{"not_picked":["Headbutt+1","Pommel Strike+1","Infernal Blade+1"],"picked":"Singing Bowl","floor":40},{"not_picked":["Iron Wave+1","Sword Boomerang+1","Hemokinesis+1"],"picked":"Singing Bowl","floor":41},{"not_picked":["Sword Boomerang+1","Clothesline+1"],"picked":"Flex+1","floor":48},{"not_picked":["Sword Boomerang+1","Iron Wave+1","Headbutt+1"],"picked":"Singing Bowl","floor":49}],"player_experience":178444,"relics_obtained":[{"floor":6,"key":"MawBank"},{"floor":8,"key":"InkBottle"},{"floor":9,"key":"Centennial Puzzle"},{"floor":10,"key":"Molten Egg 2"},{"floor":11,"key":"Calipers"},{"floor":22,"key":"Enchiridion"},{"floor":23,"key":"Bird Faced Urn"},{"floor":25,"key":"Dream Catcher"},{"floor":26,"key":"Toxic Egg 2"},{"floor":29,"key":"War Paint"},{"floor":31,"key":"Singing Bowl"},{"floor":36,"key":"Old Coin"},{"floor":38,"key":"Girya"},{"floor":40,"key":"Red Skull"},{"floor":40,"key":"Thread and Needle"},{"floor":41,"key":"Anchor"},{"floor":41,"key":"Gremlin Horn"},{"floor":43,"key":"Orichalcum"},{"floor":48,"key":"Eternal Feather"},{"floor":48,"key":"Art of War"}],"event_choices":[{"damage_healed":0.0,"max_hp_gain":0.0,"max_hp_loss":0.0,"gold_gain":0.0,"event_name":"The Woman in Blue","player_choice":"Bought 1 Potion","floor":3.0,"gold_loss":0.0,"damage_taken":0.0},{"cards_removed":["True Grit"],"damage_healed":0,"gold_gain":0,"player_choice":"Card Removal","damage_taken":0,"max_hp_gain":0,"max_hp_loss":0,"event_name":"The Cleric","floor":7,"gold_loss":50},{"damage_healed":0,"gold_gain":0,"player_choice":"Grow","damage_taken":0,"max_hp_gain":0,"max_hp_loss":0,"event_name":"Living Wall","floor":13,"gold_loss":0,"cards_upgraded":["True Grit"]},{"damage_healed":0,"gold_gain":75,"player_choice":"Gather Gold","damage_taken":11,"max_hp_gain":0,"max_hp_loss":0,"event_name":"World of Goop","floor":14,"gold_loss":0},{"damage_healed":0,"gold_gain":0,"player_choice":"Opened","damage_taken":0,"relics_obtained":["Akabeko"],"max_hp_gain":0,"max_hp_loss":0,"event_name":"The Mausoleum","floor":19,"gold_loss":0},{"damage_healed":0,"gold_gain":0,"player_choice":"Obtained Book","damage_taken":16,"max_hp_gain":0,"max_hp_loss":0,"event_name":"Cursed Tome","floor":22,"gold_loss":0},{"damage_healed":0,"gold_gain":0,"player_choice":"Ignored","damage_taken":0,"max_hp_gain":0,"max_hp_loss":0,"event_name":"Vampires","floor":27,"gold_loss":0},{"damage_healed":0,"gold_gain":0,"player_choice":"Upgraded Two","damage_taken":0,"max_hp_gain":0,"max_hp_loss":0,"event_name":"Designer","floor":30,"gold_loss":40,"cards_upgraded":["Wild Strike","Iron Wave"]},{"damage_healed":0,"gold_gain":0,"player_choice":"Fight","damage_taken":0,"max_hp_gain":0,"max_hp_loss":0,"event_name":"Mysterious Sphere","floor":36,"gold_loss":0},{"damage_healed":0,"gold_gain":0,"player_choice":"Fight","damage_taken":0,"max_hp_gain":0,"max_hp_loss":0,"event_name":"MindBloom","floor":38,"gold_loss":0},{"damage_healed":0,"gold_gain":100,"player_choice":"Pray","damage_taken":0,"max_hp_gain":0,"max_hp_loss":0,"event_name":"Golden Shrine","floor":46,"gold_loss":0}],"is_beta":false,"boss_relics":[{"not_picked":["Snecko Eye","Astrolabe"],"picked":"Sozu"},{"not_picked":["SlaversCollar","Tiny House"],"picked":"Black Star"}],"items_purged_floors":[20,39,47],"is_endless":false,"potions_floor_spawned":[1,2,8,11,18,25,36,38],"ascension_level":0}}