{"host":"bf5upntvbdompq33","time":1614362852,"event":{"mods":["BaseMod","Bestiary","Colored Map","Colored Powertips","Curses Come First","Highlight Path","Minty Spire (QoL Compilation)","StSLib","ojb\u0027s Info Mod"],"gold_per_floor":[119,138,158,175,186,186,220,220,220,234,234,259,53,67,67,163,163,179,195,213,230,130,130,161,161,161,180,191,191,124,124,124,124,124],"floor_reached":33,"language":"ENG","playtime":2994,"items_purged":["Strike_G","Strike_G"],"score":450,"play_id":"4e16f43a-1ab9-4ac7-b5a7-fa59e97f5076","local_time":"20210226110732","is_ascension_mode":true,"campfire_choices":[{"data":"Glass Knife","floor":6,"key":"SMITH"},{"data":"Neutralize","floor":8,"key":"SMITH"},{"data":"Blade Dance","floor":11,"key":"SMITH"},{"data":"Night Terror","floor":15,"key":"SMITH"},{"floor":23,"key":"REST"},{"floor":25,"key":"REST"},{"data":"Dash","floor":32,"key":"SMITH"}],"circlet_count":0,"master_deck":["AscendersBane","Defend_G","Defend_G","Defend_G","Defend_G+1","Defend_G+1","Survivor","Neutralize+1","CurseOfTheBell","Heel Hook+1","Dagger Spray","Finisher","Glass Knife+1","Choke","Blade Dance+1","Night Terror+1","Backflip","Accuracy","Quick Slash","Wraith Form v2","Die Die Die+1","Tactician+1","Die Die Die+1","Deadly Poison","Dagger Throw","PiercingWail+1","Sucker Punch+1","Calculated Gamble","Prepared+1","Well Laid Plans","Dash+1"],"relics":["Calling Bell","Nunchaku","Ornamental Fan","FossilizedHelix","Matryoshka","Orichalcum","Whetstone","Mercury Hourglass","Astrolabe","Pantograph","War Paint","MealTicket","Bottled Flame"],"acts_visited":["Exordium","TheCity"],"potions_floor_usage":[3,7,16,19,20,33],"damage_taken":[{"damage":0,"enemies":"Cultist","floor":1,"turns":5},{"damage":0,"enemies":"Jaw Worm","floor":2,"turns":5},{"damage":0,"enemies":"Small Slimes","floor":3,"turns":4},{"damage":0,"enemies":"2 Fungi Beasts","floor":4,"turns":4},{"damage":0,"enemies":"Large Slime","floor":5,"turns":5},{"damage":11,"enemies":"Gremlin Nob","floor":7,"turns":4},{"damage":0,"enemies":"Lots of Slimes","floor":10,"turns":3},{"damage":7,"enemies":"Lagavulin","floor":12,"turns":4},{"damage":0,"enemies":"Looter","floor":14,"turns":3},{"damage":19,"enemies":"The Guardian","floor":16,"turns":15},{"damage":11,"enemies":"2 Thieves","floor":18,"turns":2},{"damage":13,"enemies":"Shell Parasite","floor":19,"turns":3},{"damage":9,"enemies":"Centurion and Healer","floor":20,"turns":2},{"damage":21,"enemies":"Snake Plant","floor":21,"turns":4},{"damage":20,"enemies":"Gremlin Leader","floor":24,"turns":6},{"damage":0,"enemies":"Cultist and Chosen","floor":27,"turns":3},{"damage":8,"enemies":"Chosen and Byrds","floor":28,"turns":7},{"damage":66,"enemies":"Champ","floor":33,"turns":9}],"seed_played":"-8720971332976260496","potions_obtained":[{"floor":2,"key":"LiquidMemories"},{"floor":3,"key":"Fruit Juice"},{"floor":4,"key":"BlessingOfTheForge"},{"floor":12,"key":"GamblersBrew"},{"floor":16,"key":"BlessingOfTheForge"},{"floor":18,"key":"DuplicationPotion"},{"floor":21,"key":"DuplicationPotion"},{"floor":27,"key":"Swift Potion"}],"is_trial":false,"path_per_floor":["M","M","M","M","M","R","E","R","T","M","R","E","$","M","R","B",null,"M","M","M","M","$","R","E","R","T","M","M","T","$","?","R","B"],"character_chosen":"THE_SILENT","items_purchased":["Backflip","Accuracy","Well Laid Plans"],"campfire_rested":2,"item_purchase_floors":[13,13,30],"current_hp_per_floor":[63,63,68,68,68,68,57,57,57,57,57,50,50,50,50,31,64,53,40,31,10,10,32,12,34,34,34,26,26,41,41,41,0,0],"gold":124,"neow_bonus":"BOSS_RELIC","is_daily":false,"chose_seed":false,"campfire_upgraded":5,"win_rate":0.0,"timestamp":1614362852,"path_taken":["M","M","M","M","M","R","E","R","T","M","R","E","$","M","R","BOSS","M","M","M","M","$","R","E","R","T","M","M","?","$","?","R","BOSS"],"items_purchased_type":["Card","Card","Card"],"build_version":"2020-12-22","purchased_purges":2,"victory":false,"max_hp_per_floor":[70,70,75,75,75,75,75,75,75,75,75,75,75,75,75,75,75,75,75,75,75,75,75,75,75,75,75,75,75,75,75,75,75,75],"card_choices":[{"not_picked":["Dodge and Roll","Distraction"],"picked":"Heel Hook","floor":1},{"not_picked":["PiercingWail","Deflect"],"picked":"Dagger Spray","floor":2},{"not_picked":["Bouncing Flask","Quick Slash"],"picked":"Finisher","floor":3},{"not_picked":["Underhanded Strike","Dagger Spray","Riddle With Holes"],"picked":"SKIP","floor":4},{"not_picked":["Choke","Bane"],"picked":"Glass Knife","floor":5},{"not_picked":["Footwork","Flying Knee"],"picked":"Choke","floor":7},{"not_picked":["Underhanded Strike","Prepared"],"picked":"Blade Dance","floor":10},{"not_picked":["Sucker Punch","Riddle With Holes"],"picked":"Night Terror","floor":12},{"not_picked":["Backflip","Deflect"],"picked":"Quick Slash","floor":14},{"not_picked":["A Thousand Cuts","Malaise"],"picked":"Wraith Form v2","floor":16},{"not_picked":["Dodge and Roll","Escape Plan","Footwork"],"picked":"SKIP","floor":18},{"not_picked":["Concentrate","Expertise+1"],"picked":"Deadly Poison","floor":19},{"not_picked":["Caltrops","Poisoned Stab"],"picked":"Dagger Throw","floor":20},{"not_picked":["Underhanded Strike","Catalyst"],"picked":"PiercingWail+1","floor":21},{"not_picked":["Choke","Prepared"],"picked":"Sucker Punch+1","floor":24},{"not_picked":["Eviscerate","Tools of the Trade"],"picked":"Calculated Gamble","floor":27},{"not_picked":["Tactician","Deadly Poison"],"picked":"Prepared+1","floor":28}],"player_experience":1759949,"relics_obtained":[{"floor":0,"key":"Nunchaku"},{"floor":0,"key":"Ornamental Fan"},{"floor":0,"key":"FossilizedHelix"},{"floor":7,"key":"Matryoshka"},{"floor":9,"key":"Orichalcum"},{"floor":9,"key":"Whetstone"},{"floor":12,"key":"Mercury Hourglass"},{"floor":24,"key":"Pantograph"},{"floor":26,"key":"War Paint"},{"floor":26,"key":"MealTicket"},{"floor":29,"key":"Bottled Flame"}],"event_choices":[{"damage_healed":0,"gold_gain":0,"player_choice":"Read","damage_taken":0,"max_hp_gain":0,"max_hp_loss":0,"event_name":"The Library","floor":31,"gold_loss":0,"cards_obtained":["Dash"]}],"is_beta":false,"boss_relics":[{"not_picked":["Sozu","SlaversCollar"],"picked":"Astrolabe"}],"items_purged_floors":[13,22],"is_endless":false,"potions_floor_spawned":[2,3,4,12,16,18,21,27,28],"killed_by":"Champ","ascension_level":12}}