{"host":"kh6fvhxn285ncg0o","time":1614338177,"event":{"mods":["Act Like it!","BaseMod","Colored Map","Friendly Minions","Keyboard Shortcuts","Minty Spire (QoL Compilation)","Quick Restart","Relic Stats","StSLib","SuperFastMode","UnlockEverythingMod"],"gold_per_floor":[110,110,260,260,17,17,50,50,50,50,68,68,88,123,123,123,123],"floor_reached":16,"language":"KOR","playtime":185,"items_purged":["Doubt"],"score":262,"play_id":"a3545b71-3c25-4979-91ca-c555d81dfd27","local_time":"20210226201617","is_ascension_mode":true,"campfire_choices":[{"data":"Bash","floor":6,"key":"SMITH"},{"data":"Second Wind","floor":8,"key":"SMITH"},{"floor":10,"key":"RECALL"},{"data":"Dropkick","floor":15,"key":"SMITH"}],"circlet_count":0,"master_deck":["AscendersBane","Strike_R","Strike_R","Strike_R","Strike_R","Defend_R+1","Defend_R","Defend_R","Defend_R+1","Bash+1","Second Wind+1","Dropkick+1","Power Through"],"relics":["Burning Blood","NeowsBlessing","Happy Flower","Blood Vial","TungstenRod","Potion Belt"],"acts_visited":["Exordium"],"potions_floor_usage":[16],"damage_taken":[{"damage":0,"enemies":"Jaw Worm","floor":1,"turns":1},{"damage":0,"enemies":"3 Sentries","floor":7,"turns":1},{"damage":0,"enemies":"Small Slimes","floor":11,"turns":1},{"damage":0,"enemies":"2 Louse","floor":13,"turns":5},{"damage":44,"enemies":"Gremlin Nob","floor":14,"turns":5},{"damage":48,"enemies":"Hexaghost","floor":16,"turns":11}],"seed_played":"-1111990862874642212","potions_obtained":[{"floor":1,"key":"Regen Potion"},{"floor":13,"key":"Block Potion"}],"is_trial":false,"path_per_floor":["M","?","?","?","$","R","E","R","T","R","M","$","M","E","R","B"],"character_chosen":"IRONCLAD","items_purchased":["Happy Flower"],"campfire_rested":0,"item_purchase_floors":[5],"current_hp_per_floor":[74,67,67,44,44,44,50,50,50,50,58,58,66,30,30,0,0],"gold":123,"neow_bonus":"THREE_ENEMY_KILL","is_daily":false,"chose_seed":false,"campfire_upgraded":3,"win_rate":0.0,"timestamp":1614338177,"path_taken":["M","?","?","?","?","R","E","R","T","R","M","?","?","E","R","BOSS"],"items_purchased_type":["Relic"],"build_version":"2020-12-22","purchased_purges":1,"victory":false,"max_hp_per_floor":[75,75,75,75,75,75,75,75,75,75,75,75,75,75,75,75,75],"relic_stats":{"Blood Vial":8,"Happy Flower":[7],"counters":[6,24],"obtain_stats":[{"Blood Vial":7,"Potion Belt":14,"NeowsBlessing":0,"Happy Flower":5,"Burning Blood":0,"TungstenRod":9},{"Blood Vial":2,"Potion Belt":5,"NeowsBlessing":0,"Happy Flower":1,"Burning Blood":0,"TungstenRod":2},{"Blood Vial":2,"Potion Belt":13,"NeowsBlessing":0,"Happy Flower":1,"Burning Blood":0,"TungstenRod":2}],"Burning Blood":30,"TungstenRod":14},"card_choices":[{"not_picked":["Rupture","Carnage"],"picked":"Second Wind","floor":7},{"not_picked":["Headbutt","Twin Strike"],"picked":"Dropkick","floor":11},{"not_picked":["Clash","Rampage"],"picked":"Power Through","floor":13},{"not_picked":["Bloodletting","Twin Strike","Entrench"],"picked":"SKIP","floor":14}],"player_experience":1560418,"relics_obtained":[{"floor":7,"key":"Blood Vial"},{"floor":9,"key":"TungstenRod"},{"floor":14,"key":"Potion Belt"}],"event_choices":[{"cards_removed":["Strike_R"],"damage_healed":0,"gold_gain":0,"player_choice":"Card Removal","damage_taken":7,"max_hp_gain":0,"max_hp_loss":0,"event_name":"Golden Wing","floor":2,"gold_loss":0},{"damage_healed":0,"gold_gain":150,"player_choice":"AGREE","damage_taken":0,"max_hp_gain":0,"max_hp_loss":0,"event_name":"Liars Game","floor":3,"gold_loss":0,"cards_obtained":["Doubt"]},{"damage_healed":0,"gold_gain":0,"player_choice":"Entered Light","damage_taken":23,"max_hp_gain":0,"max_hp_loss":0,"event_name":"Shining Light","floor":4,"gold_loss":0,"cards_upgraded":["Defend_R","Defend_R"]}],"is_beta":false,"boss_relics":[],"items_purged_floors":[5],"is_endless":false,"potions_floor_spawned":[1,13],"killed_by":"Hexaghost","ascension_level":20}}