{"host":"lwys0gbp6t40j7jh","time":1614335867,"event":{"mods":["BaseMod","Minty Spire (QoL Compilation)","StSLib","SuperFastMode"],"gold_per_floor":[109,109,122,135,146,146,172,192,192,192,192,206,225,259,259,335,335,348,348,14,26,26,26,26,26],"floor_reached":24,"language":"ENG","playtime":639,"items_purged":["Strike_R"],"score":368,"play_id":"3e413641-6b3d-42a4-8ad9-d6aacdff165a","local_time":"20210226113747","is_ascension_mode":true,"campfire_choices":[{"data":"Armaments","floor":6,"key":"SMITH"},{"floor":10,"key":"REST"},{"floor":15,"key":"REST"},{"floor":23,"key":"REST"}],"circlet_count":0,"master_deck":["AscendersBane","Strike_R","Strike_R","Strike_R","Defend_R","Defend_R","Defend_R","Bash","Feed","Disarm+1","Inflame","Whirlwind","Armaments+1","Cleave","Reaper"],"relics":["Burning Blood","Mango","Calipers","StoneCalendar","Empty Cage","Mercury Hourglass"],"acts_visited":["Exordium","TheCity"],"potions_floor_usage":[5,12,14,16,21],"damage_taken":[{"damage":0,"enemies":"2 Louse","floor":1,"turns":4},{"damage":12,"enemies":"Small Slimes","floor":3,"turns":4},{"damage":0,"enemies":"Cultist","floor":4,"turns":4},{"damage":38,"enemies":"Large Slime","floor":5,"turns":8},{"damage":40,"enemies":"Lagavulin","floor":7,"turns":9},{"damage":27,"enemies":"Gremlin Gang","floor":8,"turns":5},{"damage":0,"enemies":"2 Fungi Beasts","floor":12,"turns":2},{"damage":15,"enemies":"Blue Slaver","floor":13,"turns":5},{"damage":7,"enemies":"Gremlin Nob","floor":14,"turns":3},{"damage":56,"enemies":"Hexaghost","floor":16,"turns":15},{"damage":62,"enemies":"Spheric Guardian","floor":18,"turns":7},{"damage":7,"enemies":"Chosen","floor":21,"turns":7},{"damage":77,"enemies":"Slavers","floor":24,"turns":3}],"seed_played":"-6514015273157840939","potions_obtained":[{"floor":3,"key":"SteroidPotion"},{"floor":8,"key":"Fire Potion"},{"floor":12,"key":"AttackPotion"},{"floor":14,"key":"AttackPotion"},{"floor":16,"key":"GamblersBrew"},{"floor":18,"key":"EssenceOfSteel"}],"is_trial":false,"path_per_floor":["M","?","M","M","M","R","E","M","T","R","?","M","M","E","R","B",null,"M","?","$","M","?","R","E"],"character_chosen":"IRONCLAD","items_purchased":["Mercury Hourglass"],"campfire_rested":3,"item_purchase_floors":[20],"current_hp_per_floor":[81,81,75,81,49,49,29,11,11,41,31,37,28,27,57,7,77,21,21,21,24,24,54,0,0],"gold":26,"neow_bonus":"ONE_RANDOM_RARE_CARD","is_daily":false,"chose_seed":false,"campfire_upgraded":1,"win_rate":0.0,"timestamp":1614335867,"path_taken":["M","?","M","M","M","R","E","M","T","R","?","M","M","E","R","BOSS","M","?","$","M","?","R","E"],"items_purchased_type":["Relic"],"build_version":"2020-12-22","purchased_purges":1,"victory":false,"max_hp_per_floor":[83,83,83,83,83,83,97,100,100,100,100,100,100,100,100,100,100,100,100,100,100,100,100,100,100],"card_choices":[{"not_picked":["Twin Strike","Combust"],"picked":"Disarm","floor":1},{"not_picked":["Thunderclap","Perfected Strike"],"picked":"Inflame","floor":3},{"not_picked":["Headbutt","Heavy Blade"],"picked":"Whirlwind","floor":4},{"not_picked":["Clothesline","Flex"],"picked":"Armaments","floor":5},{"not_picked":["Flex","Bloodletting","Battle Trance"],"picked":"SKIP","floor":7},{"not_picked":["Anger","Carnage"],"picked":"Cleave","floor":8},{"not_picked":["Battle Trance","Perfected Strike","Wild Strike"],"picked":"SKIP","floor":12},{"not_picked":["Second Wind","Rage","Seeing Red"],"picked":"SKIP","floor":13},{"not_picked":["Clothesline","Carnage","Feel No Pain"],"picked":"SKIP","floor":14},{"not_picked":["Berserk","Barricade"],"picked":"Reaper","floor":16},{"not_picked":["Perfected Strike","Bloodletting","Body Slam"],"picked":"SKIP","floor":18},{"not_picked":["Pommel Strike","Armaments","Headbutt+1"],"picked":"SKIP","floor":21}],"player_experience":1225435,"relics_obtained":[{"floor":7,"key":"Mango"},{"floor":9,"key":"Calipers"},{"floor":14,"key":"StoneCalendar"}],"event_choices":[{"damage_healed":0,"gold_gain":0,"player_choice":"Grow","damage_taken":0,"max_hp_gain":0,"max_hp_loss":0,"event_name":"Living Wall","floor":2,"gold_loss":0,"cards_upgraded":["Disarm"]},{"damage_healed":0,"gold_gain":0,"player_choice":"Damaged","damage_taken":10,"max_hp_gain":0,"max_hp_loss":0,"event_name":"Wheel of Change","floor":11,"gold_loss":0},{"damage_healed":0,"gold_gain":0,"player_choice":"Ignored","damage_taken":0,"max_hp_gain":0,"max_hp_loss":0,"event_name":"The Mausoleum","floor":19,"gold_loss":0},{"damage_healed":0,"gold_gain":0,"player_choice":"Ignored","damage_taken":0,"max_hp_gain":0,"max_hp_loss":0,"event_name":"N\u0027loth","floor":22,"gold_loss":0}],"is_beta":false,"boss_relics":[{"not_picked":["Runic Dome","Cursed Key"],"picked":"Empty Cage"}],"items_purged_floors":[20],"is_endless":false,"potions_floor_spawned":[3,8,12,14,16,18],"killed_by":"Slavers","ascension_level":13}}