{"host":"ql2ou8pbwhrolc4x","time":1614348219,"event":{"mods":["100% Spire Juice","2.2 Compatiblity","Act Like it!","Arknights","BaseMod","Colored Map","Colored Powertips","Gensokyo","Hallownest","Hubris","Infinite Spire","Lobotomy","LobotomyExtend","Marisa£¨Ùöéë¡¡Øª×âÞÞ£©","Minty Spire (QoL Compilation)","Random Character Button","Replay The Spire","Spicy Shops","StSLib","The Jungle","WarShipGirlsR/??á´Ò³R mod","¡¼?Úª?ø«¡½REMEMod"],"gold_per_floor":[113,113,113,113,113,110,110,120,120,134,28,28,59,69,69,168,168,168,168],"floor_reached":18,"language":"KOR","playtime":809,"items_purged":[],"score":204,"play_id":"9328e480-ad81-4723-ba46-9dbffde253bd","local_time":"20210226230339","is_ascension_mode":true,"campfire_choices":[{"data":"Demon Form","floor":7.0,"key":"SMITH"},{"data":"Moonworks:Ambush","floor":15.0,"key":"SMITH"}],"circlet_count":0,"master_deck":["Moonworks:Strike","Moonworks:Strike","Moonworks:Strike","Moonworks:Strike","Moonworks:Defend","Moonworks:Defend","Moonworks:Defend","Moonworks:Defend","Moonworks:Ambush+1","Moonworks:LongDistanceShot","Demon Form+1","Moonworks:DeployBits","Moonworks:CookingTime","Moonworks:Accelerator","Moonworks:NicePresent","Moonworks:LeapThroughSpace","Moonworks:ReproductionOfRecords","Moonworks:MetallicMonocoque"],"relics":["Moonworks:BrokenBomb","Moonworks:Homemark","REME_ComplimentaryCards","Bird Faced Urn","LetterFromLob","Ring of Peace","ReplayTheSpireMod:Ring of Addiction","Chameleon Ring","hubris:EmptyBottle","Smiling Mask","Mummified Hand","Boot","RedMistMask","Empty Cage"],"acts_visited":["Exordium","Hallownest:Greenpath"],"potions_floor_usage":[],"damage_taken":[{"damage":3.0,"enemies":"Hallownest:monsterHuskWarrior","floor":1.0,"turns":4.0},{"damage":0.0,"enemies":"Hallownest:eliteMossKnight","floor":6.0,"turns":6.0},{"damage":0.0,"enemies":"Hallownest:2_MossCreeps","floor":8.0,"turns":4.0},{"damage":0.0,"enemies":"Hallownest:2_Tiktiks_and_1_Crawlid","floor":10.0,"turns":5.0},{"damage":8.0,"enemies":"Hallownest:1_Baldur_1_Crawlid_1_Warrior","floor":11.0,"turns":6.0},{"damage":11.0,"enemies":"Hallownest:eliteCrystalGuardian","floor":13.0,"turns":5.0},{"damage":0.0,"enemies":"Hallownest:monsterMossCharger","floor":14.0,"turns":3.0},{"damage":48.0,"enemies":"Hallownest:BossHornet","floor":16.0,"turns":10.0}],"seed_played":"6303447139665979128","potions_obtained":[{"floor":1.0,"key":"EntropicBrew"},{"floor":2.0,"key":"Dexterity Potion"},{"floor":2.0,"key":"SteroidPotion"},{"floor":11.0,"key":"Weak Potion"},{"floor":13.0,"key":"CultistPotion"}],"is_trial":false,"path_per_floor":["M","?","?","?","$","E","R","M","T","M","M","$","E","M","R","B",null],"character_chosen":"THE_STARBREAKER","items_purchased":[],"campfire_rested":0,"item_purchase_floors":[],"current_hp_per_floor":[39,39,39,42,42,48,48,53,53,60,55,55,57,61,61,17,61,61,61],"gold":168,"neow_bonus":"ONE_RARE_RELIC","is_daily":false,"chose_seed":false,"campfire_upgraded":2,"win_rate":0.0,"timestamp":1614348219,"path_taken":["M","?","?","?","?","E","R","M","T","M","?","$","E","M","R","BOSS","M"],"items_purchased_type":[],"build_version":"2020-12-22","purchased_purges":0,"victory":false,"max_hp_per_floor":[60,60,60,63,63,61,61,61,61,61,61,61,61,61,61,61,61,61,61],"card_choices":[{"not_picked":["Moonworks:CloudOfSeagulls","Moonworks:Assault"],"picked":"Moonworks:DeployBits","floor":1.0},{"not_picked":["Moonworks:CastOff","Moonworks:Heat300Percent"],"picked":"Moonworks:CookingTime","floor":6.0},{"not_picked":["Moonworks:CastOff","Moonworks:EvilSpyWorkPreparation"],"picked":"Moonworks:Accelerator","floor":8.0},{"not_picked":["Moonworks:Flamethrower","Moonworks:IndiscriminateFireSupport"],"picked":"Moonworks:NicePresent","floor":10.0},{"not_picked":["Moonworks:CloudOfSeagulls","Moonworks:Assault"],"picked":"Moonworks:LulusLuckyEgg","floor":11.0},{"not_picked":["Moonworks:ImOnFire","Moonworks:NicePresent"],"picked":"Moonworks:LeapThroughSpace","floor":13.0},{"not_picked":["Moonworks:FinalSurgery","Moonworks:CloudOfSeagulls"],"picked":"Moonworks:ReproductionOfRecords","floor":14.0},{"not_picked":["Moonworks:Encore","Moonworks:WeAreWaruda"],"picked":"Moonworks:MetallicMonocoque","floor":16.0}],"player_experience":927643,"relics_obtained":[{"floor":1.0,"key":"LetterFromLob"},{"floor":2.0,"key":"Ring of Peace"},{"floor":2.0,"key":"ReplayTheSpireMod:Ring of Addiction"},{"floor":2.0,"key":"Chameleon Ring"},{"floor":2.0,"key":"hubris:EmptyBottle"},{"floor":6.0,"key":"Smiling Mask"},{"floor":9.0,"key":"Mummified Hand"},{"floor":13.0,"key":"Boot"},{"floor":14.0,"key":"RedMistMask"}],"event_choices":[],"is_beta":false,"boss_relics":[{"not_picked":["REME_DemonsWealth","Velvet Choker"],"picked":"Empty Cage"}],"items_purged_floors":[],"is_endless":false,"potions_floor_spawned":[1,11,13],"ascension_level":1}}