{"host":"k9djwzw02bmhn5cl","time":1614356788,"event":{"mods":["AchievementEnabler","BaseMod","Colored Map","Colored Powertips","Highlight Path","Minty Spire (QoL Compilation)","Quick Restart","Rare Cards Sparkle","StSLib"],"gold_per_floor":[111,41,41,41,51,67,42,52,52,66,66,78,78,93,93,188,188,198,217,233,207,219,219,233,259,259,136,136,136,155,254,254,349,349,366,366,366,18,31,31,31,31,31,51,51,67,87,137,137,137],"floor_reached":51,"language":"JPN","playtime":4133,"items_purged":[],"score":686,"play_id":"ee265b1b-72ee-402e-8a78-d63ba52810a6","local_time":"20210227012628","is_ascension_mode":false,"campfire_choices":[{"data":"Bash","floor":11,"key":"SMITH"},{"data":"Infernal Blade","floor":13,"key":"SMITH"},{"data":"Heavy Blade","floor":15,"key":"SMITH"},{"data":"Perfected Strike","floor":23,"key":"SMITH"},{"data":"Perfected Strike","floor":28,"key":"SMITH"},{"data":"Bludgeon","floor":32,"key":"SMITH"},{"data":"Offering","floor":40,"key":"SMITH"},{"data":"Pommel Strike","floor":42,"key":"SMITH"},{"data":"Anger","floor":45,"key":"SMITH"},{"data":"Demon Form","floor":49,"key":"SMITH"}],"circlet_count":0,"master_deck":["Strike_R","Strike_R","Strike_R","Strike_R","Strike_R","Defend_R","Defend_R","Defend_R","Defend_R","Bash+1","Reaper","Shrug It Off","Perfected Strike+1","Second Wind","Anger+1","Infernal Blade+1","Heavy Blade+1","Heavy Blade","Pommel Strike","Bludgeon+1","Pommel Strike+1","Perfected Strike+1","Demon Form+1","Twin Strike","Carnage+1","Flex+1","Twin Strike","Inflame+1","Rage+1","Offering+1","Panache+1","Pommel Strike+1"],"relics":["Burning Blood","HornCleat","Mercury Hourglass","SacredBark","Strawberry","Frozen Egg 2","Cursed Key","Singing Bowl","Prayer Wheel"],"acts_visited":["Exordium","TheCity","TheBeyond"],"potions_floor_usage":[8,8,16,22,24,33,33,46,50],"damage_taken":[{"damage":1,"enemies":"2 Louse","floor":1,"turns":3},{"damage":0,"enemies":"Small Slimes","floor":5,"turns":4},{"damage":0,"enemies":"Cultist","floor":6,"turns":3},{"damage":16,"enemies":"Large Slime","floor":8,"turns":6},{"damage":2,"enemies":"Exordium Thugs","floor":10,"turns":3},{"damage":6,"enemies":"3 Louse","floor":12,"turns":2},{"damage":6,"enemies":"Exordium Wildlife","floor":14,"turns":4},{"damage":2,"enemies":"Slime Boss","floor":16,"turns":6},{"damage":10,"enemies":"Chosen","floor":18,"turns":3},{"damage":20,"enemies":"Spheric Guardian","floor":19,"turns":4},{"damage":20,"enemies":"Chosen and Byrds","floor":20,"turns":4},{"damage":38,"enemies":"Shelled Parasite and Fungi","floor":22,"turns":4},{"damage":19,"enemies":"Centurion and Healer","floor":24,"turns":5},{"damage":21,"enemies":"Slavers","floor":25,"turns":5},{"damage":0,"enemies":"Snake Plant","floor":30,"turns":2},{"damage":73,"enemies":"Collector","floor":33,"turns":9},{"damage":11,"enemies":"Orb Walker","floor":35,"turns":3},{"damage":6,"enemies":"3 Shapes","floor":39,"turns":2},{"damage":8,"enemies":"Spire Growth","floor":44,"turns":3},{"damage":33,"enemies":"4 Shapes","floor":46,"turns":4},{"damage":15,"enemies":"3 Darklings","floor":47,"turns":3},{"damage":14,"enemies":"Mind Bloom Boss Battle","floor":48,"turns":4},{"damage":167,"enemies":"Awakened One","floor":50,"turns":10}],"seed_played":"-3957791326120491011","potions_obtained":[{"floor":5,"key":"EntropicBrew"},{"floor":8,"key":"Dexterity Potion"},{"floor":12,"key":"Block Potion"},{"floor":20,"key":"Explosive Potion"},{"floor":24,"key":"Weak Potion"},{"floor":30,"key":"SteroidPotion"},{"floor":39,"key":"Dexterity Potion"},{"floor":46,"key":"SteroidPotion"}],"is_trial":false,"path_per_floor":["M","$","?","?","M","M","$","M","T","M","R","M","R","M","R","B",null,"M","M","M","$","M","R","M","E","T","$","R","?","M","?","R","B",null,"M","?","?","$","M","R","$","R","T","M","R","M","M","?","R","B",null],"character_chosen":"IRONCLAD","items_purchased":["Feel No Pain","Anger","Twin Strike","BloodPotion","Inflame+1","Singing Bowl","FairyPotion"],"campfire_rested":0,"item_purchase_floors":[2,7,21,27,27,38,38],"current_hp_per_floor":[80,80,68,80,80,80,80,77,77,80,80,80,80,80,80,80,80,76,62,54,54,22,22,43,35,35,35,35,35,41,41,41,8,87,82,82,82,82,84,84,84,84,84,82,82,79,72,79,79,37],"gold":137,"neow_bonus":"ONE_RANDOM_RARE_CARD","is_daily":false,"chose_seed":false,"campfire_upgraded":10,"win_rate":0.0,"timestamp":1614356788,"path_taken":["M","$","?","?","M","M","$","M","T","M","R","?","R","M","R","BOSS","M","M","M","$","M","R","M","E","T","$","R","?","?","?","R","BOSS","M","?","?","$","M","R","?","R","T","M","R","M","?","?","R","BOSS"],"items_purchased_type":["Card","Card","Card","Potion","Card","Relic","Potion"],"build_version":"2020-12-22","purchased_purges":0,"victory":true,"max_hp_per_floor":[80,80,80,80,80,80,80,80,80,80,80,80,80,80,80,80,80,80,80,80,80,80,80,80,87,87,87,87,87,87,87,87,87,87,87,87,87,87,89,89,89,89,89,89,89,91,93,95,95,95],"card_choices":[{"not_picked":["Thunderclap","Headbutt"],"picked":"Shrug It Off","floor":1},{"not_picked":["Feel No Pain","Cleave"],"picked":"Perfected Strike","floor":5},{"not_picked":["Disarm","True Grit"],"picked":"Second Wind","floor":6},{"not_picked":["Flex","Carnage"],"picked":"Infernal Blade","floor":8},{"not_picked":["Body Slam","Dark Embrace"],"picked":"Heavy Blade","floor":10},{"not_picked":["Perfected Strike","Thunderclap"],"picked":"Heavy Blade","floor":12},{"not_picked":["Bludgeon","Anger"],"picked":"Pommel Strike","floor":14},{"not_picked":["Demon Form","Reaper"],"picked":"Bludgeon","floor":16},{"not_picked":["Flex+1","Entrench"],"picked":"Pommel Strike","floor":18},{"not_picked":["Seeing Red","Flex"],"picked":"Perfected Strike","floor":19},{"not_picked":["Body Slam+1","Flame Barrier"],"picked":"Demon Form","floor":20},{"not_picked":["Body Slam","Disarm+1"],"picked":"Carnage+1","floor":22},{"not_picked":["Sever Soul+1","Sword Boomerang"],"picked":"Flex+1","floor":24},{"not_picked":["Sword Boomerang","Feel No Pain"],"picked":"Twin Strike","floor":25},{"not_picked":["Whirlwind","True Grit"],"picked":"Rage+1","floor":30},{"not_picked":["Immolate","Feed"],"picked":"Offering","floor":33},{"not_picked":["Whirlwind","Reckless Charge+1","Hemokinesis+1"],"picked":"SKIP","floor":35},{"not_picked":["Transmutation","Mind Blast"],"picked":"Panache+1","floor":36},{"not_picked":["Heavy Blade","Flame Barrier","Havoc+1"],"picked":"Singing Bowl","floor":39},{"not_picked":["Cleave+1","Havoc"],"picked":"Pommel Strike+1","floor":44},{"not_picked":["Power Through+1","Reckless Charge","Clash+1"],"picked":"Singing Bowl","floor":46},{"not_picked":["Clash","Thunderclap+1","Armaments"],"picked":"Singing Bowl","floor":47},{"not_picked":["Combust+1","Rampage+1","Flame Barrier"],"picked":"Singing Bowl","floor":48}],"player_experience":194468,"relics_obtained":[{"floor":9,"key":"Mercury Hourglass"},{"floor":25,"key":"Strawberry"},{"floor":26,"key":"Frozen Egg 2"},{"floor":48,"key":"Prayer Wheel"}],"event_choices":[{"damage_healed":0,"gold_gain":0,"player_choice":"Success","damage_taken":12,"relics_obtained":["HornCleat"],"max_hp_gain":0,"max_hp_loss":0,"event_name":"Scrap Ooze","floor":3,"gold_loss":0},{"cards_removed":["Feel No Pain"],"damage_healed":12,"gold_gain":0,"player_choice":"Offered Uncommon","damage_taken":0,"max_hp_gain":0,"max_hp_loss":0,"event_name":"Bonfire Elementals","floor":4,"gold_loss":0},{"damage_healed":0,"gold_gain":0,"player_choice":"Leave","damage_taken":0,"max_hp_gain":0,"max_hp_loss":0,"event_name":"FaceTrader","floor":29,"gold_loss":0},{"damage_healed":0,"gold_gain":99,"player_choice":"Stole From Cult","damage_taken":0,"max_hp_gain":0,"max_hp_loss":0,"event_name":"Nest","floor":31,"gold_loss":0},{"damage_healed":0,"gold_gain":0,"player_choice":"Memory 1","damage_taken":0,"max_hp_gain":0,"max_hp_loss":0,"event_name":"SensoryStone","floor":36,"gold_loss":0},{"damage_healed":0,"gold_gain":0,"player_choice":"Ignored","damage_taken":0,"max_hp_gain":0,"max_hp_loss":0,"event_name":"Tomb of Lord Red Mask","floor":37,"gold_loss":0},{"damage_healed":0,"gold_gain":0,"player_choice":"Fight","damage_taken":0,"max_hp_gain":0,"max_hp_loss":0,"event_name":"MindBloom","floor":48,"gold_loss":0}],"is_beta":false,"boss_relics":[{"not_picked":["Runic Cube","SlaversCollar"],"picked":"SacredBark"},{"not_picked":["Snecko Eye","Runic Dome"],"picked":"Cursed Key"}],"items_purged_floors":[],"is_endless":false,"potions_floor_spawned":[5,8,12,20,24,30,39,46,47],"ascension_level":0}}