{"host":"0j14tftqx740pozz","time":1614329002,"event":{"mods":["Act Like it!","BaseMod","Bestiary","Better Altar","Better Match","Better Note","Better Sensory Stone","Better Skull","DeckTracker","Downfall","Gensokyo","Minty Spire (QoL Compilation)","MostiFishMod","Replay The Spire","StSLib","Waifu the Spire"],"gold_per_floor":[116,41,41,56,231,271,271,271,339,339,339,382,282,302,302,428,428,446,446,361,701,720,760,760,796,869,869,902,914,964,995,1007,1138,1150,1183,1195,1207],"floor_reached":38,"language":"ZHS","playtime":884,"items_purged":["Strike_R","Doubt"],"score":657,"play_id":"bb65d152-d299-4b65-b7a8-8111c4eaffbf","local_time":"20210226164322","is_ascension_mode":true,"campfire_choices":[{"data":"Replay:Many Hands","floor":7,"key":"SMITH"},{"data":"Eruption","floor":10,"key":"SMITH"},{"data":"Injury","floor":15,"key":"PURGE"},{"data":"Demon Form","floor":24,"key":"SMITH"},{"data":"Flex","floor":29,"key":"SMITH"},{"floor":32,"key":"REST"}],"circlet_count":0,"master_deck":["Strike_R","Strike_R+1","Strike_R+1","Defend_R+1","Defend_R+1","Defend_R+1","Defend_R+1","Pommel Strike","Flex+1","Replay:Many Hands+1","Eruption+1","Intimidate","Demon Form+1","Shrug It Off+1","ReplayTheSpireMod:Muscle Training+1","Dual Wield","Thunderclap+1","Pot Of Greed","Pot Of Greed","Armaments","MostiFishMod:RacingGame"],"relics":["DaveBox","FeatherPendant","Whetstone","SynthV:TestCard","Golden Idol","Boot","Replay:M_SmolderingBlood","Mercury Hourglass","Replay:Bottled Steam","Magic Flower","RhineCircuit","Pantograph","Gambling Chip","Replay:Wax Seal","Replay:Bottled Eggs","sneckomod:BabySnecko","MawBank","Grinning Jar","Empty Cage"],"acts_visited":["Exordium","TheCity","TheBeyond"],"potions_floor_usage":[30,33,37,37],"damage_taken":[{"damage":0,"enemies":"Small Slimes","floor":1,"turns":2},{"damage":1,"enemies":"Jaw Worm","floor":4,"turns":2},{"damage":8,"enemies":"Lagavulin","floor":6,"turns":6},{"damage":0,"enemies":"3 Sentries","floor":12,"turns":1},{"damage":0,"enemies":"2 Louse","floor":14,"turns":1},{"damage":0,"enemies":"The Guardian","floor":16,"turns":1},{"damage":0,"enemies":"Chosen","floor":18,"turns":2},{"damage":0,"enemies":"3 Byrds","floor":22,"turns":2},{"damage":0,"enemies":"Book of Stabbing","floor":23,"turns":2},{"damage":2,"enemies":"Replay:Snechameleon","floor":25,"turns":2},{"damage":16,"enemies":"Slavers","floor":28,"turns":3},{"damage":2,"enemies":"Replay:Snechameleon","floor":30,"turns":1},{"damage":18,"enemies":"Centurion and Healer","floor":31,"turns":3},{"damage":11,"enemies":"Champ","floor":33,"turns":4},{"damage":20,"enemies":"3 Shapes","floor":35,"turns":2},{"damage":22,"enemies":"Replay:Hell Engine","floor":37,"turns":2}],"seed_played":"-4974766926901401615","potions_obtained":[{"floor":6,"key":"BloodPotion"},{"floor":14,"key":"SneckoOil"},{"floor":25,"key":"Regen Potion"},{"floor":33,"key":"AttackPotion"},{"floor":35,"key":"Swift Potion"}],"is_trial":false,"path_per_floor":["M","$","?","M","?","E","R","?","T","R","T","E","$","M","R","B",null,"M","?","?","?","M","E","R","E","T","?","E","R","E","M","R","B",null,"M","?","B",null],"character_chosen":"IRONCLAD","items_purchased":[],"campfire_rested":1,"item_purchase_floors":[],"current_hp_per_floor":[80,80,80,80,80,78,78,78,78,78,78,78,78,78,78,78,80,80,80,80,55,55,55,55,53,53,53,37,37,35,17,41,68,80,60,60,58],"gold":1219,"neow_bonus":"RANDOM_COMMON_RELIC","is_daily":false,"chose_seed":false,"campfire_upgraded":4,"win_rate":0.0,"timestamp":1614329002,"path_taken":["M","$","?","M","?","E","R","?","T","R","?","E","?","?","R","BOSS","M","?","?","?","?","E","R","E","T","?","E","R","E","M","R","BOSS","M","?","BOSS"],"items_purchased_type":[],"build_version":"2020-12-22","purchased_purges":2,"victory":true,"max_hp_per_floor":[80,80,80,80,80,80,80,80,80,80,80,80,80,80,80,80,80,80,80,80,80,80,80,80,80,80,80,80,80,80,80,80,80,80,80,80,80],"card_choices":[{"not_picked":["Heavy Blade","Perfected Strike"],"picked":"Pommel Strike","floor":1},{"not_picked":["Seeing Red","Cleave","Perfected Strike","Shockwave"],"picked":"Flex","floor":4},{"not_picked":["Cleave","Twin Strike","Thunderclap","ReplayTheSpireMod:Strike From Hell"],"picked":"Replay:Many Hands","floor":6},{"not_picked":["Battle Trance","BowlingBash","Twin Strike","ForeignInfluence"],"picked":"Intimidate","floor":12},{"not_picked":["Combust","Run Through","CrushJoints","Rampage","Sword Boomerang"],"picked":"SKIP","floor":14},{"not_picked":["Impervious","MostiFishMod:KnuckleDown","Demonic Infusion","Fiend Fire"],"picked":"Demon Form","floor":16},{"not_picked":["Armaments","ReplayTheSpireMod:Strike From Hell","Twin Strike","Sword Boomerang+1"],"picked":"Shrug It Off+1","floor":18},{"not_picked":["Pommel Strike","Defy Death","Second Wind+1","Clothesline","Havoc+1"],"picked":"SKIP","floor":22},{"not_picked":["ReplayTheSpireMod:Strike From Hell","Bloodletting","Brutality","Clothesline"],"picked":"ReplayTheSpireMod:Muscle Training+1","floor":23},{"not_picked":["Iron Wave+1","Second Wind","Anger","Shrug It Off+1"],"picked":"Dual Wield","floor":25},{"not_picked":["Feed","Cleave","Sword Boomerang","Shrug It Off"],"picked":"Thunderclap+1","floor":28},{"not_picked":["Shrug It Off","Clothesline","Cleave+1","Whirlwind","Hemokinesis"],"picked":"SKIP","floor":30},{"not_picked":["Heavy Blade","MostiFishMod:OrdinaryWorld","Carnage","Clothesline"],"picked":"Armaments","floor":31},{"not_picked":["Bludgeon","MostiFishMod:NewArrival","Brutality","MostiFishMod:KnuckleDown"],"picked":"MostiFishMod:RacingGame","floor":33},{"not_picked":["Warcry","Havoc+1","ReplayReversal","Flex","Shrug It Off"],"picked":"SKIP","floor":35}],"player_experience":780225,"relics_obtained":[{"floor":1,"key":"SynthV:TestCard"},{"floor":6,"key":"Boot"},{"floor":9,"key":"Mercury Hourglass"},{"floor":11,"key":"Replay:Bottled Steam"},{"floor":12,"key":"Magic Flower"},{"floor":23,"key":"Gambling Chip"},{"floor":25,"key":"Replay:Wax Seal"},{"floor":26,"key":"Replay:Bottled Eggs"},{"floor":28,"key":"MawBank"},{"floor":30,"key":"Grinning Jar"}],"event_choices":[{"damage_healed":0,"gold_gain":0,"player_choice":"Take Wound","damage_taken":0,"relics_obtained":["Golden Idol"],"max_hp_gain":0,"max_hp_loss":0,"event_name":"Golden Idol","floor":3,"gold_loss":0,"cards_obtained":["Injury"]},{"damage_healed":0,"gold_gain":175,"player_choice":"AGREE","damage_taken":0,"max_hp_gain":0,"max_hp_loss":0,"event_name":"Liars Game","floor":5,"gold_loss":0,"cards_obtained":["Doubt"]},{"damage_healed":0,"gold_gain":0,"player_choice":"Ignored","damage_taken":0,"max_hp_gain":0,"max_hp_loss":0,"event_name":"betterNote:BetterNote","floor":19,"gold_loss":0,"cards_obtained":["Eruption"]},{"damage_healed":0,"gold_gain":0,"player_choice":"Obtained Relic","damage_taken":0,"relics_obtained":["Pantograph"],"max_hp_gain":0,"max_hp_loss":0,"event_name":"Addict","floor":20,"gold_loss":85},{"damage_healed":0,"gold_gain":340,"player_choice":"GO GO GO ","damage_taken":28,"relics_obtained":[],"max_hp_gain":0,"max_hp_loss":0,"event_name":"betterSkull:BetterSkull","floor":21,"gold_loss":0,"cards_upgraded":[]},{"damage_healed":0,"gold_gain":0,"player_choice":"Took Portal","damage_taken":0,"max_hp_gain":0,"max_hp_loss":0,"event_name":"SecretPortal","floor":36,"gold_loss":0}],"is_beta":false,"boss_relics":[{"not_picked":["RhineFirstAidKit","ChewingGum"],"picked":"RhineCircuit"},{"not_picked":["Runic Cube","SacredBark"],"picked":"Empty Cage"}],"items_purged_floors":[2,13],"is_endless":false,"potions_floor_spawned":[6,14,25,28,33,35],"ascension_level":1}}