{"host":"0hb9w7uizu7y13wj","time":1614365183,"event":{"mods":["Act Like it!","Aspiration","BaseMod","BetterRewards","Colored Map","Conspire","Downfall","Energized Spire","FTL Soundtrack","Friendly Minions","Halation","Hubris","Infinite Spire","Minty Spire (QoL Compilation)","Quick Restart","Replay The Spire","StSLib","Synergy Search","The Hierophant","The Jungle","The Poker Player","Trackpad","everything is the same but u backflip on backflip"],"gold_per_floor":[117,117,66,66,84,113,124,159,183,183,213,227,227,247,247,325,375,395,36,50,50,50,76,96,96,96,110,139,153,168,183,183,260,260,270,270,287,306,326,356,356,387,387,387,387],"floor_reached":44,"language":"ENG","playtime":1793,"items_purged":[],"score":1564,"play_id":"ed06eef2-5842-4784-94ec-e84d44343f18","local_time":"20210226184623","is_ascension_mode":true,"campfire_choices":[{"floor":10.0,"key":"REST"},{"data":"Bash","floor":15.0,"key":"SMITH"},{"data":"Heavy Blade","floor":32.0,"key":"SMITH"},{"data":"Eclipse","floor":41.0,"key":"SMITH"}],"circlet_count":0,"master_deck":["AscendersBane","Strike_R","Strike_R","Strike_R","Strike_R","Strike_R","Defend_R","Defend_R","Defend_R","Defend_R","Bash+1","Feel No Pain","Replay:Dark Deal+1","infinitespire:OneForAll","Heavy Blade+1","Sword Boomerang","Eclipse+1","Heavy Blade+1","Feel No Pain","Demonic Infusion","ReplayTheSpireMod:Strike From Hell","Cleave","Cleave","Heavy Blade+1","Pot Of Greed","Pot Of Greed","Pot Of Greed","Feel No Pain","Spot Weakness","ReplayTheSpireMod:Limb From Limb","infinitespire:FutureSight","Heavy Blade","Dual Wield","hubris:StunningStrike","ReplayTheSpireMod:LeadingStrike","Disarm+1","Limit Break"],"relics":["Burning Blood","Brimstone","Nunchaku","Bird Faced Urn","aspiration:Lifesprig","infinitespire:ShieldingShard","infinitespire:Lucky Rock","Garlic","infinitespire:Satchel","Tiny House","Membership Card","TungstenRod","hubris:TinFlute","Grinning Jar","MutagenicStrength","Mercury Hourglass","Vajra","Painkiller Herb","King of Hearts","aspiration:FrozenJewel","Eternal Feather"],"acts_visited":["Exordium","TheCity","TheBeyond"],"potions_floor_usage":[],"damage_taken":[{"damage":8.0,"enemies":"Small Slimes","floor":1.0,"turns":3.0},{"damage":10.0,"enemies":"infinitespire:Voidling","floor":5.0,"turns":3.0},{"damage":19.0,"enemies":"3 Sentries","floor":6.0,"turns":5.0},{"damage":0.0,"enemies":"2 Louse","floor":7.0,"turns":3.0},{"damage":16.0,"enemies":"Lagavulin","floor":8.0,"turns":3.0},{"damage":7.0,"enemies":"Gremlin Nob","floor":11.0,"turns":4.0},{"damage":0.0,"enemies":"2 Fungi Beasts","floor":12.0,"turns":3.0},{"damage":1.0,"enemies":"Exordium Wildlife","floor":14.0,"turns":2.0},{"damage":0.0,"enemies":"Slime Boss","floor":16.0,"turns":4.0},{"damage":0.0,"enemies":"Spheric Guardian","floor":18.0,"turns":2.0},{"damage":0.0,"enemies":"conspire:FuzzyDice","floor":20.0,"turns":1.0},{"damage":0.0,"enemies":"Replay:Snechameleon","floor":23.0,"turns":4.0},{"damage":3.0,"enemies":"3 Cultists","floor":24.0,"turns":4.0},{"damage":15.0,"enemies":"Shelled Parasite and Fungi","floor":27.0,"turns":2.0},{"damage":57.0,"enemies":"Nightmare","floor":28.0,"turns":8.0},{"damage":5.0,"enemies":"Snecko","floor":29.0,"turns":3.0},{"damage":0.0,"enemies":"Snake Plant","floor":30.0,"turns":2.0},{"damage":11.0,"enemies":"Centurion and Healer","floor":31.0,"turns":2.0},{"damage":23.0,"enemies":"Champ","floor":33.0,"turns":6.0},{"damage":0.0,"enemies":"Orb Walker","floor":35.0,"turns":2.0},{"damage":17.0,"enemies":"3 Darklings","floor":37.0,"turns":2.0},{"damage":4.0,"enemies":"Spire Growth","floor":38.0,"turns":3.0},{"damage":0.0,"enemies":"Maw","floor":39.0,"turns":5.0},{"damage":11.0,"enemies":"Giant Head","floor":40.0,"turns":5.0},{"damage":55.0,"enemies":"Nightmare","floor":42.0,"turns":7.0}],"seed_played":"-3557350971052017112","potions_obtained":[{"floor":1.0,"key":"champ:CounterPotion"},{"floor":8.0,"key":"Swift Potion"},{"floor":11.0,"key":"Regen Potion"},{"floor":29.0,"key":"SkillPotion"},{"floor":31.0,"key":"bronze:BurnAndBuffPotion"},{"floor":33.0,"key":"Adrenaline Potion"},{"floor":35.0,"key":"BlessingOfTheForge"}],"is_trial":false,"path_per_floor":["M","?","$","?","M","E","M","E","T","R","E","M","?","M","R","B",null,"M","$","M","?","T","E","M","?","T","M","NM","M","M","M","R","B",null,"?","?","?","?","?","E","T","NM","T","T"],"character_chosen":"IRONCLAD","items_purchased":["Feel No Pain","Brimstone","Nunchaku","Replay:Dark Deal","infinitespire:OneForAll","aspiration:Lifesprig","infinitespire:ShieldingShard","Heavy Blade","Membership Card","TungstenRod","Cleave"],"campfire_rested":1,"item_purchase_floors":[0,0,0,0,0,0,0,3,19,19,19],"current_hp_per_floor":[18,18,18,18,34,23,31,23,23,45,46,52,52,57,57,65,78,80,80,80,58,58,70,75,75,75,66,26,39,49,46,46,31,72,78,78,77,85,85,82,82,36,36,57,57],"gold":387,"neow_bonus":"","is_daily":false,"chose_seed":false,"campfire_upgraded":3,"win_rate":0.0,"timestamp":1614365183,"path_taken":["M","?","$","?","M","E","M","E","T","R","E","?","?","M","R","BOSS","M","$","M","?","?","E","M","?","T","M","NM","M","?","M","R","BOSS","?","?","?","?","?","E","T","NM","T","T"],"items_purchased_type":["Card","Relic","Relic","Card","Card","Relic","Relic","Card","Relic","Relic","Card"],"build_version":"2020-12-22","purchased_purges":0,"victory":false,"max_hp_per_floor":[75,75,75,75,75,75,75,75,75,75,75,75,75,75,75,75,80,80,80,80,85,85,85,85,85,85,85,85,85,85,85,85,85,85,85,85,85,85,85,85,85,85,85,85,85],"card_choices":[{"not_picked":["conspire:ExplosiveBarrier","ReplayTheSpireMod:Strike From Hell","Anger"],"picked":"SKIP","floor":1.0},{"not_picked":["ReplayTheSpireMod:Strike From Hell","Clash"],"picked":"Sword Boomerang","floor":5.0},{"not_picked":["Havoc","Warcry","Defy Death"],"picked":"SKIP","floor":6.0},{"not_picked":["Sentinel","Evolve"],"picked":"Eclipse","floor":7.0},{"not_picked":["Brutality","Second Wind","Abandon"],"picked":"SKIP","floor":8.0},{"not_picked":["Pommel Strike","Run Through"],"picked":"Heavy Blade","floor":11.0},{"not_picked":["Seeing Red","hubris:ReadiedAction","True Grit"],"picked":"SKIP","floor":12.0},{"not_picked":["Burning Pact","Replay:Undeath\u0027s Touch"],"picked":"Feel No Pain","floor":14.0},{"not_picked":["Brutality","Hemogenesis"],"picked":"Demonic Infusion","floor":16.0},{"not_picked":["Clash","Run Through"],"picked":"ReplayTheSpireMod:Strike From Hell","floor":17.0},{"not_picked":["Twin Strike","Run Through","Juggernaut"],"picked":"SKIP","floor":18.0},{"not_picked":["Flex","Defy Death"],"picked":"Heavy Blade","floor":20.0},{"not_picked":["Corruption","Cleave"],"picked":"Feel No Pain","floor":23.0},{"not_picked":["ReplayTheSpireMod:Strike From Hell","Hemokinesis"],"picked":"Spot Weakness","floor":24.0},{"not_picked":["Perfected Strike","Sentinel"],"picked":"ReplayTheSpireMod:Limb From Limb","floor":27.0},{"not_picked":["ReplayTheSpireMod:Haul","ReplayTheSpireMod:??????????????????????"],"picked":"infinitespire:FutureSight","floor":28.0},{"not_picked":["Anger","Burning Pact","Warcry"],"picked":"SKIP","floor":28.0},{"not_picked":["hubris:SharpeningStone","Cleave","Warcry"],"picked":"SKIP","floor":29.0},{"not_picked":["True Grit","Body Slam"],"picked":"Heavy Blade","floor":30.0},{"not_picked":["ReplayTheSpireMod:Strike From Hell","Pommel Strike"],"picked":"Dual Wield","floor":31.0},{"not_picked":["Hemogenesis","Impervious"],"picked":"hubris:StunningStrike","floor":33.0},{"not_picked":["Clash","Battle Trance"],"picked":"ReplayTheSpireMod:LeadingStrike","floor":35.0},{"not_picked":["Perfected Strike","Blood for Blood","Anger+1"],"picked":"SKIP","floor":37.0},{"not_picked":["Wild Strike","Clothesline","Battle Trance"],"picked":"SKIP","floor":38.0},{"not_picked":["Infernal Blade+1","Perfected Strike","Carnage"],"picked":"SKIP","floor":39.0},{"not_picked":["Perfected Strike","Cleave+1"],"picked":"Disarm+1","floor":40.0},{"not_picked":["Flex","Shrug It Off"],"picked":"Limit Break","floor":42.0}],"player_experience":997365,"relics_obtained":[{"floor":6.0,"key":"infinitespire:Lucky Rock"},{"floor":8.0,"key":"Garlic"},{"floor":11.0,"key":"infinitespire:Satchel"},{"floor":22.0,"key":"hubris:TinFlute"},{"floor":23.0,"key":"Grinning Jar"},{"floor":26.0,"key":"Mercury Hourglass"},{"floor":28.0,"key":"Vajra"},{"floor":40.0,"key":"King of Hearts"},{"floor":42.0,"key":"aspiration:FrozenJewel"},{"floor":43.0,"key":"Eternal Feather"}],"event_choices":[{"damage_healed":0.0,"max_hp_gain":0.0,"max_hp_loss":0.0,"gold_gain":0.0,"event_name":"Golden Idol","player_choice":"Ignored","floor":2.0,"gold_loss":0.0,"damage_taken":0.0},{"damage_healed":0.0,"max_hp_gain":0.0,"max_hp_loss":0.0,"gold_gain":0.0,"event_name":"Accursed Blacksmith","player_choice":"Forge","floor":4.0,"gold_loss":0.0,"damage_taken":0.0,"cards_upgraded":["Heavy Blade"]},{"damage_healed":0.0,"max_hp_gain":5.0,"max_hp_loss":0.0,"gold_gain":0.0,"event_name":"Forgotten Altar","player_choice":"Shed Blood","floor":21.0,"gold_loss":0.0,"damage_taken":28.0},{"damage_healed":0.0,"max_hp_gain":0.0,"max_hp_loss":0.0,"gold_gain":0.0,"event_name":"Drug Dealer","player_choice":"Inject Mutagens","floor":25.0,"gold_loss":0.0,"damage_taken":0.0,"relics_obtained":["MutagenicStrength"]},{"damage_healed":0.0,"max_hp_gain":0.0,"max_hp_loss":0.0,"gold_gain":0.0,"event_name":"Transmorgrifier","player_choice":"Ignored","floor":36.0,"gold_loss":0.0,"damage_taken":0.0}],"is_beta":false,"boss_relics":[{"not_picked":["energizedSpire:OgreHead","Astrolabe"],"picked":"Tiny House"},{"not_picked":["Black Star","conspire:SeveredTorchhead"],"picked":"Painkiller Herb"}],"items_purged_floors":[],"is_endless":false,"potions_floor_spawned":[1,8,11,14,16,18,20,29,31,33,35,39,42],"ascension_level":20}}