{"host":"sc8gyep369e97udg","time":1614299046,"event":{"mods":["BaseMod","Bestiary","Minty Spire (QoL Compilation)","Relic Stats"],"gold_per_floor":[113,113,124,134,192,220,220,220,220,235,253,32,32,59,59,155,155,170,170,187,201,126,152,152,172,172,206,206,206,221,232,232,334,334,347,358,373,373,385,385,385,385],"floor_reached":41,"language":"ENG","playtime":2875,"items_purged":["Strike_B"],"score":512,"play_id":"4647c895-9c72-452d-a69c-b3ae51383a9b","local_time":"20210225192406","is_ascension_mode":true,"campfire_choices":[{"data":"Loop","floor":8,"key":"SMITH"},{"data":"White Noise","floor":13,"key":"SMITH"},{"data":"Tempest","floor":15,"key":"SMITH"},{"floor":24,"key":"REST"},{"floor":29,"key":"REST"},{"floor":32,"key":"REST"},{"floor":40,"key":"RECALL"}],"circlet_count":0,"master_deck":["Strike_B","Defend_B","Defend_B","Defend_B","Defend_B","Zap","Dualcast","Lockon","Streamline","Loop+1","Tempest+1","White Noise+1","Glacier","Cold Snap","Electrodynamics","Biased Cognition","Double Energy","Capacitor","Ball Lightning+1","Loop","Ball Lightning+1","Coolheaded+1","FTL","Biased Cognition","BootSequence+1","Conserve Battery+1","Cold Snap+1","Compile Driver","Amplify"],"relics":["Cracked Core","Ornamental Fan","The Courier","OrangePellets","Incense Burner","SlaversCollar","Bottled Flame","Bottled Tornado","Art of War","Philosopher\u0027s Stone"],"acts_visited":["Exordium","TheCity","TheBeyond"],"potions_floor_usage":[6,14,23,23,23,25,27,33,39,39,41],"damage_taken":[{"damage":2,"enemies":"Jaw Worm","floor":1,"turns":3},{"damage":0,"enemies":"Cultist","floor":3,"turns":3},{"damage":0,"enemies":"Small Slimes","floor":4,"turns":2},{"damage":21,"enemies":"3 Sentries","floor":6,"turns":8},{"damage":0,"enemies":"2 Fungi Beasts","floor":10,"turns":3},{"damage":11,"enemies":"Blue Slaver","floor":11,"turns":3},{"damage":4,"enemies":"Lagavulin","floor":14,"turns":7},{"damage":33,"enemies":"Hexaghost","floor":16,"turns":11},{"damage":0,"enemies":"3 Byrds","floor":18,"turns":3},{"damage":22,"enemies":"2 Thieves","floor":20,"turns":2},{"damage":0,"enemies":"Chosen and Byrds","floor":21,"turns":3},{"damage":22,"enemies":"Gremlin Leader","floor":23,"turns":6},{"damage":25,"enemies":"Sentry and Sphere","floor":25,"turns":5},{"damage":10,"enemies":"Slavers","floor":27,"turns":3},{"damage":0,"enemies":"3 Cultists","floor":30,"turns":2},{"damage":3,"enemies":"Snake Plant","floor":31,"turns":3},{"damage":8,"enemies":"Automaton","floor":33,"turns":6},{"damage":7,"enemies":"3 Shapes","floor":35,"turns":3},{"damage":0,"enemies":"Orb Walker","floor":36,"turns":3},{"damage":16,"enemies":"3 Darklings","floor":37,"turns":4},{"damage":1,"enemies":"4 Shapes","floor":39,"turns":6},{"damage":76,"enemies":"Reptomancer","floor":41,"turns":3}],"seed_played":"-2844219898946175888","potions_obtained":[{"floor":3,"key":"AttackPotion"},{"floor":10,"key":"Energy Potion"},{"floor":11,"key":"AttackPotion"},{"floor":16,"key":"EntropicBrew"},{"floor":21,"key":"Fire Potion"},{"floor":23,"key":"BlessingOfTheForge"},{"floor":31,"key":"GamblersBrew"},{"floor":33,"key":"Energy Potion"},{"floor":35,"key":"FearPotion"},{"floor":37,"key":"SkillPotion"}],"is_trial":false,"path_per_floor":["M","?","M","M","?","E","?","R","T","M","M","$","R","E","R","B",null,"M","?","M","M","?","E","R","M","T","E","?","R","M","M","R","B",null,"M","M","M","?","M","R","E"],"character_chosen":"DEFECT","items_purchased":["OrangePellets","Cold Snap"],"campfire_rested":3,"item_purchase_floors":[12,12],"current_hp_per_floor":[80,80,80,80,80,59,82,82,82,82,71,71,71,67,67,34,82,82,82,60,60,60,38,62,37,37,27,11,37,37,34,60,52,87,80,80,64,64,63,63,0,0],"gold":385,"neow_bonus":"TEN_PERCENT_HP_BONUS","is_daily":false,"chose_seed":false,"campfire_upgraded":3,"win_rate":0.0,"timestamp":1614299046,"path_taken":["M","?","M","?","?","E","?","R","T","M","M","?","R","E","R","BOSS","M","?","M","M","?","E","R","M","T","E","?","R","M","M","R","BOSS","M","M","M","?","?","R","E"],"items_purchased_type":["Relic","Card"],"build_version":"2020-12-22","purchased_purges":1,"victory":false,"max_hp_per_floor":[82,82,82,82,82,82,82,82,82,82,82,82,82,82,82,82,82,82,82,82,82,82,82,82,82,82,82,87,87,87,87,87,87,87,87,87,87,87,87,87,87,87],"relic_stats":{"OrangePellets":[16],"counters":[22,92],"Ornamental Fan":[32],"Art of War":[1],"obtain_stats":[{"OrangePellets":12,"SlaversCollar":17,"Bottled Flame":23,"Ornamental Fan":6,"Philosopher\u0027s Stone":34,"The Courier":9,"Incense Burner":14,"Art of War":27,"Bottled Tornado":26,"Cracked Core":0},{"OrangePellets":6,"SlaversCollar":8,"Bottled Flame":12,"Ornamental Fan":4,"Philosopher\u0027s Stone":17,"The Courier":4,"Incense Burner":7,"Art of War":14,"Bottled Tornado":13,"Cracked Core":0},{"OrangePellets":22,"SlaversCollar":40,"Bottled Flame":54,"Ornamental Fan":16,"Philosopher\u0027s Stone":73,"The Courier":16,"Incense Burner":29,"Art of War":62,"Bottled Tornado":59,"Cracked Core":0}]},"card_choices":[{"not_picked":["Compile Driver","Turbo"],"picked":"Lockon","floor":1},{"not_picked":["Undo","Leap"],"picked":"Streamline","floor":3},{"not_picked":["Recycle","Capacitor"],"picked":"Loop","floor":4},{"not_picked":["Doom and Gloom","Rebound"],"picked":"Tempest","floor":6},{"not_picked":["Stack","Rebound"],"picked":"White Noise","floor":10},{"not_picked":["Rebound","Sunder"],"picked":"Glacier","floor":11},{"not_picked":["Heatsinks","Auto Shields"],"picked":"Electrodynamics","floor":14},{"not_picked":["Creative AI","Thunder Strike"],"picked":"Biased Cognition","floor":16},{"not_picked":["Scrape","Streamline"],"picked":"Double Energy","floor":18},{"not_picked":["Ball Lightning","Cold Snap"],"picked":"Capacitor","floor":20},{"not_picked":["Streamline","Steam"],"picked":"Ball Lightning+1","floor":21},{"not_picked":["Stack","Reprogram+1"],"picked":"Loop","floor":23},{"not_picked":["Rebound","Steam+1"],"picked":"Ball Lightning+1","floor":25},{"not_picked":["Hello World","Core Surge","Fission"],"picked":"SKIP","floor":27},{"not_picked":["Go for the Eyes+1","Auto Shields+1"],"picked":"Coolheaded+1","floor":30},{"not_picked":["Loop","Rebound"],"picked":"FTL","floor":31},{"not_picked":["Hyperbeam","Meteor Strike"],"picked":"Biased Cognition","floor":33},{"not_picked":["Ball Lightning+1","Compile Driver+1"],"picked":"BootSequence+1","floor":35},{"not_picked":["Go for the Eyes","Multi-Cast"],"picked":"Conserve Battery+1","floor":36},{"not_picked":["Glacier","Leap+1"],"picked":"Cold Snap+1","floor":37},{"not_picked":["Steam","Stack","Coolheaded"],"picked":"SKIP","floor":39}],"player_experience":118166,"relics_obtained":[{"floor":6,"key":"Ornamental Fan"},{"floor":9,"key":"The Courier"},{"floor":14,"key":"Incense Burner"},{"floor":23,"key":"Bottled Flame"},{"floor":26,"key":"Bottled Tornado"},{"floor":27,"key":"Art of War"}],"event_choices":[{"cards_removed":["Strike_B"],"damage_healed":0,"gold_gain":0,"player_choice":"Offered Basic","damage_taken":0,"max_hp_gain":0,"max_hp_loss":0,"event_name":"Bonfire Elementals","floor":2,"gold_loss":0},{"damage_healed":0,"gold_gain":58,"player_choice":"Gained Gold","damage_taken":0,"max_hp_gain":0,"max_hp_loss":0,"event_name":"Golden Wing","floor":5,"gold_loss":0},{"damage_healed":27,"gold_gain":0,"player_choice":"Banana","damage_taken":0,"max_hp_gain":0,"max_hp_loss":0,"event_name":"Big Fish","floor":7,"gold_loss":0},{"damage_healed":0,"gold_gain":0,"player_choice":"Ignored","damage_taken":0,"max_hp_gain":0,"max_hp_loss":0,"event_name":"Ghosts","floor":19,"gold_loss":0},{"cards_removed":["Strike_B"],"damage_healed":0,"gold_gain":0,"player_choice":"Gave Gold","damage_taken":0,"max_hp_gain":0,"max_hp_loss":0,"event_name":"Beggar","floor":22,"gold_loss":75},{"damage_healed":0,"gold_gain":0,"player_choice":"Shed Blood","damage_taken":21,"max_hp_gain":5,"max_hp_loss":0,"event_name":"Forgotten Altar","floor":28,"gold_loss":0},{"damage_healed":0,"gold_gain":0,"player_choice":"2 cards matched","damage_taken":0,"max_hp_gain":0,"max_hp_loss":0,"event_name":"Match and Keep!","floor":38,"gold_loss":0,"cards_obtained":["Compile Driver","Amplify"]}],"is_beta":false,"boss_relics":[{"not_picked":["Black Star","Runic Pyramid"],"picked":"SlaversCollar"},{"not_picked":["Cursed Key","SacredBark"],"picked":"Philosopher\u0027s Stone"}],"items_purged_floors":[12],"is_endless":false,"potions_floor_spawned":[3,10,11,16,21,23,31,33,35,37],"killed_by":"Reptomancer","ascension_level":3}}