{"host":"338bkdl2yirdp2ct","time":1614373568,"event":{"mods":["AchievementEnabler","BaseMod","Colored Powertips","Highlight Path","Minty Spire (QoL Compilation)","Quick Restart","Relic Sorter","Unceasing Turn Reminder","slay the spire mod where everything is the same but ironclad has a cowboy hat"],"gold_per_floor":[116,134,409,69,83,83,27,45,45,57,57,57,87,105,105,179,179,193,206,206,206,206,223,186,186,186,197,197,228,228,244,244,323,323,342,360,19,19,87,122,0,31,31,31,65,82,13,30,30,30,30],"floor_reached":52,"language":"ENG","playtime":1605,"items_purged":[],"score":2420,"play_id":"8732a52b-f506-4f88-8c8b-aae9f027c165","local_time":"20210226130608","daily_mods":["Draft","Hoarder","Diverse","Heirloom","Cursed Run"],"is_ascension_mode":true,"campfire_choices":[{"data":"Machine Learning","floor":6,"key":"SMITH"},{"floor":15,"key":"REST"},{"data":"Rupture","floor":30,"key":"SMITH"},{"data":"Rupture","floor":32,"key":"SMITH"},{"floor":49,"key":"REST"}],"circlet_count":0,"master_deck":["AscendersBane","Sweeping Beam","Sweeping Beam","Sweeping Beam","Cloak And Dagger","Cloak And Dagger","Cloak And Dagger","Blade Dance","Blade Dance","Blade Dance","SashWhip","SashWhip","SashWhip","Melter","Melter","Melter","Steam","Steam","Steam","Dagger Throw","Dagger Throw","Dagger Throw","Prepared","Prepared","Prepared","Sweeping Beam","Sweeping Beam","Sweeping Beam","Wild Strike","Wild Strike","Wild Strike","Infinite Blades","Infinite Blades","Infinite Blades","Coolheaded","Coolheaded","Coolheaded","Hologram","Hologram","Hologram","Sweeping Beam","Sweeping Beam","Sweeping Beam","Shrug It Off","Shrug It Off","Shrug It Off","Regret","Regret","Regret","Machine Learning","Machine Learning+1","Regret","Regret","Regret","Regret","Regret","Regret","Infernal Blade+1","Infernal Blade+1","Infernal Blade+1","Doubt","Doubt","Doubt","Reaper","Reaper","Reaper","Armaments+1","Armaments+1","Armaments+1","Decay","Decay","Decay","Reprogram+1","Reprogram+1","Reprogram+1","Decay","Decay","Decay","Rupture+1","Rupture+1","Rupture","Shame","Shame","Shame","Shame","Shame","Shame","Pain","Pain","Pain","Feed","Feed","Feed","Writhe","Writhe","Writhe","Normality","Normality","Normality","Havoc+1","Havoc+1","Havoc+1","Doubt","Doubt","Doubt","Decay","Decay","Decay","Doubt","Doubt","Doubt"],"relics":["Cursed Key","Darkstone Periapt","Du-Vu Doll","CaptainsWheel","OrangePellets","Regal Pillow","Toxic Egg 2","Sundial","Mercury Hourglass","Dead Branch","Calling Bell","Akabeko","Matryoshka","Mango","Tiny Chest","Frozen Egg 2","MealTicket","Pantograph","Busted Crown","Membership Card","TungstenRod","Anchor","Molten Egg 2","Boot","Red Mask","White Beast Statue","The Courier","Centennial Puzzle","ClockworkSouvenir"],"acts_visited":["Exordium","TheCity","TheBeyond"],"potions_floor_usage":[16,23,33,42,46,46,50,51],"damage_taken":[{"damage":0,"enemies":"Cultist","floor":1,"turns":2},{"damage":0,"enemies":"2 Louse","floor":2,"turns":2},{"damage":0,"enemies":"Jaw Worm","floor":5,"turns":1},{"damage":0,"enemies":"3 Louse","floor":8,"turns":2},{"damage":15,"enemies":"Blue Slaver","floor":10,"turns":2},{"damage":0,"enemies":"Lagavulin","floor":13,"turns":2},{"damage":0,"enemies":"Large Slime","floor":14,"turns":1},{"damage":41,"enemies":"Hexaghost","floor":16,"turns":5},{"damage":0,"enemies":"Chosen","floor":18,"turns":2},{"damage":0,"enemies":"Spheric Guardian","floor":19,"turns":2},{"damage":4,"enemies":"Snake Plant","floor":23,"turns":2},{"damage":0,"enemies":"Sentry and Sphere","floor":27,"turns":1},{"damage":0,"enemies":"Slavers","floor":29,"turns":1},{"damage":2,"enemies":"Chosen and Byrds","floor":31,"turns":2},{"damage":50,"enemies":"Automaton","floor":33,"turns":5},{"damage":1,"enemies":"3 Darklings","floor":35,"turns":2},{"damage":0,"enemies":"Orb Walker","floor":36,"turns":1},{"damage":36,"enemies":"Giant Head","floor":40,"turns":5},{"damage":26,"enemies":"Reptomancer","floor":42,"turns":3},{"damage":59,"enemies":"Nemesis","floor":45,"turns":5},{"damage":19,"enemies":"Transient","floor":46,"turns":5},{"damage":2,"enemies":"Maw","floor":48,"turns":4},{"damage":59,"enemies":"Time Eater","floor":50,"turns":5},{"damage":57,"enemies":"Donu and Deca","floor":51,"turns":5}],"seed_played":"-4281802920063383049","potions_obtained":[{"floor":5,"key":"PowerPotion"},{"floor":18,"key":"Explosive Potion"},{"floor":23,"key":"SpeedPotion"},{"floor":33,"key":"Weak Potion"},{"floor":42,"key":"DistilledChaos"},{"floor":45,"key":"CunningPotion"},{"floor":46,"key":"Regen Potion"},{"floor":48,"key":"Weak Potion"}],"is_trial":true,"path_per_floor":["M","M","?","$","M","R","$","M","T","M","?","?","E","M","R","B",null,"M","M","?","?","?","M","$","?","T","M","?","E","R","M","R","B",null,"M","M","$","?","T","E","?","E","T","?","E","M","$","M","R","B","B",null],"character_chosen":"THE_SILENT","items_purchased":["OrangePellets","Regal Pillow","PowerPotion","Rupture","Membership Card","TungstenRod","ClockworkSouvenir"],"campfire_rested":2,"item_purchase_floors":[4,4,7,24,37,37,47],"current_hp_per_floor":[59,59,77,77,77,77,77,77,95,80,62,80,80,80,120,97,142,142,142,160,160,178,174,174,192,210,210,234,234,234,232,232,210,242,244,244,255,273,291,255,255,229,247,247,188,172,187,185,293,301,302],"gold":30,"neow_bonus":"","is_daily":false,"chose_seed":false,"campfire_upgraded":3,"win_rate":0.0,"timestamp":1614373568,"path_taken":["M","?","?","$","?","R","$","M","T","M","?","?","E","M","R","BOSS","M","M","?","?","?","?","$","?","T","M","?","E","R","M","R","BOSS","M","?","$","?","?","E","?","E","T","?","E","M","?","M","R","BOSS","BOSS"],"items_purchased_type":["Relic","Relic","Potion","Card","Relic","Relic","Relic"],"build_version":"2020-12-22","purchased_purges":0,"victory":true,"max_hp_per_floor":[66,66,84,84,84,84,84,84,102,102,102,120,120,120,120,138,152,152,152,170,170,188,188,188,206,224,224,234,234,234,234,234,252,252,255,255,255,273,291,291,291,291,309,309,309,312,312,312,312,330,351],"card_choices":[{"not_picked":["Quick Slash","Ball Lightning"],"picked":"Sweeping Beam","floor":0},{"not_picked":["Quick Slash","Go for the Eyes"],"picked":"Cloak And Dagger","floor":0},{"not_picked":["Redo","MentalFortress"],"picked":"Blade Dance","floor":0},{"not_picked":["Whirlwind","Turbo"],"picked":"SashWhip","floor":0},{"not_picked":["Worship","Compile Driver"],"picked":"Melter","floor":0},{"not_picked":["Protect","Deflect"],"picked":"Steam","floor":0},{"not_picked":["Leap","Reinforced Body"],"picked":"Dagger Throw","floor":0},{"not_picked":["Twin Strike","Heavy Blade"],"picked":"Prepared","floor":0},{"not_picked":["FlurryOfBlows","Quick Slash"],"picked":"Sweeping Beam","floor":0},{"not_picked":["BowlingBash","Halt"],"picked":"Wild Strike","floor":0},{"not_picked":["Force Field","Hemokinesis"],"picked":"Infinite Blades","floor":0},{"not_picked":["Ball Lightning","FearNoEvil"],"picked":"Coolheaded","floor":0},{"not_picked":["Dagger Spray","CrushJoints"],"picked":"Hologram","floor":0},{"not_picked":["Backflip","Evaluate"],"picked":"Sweeping Beam","floor":0},{"not_picked":["Tantrum","Hemokinesis"],"picked":"Shrug It Off","floor":0},{"not_picked":["Flying Knee","Poisoned Stab","Underhanded Strike"],"picked":"SKIP","floor":1},{"not_picked":["Anger","FTL","Feel No Pain"],"picked":"SKIP","floor":2},{"not_picked":["EmptyBody","FlurryOfBlows"],"picked":"Machine Learning","floor":5},{"not_picked":["Sunder","Prostrate","Dual Wield"],"picked":"SKIP","floor":8},{"not_picked":["Sentinel+1","InnerPeace+1","Heatsinks"],"picked":"SKIP","floor":10},{"not_picked":["Pummel","WheelKick"],"picked":"Infernal Blade+1","floor":13},{"not_picked":["Conserve Battery+1","ClearTheMind+1","Sanctity+1"],"picked":"SKIP","floor":14},{"not_picked":["Immolate","Die Die Die"],"picked":"Reaper","floor":16},{"not_picked":["Endless Agony","SashWhip"],"picked":"Armaments+1","floor":18},{"not_picked":["WaveOfTheHand+1","Entrench+1","Compile Driver"],"picked":"SKIP","floor":19},{"not_picked":["Weave","SandsOfTime","Quick Slash"],"picked":"SKIP","floor":23},{"not_picked":["WaveOfTheHand+1","Doom and Gloom","WreathOfFlame+1"],"picked":"SKIP","floor":27},{"not_picked":["Clothesline","Unload","PiercingWail+1"],"picked":"SKIP","floor":29},{"not_picked":["Prostrate+1","Consecrate","Wild Strike"],"picked":"SKIP","floor":31},{"not_picked":["Machine Learning+1","Corruption+1"],"picked":"Feed","floor":33},{"not_picked":["Anger"],"picked":"SKIP","floor":35},{"not_picked":["Stack+1"],"picked":"SKIP","floor":36},{"not_picked":["Conserve Battery+1"],"picked":"SKIP","floor":40},{"not_picked":[],"picked":"Havoc+1","floor":42},{"not_picked":["Clothesline+1"],"picked":"SKIP","floor":45},{"not_picked":["Protect+1"],"picked":"SKIP","floor":46},{"not_picked":["Bane+1"],"picked":"SKIP","floor":48}],"player_experience":1267476,"relics_obtained":[{"floor":9,"key":"Toxic Egg 2"},{"floor":13,"key":"Dead Branch"},{"floor":17,"key":"Akabeko"},{"floor":17,"key":"Matryoshka"},{"floor":17,"key":"Mango"},{"floor":26,"key":"Frozen Egg 2"},{"floor":26,"key":"MealTicket"},{"floor":29,"key":"Pantograph"},{"floor":39,"key":"Anchor"},{"floor":39,"key":"Molten Egg 2"},{"floor":40,"key":"Boot"},{"floor":42,"key":"White Beast Statue"},{"floor":43,"key":"The Courier"},{"floor":45,"key":"Centennial Puzzle"}],"event_choices":[{"damage_healed":0,"gold_gain":275,"player_choice":"Desecrate","damage_taken":0,"max_hp_gain":0,"max_hp_loss":0,"event_name":"Golden Shrine","floor":3,"gold_loss":0,"cards_obtained":["Regret"]},{"damage_healed":0,"gold_gain":0,"player_choice":"Success","damage_taken":18,"relics_obtained":["Sundial"],"max_hp_gain":0,"max_hp_loss":0,"event_name":"Scrap Ooze","floor":11,"gold_loss":0},{"damage_healed":0,"gold_gain":0,"player_choice":"Box","damage_taken":0,"relics_obtained":["Mercury Hourglass"],"max_hp_gain":0,"max_hp_loss":0,"event_name":"Big Fish","floor":12,"gold_loss":0,"cards_obtained":["Regret"]},{"damage_healed":0,"gold_gain":0,"player_choice":"Smashed Altar","damage_taken":0,"max_hp_gain":0,"max_hp_loss":0,"event_name":"Forgotten Altar","floor":20,"gold_loss":0,"cards_obtained":["Decay"]},{"damage_healed":0,"gold_gain":0,"player_choice":"Read","damage_taken":0,"max_hp_gain":0,"max_hp_loss":0,"event_name":"The Library","floor":21,"gold_loss":0,"cards_obtained":["Reprogram"]},{"damage_healed":0,"gold_gain":0,"player_choice":"Copied","damage_taken":0,"max_hp_gain":0,"max_hp_loss":0,"event_name":"Duplicator","floor":22,"gold_loss":0,"cards_obtained":["Decay"]},{"damage_healed":0,"gold_gain":0,"player_choice":"Stole Relic","damage_taken":0,"relics_obtained":["Tiny Chest"],"max_hp_gain":0,"max_hp_loss":0,"event_name":"Addict","floor":25,"gold_loss":0,"cards_obtained":["Shame"]},{"cards_removed":["Machine Learning"],"damage_healed":14,"gold_gain":0,"player_choice":"Offered Rare","damage_taken":0,"max_hp_gain":10,"max_hp_loss":0,"event_name":"Bonfire Elementals","floor":28,"gold_loss":0},{"damage_healed":51,"gold_gain":0,"player_choice":"Writhe","damage_taken":0,"max_hp_gain":0,"max_hp_loss":0,"event_name":"Winding Halls","floor":38,"gold_loss":0,"cards_obtained":["Writhe"]},{"damage_healed":0,"gold_gain":0,"player_choice":"Paid","damage_taken":0,"relics_obtained":["Red Mask"],"max_hp_gain":0,"max_hp_loss":0,"event_name":"Tomb of Lord Red Mask","floor":41,"gold_loss":122},{"damage_healed":0,"gold_gain":0,"player_choice":"Memory 1","damage_taken":0,"max_hp_gain":0,"max_hp_loss":0,"event_name":"SensoryStone","floor":44,"gold_loss":0}],"is_beta":false,"boss_relics":[{"not_picked":["Runic Dome","Black Star"],"picked":"Calling Bell"},{"not_picked":["Runic Pyramid","Astrolabe"],"picked":"Busted Crown"}],"items_purged_floors":[],"is_endless":false,"potions_floor_spawned":[5,8,14,18,23,33,36,42,45,46,48],"ascension_level":20}}