{"host":"dyzdf8svqmiivg97","time":1614337219,"event":{"mods":["AchievementEnabler","BaseMod","Colored Map","DeckTracker","Minty Spire (QoL Compilation)","Quick Restart","Rare Cards Sparkle","SuperFastMode"],"gold_per_floor":[114,114,1,12,22,22,40,65,65,65,65,97,197,212,212,285,285,285,285,285],"floor_reached":19,"language":"KOR","playtime":335,"items_purged":[],"score":374,"play_id":"bccc90cd-0180-475c-88c8-c320385cdca0","local_time":"20210226200019","is_ascension_mode":true,"campfire_choices":[{"data":"Eruption","floor":6,"key":"SMITH"},{"data":"WheelKick","floor":10,"key":"SMITH"},{"data":"Adaptation","floor":15,"key":"SMITH"}],"circlet_count":0,"master_deck":["AscendersBane","Strike_P","Strike_P","Strike_P","Strike_P","Defend_P","Defend_P","Defend_P","Defend_P","Eruption+1","Vigilance","WheelKick+1","MentalFortress","Tantrum","FearNoEvil","Scrawl","Adaptation+1","DeusExMachina","MentalFortress"],"relics":["PureWater","NeowsBlessing","Tiny Chest","Bronze Scales","The Courier","Ectoplasm"],"acts_visited":["Exordium","TheCity"],"potions_floor_usage":[8,12,18],"damage_taken":[{"damage":0,"enemies":"2 Louse","floor":1,"turns":2},{"damage":0,"enemies":"Cultist","floor":4,"turns":1},{"damage":0,"enemies":"Jaw Worm","floor":5,"turns":1},{"damage":0,"enemies":"3 Louse","floor":7,"turns":2},{"damage":16,"enemies":"Lagavulin","floor":8,"turns":3},{"damage":0,"enemies":"Gremlin Nob","floor":12,"turns":2},{"damage":1,"enemies":"Gremlin Gang","floor":14,"turns":3},{"damage":57,"enemies":"The Guardian","floor":16,"turns":9},{"damage":13,"enemies":"Shell Parasite","floor":18,"turns":2},{"damage":44,"enemies":"Chosen","floor":19,"turns":3}],"seed_played":"6522953931850651333","potions_obtained":[{"floor":2,"key":"AttackPotion"},{"floor":2,"key":"BottledMiracle"},{"floor":8,"key":"Energy Potion"},{"floor":12,"key":"Swift Potion"}],"is_trial":false,"path_per_floor":["M","?","$","M","M","R","M","E","T","R","?","E","?","M","R","B",null,"M","M"],"character_chosen":"WATCHER","items_purchased":["MentalFortress","Tantrum"],"campfire_rested":0,"item_purchase_floors":[3,3],"current_hp_per_floor":[61,61,61,61,61,61,61,45,45,45,67,67,67,66,66,9,53,40,0,0],"gold":285,"neow_bonus":"THREE_ENEMY_KILL","is_daily":false,"chose_seed":false,"campfire_upgraded":3,"win_rate":0.0,"timestamp":1614337219,"path_taken":["M","?","$","?","M","R","M","E","T","R","?","E","?","M","R","BOSS","M","M"],"items_purchased_type":["Card","Card"],"build_version":"2020-12-22","purchased_purges":0,"victory":false,"max_hp_per_floor":[68,68,68,68,68,68,68,68,68,68,68,68,68,68,68,68,68,68,68,68],"card_choices":[{"not_picked":["Protect","Evaluate"],"picked":"WheelKick","floor":1},{"not_picked":["Pray","EmptyBody","ClearTheMind"],"picked":"SKIP","floor":4},{"not_picked":["Consecrate","FollowUp"],"picked":"FearNoEvil","floor":5},{"not_picked":["Conclude","ReachHeaven","Study"],"picked":"SKIP","floor":7},{"not_picked":["Conclude","ReachHeaven","Study"],"picked":"SKIP","floor":7},{"not_picked":["Conclude","ReachHeaven","Study"],"picked":"SKIP","floor":7},{"not_picked":["Worship","EmptyBody"],"picked":"Scrawl","floor":8},{"not_picked":["WheelKick","Study","Perseverance"],"picked":"SKIP","floor":12},{"not_picked":["EmptyBody","ClearTheMind"],"picked":"Adaptation","floor":14},{"not_picked":["MasterReality","Brilliance"],"picked":"DeusExMachina","floor":16},{"not_picked":["CrushJoints","JustLucky"],"picked":"MentalFortress","floor":18}],"player_experience":613896,"relics_obtained":[{"floor":8,"key":"Tiny Chest"},{"floor":9,"key":"Bronze Scales"},{"floor":12,"key":"The Courier"}],"event_choices":[{"damage_healed":0,"gold_gain":0,"player_choice":"Got Potions","damage_taken":0,"max_hp_gain":0,"max_hp_loss":0,"event_name":"Lab","floor":2,"gold_loss":0},{"damage_healed":22,"gold_gain":0,"player_choice":"Banana","damage_taken":0,"max_hp_gain":0,"max_hp_loss":0,"event_name":"Big Fish","floor":11,"gold_loss":0},{"damage_healed":0,"gold_gain":100,"player_choice":"Gold","damage_taken":0,"max_hp_gain":0,"max_hp_loss":0,"event_name":"Wheel of Change","floor":13,"gold_loss":0}],"is_beta":false,"boss_relics":[{"not_picked":["Runic Pyramid","Black Star"],"picked":"Ectoplasm"}],"items_purged_floors":[],"is_endless":false,"potions_floor_spawned":[5,8,12],"killed_by":"Chosen","ascension_level":17}}