{"host":"vyrim7c8c6ucsmzk","time":1614301195,"event":{"mods":["BaseMod","Colored Map","Downfall","Minty Spire (QoL Compilation)","StSLib"],"gold_per_floor":[0,17,31,41,51,76,101,111,111,58,78,112,112,129,146,247,247,147,163,163,176,6,106,181,181,81,106,119,119,40,73,93,189,189,89,102,112,128,128,30,104,114,5,23,43,43,43,62,72,72,72,97,24,24,24,24,24,24],"floor_reached":56,"language":"ENG","playtime":7060,"items_purged":["champ:Defend"],"score":815,"play_id":"171646d7-7e84-4399-9fea-7d3c6b6baa32","local_time":"20210225195955","is_ascension_mode":true,"campfire_choices":[{"data":"champ:CheapShot","floor":1.0,"key":"SMITH"},{"data":"champ:TripleStrike","floor":9.0,"key":"SMITH"},{"floor":13.0,"key":"RECALL"},{"data":"champ:PerfectedStrike","floor":18.0,"key":"SMITH"},{"data":"champ:TornadoPunch","floor":26.0,"key":"SMITH"},{"data":"champ:Lariat","floor":35.0,"key":"SMITH"},{"floor":46.0,"key":"REST"},{"floor":54,"key":"REST"}],"circlet_count":0,"master_deck":["champ:Strike+1","champ:Strike+1","champ:Strike+1","champ:Strike+1","champ:Defend+1","champ:Defend+1","champ:Defend+1","champ:Execute+1","champ:Taunt+1","champ:CheapShot+1","champ:BerserkersShout+1","champ:RisingSlash+1","champ:RisingSlash+1","champ:BerserkerStyle+1","champ:TripleStrike+1","champ:EnGarde+1","champ:ShieldWall+1","champ:FocusedBerserking+1","champ:PerfectedStrike+1","champ:AdrenalArmor+1","champ:TripleStrike+1","champ:ViciousMockery+1","champ:RisingSlash+1","champ:TornadoPunch+1","champ:ShieldWall+1","champ:AdrenalArmor+1","champ:DeathBlow+1","champ:PerfectedStrike+1","champ:Lariat+1","champ:TripleStrike+1","champ:AdrenalArmor+1","expansioncontent:PrepareCrush+1","champ:ShieldSlam+1","champ:BringItOn+1","champ:Endure+1","champ:StanceDance+1","champ:Backstep+1"],"relics":["champ:ChampionCrown","Toy Ornithopter","Boot","Orichalcum","Philosopher\u0027s Stone","Happy Flower","StoneCalendar","Ice Cream","Singing Bowl","SacredBark","Toxic Egg 2","Pantograph"],"acts_visited":["Exordium","TheCity","TheBeyond","TheEnding"],"potions_floor_usage":[52,55,56],"damage_taken":[{"damage":20.0,"enemies":"Cultist","floor":2.0,"turns":4.0},{"damage":27.0,"enemies":"Small Slimes","floor":3.0,"turns":4.0},{"damage":16.0,"enemies":"2 Louse","floor":4.0,"turns":3.0},{"damage":27.0,"enemies":"Large Slime","floor":5.0,"turns":5.0},{"damage":86.0,"enemies":"3 Sentries","floor":6.0,"turns":9.0},{"damage":35.0,"enemies":"Blue Slaver","floor":8.0,"turns":2.0},{"damage":58.0,"enemies":"downfall:FleeingMerchant","floor":10.0,"turns":5.0},{"damage":25.0,"enemies":"2 Fungi Beasts","floor":11.0,"turns":3.0},{"damage":43.0,"enemies":"Gremlin Nob","floor":12.0,"turns":3.0},{"damage":33.0,"enemies":"Lots of Slimes","floor":14.0,"turns":4.0},{"damage":36.0,"enemies":"downfall:LooterAlt","floor":15.0,"turns":3.0},{"damage":36.0,"enemies":"WA_ARCHETYPE_RETAIN","floor":16.0,"turns":6.0},{"damage":83.0,"enemies":"3 Byrds","floor":19.0,"turns":4.0},{"damage":40.0,"enemies":"Spheric Guardian","floor":21.0,"turns":3.0},{"damage":60.0,"enemies":"downfall:FleeingMerchant","floor":22.0,"turns":4.0},{"damage":60.0,"enemies":"Book of Stabbing","floor":27.0,"turns":3.0},{"damage":60.0,"enemies":"Snake Plant","floor":28.0,"turns":3.0},{"damage":91.0,"enemies":"downfall:FleeingMerchant","floor":30.0,"turns":4.0},{"damage":14.0,"enemies":"Slavers","floor":31.0,"turns":5.0},{"damage":77.0,"enemies":"Centurion and Healer","floor":32.0,"turns":4.0},{"damage":142.0,"enemies":"DF_ARCHETYPE_CLAW","floor":33.0,"turns":6.0},{"damage":35.0,"enemies":"Orb Walker","floor":36.0,"turns":3.0},{"damage":67.0,"enemies":"3 Shapes","floor":37.0,"turns":5.0},{"damage":117.0,"enemies":"Maw","floor":38.0,"turns":7.0},{"damage":123.0,"enemies":"Transient","floor":42.0,"turns":5.0},{"damage":65.0,"enemies":"4 Shapes","floor":44.0,"turns":4.0},{"damage":61.0,"enemies":"Spire Growth","floor":45.0,"turns":4.0},{"damage":106.0,"enemies":"Writhing Mass","floor":48.0,"turns":5.0},{"damage":41.0,"enemies":"Jaw Worm Horde","floor":49.0,"turns":5.0},{"damage":122.0,"enemies":"SI_POISON_ARCHETYPE","floor":50.0,"turns":9.0},{"damage":180,"enemies":"downfall:CharBossMerchant","floor":52,"turns":6},{"damage":342,"enemies":"downfall:NeowBoss","floor":55,"turns":14},{"damage":192,"enemies":"downfall:NeowBossFinal","floor":56,"turns":8}],"seed_played":"11075565647067279","potions_obtained":[{"floor":2.0,"key":"Explosive Potion"},{"floor":5.0,"key":"Dexterity Potion"},{"floor":11.0,"key":"champ:OpenerPotion"},{"floor":14.0,"key":"bronze:BurnAndBuffPotion"},{"floor":15.0,"key":"Fire Potion"},{"floor":16.0,"key":"Guardian:BlockOnCardUsePotion"},{"floor":19.0,"key":"champ:UltimateStancePotion"},{"floor":27.0,"key":"LiquidBronze"},{"floor":28.0,"key":"FearPotion"},{"floor":32.0,"key":"Slimebound:ThreeZeroPotion"},{"floor":37.0,"key":"Ancient Potion"},{"floor":38.0,"key":"Dexterity Potion"},{"floor":45.0,"key":"Swift Potion"}],"is_trial":false,"path_per_floor":["R","M","M","M","M","E","T","M","R","$","M","E","R","M","M","B",null,"R","M","?","M","$","?","T","?","R","E","M","?","$","E","M","B",null,"R","M","M","M","?","$","T","M","$","M","M","R","?","M","M","B",null,"E","$","R","B","B"],"character_chosen":"THE_CHAMP","items_purchased":["champ:FocusedBerserking","Happy Flower","champ:PerfectedStrike","Ice Cream","champ:Lariat","FairyPotion","champ:ShieldSlam+1","champ:Backstep+1","Block Potion"],"campfire_rested":2,"item_purchase_floors":[10,22,30,30,30,40,43,53,53],"current_hp_per_floor":[90,90,88,82,80,59,59,59,59,54,54,41,41,37,32,21,90,90,90,72,72,77,77,77,77,87,92,92,92,75,78,73,35,109,109,111,98,74,68,68,68,70,70,40,86,119,109,94,78,64,111,88,88,113,73,0,0,0],"gold":24,"neow_bonus":"THREE_RARE_CARDS","is_daily":false,"chose_seed":false,"campfire_upgraded":5,"win_rate":0.0,"timestamp":1614301195,"path_taken":["R","M","M","M","?","E","T","M","R","$","M","E","R","M","M","BOSS","R","M","?","M","$","?","T","?","R","E","M","?","?","E","M","BOSS","R","M","M","M","?","$","T","M","$","M","M","R","?","M","M","BOSS","E","$","R","BOSS","BOSS"],"items_purchased_type":["Card","Relic","Card","Relic","Card","Potion","Card","Card","Potion"],"build_version":"2020-12-22","purchased_purges":1,"victory":false,"max_hp_per_floor":[90,90,90,90,90,90,90,90,90,90,90,90,90,90,90,90,90,90,90,95,95,95,95,95,95,105,105,105,105,105,107,109,109,109,109,111,111,113,117,117,117,119,119,119,119,119,109,111,111,111,111,113,113,113,113,113,113,113],"card_choices":[{"not_picked":["champ:Devastate","champ:HeavySlash"],"picked":"champ:CheapShot","floor":0.0},{"not_picked":["champ:DefensiveShout","champ:IronFortress"],"picked":"champ:BerserkersShout","floor":2.0},{"not_picked":["champ:EnGarde","champ:Backstep"],"picked":"champ:RisingSlash","floor":3.0},{"not_picked":["champ:SwordSigil","champ:FancyFootwork"],"picked":"champ:RisingSlash","floor":4.0},{"not_picked":["champ:FlashCut","champ:AdrenalArmor"],"picked":"champ:BerserkerStyle","floor":5.0},{"not_picked":["champ:BringItOn","champ:DefensiveShout"],"picked":"champ:TripleStrike","floor":6.0},{"not_picked":["champ:BringItOn","champ:SkillfulDodge"],"picked":"champ:EnGarde","floor":8.0},{"not_picked":["champ:EnragedBash","champ:FancyFootwork"],"picked":"champ:ShieldWall","floor":10.0},{"not_picked":["champ:PreciseThrust","champ:TornadoPunch","champ:DefensiveStyle"],"picked":"SKIP","floor":11.0},{"not_picked":["champ:Haymaker","champ:HeartStrike"],"picked":"champ:PerfectedStrike","floor":12.0},{"not_picked":["champ:DefensiveStyle","champ:GutPunch","champ:FanOfKnives"],"picked":"SKIP","floor":14.0},{"not_picked":["champ:ShieldSigil","champ:VampiricStrike"],"picked":"champ:AdrenalArmor","floor":15.0},{"not_picked":["champ:SwordThrow","champ:DancingMaster"],"picked":"champ:TripleStrike","floor":16.0},{"not_picked":["champ:GutPunch","champ:FaceSlap"],"picked":"champ:ViciousMockery+1","floor":19.0},{"not_picked":["champ:AdrenalArmor","champ:TornadoPunch"],"picked":"champ:RisingSlash+1","floor":21.0},{"not_picked":["champ:Parry","champ:DefensiveStyle+1","champ:RapidStrikes"],"picked":"SKIP","floor":22.0},{"not_picked":["champ:CrookedStrike","champ:DeathBlow"],"picked":"champ:ShieldWall","floor":27.0},{"not_picked":["champ:ShieldSigil+1","champ:FlashCut"],"picked":"champ:AdrenalArmor+1","floor":28.0},{"not_picked":["champ:BladeFlurry","champ:DefensiveShout"],"picked":"champ:DeathBlow+1","floor":30.0},{"not_picked":["champ:ShieldThrow","champ:StanceDance","champ:Shatter+1"],"picked":"Singing Bowl","floor":31.0},{"not_picked":["champ:BerserkersShout+1","champ:FlashCut","champ:TornadoPunch"],"picked":"Singing Bowl","floor":32.0},{"not_picked":["champ:SwordThrow","champ:Devastate"],"picked":"champ:TripleStrike","floor":33.0},{"not_picked":["champ:BringItOn+1","champ:BladeFlurry","champ:DeathBlow+1"],"picked":"Singing Bowl","floor":36.0},{"not_picked":["champ:CrownThrow","champ:Circumvent"],"picked":"champ:AdrenalArmor+1","floor":37.0},{"not_picked":["champ:BerserkersShout+1","champ:CalledShot+1","champ:Shatter+1"],"picked":"Singing Bowl","floor":38.0},{"not_picked":["expansioncontent:AwakenDeath","expansioncontent:PrepareCrush","expansioncontent:HyperBeam"],"picked":"Singing Bowl","floor":39.0},{"not_picked":["expansioncontent:HyperBeam","expansioncontent:PolyBeam","expansioncontent:InvincibleStrength"],"picked":"Singing Bowl","floor":39.0},{"not_picked":["expansioncontent:AwakenDeath","expansioncontent:PolyBeam"],"picked":"expansioncontent:PrepareCrush","floor":39.0},{"not_picked":["champ:BladeFlurry","champ:SetATrap+1","champ:BerserkersShout+1"],"picked":"Singing Bowl","floor":42.0},{"not_picked":["champ:FalseCounter+1","champ:EnGarde+1"],"picked":"champ:BringItOn+1","floor":44.0},{"not_picked":["champ:GutPunch","champ:FaceSlap+1"],"picked":"champ:Endure+1","floor":45.0},{"not_picked":["champ:FocusedBerserking+1","champ:FanOfKnives","champ:Circumvent+1"],"picked":"Singing Bowl","floor":48.0},{"not_picked":["champ:ViciousMockery+1","champ:GutPunch+1"],"picked":"champ:StanceDance+1","floor":49.0},{"not_picked":["champ:ShieldSigil+1","champ:Shatter","champ:Devastate"],"picked":"Singing Bowl","floor":52}],"player_experience":1412697,"relics_obtained":[{"floor":6.0,"key":"Toy Ornithopter"},{"floor":7.0,"key":"Boot"},{"floor":12.0,"key":"Orichalcum"},{"floor":27.0,"key":"StoneCalendar"},{"floor":31.0,"key":"Singing Bowl"},{"floor":41.0,"key":"Toxic Egg 2"},{"floor":52,"key":"Pantograph"}],"event_choices":[{"damage_healed":0.0,"max_hp_gain":0.0,"max_hp_loss":0.0,"gold_gain":0.0,"event_name":"The Library","player_choice":"Read","floor":25.0,"gold_loss":0.0,"damage_taken":0.0,"cards_obtained":["champ:TornadoPunch"]},{"damage_healed":0.0,"max_hp_gain":0.0,"max_hp_loss":0.0,"gold_gain":0.0,"event_name":"Vampires","player_choice":"Ignored","floor":29.0,"gold_loss":0.0,"damage_taken":0.0}],"is_beta":false,"boss_relics":[{"not_picked":["Sozu","bronze:MakeshiftBattery"],"picked":"Philosopher\u0027s Stone"},{"not_picked":["Coffee Dripper","Black Star"],"picked":"SacredBark"}],"items_purged_floors":[43],"is_endless":false,"potions_floor_spawned":[2,5,11,14,15,16,19,27,28,32,37,38,45],"killed_by":"downfall:NeowBossFinal","ascension_level":1}}