{"host":"m9622w2ctpb03k26","time":1614331171,"event":{"mods":["BaseMod","Downfall","Hermit","Hubris","Infinite Spire","Marisa????????","Minty Spire (QoL Compilation)","Replay The Spire","StSLib","The Animator","The Cursed","The Marked","The Necromancer","The Poker Player"],"gold_per_floor":[115,115,126,144,161,179,179,259,259,294,312,9,25,41,41,41,41],"floor_reached":16,"language":"ENG","playtime":1212,"items_purged":[],"score":131,"play_id":"0e2b791a-e8c3-4bc3-84c1-31d88210be3b","local_time":"20210226031931","is_ascension_mode":false,"campfire_choices":[{"floor":15,"key":"REST"}],"circlet_count":0,"master_deck":["hermit:Strike_Hermit","hermit:Strike_Hermit","hermit:Strike_Hermit","hermit:Strike_Hermit","hermit:Defend_Hermit","hermit:Defend_Hermit","hermit:Defend_Hermit","hermit:Defend_Hermit","hermit:Snapshot","hermit:Covet","hermit:GoldenBullet+1","hermit:SprayPray","hermit:Headshot","hermit:Snipe","hermit:EyeOfTheStorm","hermit:Cheat","hermit:Magnum"],"relics":["hermit:Momento","NeowsBlessing","CultistMask","Matryoshka","hubris:Spice"],"acts_visited":["Exordium"],"potions_floor_usage":[16,16],"damage_taken":[{"damage":0,"enemies":"Small Slimes","floor":1,"turns":1},{"damage":0,"enemies":"Cultist","floor":3,"turns":1},{"damage":7,"enemies":"Jaw Worm","floor":4,"turns":4},{"damage":12,"enemies":"Looter","floor":5,"turns":4},{"damage":1,"enemies":"Exordium Wildlife","floor":6,"turns":2},{"damage":31,"enemies":"Lagavulin","floor":10,"turns":4},{"damage":6,"enemies":"Lots of Slimes","floor":11,"turns":3},{"damage":0,"enemies":"3 Louse","floor":13,"turns":2},{"damage":1,"enemies":"Exordium Thugs","floor":14,"turns":4},{"damage":60,"enemies":"The Guardian","floor":16,"turns":8}],"seed_played":"-6949919739824450511","potions_obtained":[{"floor":3,"key":"DistilledChaos"},{"floor":11,"key":"hermit:BlackBile"},{"floor":13,"key":"SkillPotion"}],"is_trial":false,"path_per_floor":["M","?","M","M","M","M","?","?","T","E","M","$","M","M","R","B"],"character_chosen":"HERMIT","items_purchased":["hubris:Spice"],"campfire_rested":1,"item_purchase_floors":[12],"current_hp_per_floor":[75,75,75,68,56,55,55,55,55,32,26,34,34,33,60,0,0],"gold":41,"neow_bonus":"THREE_ENEMY_KILL","is_daily":false,"chose_seed":false,"campfire_upgraded":0,"win_rate":0.0,"timestamp":1614331171,"path_taken":["M","?","?","?","M","M","?","?","T","E","M","$","?","M","R","BOSS"],"items_purchased_type":["Relic"],"build_version":"2020-12-22","purchased_purges":0,"victory":false,"max_hp_per_floor":[75,75,75,75,75,75,75,75,75,83,83,91,91,91,91,91,91],"card_choices":[{"not_picked":["hermit:Scavenge","hermit:PistolWhip"],"picked":"hermit:GoldenBullet","floor":1},{"not_picked":["hermit:Quickdraw","hermit:Glare"],"picked":"hermit:SprayPray","floor":3},{"not_picked":["hermit:Reprieve","hermit:Feint"],"picked":"hermit:Headshot","floor":4},{"not_picked":["hermit:Virtue","hermit:GhostlyPresence"],"picked":"hermit:Snipe","floor":5},{"not_picked":["hermit:Desperado","hermit:HighCaliber","hermit:LowProfile"],"picked":"SKIP","floor":6},{"not_picked":["hermit:Midnight","hermit:LowProfile"],"picked":"hermit:EyeOfTheStorm","floor":10},{"not_picked":["hermit:WideOpen","hermit:Misfire","hermit:Gestalt"],"picked":"SKIP","floor":11},{"not_picked":["hermit:Snipe","hermit:Manifest"],"picked":"hermit:Cheat","floor":13},{"not_picked":["hermit:SprayPray","hermit:HoleUp"],"picked":"hermit:Magnum","floor":14}],"player_experience":138356,"relics_obtained":[{"floor":9,"key":"Matryoshka"},{"floor":10,"key":"hubris:Spice"}],"event_choices":[{"damage_healed":0,"gold_gain":0,"player_choice":"Trade","damage_taken":0,"relics_obtained":["CultistMask"],"max_hp_gain":0,"max_hp_loss":0,"event_name":"FaceTrader","floor":2,"gold_loss":0},{"damage_healed":0,"gold_gain":80,"player_choice":"Gained Gold","damage_taken":0,"max_hp_gain":0,"max_hp_loss":0,"event_name":"Golden Wing","floor":8,"gold_loss":0}],"is_beta":false,"boss_relics":[],"items_purged_floors":[],"is_endless":false,"potions_floor_spawned":[3,11,13,14],"killed_by":"The Guardian","ascension_level":0}}