{"host":"i0avyit1s6jb1siw","time":1614348382,"event":{"mods":["BaseMod","DeckTracker","Dota2Spire","Minty Spire (QoL Compilation)","Quick Restart","StSLib","SuperFastMode"],"gold_per_floor":[162,162,179,191,204,204,231,242,242,242,242,88,39,39,67,67,143,143,143,220,220,235,235,84,103,117,117,117,117],"floor_reached":28,"language":"ENG","playtime":671,"items_purged":["Strike_G","Strike_G"],"score":772,"play_id":"d67d4a50-1ced-44f8-8ec9-5a37710417b0","local_time":"20210226150622","is_ascension_mode":true,"campfire_choices":[{"data":"Crippling Poison","floor":6.0,"key":"SMITH"},{"data":"Deadly Poison","floor":9.0,"key":"SMITH"},{"floor":14.0,"key":"REST"},{"data":"Footwork","floor":16.0,"key":"SMITH"},{"data":"Burst","floor":19.0,"key":"SMITH"},{"data":"Flechettes","floor":27.0,"key":"SMITH"}],"circlet_count":0,"master_deck":["AscendersBane","Strike_G","Strike_G","Strike_G+1","Defend_G","Defend_G","Defend_G","Defend_G","Defend_G","Survivor","Neutralize","Dagger Spray","Crippling Poison+1","Dagger Spray","Footwork+1","Deadly Poison+1","Burst+1","Flechettes+1","PiercingWail","Malaise","CurseOfTheBell","Bouncing Flask","Dodge and Roll"],"relics":["Tiny House","Gambling Chip","Dota2Spire:BladeMail","Sundial","Dota2Spire:ShadowBlade","Runic Pyramid","Calling Bell","Ancient Tea Set","Gremlin Horn","Dota2Spire:OctarineCore","CultistMask"],"acts_visited":["Exordium","TheCity"],"potions_floor_usage":[],"damage_taken":[{"damage":4.0,"enemies":"Small Slimes","floor":1.0,"turns":5.0},{"damage":4.0,"enemies":"Jaw Worm","floor":3.0,"turns":4.0},{"damage":0.0,"enemies":"Cultist","floor":4.0,"turns":4.0},{"damage":8.0,"enemies":"Large Slime","floor":5.0,"turns":6.0},{"damage":3.0,"enemies":"Lagavulin","floor":7.0,"turns":7.0},{"damage":5.0,"enemies":"Looter","floor":8.0,"turns":4.0},{"damage":18.0,"enemies":"Gremlin Nob","floor":11.0,"turns":4.0},{"damage":7.0,"enemies":"Lagavulin","floor":15.0,"turns":6.0},{"damage":13.0,"enemies":"Hexaghost","floor":17.0,"turns":10.0},{"damage":0.0,"enemies":"Hexaghost","floor":20.0,"turns":8.0},{"damage":3.0,"enemies":"Spheric Guardian","floor":22.0,"turns":7.0},{"damage":0.0,"enemies":"3 Byrds","floor":25.0,"turns":2.0},{"damage":6.0,"enemies":"Snake Plant","floor":26.0,"turns":5.0},{"damage":50,"enemies":"Slavers","floor":28,"turns":4}],"seed_played":"-2556548001580671607","potions_obtained":[{"floor":0.0,"key":"Block Potion"},{"floor":1.0,"key":"DistilledChaos"},{"floor":5.0,"key":"SmokeBomb"},{"floor":17.0,"key":"Swift Potion"},{"floor":20.0,"key":"SpeedPotion"},{"floor":25.0,"key":"SteroidPotion"}],"is_trial":false,"path_per_floor":["M","?","M","M","M","R","E","M","R","T","E","$","?","R","E","R","B",null,"R","B",null,"M","?","$","M","M","R","E"],"character_chosen":"THE_SILENT","items_purchased":["DistilledChaos","Dodge and Roll"],"campfire_rested":1,"item_purchase_floors":[12,24],"current_hp_per_floor":[60,55,51,51,43,43,40,35,35,35,17,17,17,38,31,31,18,18,18,18,58,55,55,55,55,49,49,0,0],"gold":117,"neow_bonus":"BOSS_RELIC","is_daily":false,"chose_seed":false,"campfire_upgraded":5,"win_rate":0.0,"timestamp":1614348382,"path_taken":["M","?","M","M","M","R","E","M","R","T","E","$","?","R","E","R","BOSS","R","BOSS","M","?","$","M","?","R","E"],"items_purchased_type":["Potion","Card"],"build_version":"2020-12-22","purchased_purges":2,"victory":false,"max_hp_per_floor":[71,71,71,71,71,71,71,71,71,71,71,71,71,71,71,71,71,71,71,71,71,71,71,71,71,71,71,71,71],"card_choices":[{"not_picked":["Footwork","Finisher"],"picked":"Dagger Spray","floor":0.0},{"not_picked":["Acrobatics","Dagger Spray"],"picked":"Crippling Poison","floor":1.0},{"not_picked":["Slice","Eviscerate"],"picked":"Dagger Spray","floor":3.0},{"not_picked":["Finisher","Cloak And Dagger"],"picked":"Footwork","floor":4.0},{"not_picked":["Dagger Throw","Tactician"],"picked":"Deadly Poison","floor":5.0},{"not_picked":["Distraction","Finisher"],"picked":"Burst","floor":7.0},{"not_picked":["Bane","Acrobatics"],"picked":"Flechettes","floor":8.0},{"not_picked":["Dagger Spray","Outmaneuver"],"picked":"PiercingWail","floor":15.0},{"not_picked":["Die Die Die","Tools of the Trade"],"picked":"Malaise","floor":20.0},{"not_picked":["Dagger Throw+1","Backstab"],"picked":"Bouncing Flask","floor":22.0},{"not_picked":["Setup","Poisoned Stab","Quick Slash"],"picked":"SKIP","floor":25.0},{"not_picked":["Slice","Flying Knee","Sucker Punch"],"picked":"SKIP","floor":26.0}],"player_experience":2523919,"relics_obtained":[{"floor":7.0,"key":"Dota2Spire:BladeMail"},{"floor":10.0,"key":"Sundial"},{"floor":15.0,"key":"Dota2Spire:ShadowBlade"},{"floor":21.0,"key":"Ancient Tea Set"},{"floor":21.0,"key":"Gremlin Horn"},{"floor":21.0,"key":"Dota2Spire:OctarineCore"}],"event_choices":[{"damage_healed":0.0,"max_hp_gain":0.0,"max_hp_loss":0.0,"gold_gain":0.0,"event_name":"Scrap Ooze","player_choice":"Success","floor":2.0,"gold_loss":0.0,"damage_taken":5.0,"relics_obtained":["Gambling Chip"]},{"damage_healed":0.0,"max_hp_gain":0.0,"max_hp_loss":0.0,"gold_gain":0.0,"event_name":"World of Goop","player_choice":"Left Gold","floor":13.0,"gold_loss":49.0,"damage_taken":0.0},{"damage_healed":0.0,"max_hp_gain":0.0,"max_hp_loss":0.0,"gold_gain":0.0,"event_name":"FaceTrader","player_choice":"Trade","floor":23.0,"gold_loss":0.0,"damage_taken":0.0,"relics_obtained":["CultistMask"]}],"is_beta":false,"boss_relics":[{"not_picked":["Ectoplasm","Philosopher\u0027s Stone"],"picked":"Runic Pyramid"},{"not_picked":["Black Star","Cursed Key"],"picked":"Calling Bell"}],"items_purged_floors":[12,24],"is_endless":false,"potions_floor_spawned":[1,5,11,17,20,25],"killed_by":"Slavers","ascension_level":20}}