{"host":"pqs17sqrgflf4eqa","time":1614345967,"event":{"mods":["AchievementEnabler","BaseMod","Bestiary","Better Altar","Better Match","Better Sensory Stone","Better Skull","Better Third Choice","BetterRewards","Block Reminder","Bossed Relics","Colored Map","Colored Powertips","Curses Come First","Dark Map","DeckTracker","Defective Defect","Displayed Cursed Tome","Emptier Cage","Googly Eyes","Highlight Path","Infinite Spire","Minty Spire (QoL Compilation)","Permanent Neow","Poor People Problems","Quick Restart","Replay The Spire","StSLib","SuperFastMode","Thieving Mod","Transform Curses","everything is the same but u backflip on backflip","slay the spire mod where everything is the same but ironclad has a cowboy hat"],"gold_per_floor":[115,115,115,61,72,72,72],"floor_reached":6,"language":"ENG","playtime":135,"items_purged":[],"score":48,"play_id":"c578cdc2-e2ba-4f41-9297-bdedf67c801a","local_time":"20210226082607","is_ascension_mode":true,"campfire_choices":[],"circlet_count":0,"master_deck":["Strike_R","Strike_R","Strike_R","Strike_R","Strike_R","Defend_R","Defend_R","Defend_R","Defend_R","Bash","Cleave","infinitespire:Fortify","Replay:Sssssssssshield","Flex","Whirlwind"],"relics":["Burning Blood","Kunai","OrangePellets","Pondfish Scales"],"acts_visited":["Exordium"],"potions_floor_usage":[],"damage_taken":[{"damage":1,"enemies":"Cultist","floor":1,"turns":3},{"damage":0,"enemies":"2 Louse","floor":5,"turns":2},{"damage":52,"enemies":"Lagavulin","floor":6,"turns":8}],"seed_played":"8313165620619460997","potions_obtained":[],"is_trial":false,"path_per_floor":["M","?","?","$","M","E"],"character_chosen":"IRONCLAD","items_purchased":["Kunai","OrangePellets","Flex"],"campfire_rested":0,"item_purchase_floors":[0,0,4],"current_hp_per_floor":[50,29,29,29,35,0,0],"gold":72,"neow_bonus":"","is_daily":false,"chose_seed":false,"campfire_upgraded":0,"win_rate":0.0,"timestamp":1614345967,"path_taken":["M","?","?","$","M","E"],"items_purchased_type":["Relic","Relic","Card"],"build_version":"2020-12-22","purchased_purges":0,"victory":false,"max_hp_per_floor":[80,80,80,80,80,80,80],"card_choices":[{"not_picked":["Reckless Charge","ReplayTheSpireMod:Corrosion Curse"],"picked":"Cleave","floor":1},{"not_picked":["infinitespire:TheBestDefense","infinitespire:FinalStrike"],"picked":"infinitespire:Fortify","floor":2},{"not_picked":["Replay:Bootleg Shield Generator","ReplayUltimateDefense"],"picked":"Replay:Sssssssssshield","floor":3},{"not_picked":["Defy Death","ReplayTheSpireMod:Muscle Training"],"picked":"Whirlwind","floor":5}],"player_experience":219909,"relics_obtained":[],"event_choices":[{"damage_healed":0,"gold_gain":1,"player_choice":"1","damage_taken":0,"max_hp_gain":0,"max_hp_loss":0,"event_name":"betterStone:BetterStone","floor":3,"gold_loss":0}],"is_beta":false,"boss_relics":[],"items_purged_floors":[],"is_endless":false,"potions_floor_spawned":[],"killed_by":"Lagavulin","ascension_level":8}}