{"host":"u7lm8z2rvb4dg2oo","time":1614317166,"event":{"mods":["AchievementEnabler","BaseMod","Bestiary","Block Reminder","Colored Map","Colored Powertips","Curses Come First","DeckTracker","Googly Eyes","Highlight Path","Minty Spire (QoL Compilation)","Quick Restart","StSLib"],"gold_per_floor":[112,127,137,150,161,161,189,189,213,213,213],"floor_reached":10,"language":"ENG","playtime":747,"items_purged":[],"score":140,"play_id":"b8a8509d-013c-47b7-b736-b76e82608b86","local_time":"20210226002606","is_ascension_mode":true,"campfire_choices":[{"data":"Footwork","floor":6,"key":"SMITH"},{"floor":8,"key":"REST"}],"circlet_count":0,"master_deck":["AscendersBane","Strike_G","Strike_G","Strike_G","Strike_G","Strike_G","Defend_G","Defend_G","Defend_G","Defend_G","Defend_G","Survivor","Neutralize","Corpse Explosion","PiercingWail","Caltrops","Leg Sweep","Footwork+1","Well Laid Plans"],"relics":["Ring of the Snake","Bag of Marbles","Oddly Smooth Stone"],"acts_visited":["Exordium"],"potions_floor_usage":[5,7],"damage_taken":[{"damage":4,"enemies":"Jaw Worm","floor":1,"turns":5},{"damage":1,"enemies":"Cultist","floor":2,"turns":5},{"damage":1,"enemies":"Small Slimes","floor":3,"turns":4},{"damage":9,"enemies":"Blue Slaver","floor":4,"turns":6},{"damage":5,"enemies":"Red Slaver","floor":5,"turns":7},{"damage":27,"enemies":"Lagavulin","floor":7,"turns":10},{"damage":55,"enemies":"Gremlin Nob","floor":10,"turns":5}],"seed_played":"-3638730003398652606","potions_obtained":[{"floor":1,"key":"GamblersBrew"},{"floor":2,"key":"Block Potion"},{"floor":3,"key":"ColorlessPotion"},{"floor":4,"key":"Regen Potion"}],"is_trial":false,"path_per_floor":["M","M","M","M","M","R","E","R","T","E"],"character_chosen":"THE_SILENT","items_purchased":[],"campfire_rested":1,"item_purchase_floors":[],"current_hp_per_floor":[55,54,53,44,54,54,27,46,46,0,0],"gold":213,"neow_bonus":"ONE_RANDOM_RARE_CARD","is_daily":false,"chose_seed":false,"campfire_upgraded":1,"win_rate":0.0,"timestamp":1614317166,"path_taken":["M","M","M","M","M","R","E","R","T","E"],"items_purchased_type":[],"build_version":"2020-12-22","purchased_purges":0,"victory":false,"max_hp_per_floor":[66,66,66,66,66,66,66,66,66,66,66],"card_choices":[{"not_picked":["Dagger Spray","Tactician"],"picked":"PiercingWail","floor":1},{"not_picked":["Blur","Finisher"],"picked":"Caltrops","floor":2},{"not_picked":["Flying Knee","Acrobatics","Cloak And Dagger"],"picked":"SKIP","floor":3},{"not_picked":["Prepared","Dagger Spray"],"picked":"Leg Sweep","floor":4},{"not_picked":["Slice","Cloak And Dagger"],"picked":"Footwork","floor":5},{"not_picked":["Escape Plan","Calculated Gamble"],"picked":"Well Laid Plans","floor":7}],"player_experience":2088481,"relics_obtained":[{"floor":7,"key":"Bag of Marbles"},{"floor":9,"key":"Oddly Smooth Stone"}],"event_choices":[],"is_beta":false,"boss_relics":[],"items_purged_floors":[],"is_endless":false,"potions_floor_spawned":[1,2,3,4],"killed_by":"Gremlin Nob","ascension_level":20}}