{"host":"ww12db68ec84yd8w","time":1614333812,"event":{"mods":["BaseMod","Colored Map","Minty Spire (QoL Compilation)","StSLib"],"gold_per_floor":[16,31,31,45,58,92,92,92,92,108,120,120,137,152,152,256,256,273,75,87,106,30,30,61,61,61,92,105,105,105,55,55,159,159,174,124,124,136,186,186,211,211,237,237,237,237,256,275,275,275,275],"floor_reached":50,"language":"ENG","playtime":2155,"items_purged":["Strike_R","Strike_R","Strike_R","Strike_R"],"score":589,"play_id":"ab6ad84f-232f-469b-99f1-2ec1fdaf424b","local_time":"20210226020332","is_ascension_mode":true,"campfire_choices":[{"data":"Shockwave","floor":12,"key":"SMITH"},{"floor":15,"key":"REST"},{"data":"Brutality","floor":23,"key":"SMITH"},{"floor":25,"key":"RECALL"},{"floor":32,"key":"REST"},{"data":"Cleave","floor":40,"key":"SMITH"},{"data":"Hemokinesis","floor":42,"key":"SMITH"},{"data":"Warcry","floor":46,"key":"SMITH"},{"floor":49,"key":"REST"}],"circlet_count":0,"master_deck":["Strike_R","Defend_R","Defend_R","Defend_R","Defend_R","Bash","Blood for Blood+1","Dropkick","Thunderclap","Shrug It Off","True Grit","Clothesline","Bash","Immolate","Hemokinesis+1","Iron Wave","Shockwave+1","Bloodletting+1","Brutality+1","Iron Wave","Battle Trance","Wild Strike","Offering","Cleave+1","Brutality+1","Cleave+1","Inflame+1","Warcry+1","Dropkick+1"],"relics":["Black Blood","Ice Cream","MealTicket","HornCleat","Smiling Mask","Boot","Regal Pillow","Frozen Egg 2","Paper Frog","Gremlin Horn","Runic Cube","Dead Branch","Unceasing Top","Mercury Hourglass"],"acts_visited":["Exordium","TheCity","TheBeyond"],"potions_floor_usage":[6,16,27,27,47,48],"damage_taken":[{"damage":6,"enemies":"Cultist","floor":1,"turns":3},{"damage":8,"enemies":"2 Louse","floor":2,"turns":2},{"damage":12,"enemies":"Small Slimes","floor":4,"turns":4},{"damage":18,"enemies":"Gremlin Gang","floor":5,"turns":5},{"damage":44,"enemies":"Gremlin Nob","floor":6,"turns":5},{"damage":0,"enemies":"2 Fungi Beasts","floor":10,"turns":2},{"damage":0,"enemies":"Exordium Wildlife","floor":11,"turns":3},{"damage":0,"enemies":"Exordium Thugs","floor":13,"turns":3},{"damage":9,"enemies":"Red Slaver","floor":14,"turns":2},{"damage":26,"enemies":"Hexaghost","floor":16,"turns":8},{"damage":21,"enemies":"Shell Parasite","floor":18,"turns":4},{"damage":11,"enemies":"Chosen","floor":20,"turns":3},{"damage":30,"enemies":"Snake Plant","floor":21,"turns":4},{"damage":39,"enemies":"Slavers","floor":24,"turns":5},{"damage":34,"enemies":"Gremlin Leader","floor":27,"turns":3},{"damage":10,"enemies":"Snecko","floor":28,"turns":3},{"damage":42,"enemies":"Collector","floor":33,"turns":7},{"damage":8,"enemies":"Orb Walker","floor":35,"turns":2},{"damage":22,"enemies":"3 Darklings","floor":38,"turns":2},{"damage":12,"enemies":"Mind Bloom Boss Battle","floor":39,"turns":4},{"damage":29,"enemies":"Giant Head","floor":41,"turns":5},{"damage":8,"enemies":"Jaw Worm Horde","floor":47,"turns":2},{"damage":29,"enemies":"Transient","floor":48,"turns":5},{"damage":89,"enemies":"Awakened One","floor":50,"turns":6}],"seed_played":"-8937919796890440545","potions_obtained":[{"floor":4,"key":"GamblersBrew"},{"floor":6,"key":"DistilledChaos"},{"floor":11,"key":"DuplicationPotion"},{"floor":14,"key":"SkillPotion"},{"floor":20,"key":"Fire Potion"},{"floor":24,"key":"Swift Potion"},{"floor":33,"key":"Block Potion"},{"floor":38,"key":"Strength Potion"},{"floor":48,"key":"Fruit Juice"}],"is_trial":false,"path_per_floor":["M","M","?","M","M","E","?","?","T","M","M","R","M","M","R","B",null,"M","$","M","M","$","R","E","R","T","E","M","?","T","$","R","B",null,"M","$","?","M","?","R","E","R","T","T","?","R","M","M","R","B"],"character_chosen":"IRONCLAD","items_purchased":["Boot","Wild Strike"],"campfire_rested":3,"item_purchase_floors":[19,22],"current_hp_per_floor":[80,78,78,72,60,22,19,19,19,25,31,31,37,34,58,38,80,71,80,80,62,77,77,50,50,50,28,30,30,30,45,80,50,80,80,80,80,70,70,70,53,53,53,53,53,53,57,45,85,0,0],"gold":275,"neow_bonus":"ONE_RARE_RELIC","is_daily":false,"chose_seed":false,"campfire_upgraded":5,"win_rate":0.0,"timestamp":1614333812,"path_taken":["M","M","?","?","M","E","?","?","T","M","M","R","M","M","R","BOSS","M","?","?","M","$","R","E","R","T","E","M","?","?","$","R","BOSS","M","$","?","?","?","R","E","R","T","?","?","R","M","M","R","BOSS"],"items_purchased_type":["Relic","Card"],"build_version":"2020-12-22","purchased_purges":4,"victory":false,"max_hp_per_floor":[80,80,80,80,80,80,80,80,80,80,80,80,80,80,80,80,80,80,80,80,80,80,80,80,80,80,80,80,80,80,80,80,80,80,80,80,80,80,80,80,80,80,80,80,80,80,80,85,85,85,85],"card_choices":[{"not_picked":["Sword Boomerang","Body Slam"],"picked":"Blood for Blood","floor":1},{"not_picked":["Perfected Strike","Dual Wield"],"picked":"Dropkick","floor":2},{"not_picked":["Inflame","Burning Pact"],"picked":"Thunderclap","floor":4},{"not_picked":["Pommel Strike","Rampage"],"picked":"Shrug It Off","floor":5},{"not_picked":["Rupture","Twin Strike"],"picked":"True Grit","floor":6},{"not_picked":["Flex","Heavy Blade"],"picked":"Iron Wave","floor":10},{"not_picked":["Metallicize","Armaments"],"picked":"Shockwave","floor":11},{"not_picked":["Twin Strike","Perfected Strike","Heavy Blade"],"picked":"SKIP","floor":13},{"not_picked":["Headbutt","Intimidate"],"picked":"Bloodletting","floor":14},{"not_picked":["Barricade","Immolate"],"picked":"Brutality","floor":16},{"not_picked":["Sword Boomerang","Havoc"],"picked":"Iron Wave","floor":18},{"not_picked":["Clash","Havoc"],"picked":"Battle Trance","floor":20},{"not_picked":["Hemokinesis","Wild Strike"],"picked":"Evolve+1","floor":21},{"not_picked":["Flame Barrier","Perfected Strike"],"picked":"Offering","floor":24},{"not_picked":["Thunderclap","Pummel+1"],"picked":"Cleave","floor":27},{"not_picked":["Clothesline+1","Body Slam","Sword Boomerang"],"picked":"SKIP","floor":28},{"not_picked":["Corruption+1","Immolate"],"picked":"Brutality+1","floor":33},{"not_picked":["Perfected Strike+1","Iron Wave"],"picked":"Cleave+1","floor":35},{"not_picked":["Flex","Havoc"],"picked":"Inflame+1","floor":38},{"not_picked":["Anger+1","Reckless Charge+1"],"picked":"Warcry","floor":39},{"not_picked":["Anger","Sword Boomerang"],"picked":"Dropkick+1","floor":41},{"not_picked":["Fiend Fire","True Grit+1","Ghostly Armor"],"picked":"SKIP","floor":47},{"not_picked":["Wild Strike","True Grit","Flex"],"picked":"SKIP","floor":48}],"player_experience":225791,"relics_obtained":[{"floor":6,"key":"MealTicket"},{"floor":9,"key":"Smiling Mask"},{"floor":24,"key":"Regal Pillow"},{"floor":26,"key":"Frozen Egg 2"},{"floor":27,"key":"Paper Frog"},{"floor":30,"key":"Gremlin Horn"},{"floor":39,"key":"Dead Branch"},{"floor":41,"key":"Unceasing Top"},{"floor":44,"key":"Mercury Hourglass"}],"event_choices":[{"damage_healed":0,"gold_gain":0,"player_choice":"Upgraded","damage_taken":0,"max_hp_gain":0,"max_hp_loss":0,"event_name":"Upgrade Shrine","floor":3,"gold_loss":0,"cards_upgraded":["Blood for Blood"]},{"damage_healed":0,"gold_gain":0,"player_choice":"Success","damage_taken":3,"relics_obtained":["HornCleat"],"max_hp_gain":0,"max_hp_loss":0,"event_name":"Scrap Ooze","floor":7,"gold_loss":0},{"damage_healed":0,"gold_gain":0,"player_choice":"4 cards matched","damage_taken":0,"max_hp_gain":0,"max_hp_loss":0,"event_name":"Match and Keep!","floor":8,"gold_loss":0,"cards_obtained":["Clothesline","Bash","Immolate","Hemokinesis"]},{"damage_healed":0,"gold_gain":0,"player_choice":"Ignored","damage_taken":0,"max_hp_gain":0,"max_hp_loss":0,"event_name":"Ghosts","floor":29,"gold_loss":0},{"damage_healed":0,"gold_gain":0,"player_choice":"Forge","damage_taken":0,"max_hp_gain":0,"max_hp_loss":0,"event_name":"Accursed Blacksmith","floor":37,"gold_loss":0,"cards_upgraded":["Bloodletting"]},{"damage_healed":0,"gold_gain":0,"player_choice":"Fight","damage_taken":0,"max_hp_gain":0,"max_hp_loss":0,"event_name":"MindBloom","floor":39,"gold_loss":0},{"cards_removed":["Evolve"],"damage_healed":0,"gold_gain":0,"player_choice":"Removed Power","damage_taken":0,"max_hp_gain":0,"max_hp_loss":0,"event_name":"Falling","floor":45,"gold_loss":0}],"is_beta":false,"boss_relics":[{"not_picked":["Black Star","Calling Bell"],"picked":"Black Blood"},{"not_picked":["Astrolabe","Cursed Key"],"picked":"Runic Cube"}],"items_purged_floors":[19,22,31,36],"is_endless":false,"potions_floor_spawned":[4,6,11,14,20,24,33,38,41,48],"killed_by":"Awakened One","ascension_level":3}}