{"host":"bxn2em57qlx5u4i0","time":1614383526,"event":{"mods":["BaseMod","Colored Map","Colored Powertips","Highlight Path","Minty Spire (QoL Compilation)","Random Character Button","Relic Sorter","Relic Stats","StSLib","SuperFastMode"],"gold_per_floor":[360,372,166,166,179,213,213,539,539,553,12,12,12,38,38,109,109,119,389,103,117,117,142,155,190,190,222,222,222,255,275,275,275,352,352,367,79,79,79,91,122,132,132,132,176,193,193,193,193,247,247,247,247,247,247,16,49,49],"floor_reached":59,"language":"ENG","playtime":2304,"items_purged":["Strike_G","Strike_G","Strike_G","Strike_G","Defend_G"],"score":3203,"play_id":"b70e57c2-f12a-40e0-a3e7-90a8af3485a3","local_time":"20210226185206","is_ascension_mode":true,"campfire_choices":[{"data":"Deadly Poison","floor":7.0,"key":"SMITH"},{"data":"Wraith Form v2","floor":12.0,"key":"SMITH"},{"data":"Wraith Form v2","floor":15.0,"key":"SMITH"},{"data":"Bouncing Flask","floor":28.0,"key":"SMITH"},{"data":"Crippling Poison","floor":32.0,"key":"SMITH"},{"data":"Night Terror","floor":33.0,"key":"SMITH"},{"data":"Noxious Fumes","floor":43.0,"key":"SMITH"},{"data":"Catalyst","floor":47.0,"key":"SMITH"},{"floor":51.0,"key":"RECALL"},{"data":"After Image","floor":55,"key":"SMITH"}],"circlet_count":0,"master_deck":["AscendersBane","Defend_G","Defend_G","Defend_G","Survivor","Neutralize","All Out Attack","Endless Agony","Poisoned Stab","Deadly Poison+1","Escape Plan","Wraith Form v2+1","Wraith Form v2+1","Crippling Poison+1","Glass Knife","Night Terror+1","Bouncing Flask+1","Bouncing Flask+1","Tools of the Trade","Bullet Time","Acrobatics+1","Noxious Fumes+1","Catalyst+1","After Image+1","Backflip","Sadistic Nature","PiercingWail"],"relics":["Ring of the Snake","Centennial Puzzle","Old Coin","HornCleat","Mummified Hand","Omamori","SlaversCollar","Lee\u0027s Waffle","Darkstone Periapt","Thread and Needle","Paper Crane","White Beast Statue","HoveringKite","Membership Card","Snake Skull","CeramicFish","Toy Ornithopter","CaptainsWheel","Bottled Lightning","Pocketwatch","Orichalcum"],"acts_visited":["Exordium","TheCity","TheBeyond","TheEnding"],"potions_floor_usage":[52,58,58],"damage_taken":[{"damage":0.0,"enemies":"2 Louse","floor":1.0,"turns":3.0},{"damage":5.0,"enemies":"Cultist","floor":2.0,"turns":5.0},{"damage":2.0,"enemies":"Jaw Worm","floor":5.0,"turns":3.0},{"damage":7.0,"enemies":"3 Sentries","floor":6.0,"turns":6.0},{"damage":11.0,"enemies":"Gremlin Nob","floor":8.0,"turns":3.0},{"damage":8.0,"enemies":"Exordium Thugs","floor":10.0,"turns":4.0},{"damage":6.0,"enemies":"3 Sentries","floor":14.0,"turns":8.0},{"damage":19.0,"enemies":"The Guardian","floor":16.0,"turns":13.0},{"damage":5.0,"enemies":"Spheric Guardian","floor":18.0,"turns":7.0},{"damage":0.0,"enemies":"3 Byrds","floor":21.0,"turns":5.0},{"damage":2.0,"enemies":"Gremlin Leader","floor":23.0,"turns":7.0},{"damage":10.0,"enemies":"Centurion and Healer","floor":24.0,"turns":16.0},{"damage":11.0,"enemies":"Book of Stabbing","floor":25.0,"turns":6.0},{"damage":0.0,"enemies":"Slavers","floor":27.0,"turns":7.0},{"damage":0.0,"enemies":"Book of Stabbing","floor":30.0,"turns":5.0},{"damage":0.0,"enemies":"Snake Plant","floor":31.0,"turns":7.0},{"damage":0.0,"enemies":"Collector","floor":34.0,"turns":8.0},{"damage":0.0,"enemies":"Orb Walker","floor":36.0,"turns":5.0},{"damage":0.0,"enemies":"3 Darklings","floor":40.0,"turns":4.0},{"damage":0.0,"enemies":"Reptomancer","floor":41.0,"turns":4.0},{"damage":0.0,"enemies":"Maw","floor":42.0,"turns":5.0},{"damage":0.0,"enemies":"Nemesis","floor":45.0,"turns":5.0},{"damage":0.0,"enemies":"Sphere and 2 Shapes","floor":46.0,"turns":4.0},{"damage":0.0,"enemies":"2 Orb Walkers","floor":50.0,"turns":4.0},{"damage":8,"enemies":"Time Eater","floor":52,"turns":6},{"damage":18,"enemies":"Awakened One","floor":53,"turns":13},{"damage":0,"enemies":"Shield and Spear","floor":57,"turns":6},{"damage":33,"enemies":"The Heart","floor":58,"turns":6}],"seed_played":"2043298899219063070","potions_obtained":[{"floor":2.0,"key":"AttackPotion"},{"floor":8.0,"key":"SteroidPotion"},{"floor":23.0,"key":"Energy Potion"},{"floor":25.0,"key":"SmokeBomb"},{"floor":27.0,"key":"Fire Potion"},{"floor":30.0,"key":"PowerPotion"},{"floor":34.0,"key":"FearPotion"},{"floor":36.0,"key":"Swift Potion"},{"floor":41.0,"key":"SteroidPotion"},{"floor":42.0,"key":"Poison Potion"},{"floor":45.0,"key":"ColorlessPotion"},{"floor":50.0,"key":"Block Potion"}],"is_trial":false,"path_per_floor":["M","M","$","?","M","E","R","E","T","M","$","R","$","E","R","B",null,"M","?","$","M","$","E","M","E","T","E","R","?","E","M","R","R","B",null,"M","$","?","$","M","E","M","R","T","E","M","R","T","?","?","R","B","B",null,"R","$","E","B",null],"character_chosen":"THE_SILENT","items_purchased":["Poisoned Stab","Deadly Poison","Poison Potion","Mummified Hand","Wraith Form v2","Lee\u0027s Waffle","Membership Card","Noxious Fumes","PowerPotion","Sadistic Nature","SkillPotion","PiercingWail"],"campfire_rested":0,"item_purchase_floors":[3,3,3,11,11,20,37,37,37,56,56,56],"current_hp_per_floor":[59,54,54,54,52,45,45,34,34,26,26,26,26,20,20,1,45,40,7,67,67,67,65,55,44,44,44,44,44,44,44,44,44,44,61,61,61,61,61,61,61,61,61,61,61,61,61,61,61,66,66,59,41,61,61,61,61,38],"gold":49,"neow_bonus":"TWO_FIFTY_GOLD","is_daily":false,"chose_seed":false,"campfire_upgraded":9,"win_rate":0.0,"timestamp":1614383526,"path_taken":["M","M","$","?","M","E","R","E","T","M","$","R","?","E","R","BOSS","M","?","?","M","$","E","?","E","T","E","R","?","E","M","R","R","BOSS","M","?","?","$","M","E","M","R","T","E","M","R","?","?","?","R","BOSS","BOSS","R","$","E","BOSS"],"items_purchased_type":["Card","Card","Potion","Relic","Card","Relic","Relic","Card","Potion","Card","Potion","Card"],"build_version":"2020-12-22","purchased_purges":5,"victory":true,"max_hp_per_floor":[60,60,60,60,60,60,60,60,60,60,60,60,60,60,60,60,60,60,60,67,67,67,67,67,67,67,67,67,67,67,67,67,67,67,67,67,67,67,67,67,67,67,67,67,67,67,67,67,67,67,67,67,67,67,67,67,67,67],"relic_stats":{"Darkstone Periapt":0,"Lee\u0027s Waffle":60,"counters":[28,175],"CeramicFish":36,"HoveringKite":[44],"Snake Skull":[197],"Orichalcum":[6],"Centennial Puzzle":[34],"Mummified Hand":[88],"obtain_stats":[{"Darkstone Periapt":23,"Lee\u0027s Waffle":20,"CeramicFish":44,"HoveringKite":35,"Thread and Needle":25,"Snake Skull":41,"Omamori":14,"Paper Crane":27,"Orichalcum":57,"White Beast Statue":30,"Old Coin":8,"SlaversCollar":17,"Centennial Puzzle":6,"CaptainsWheel":48,"HornCleat":9,"Mummified Hand":11,"Membership Card":37,"Bottled Lightning":49,"Toy Ornithopter":45,"Ring of the Snake":0,"Pocketwatch":50},{"Darkstone Periapt":11,"Lee\u0027s Waffle":9,"CeramicFish":21,"HoveringKite":17,"Thread and Needle":13,"Snake Skull":20,"Omamori":7,"Paper Crane":14,"Orichalcum":27,"White Beast Statue":15,"Old Coin":5,"SlaversCollar":8,"Centennial Puzzle":4,"CaptainsWheel":23,"HornCleat":5,"Mummified Hand":6,"Membership Card":18,"Bottled Lightning":23,"Toy Ornithopter":22,"Ring of the Snake":0,"Pocketwatch":24},{"Darkstone Periapt":64,"Lee\u0027s Waffle":52,"CeramicFish":131,"HoveringKite":113,"Thread and Needle":86,"Snake Skull":126,"Omamori":32,"Paper Crane":93,"Orichalcum":169,"White Beast Statue":98,"Old Coin":20,"SlaversCollar":45,"Centennial Puzzle":17,"CaptainsWheel":140,"HornCleat":20,"Mummified Hand":24,"Membership Card":118,"Bottled Lightning":140,"Toy Ornithopter":136,"Ring of the Snake":0,"Pocketwatch":144}],"Toy Ornithopter":16,"Ring of the Snake":[58],"Pocketwatch":[11]},"card_choices":[{"not_picked":["Cloak And Dagger","Blade Dance"],"picked":"All Out Attack","floor":1.0},{"not_picked":["Sucker Punch","Cloak And Dagger"],"picked":"Endless Agony","floor":2.0},{"not_picked":["Setup","Sucker Punch","Poisoned Stab"],"picked":"SKIP","floor":5.0},{"not_picked":["Flechettes","Tactician","Riddle With Holes"],"picked":"SKIP","floor":6.0},{"not_picked":["Masterful Stab","Flying Knee"],"picked":"Escape Plan","floor":8.0},{"not_picked":["Poisoned Stab","Setup"],"picked":"Wraith Form v2","floor":10.0},{"not_picked":["Underhanded Strike","Dagger Throw"],"picked":"Crippling Poison","floor":14.0},{"not_picked":["Storm of Steel","Grand Finale"],"picked":"Glass Knife","floor":16.0},{"not_picked":["Outmaneuver","Quick Slash","Backstab"],"picked":"SKIP","floor":18.0},{"not_picked":["Endless Agony","Choke","Dodge and Roll+1"],"picked":"SKIP","floor":21.0},{"not_picked":["PiercingWail","Deflect"],"picked":"Night Terror","floor":23.0},{"not_picked":["Slice","Reflex"],"picked":"Bouncing Flask","floor":24.0},{"not_picked":["Eviscerate","Crippling Poison","Dagger Throw"],"picked":"SKIP","floor":25.0},{"not_picked":["Predator","Accuracy"],"picked":"Bouncing Flask+1","floor":27.0},{"not_picked":["Distraction","Quick Slash","Dagger Throw"],"picked":"SKIP","floor":30.0},{"not_picked":["Quick Slash","Deflect","Blur+1"],"picked":"SKIP","floor":31.0},{"not_picked":["Storm of Steel","Glass Knife"],"picked":"Bullet Time","floor":34.0},{"not_picked":["Deadly Poison","Sucker Punch"],"picked":"Acrobatics+1","floor":36.0},{"not_picked":["Backstab","Eviscerate"],"picked":"Catalyst","floor":40.0},{"not_picked":["Flying Knee","Leg Sweep","Deflect"],"picked":"SKIP","floor":41.0},{"not_picked":["Outmaneuver","Blade Dance","Expertise"],"picked":"SKIP","floor":42.0},{"not_picked":["Choke+1","Caltrops"],"picked":"After Image","floor":45.0},{"not_picked":["Setup+1","Quick Slash+1","Prepared"],"picked":"SKIP","floor":46.0},{"not_picked":["Cloak And Dagger","Dash"],"picked":"Backflip","floor":50.0},{"not_picked":["Leg Sweep","Dagger Spray","Poisoned Stab"],"picked":"SKIP","floor":57}],"player_experience":3058282,"relics_obtained":[{"floor":6.0,"key":"Centennial Puzzle"},{"floor":8.0,"key":"Old Coin"},{"floor":9.0,"key":"HornCleat"},{"floor":14.0,"key":"Omamori"},{"floor":23.0,"key":"Darkstone Periapt"},{"floor":25.0,"key":"Thread and Needle"},{"floor":27.0,"key":"Paper Crane"},{"floor":30.0,"key":"White Beast Statue"},{"floor":41.0,"key":"Snake Skull"},{"floor":44.0,"key":"CeramicFish"},{"floor":45.0,"key":"Toy Ornithopter"},{"floor":48.0,"key":"CaptainsWheel"},{"floor":49.0,"key":"Bottled Lightning"},{"floor":50.0,"key":"Pocketwatch"},{"floor":57,"key":"Orichalcum"}],"event_choices":[{"damage_healed":0.0,"max_hp_gain":0.0,"max_hp_loss":0.0,"gold_gain":0.0,"event_name":"Match and Keep!","player_choice":"0 cards matched","floor":4.0,"gold_loss":0.0,"damage_taken":0.0,"cards_obtained":[]},{"damage_healed":0.0,"max_hp_gain":0.0,"max_hp_loss":0.0,"gold_gain":270.0,"event_name":"Knowing Skull","player_choice":"GOLD GOLD POTION GOLD ","floor":19.0,"potions_obtained":["SteroidPotion"],"gold_loss":0.0,"damage_taken":33.0,"cards_obtained":[]},{"damage_healed":0.0,"max_hp_gain":0.0,"max_hp_loss":0.0,"gold_gain":0.0,"cards_transformed":["Strike_G"],"event_name":"Transmorgrifier","player_choice":"Transformed","floor":29.0,"gold_loss":0.0,"damage_taken":0.0,"cards_obtained":["Tools of the Trade"]},{"cards_removed":["Defend_G"],"damage_healed":0.0,"max_hp_gain":0.0,"max_hp_loss":0.0,"gold_gain":0.0,"event_name":"Falling","player_choice":"Removed Skill","floor":38.0,"gold_loss":0.0,"damage_taken":0.0},{"damage_healed":0.0,"max_hp_gain":0.0,"max_hp_loss":0.0,"gold_gain":0.0,"event_name":"Mysterious Sphere","player_choice":"Fight","floor":50.0,"gold_loss":0.0,"damage_taken":0.0}],"is_beta":false,"boss_relics":[{"not_picked":["SacredBark","Sozu"],"picked":"SlaversCollar"},{"not_picked":["Philosopher\u0027s Stone","Velvet Choker"],"picked":"HoveringKite"}],"items_purged_floors":[3,11,20,37,56],"is_endless":false,"potions_floor_spawned":[2,5,8,23,25,27,30,31,34,36,40,41,42,45,46,50,57],"ascension_level":20}}