{"host":"s0y72fk20o7gee70","time":1614352024,"event":{"mods":["BaseMod","Conspire","Infinite Spire","Minty Spire (QoL Compilation)","Replay The Spire","StSLib","SuperFastMode"],"gold_per_floor":[118,134,409,420,85,116,131,131,157,157,167,187,197,232,232,329,329,339,339,339,236,249,249,17,17,43,71,120,120,137,154,154,259,259,289,289,289,289,72,109,109,61,61,81,105,146,165,201,201,201,201],"floor_reached":50,"language":"ENG","playtime":4602,"items_purged":["Regret","Strike_G","Voices"],"score":860,"play_id":"1f990823-a555-4484-b639-c42ca81688f2","local_time":"20210226120704","is_ascension_mode":false,"campfire_choices":[{"data":"Venomology","floor":10.0,"key":"SMITH"},{"floor":15.0,"key":"REST"},{"data":"infinitespire:NeuralNetwork","floor":23.0,"key":"SMITH"},{"data":"Infinite Blades","floor":25.0,"key":"SMITH"},{"floor":32.0,"key":"REST"},{"data":"ReplayTheSpireMod:Shiv Toss","floor":41.0,"key":"SMITH"},{"floor":49.0,"key":"REST"}],"circlet_count":0,"master_deck":["Strike_G","Strike_G+1","Strike_G","Defend_G","Defend_G","Defend_G","Defend_G","Defend_G","Survivor","Neutralize","Slice","Slice","Slice","Blade Dance+1","Venomology+1","Dagger Spray","Dagger Spray","ReplayTheSpireMod:Scrap Shanks","Finisher","Die Die Die","Infinite Blades+1","infinitespire:NeuralNetwork+1","Adrenaline","Hidden Blade+1","Master of Strategy","Slice+1","Deflect+1","Escape Plan","Blade Dance+1","Tools of the Trade","Blade Dance+1","Specialist","ReplayTheSpireMod:Shiv Toss+1","Deflect","Calculated Gamble+1","Slice+1","Blade Dance+1","ReplayTheSpireMod:The Works+1"],"relics":["PureWater","NeowsBlessing","infinitespire:CheckeredPen","Centennial Puzzle","infinitespire:Cubic Diamond","Vajra","Pen Nib","conspire:RunicOctahedron","ReplayTheSpireMod:CursedCoin","Anchor","infinitespire:Lucky Rock","Whetstone","infinitespire:EvilPickle","conspire:SpecialSausage","Replay:Bottled Snecko","infinitespire:Beetle Shell","Replay:Baseball","ReplayTheSpireMod:Lightbulb","Gremlin Food"],"acts_visited":["Exordium","TheCity","TheBeyond"],"potions_floor_usage":[50,50,50,50],"damage_taken":[{"damage":0.0,"enemies":"conspire:RoseBush","floor":1.0,"turns":1.0},{"damage":0.0,"enemies":"Cultist","floor":2.0,"turns":1.0},{"damage":0.0,"enemies":"Small Slimes","floor":4.0,"turns":1.0},{"damage":21.0,"enemies":"Lagavulin","floor":6.0,"turns":5.0},{"damage":0.0,"enemies":"Exordium Wildlife","floor":7.0,"turns":3.0},{"damage":4.0,"enemies":"Blue Slaver","floor":11.0,"turns":2.0},{"damage":4.0,"enemies":"conspire:2 RoseBushes","floor":12.0,"turns":3.0},{"damage":0.0,"enemies":"Looter","floor":13.0,"turns":2.0},{"damage":1.0,"enemies":"3 Sentries","floor":14.0,"turns":3.0},{"damage":34.0,"enemies":"Hexaghost","floor":16.0,"turns":5.0},{"damage":2.0,"enemies":"Chosen","floor":18.0,"turns":2.0},{"damage":2.0,"enemies":"2 Thieves","floor":22.0,"turns":2.0},{"damage":8.0,"enemies":"Replay:Snechameleon","floor":27.0,"turns":5.0},{"damage":2.0,"enemies":"Centurion and Healer","floor":30.0,"turns":2.0},{"damage":0.0,"enemies":"Cultist and Chosen","floor":31.0,"turns":3.0},{"damage":19.0,"enemies":"Pondfish","floor":33.0,"turns":10.0},{"damage":18.0,"enemies":"3 Shapes","floor":35.0,"turns":4.0},{"damage":3.0,"enemies":"Nemesis","floor":40.0,"turns":3.0},{"damage":0.0,"enemies":"3 Darklings","floor":44.0,"turns":2.0},{"damage":0.0,"enemies":"Jaw Worm Horde","floor":45.0,"turns":1.0},{"damage":20.0,"enemies":"Nightmare","floor":46.0,"turns":3.0},{"damage":1.0,"enemies":"Spire Growth","floor":47.0,"turns":2.0},{"damage":0.0,"enemies":"Giant Head","floor":48.0,"turns":2.0},{"damage":50,"enemies":"infinitespire:MassOfShapes","floor":50,"turns":4}],"seed_played":"1787872938887699101","potions_obtained":[{"floor":1.0,"key":"FearPotion"},{"floor":4.0,"key":"Elixir"},{"floor":6.0,"key":"Dexterity Potion"},{"floor":11.0,"key":"Toxic Potion"},{"floor":14.0,"key":"Strength Potion"},{"floor":22.0,"key":"ColorlessPotion"},{"floor":27.0,"key":"infinitespire:BlackPotion"},{"floor":29.0,"key":"DuplicationPotion"},{"floor":46.0,"key":"Explosive Potion"}],"is_trial":false,"path_per_floor":["M","M","?","M","$","E","M","?","T","R","M","M","M","E","R","B",null,"M","?","?","$","M","R","$","R","T","E","T","?","M","M","R","B",null,"M","?","?","T","$","E","R","$","T","M","M","NM","M","E","R","B"],"character_chosen":"THE_SILENT","items_purchased":["infinitespire:CheckeredPen","ReplayTheSpireMod:CursedCoin","Adrenaline","Master of Strategy","Slice","Specialist","Deflect"],"campfire_rested":3,"item_purchase_floors":[5,21,21,24,24,39,42],"current_hp_per_floor":[70,70,70,70,70,49,49,49,49,49,45,41,41,40,61,27,70,68,68,51,51,49,49,49,49,49,41,41,41,39,39,60,41,70,52,52,52,52,52,49,49,49,49,49,49,29,28,28,49,0,0],"gold":201,"neow_bonus":"THREE_ENEMY_KILL","is_daily":false,"chose_seed":false,"campfire_upgraded":4,"win_rate":0.0,"timestamp":1614352024,"path_taken":["M","M","?","M","$","E","?","?","T","R","M","M","M","E","R","BOSS","M","?","?","?","M","R","$","R","T","E","?","?","?","M","R","BOSS","M","?","?","?","$","E","R","?","T","M","M","NM","M","E","R","BOSS"],"items_purchased_type":["Relic","Relic","Card","Card","Card","Card","Card"],"build_version":"2020-12-13","purchased_purges":3,"victory":false,"max_hp_per_floor":[70,70,70,70,70,70,70,70,70,70,70,70,70,70,70,70,70,70,70,70,70,70,70,70,70,70,70,70,70,70,70,70,70,70,70,70,70,70,70,70,70,70,70,70,70,70,70,70,70,70,70],"card_choices":[{"not_picked":["Well Laid Plans","Blade Dance"],"picked":"Slice","floor":1.0},{"not_picked":["Prepared","Sucker Punch"],"picked":"Slice","floor":2.0},{"not_picked":["Deadly Poison","Tactician"],"picked":"Slice","floor":4.0},{"not_picked":["Deadly Poison","ReplayTheSpireMod:The Works"],"picked":"Blade Dance","floor":6.0},{"not_picked":["Tactician","Fluid Movement"],"picked":"Venomology","floor":7.0},{"not_picked":["Outmaneuver","Sucker Punch"],"picked":"Dagger Spray","floor":11.0},{"not_picked":["Terror","Quick Slash"],"picked":"Dagger Spray","floor":12.0},{"not_picked":["Flying Knee","Underhanded Strike"],"picked":"ReplayTheSpireMod:Scrap Shanks","floor":13.0},{"not_picked":["Outmaneuver","Heel Hook"],"picked":"Finisher","floor":14.0},{"not_picked":["Bullet Time","Doppelganger"],"picked":"Die Die Die","floor":16.0},{"not_picked":["Flechettes","Dodge and Roll","Flying Knee"],"picked":"SKIP","floor":18.0},{"not_picked":["infinitespire:Fortify","ReplayTheSpireMod:Echoes of Time"],"picked":"infinitespire:NeuralNetwork","floor":20.0},{"not_picked":["Flying Knee","Sucker Punch"],"picked":"Hidden Blade+1","floor":22.0},{"not_picked":["Dagger Spray","Quick Slash+1"],"picked":"Deflect+1","floor":27.0},{"not_picked":["PiercingWail","Toxin Wave+1"],"picked":"Escape Plan","floor":30.0},{"not_picked":["Acrobatics","Fluid Movement"],"picked":"Blade Dance+1","floor":31.0},{"not_picked":["Poison Darts","Unload"],"picked":"Tools of the Trade","floor":33.0},{"not_picked":["ReplayTheSpireMod:Speed Training+1","Quick Slash+1"],"picked":"Blade Dance+1","floor":35.0},{"not_picked":["Crippling Poison+1","Backflip+1"],"picked":"ReplayTheSpireMod:Shiv Toss","floor":40.0},{"not_picked":["Dodge and Roll","Underhanded Strike+1","Deadly Poison"],"picked":"SKIP","floor":44.0},{"not_picked":["Crippling Poison+1","Dodge and Roll+1"],"picked":"Calculated Gamble+1","floor":45.0},{"not_picked":["Flying Knee+1","PiercingWail"],"picked":"Slice+1","floor":46.0},{"not_picked":["Slice","Prepared"],"picked":"Blade Dance+1","floor":47.0},{"not_picked":["Sucker Punch","Acrobatics+1"],"picked":"ReplayTheSpireMod:The Works+1","floor":48.0}],"player_experience":170,"relics_obtained":[{"floor":6.0,"key":"Centennial Puzzle"},{"floor":9.0,"key":"Vajra"},{"floor":14.0,"key":"Pen Nib"},{"floor":26.0,"key":"Anchor"},{"floor":27.0,"key":"infinitespire:Lucky Rock"},{"floor":28.0,"key":"Whetstone"},{"floor":38.0,"key":"Replay:Bottled Snecko"},{"floor":40.0,"key":"infinitespire:Beetle Shell"},{"floor":43.0,"key":"Replay:Baseball"},{"floor":46.0,"key":"ReplayTheSpireMod:Lightbulb"},{"floor":48.0,"key":"Gremlin Food"}],"event_choices":[{"damage_healed":0.0,"max_hp_gain":0.0,"max_hp_loss":0.0,"gold_gain":275.0,"event_name":"Golden Shrine","player_choice":"Desecrate","floor":3.0,"gold_loss":0.0,"damage_taken":0.0,"cards_obtained":["Regret"]},{"damage_healed":0.0,"max_hp_gain":0.0,"max_hp_loss":0.0,"gold_gain":0.0,"event_name":"The Library","player_choice":"Read","floor":19.0,"gold_loss":0.0,"damage_taken":0.0,"cards_obtained":["Infinite Blades"]},{"damage_healed":0.0,"max_hp_gain":0.0,"max_hp_loss":0.0,"gold_gain":0.0,"event_name":"Lab","player_choice":"Got Potions","floor":29.0,"gold_loss":0.0,"damage_taken":0.0},{"damage_healed":0.0,"max_hp_gain":0.0,"max_hp_loss":0.0,"gold_gain":0.0,"event_name":"conspire:Investor","player_choice":"Leave","floor":36.0,"gold_loss":0.0,"damage_taken":0.0},{"cards_removed":["Strike_G"],"damage_healed":0.0,"max_hp_gain":0.0,"max_hp_loss":0.0,"gold_gain":0.0,"event_name":"Falling","player_choice":"Removed Attack","floor":37.0,"gold_loss":0.0,"damage_taken":0.0}],"is_beta":false,"boss_relics":[{"not_picked":["Velvet Choker","Replay:Drink Me"],"picked":"conspire:RunicOctahedron"},{"not_picked":["Philosopher\u0027s Stone","Ring of Chaos"],"picked":"conspire:SpecialSausage"}],"items_purged_floors":[5,21,39],"is_endless":true,"potions_floor_spawned":[1,4,6,11,14,22,27,30,40,46,47],"killed_by":"infinitespire:MassOfShapes","ascension_level":0}}