{"host":"ywif2ugnepgiw45s","time":1614382025,"event":{"mods":["Act Like it!","BaseMod","Better Skull","Bossed Relics","Downfall","GifTheSpireLib","Gremlin Mod","Hermit","Lobotomy","Mimic Mod","Minty Spire (QoL Compilation)","Quick Restart","READ ME - Guardian Mod","Replay The Spire","Shade Mod","Shapeshifter Mod","Shop Mod","StSLib","The Cursed","The Exalted","The Hierophant","The Jungle","The Necromancer","The Servant 0.9.4"],"gold_per_floor":[20,36,50,20,33,58,58,86,86,86,86,112,131,149,165,177,177,273,273,288,302,26,26,26],"floor_reached":23,"language":"ENG","playtime":1046,"items_purged":["Strike_W"],"score":269,"play_id":"7cb27829-d0fc-4c02-a6d0-a7223ff6444a","local_time":"20210226182705","is_ascension_mode":true,"campfire_choices":[{"floor":7,"key":"REST"},{"data":"Bones_to_Steel","floor":17,"key":"SMITH"}],"circlet_count":0,"master_deck":["Strike_W","Strike_W","Defend_W","Defend_W","Defend_W+1","Negative_Energy_Arrows","Bone_Wall","Bones_to_Steel+1","Blood_Wake","Summon_Undead","Bone_Armory","Bone_Bullets","Stop_Heart","Spectral_Walk","Consume_Illness+1","Summon_Lich","Necrotic_Claws","Plague_Bolt","Summon_Death_Knight","AbeCurse","Toxic_Smoke_Screen"],"relics":["Vampire_Amulet","Replay:Bottled Snecko","Replay:Kaleidoscope","Matryoshka","Eternal Feather","Abe\u0027s Treasure","War Paint"],"acts_visited":["Exordium","Exordium"],"potions_floor_usage":[8,8,12,15,16],"damage_taken":[{"damage":3,"enemies":"Cultist","floor":1,"turns":4},{"damage":2,"enemies":"Jaw Worm","floor":2,"turns":4},{"damage":4,"enemies":"2 Louse","floor":3,"turns":4},{"damage":37,"enemies":"Large Slime","floor":5,"turns":7},{"damage":32,"enemies":"Gremlin Nob","floor":6,"turns":5},{"damage":7,"enemies":"Lagavulin","floor":8,"turns":6},{"damage":22,"enemies":"Gremlin Nob","floor":12,"turns":4},{"damage":0,"enemies":"3 Louse","floor":13,"turns":1},{"damage":3,"enemies":"Gremlin Gang","floor":14,"turns":2},{"damage":6,"enemies":"Lots of Slimes","floor":15,"turns":2},{"damage":3,"enemies":"Looter","floor":16,"turns":4},{"damage":36,"enemies":"The Guardian","floor":18,"turns":9},{"damage":22,"enemies":"Shell Parasite","floor":20,"turns":6},{"damage":26,"enemies":"theJungle:Flameango_and_Byrd","floor":21,"turns":6},{"damage":27,"enemies":"JungleHuntersEvent","floor":23,"turns":3}],"seed_played":"5404699412240023042","potions_obtained":[{"floor":2,"key":"ColorlessPotion"},{"floor":4,"key":"GamblersBrew"},{"floor":4,"key":"champ:CounterPotion"},{"floor":5,"key":"PowerPotion"},{"floor":8,"key":"sneckomod:MuddlingPotion"},{"floor":15,"key":"Adrenaline Potion"},{"floor":16,"key":"Fire Potion"},{"floor":20,"key":"BlessingOfTheForge"},{"floor":21,"key":"SteroidPotion"}],"is_trial":false,"path_per_floor":["M","M","M","?","M","E","R","E","PTL","PTL","T","E","M","M","M","M","R","B",null,"M","M","$","?"],"character_chosen":"NECROMANCER","items_purchased":["War Paint","Toxic_Smoke_Screen"],"campfire_rested":1,"item_purchase_floors":[22,22],"current_hp_per_floor":[74,74,74,74,60,30,52,47,47,47,47,27,33,38,42,41,50,16,60,43,24,24,0,0],"gold":26,"neow_bonus":"TRANSFORM_TWO_CARDS","is_daily":false,"chose_seed":false,"campfire_upgraded":1,"win_rate":0.0,"timestamp":1614382025,"path_taken":["M","M","M","?","M","E","R","E","PTL","PTL","T","E","M","?","?","M","R","BOSS","M","M","$","?"],"items_purchased_type":["Relic","Card"],"build_version":"2020-12-22","purchased_purges":1,"victory":false,"max_hp_per_floor":[75,75,75,75,75,75,75,75,75,75,75,75,75,75,75,75,75,75,75,75,75,75,75,75],"card_choices":[{"not_picked":["Toxic_Smoke_Screen","Death_March_Dance"],"picked":"Summon_Undead","floor":1},{"not_picked":["Bone_Bullets","Consume_Illness"],"picked":"Bone_Armory","floor":2},{"not_picked":["Deaths_Shadow","Chill_Blood"],"picked":"Bone_Bullets","floor":3},{"not_picked":["Death_Coil","Chill_Blood"],"picked":"Stop_Heart","floor":5},{"not_picked":["Requiem","Deaths_Shadow"],"picked":"Spectral_Walk","floor":6},{"not_picked":["Corrupt","Violent_Necrosis"],"picked":"Consume_Illness","floor":8},{"not_picked":["Life_Tap","Bones_to_Steel","Bone_Prison"],"picked":"SKIP","floor":12},{"not_picked":["Blood_Curse","Chill_Blood","Strike_from_Beyond"],"picked":"SKIP","floor":13},{"not_picked":["Bone_Armor","Blood_Shield"],"picked":"Summon_Lich","floor":14},{"not_picked":["Death_March_Dance","Consume_Illness"],"picked":"Necrotic_Claws","floor":15},{"not_picked":["Whirlwind_of_Bones","Blood_Shield"],"picked":"Plague_Bolt","floor":16},{"not_picked":["Hellfire","Reap_The_Weak"],"picked":"Summon_Death_Knight","floor":18},{"not_picked":["Bone_Spikes","Death_March_Dance+1","Blood_Shield+1"],"picked":"SKIP","floor":20},{"not_picked":["Thousand_Bone_Knives","Acid_Javelin","Blood_Curse"],"picked":"SKIP","floor":21}],"player_experience":1842611,"relics_obtained":[{"floor":6,"key":"Replay:Bottled Snecko"},{"floor":8,"key":"Replay:Kaleidoscope"},{"floor":11,"key":"Matryoshka"},{"floor":12,"key":"Eternal Feather"}],"event_choices":[{"damage_healed":0,"gold_gain":0,"player_choice":"Bought 2 Potions","damage_taken":0,"max_hp_gain":0,"max_hp_loss":0,"event_name":"The Woman in Blue","floor":4,"gold_loss":0}],"is_beta":false,"boss_relics":[{"not_picked":["ReplayTheSpireMod:DimensionalGlitch","Replay:Drink Me"],"picked":"Abe\u0027s Treasure"}],"items_purged_floors":[22],"is_endless":false,"potions_floor_spawned":[2,5,6,8,15,16,20,21],"killed_by":"JungleHuntersEvent","ascension_level":5}}