{"host":"ws4mzzemcqsz5e2k","time":1614342761,"event":{"mods":["Act Like it!","BaseMod","Bossed Relics","Colored Powertips","Minty Spire (QoL Compilation)","Quick Restart","Shop Mod","StSLib","【遗物Mod】简单游戏","篝火指南"],"gold_per_floor":[116,136,136,211,211,242,242,269,269,269,194,207,224,235,235,309,309,326,326,338,353,253,253,253],"floor_reached":23,"language":"ZHS","playtime":1309,"items_purged":["Strike_G","Strike_G"],"score":602,"play_id":"4725bb38-ae88-4857-ade7-4492afabae21","local_time":"20210226203241","daily_mods":["Heirloom","Uncertain Future"],"is_ascension_mode":true,"campfire_choices":[{"data":"Blade Dance","floor":7.0,"key":"SMITH"},{"data":"Strike_G","floor":10.0,"key":"PURGE"},{"data":"Strike_G","floor":15.0,"key":"PURGE"}],"circlet_count":0,"master_deck":["AscendersBane","Strike_G","Defend_G+1","Defend_G","Defend_G","Defend_G","Defend_G","Survivor","Neutralize+1","Blade Dance+1","Accuracy","Finisher","J.A.X."],"relics":["Ring of the Snake","EasyRelic","Peace Pipe","Eternal Feather","Pen Nib","Kunai"],"acts_visited":["Exordium","TheCity"],"potions_floor_usage":[],"damage_taken":[{"damage":0.0,"enemies":"2 Louse","floor":1.0,"turns":3.0},{"damage":0.0,"enemies":"Small Slimes","floor":2.0,"turns":3.0},{"damage":13.0,"enemies":"Lagavulin","floor":6.0,"turns":8.0},{"damage":8.0,"enemies":"Gremlin Nob","floor":8.0,"turns":3.0},{"damage":0.0,"enemies":"Jaw Worm","floor":12.0,"turns":2.0},{"damage":0.0,"enemies":"2 Fungi Beasts","floor":13.0,"turns":1.0},{"damage":0.0,"enemies":"3 Louse","floor":14.0,"turns":3.0},{"damage":2.0,"enemies":"The Guardian","floor":16.0,"turns":7.0},{"damage":2.0,"enemies":"3 Byrds","floor":18.0,"turns":4.0},{"damage":3,"enemies":"Spheric Guardian","floor":20,"turns":3},{"damage":18,"enemies":"3 Cultists","floor":21,"turns":5},{"damage":41,"enemies":"Gremlin Leader","floor":23,"turns":4}],"seed_played":"-4816857300153837744","potions_obtained":[{"floor":2.0,"key":"Block Potion"},{"floor":8.0,"key":"BlessingOfTheForge"},{"floor":12.0,"key":"FearPotion"},{"floor":14.0,"key":"PowerPotion"}],"is_trial":true,"path_per_floor":["M","M","?","?","?","E","R","E","T","R","$","M","M","M","R","B",null,"M","?","M","M","$","E"],"character_chosen":"THE_SILENT","items_purchased":[],"campfire_rested":0,"item_purchase_floors":[],"current_hp_per_floor":[59,59,39,28,33,20,29,21,21,30,30,30,30,30,36,34,62,60,60,57,39,39,0,0],"gold":253,"neow_bonus":"","is_daily":false,"chose_seed":false,"campfire_upgraded":1,"win_rate":0.0,"timestamp":1614342761,"path_taken":["M","M","?","?","?","E","R","E","T","R","$","M","M","M","R","BOSS","M","?","M","M","$","E"],"items_purchased_type":[],"build_version":"2020-12-22","purchased_purges":2,"victory":false,"max_hp_per_floor":[66,66,66,66,71,71,71,71,71,71,71,71,71,71,71,71,71,71,71,71,71,71,71,71],"card_choices":[{"not_picked":["Flying Knee","Acrobatics"],"picked":"Blade Dance","floor":1.0},{"not_picked":["Prepared","Dodge and Roll"],"picked":"Accuracy","floor":2.0},{"not_picked":["Heel Hook","Riddle With Holes","Skewer"],"picked":"SKIP","floor":6.0},{"not_picked":["Acrobatics","Underhanded Strike"],"picked":"Finisher","floor":8.0},{"not_picked":["Dagger Throw","Finisher","Masterful Stab"],"picked":"SKIP","floor":12.0},{"not_picked":["Dagger Throw","Finisher","Masterful Stab"],"picked":"SKIP","floor":12.0},{"not_picked":["PiercingWail","Backstab","Eviscerate"],"picked":"SKIP","floor":13.0},{"not_picked":["Deflect","Setup","Choke"],"picked":"SKIP","floor":14.0},{"not_picked":["Deflect","Dagger Spray","Prepared"],"picked":"SKIP","floor":18.0},{"not_picked":["Concentrate","PiercingWail+1","Flechettes"],"picked":"SKIP","floor":20},{"not_picked":["Masterful Stab","Dagger Spray","Infinite Blades"],"picked":"SKIP","floor":21}],"player_experience":1624104,"relics_obtained":[{"floor":6.0,"key":"Eternal Feather"},{"floor":8.0,"key":"Pen Nib"},{"floor":9.0,"key":"Kunai"}],"event_choices":[{"damage_healed":0.0,"max_hp_gain":0.0,"max_hp_loss":0.0,"gold_gain":0.0,"event_name":"Shining Light","player_choice":"Entered Light","floor":3.0,"gold_loss":0.0,"damage_taken":20.0,"cards_upgraded":["Neutralize","Defend_G"]},{"damage_healed":0.0,"max_hp_gain":0.0,"max_hp_loss":0.0,"gold_gain":75.0,"event_name":"World of Goop","player_choice":"Gather Gold","floor":4.0,"gold_loss":0.0,"damage_taken":11.0},{"damage_healed":0.0,"max_hp_gain":5.0,"max_hp_loss":0.0,"gold_gain":0.0,"event_name":"Big Fish","player_choice":"Donut","floor":5.0,"gold_loss":0.0,"damage_taken":0.0},{"damage_healed":0.0,"max_hp_gain":0.0,"max_hp_loss":0.0,"gold_gain":0.0,"event_name":"Drug Dealer","player_choice":"Obtain J.A.X.","floor":19.0,"gold_loss":0.0,"damage_taken":0.0,"cards_obtained":["J.A.X."]}],"is_beta":false,"boss_relics":[{"not_picked":["Ectoplasm","Busted Crown","Velvet Choker"]}],"items_purged_floors":[11,22],"is_endless":true,"potions_floor_spawned":[2,8,12,14],"killed_by":"Gremlin Leader","ascension_level":20}}