{"host":"7sni158j623xchr2","time":1614326236,"event":{"mods":["BaseMod","Colored Map","Highlight Path","Minty Spire (QoL Compilation)","Permanent Neow","Potion Indicator Mod","Rare Cards Sparkle","Relic Sorter","Relic Stats","StSLib","everything is the same but u backflip on backflip"],"gold_per_floor":[365,365,380,391,113,113,139,139,139,158,158,158,158,185,185,282,282,294,3,3,3,78,412,412,440,495,495,514,524,535,90,90,191,191,209,227,49,49,59,59,79,96,96,125,125,153,164,192,192,192,192,192,40,65,65,65],"floor_reached":55,"language":"ENG","playtime":1878,"items_purged":["Defend_G","Strike_G","Strike_G"],"score":1035,"play_id":"c62f00a0-663a-49e2-a980-e81c263cd92b","local_time":"20210226015716","is_ascension_mode":true,"campfire_choices":[{"data":"All Out Attack","floor":6,"key":"SMITH"},{"data":"Terror","floor":8,"key":"SMITH"},{"data":"Deadly Poison","floor":11,"key":"SMITH"},{"data":"Bane","floor":13,"key":"SMITH"},{"data":"Neutralize","floor":15,"key":"SMITH"},{"data":"Glass Knife","floor":24,"key":"SMITH"},{"data":"Footwork","floor":27,"key":"SMITH"},{"data":"Phantasmal Killer","floor":32,"key":"SMITH"},{"floor":40,"key":"RECALL"},{"data":"Phantasmal Killer","floor":45,"key":"SMITH"},{"data":"Burst","floor":49,"key":"SMITH"},{"data":"Crippling Poison","floor":52,"key":"SMITH"}],"circlet_count":0,"master_deck":["Strike_G+1","Defend_G+1","Defend_G","Defend_G","Defend_G","Survivor","Neutralize+1","Masterful Stab","Bane+1","All Out Attack+1","Terror+1","Deadly Poison+1","Footwork+1","Glass Knife+1","Deflect","Dark Shackles","Footwork+1","Dodge and Roll+1","PiercingWail","Well Laid Plans","Phantasmal Killer+1","Acrobatics","Phantasmal Killer+1","Bouncing Flask+1","Catalyst+1","Deflect+1","Venomology","Reflex","Burst+1","Crippling Poison+1","Dodge and Roll+1"],"relics":["Ring of the Snake","Membership Card","Happy Flower","Matryoshka","StoneCalendar","Coffee Dripper","OrangePellets","Kunai","Old Coin","Bottled Tornado","Bag of Preparation","Tingsha","Meat on the Bone","SacredBark","Orrery","HornCleat","Gremlin Horn","Frozen Egg 2","Smiling Mask","Eternal Feather","Anchor","Strange Spoon","Pear"],"acts_visited":["Exordium","TheCity","TheBeyond","TheEnding"],"potions_floor_usage":[7,7,14,18,25,33,39,42,44,46,47,47,48,50,54,54,55,55,55],"damage_taken":[{"damage":3,"enemies":"Small Slimes","floor":1,"turns":5},{"damage":0,"enemies":"Jaw Worm","floor":3,"turns":4},{"damage":0,"enemies":"2 Louse","floor":4,"turns":2},{"damage":0,"enemies":"Gremlin Nob","floor":7,"turns":2},{"damage":0,"enemies":"Exordium Wildlife","floor":10,"turns":2},{"damage":10,"enemies":"Lagavulin","floor":14,"turns":3},{"damage":0,"enemies":"Hexaghost","floor":16,"turns":7},{"damage":7,"enemies":"Shell Parasite","floor":18,"turns":2},{"damage":5,"enemies":"Gremlin Leader","floor":23,"turns":5},{"damage":14,"enemies":"Book of Stabbing","floor":25,"turns":5},{"damage":0,"enemies":"Spheric Guardian","floor":28,"turns":3},{"damage":0,"enemies":"Shelled Parasite and Fungi","floor":29,"turns":5},{"damage":0,"enemies":"Cultist and Chosen","floor":30,"turns":5},{"damage":11,"enemies":"Collector","floor":33,"turns":8},{"damage":8,"enemies":"Orb Walker","floor":35,"turns":3},{"damage":11,"enemies":"3 Darklings","floor":36,"turns":5},{"damage":0,"enemies":"Maw","floor":39,"turns":6},{"damage":50,"enemies":"Jaw Worm Horde","floor":41,"turns":4},{"damage":8,"enemies":"Sphere and 2 Shapes","floor":42,"turns":6},{"damage":15,"enemies":"Reptomancer","floor":44,"turns":7},{"damage":0,"enemies":"Giant Head","floor":46,"turns":6},{"damage":0,"enemies":"Spire Growth","floor":47,"turns":4},{"damage":0,"enemies":"Reptomancer","floor":48,"turns":7},{"damage":26,"enemies":"Awakened One","floor":50,"turns":17},{"damage":61,"enemies":"Shield and Spear","floor":54,"turns":10},{"damage":32,"enemies":"The Heart","floor":55,"turns":6}],"seed_played":"-586347211999396738","potions_obtained":[{"floor":1,"key":"SkillPotion"},{"floor":4,"key":"EssenceOfSteel"},{"floor":10,"key":"DuplicationPotion"},{"floor":14,"key":"Fire Potion"},{"floor":16,"key":"SteroidPotion"},{"floor":23,"key":"Strength Potion"},{"floor":36,"key":"SneckoOil"},{"floor":44,"key":"Fire Potion"},{"floor":47,"key":"SpeedPotion"}],"is_trial":false,"path_per_floor":["M","?","M","M","$","R","E","R","T","M","R","?","R","E","R","B",null,"M","$","?","$","?","E","R","E","T","R","M","M","M","$","R","B",null,"M","M","$","?","M","R","M","M","T","E","R","E","M","E","R","B",null,"R","$","E","B"],"character_chosen":"THE_SILENT","items_purchased":["Membership Card","All Out Attack","Poison Potion","BlessingOfTheForge","OrangePellets","Kunai","Dark Shackles","GhostInAJar","Phantasmal Killer","Acrobatics","Tingsha","Fire Potion","Meat on the Bone","Orrery","Venomology","Anchor","Strange Spoon"],"campfire_rested":0,"item_purchase_floors":[5,5,5,5,19,19,19,19,31,31,31,31,31,37,37,53,53],"current_hp_per_floor":[60,47,47,47,47,47,47,47,47,47,47,40,40,30,30,30,63,56,56,56,56,50,45,45,31,31,31,31,31,31,31,31,32,63,55,44,44,44,44,44,37,41,41,38,38,38,38,38,56,42,63,63,63,24,0,0],"gold":65,"neow_bonus":"TWO_FIFTY_GOLD","is_daily":false,"chose_seed":false,"campfire_upgraded":11,"win_rate":0.0,"timestamp":1614326236,"path_taken":["M","?","M","M","$","R","E","R","T","M","R","?","R","E","R","BOSS","M","$","?","$","?","E","R","E","T","R","M","M","M","$","R","BOSS","M","M","$","?","M","R","M","M","T","E","R","E","M","E","R","BOSS","R","$","E","BOSS"],"items_purchased_type":["Relic","Card","Potion","Potion","Relic","Relic","Card","Potion","Card","Card","Relic","Potion","Relic","Relic","Card","Relic","Relic"],"build_version":"2020-12-22","purchased_purges":3,"victory":false,"max_hp_per_floor":[63,63,63,63,63,63,63,63,63,63,63,63,63,63,63,63,63,63,63,63,63,63,63,63,63,63,63,63,63,63,63,63,63,63,63,63,63,63,63,63,63,63,63,63,63,63,63,63,63,63,63,63,63,73,73,73],"relic_stats":{"Happy Flower":[42],"Gremlin Horn":[14,14],"counters":[26,139],"StoneCalendar":[140],"Tingsha":[75],"Eternal Feather":18,"Bag of Preparation":[32],"Smiling Mask":0,"OrangePellets":[7],"Strange Spoon":[4],"Kunai":[15],"obtain_stats":[{"Pear":54,"Happy Flower":7,"Gremlin Horn":43,"SacredBark":34,"StoneCalendar":14,"Tingsha":31,"Eternal Feather":48,"Bag of Preparation":26,"Bottled Tornado":25,"Frozen Egg 2":44,"Smiling Mask":46,"Old Coin":23,"OrangePellets":19,"Strange Spoon":53,"Anchor":53,"Matryoshka":9,"HornCleat":43,"Orrery":37,"Coffee Dripper":17,"Membership Card":5,"Kunai":19,"Ring of the Snake":0,"Meat on the Bone":31},{"Pear":25,"Happy Flower":4,"Gremlin Horn":19,"SacredBark":14,"StoneCalendar":6,"Tingsha":13,"Eternal Feather":23,"Bag of Preparation":10,"Bottled Tornado":10,"Frozen Egg 2":20,"Smiling Mask":21,"Old Coin":9,"OrangePellets":8,"Strange Spoon":24,"Anchor":24,"Matryoshka":4,"HornCleat":19,"Orrery":16,"Coffee Dripper":7,"Membership Card":3,"Kunai":8,"Ring of the Snake":0,"Meat on the Bone":13},{"Pear":133,"Happy Flower":13,"Gremlin Horn":82,"SacredBark":58,"StoneCalendar":18,"Tingsha":50,"Eternal Feather":106,"Bag of Preparation":37,"Bottled Tornado":37,"Frozen Egg 2":89,"Smiling Mask":95,"Old Coin":32,"OrangePellets":27,"Strange Spoon":123,"Anchor":123,"Matryoshka":13,"HornCleat":82,"Orrery":66,"Coffee Dripper":25,"Membership Card":11,"Kunai":27,"Ring of the Snake":0,"Meat on the Bone":50}],"Ring of the Snake":[52],"Meat on the Bone":60},"card_choices":[{"not_picked":["Leg Sweep","Backflip"],"picked":"Masterful Stab","floor":1},{"not_picked":["Tactician","Outmaneuver","Blade Dance"],"picked":"SKIP","floor":3},{"not_picked":["Dodge and Roll","Dagger Throw"],"picked":"Bane","floor":4},{"not_picked":["Concentrate","Malaise"],"picked":"Terror","floor":7},{"not_picked":["Blade Dance","Dagger Spray"],"picked":"Deadly Poison","floor":10},{"not_picked":["Acrobatics","Riddle With Holes"],"picked":"Footwork","floor":14},{"not_picked":["Phantasmal Killer","Malaise"],"picked":"Glass Knife","floor":16},{"not_picked":["Flying Knee","Underhanded Strike"],"picked":"Deflect","floor":18},{"not_picked":["Escape Plan+1","Setup"],"picked":"Footwork+1","floor":23},{"not_picked":["Deflect","Flying Knee+1"],"picked":"Dodge and Roll+1","floor":25},{"not_picked":["Flying Knee+1","Acrobatics"],"picked":"PiercingWail","floor":28},{"not_picked":["Choke","Poisoned Stab"],"picked":"Well Laid Plans","floor":29},{"not_picked":["Noxious Fumes","Expertise","Prepared"],"picked":"SKIP","floor":30},{"not_picked":["Doppelganger","Unload"],"picked":"Phantasmal Killer","floor":33},{"not_picked":["Backstab+1","Underhanded Strike+1"],"picked":"Bouncing Flask+1","floor":35},{"not_picked":["Acrobatics","Terror","Bane"],"picked":"SKIP","floor":36},{"not_picked":["Noxious Fumes+1","Night Terror"],"picked":"Catalyst+1","floor":37},{"not_picked":["Distraction","Deadly Poison"],"picked":"Deflect+1","floor":37},{"not_picked":["Deadly Poison+1","Quick Slash+1","Bane"],"picked":"SKIP","floor":39},{"not_picked":["Skewer","Footwork","Sucker Punch"],"picked":"SKIP","floor":41},{"not_picked":["Underhanded Strike+1","Flying Knee","Cloak And Dagger+1"],"picked":"SKIP","floor":42},{"not_picked":["Blade Dance+1","Poisoned Stab"],"picked":"Burst","floor":44},{"not_picked":["Riddle With Holes","Masterful Stab"],"picked":"Crippling Poison","floor":46},{"not_picked":["Masterful Stab+1","Deflect"],"picked":"Dodge and Roll+1","floor":47},{"not_picked":["Cloak And Dagger+1","Dagger Throw","Skewer"],"picked":"SKIP","floor":48},{"not_picked":["Blade Dance+1","Prepared+1","Terror"],"picked":"SKIP","floor":54}],"player_experience":1857492,"relics_obtained":[{"floor":7,"key":"Happy Flower"},{"floor":9,"key":"Matryoshka"},{"floor":14,"key":"StoneCalendar"},{"floor":23,"key":"Old Coin"},{"floor":25,"key":"Bottled Tornado"},{"floor":26,"key":"Bag of Preparation"},{"floor":43,"key":"HornCleat"},{"floor":43,"key":"Gremlin Horn"},{"floor":44,"key":"Frozen Egg 2"},{"floor":46,"key":"Smiling Mask"},{"floor":48,"key":"Eternal Feather"},{"floor":54,"key":"Pear"}],"event_choices":[{"damage_healed":0,"gold_gain":0,"player_choice":"Entered Light","damage_taken":13,"max_hp_gain":0,"max_hp_loss":0,"event_name":"Shining Light","floor":2,"gold_loss":0,"cards_upgraded":["Defend_G","Strike_G"]},{"cards_removed":["Strike_G"],"damage_healed":0,"gold_gain":0,"player_choice":"Card Removal","damage_taken":7,"max_hp_gain":0,"max_hp_loss":0,"event_name":"Golden Wing","floor":12,"gold_loss":0},{"damage_healed":0,"gold_gain":0,"player_choice":"Ignored","damage_taken":0,"max_hp_gain":0,"max_hp_loss":0,"event_name":"Vampires","floor":20,"gold_loss":0},{"damage_healed":0,"gold_gain":75,"player_choice":"Touch","damage_taken":6,"max_hp_gain":0,"max_hp_loss":0,"event_name":"FaceTrader","floor":22,"gold_loss":0},{"damage_healed":0,"gold_gain":0,"cards_transformed":["Strike_G"],"player_choice":"Transformed","damage_taken":0,"max_hp_gain":0,"max_hp_loss":0,"event_name":"Transmorgrifier","floor":38,"gold_loss":0,"cards_obtained":["Reflex"]}],"is_beta":false,"boss_relics":[{"not_picked":["Sozu","Snecko Eye"],"picked":"Coffee Dripper"},{"not_picked":["WristBlade","Calling Bell"],"picked":"SacredBark"}],"items_purged_floors":[5,31,37],"is_endless":false,"potions_floor_spawned":[1,4,10,14,16,23,36,39,44,47],"killed_by":"The Heart","ascension_level":3}}