{"host":"miczq86z2i77lhk7","time":1614369362,"event":{"mods":["AchievementEnabler","BaseMod","Colored Map","Colored Powertips","Downfall","Highlight Path","Lobotomy","LobotomyExtend","Minty Spire (QoL Compilation)","Replay The Spire","StSLib"],"gold_per_floor":[119,119,119,119,44,78,78,26,49,15,15,32,32,43,43,148,148,163,174,174,187,80,109,109,127,127,147,147,147,147],"floor_reached":29,"language":"ENG","playtime":2165,"items_purged":["Defend_R"],"score":291,"play_id":"5e59613d-a573-4a1b-9a33-79a7938222c7","local_time":"20210226205602","is_ascension_mode":false,"campfire_choices":[{"data":"Neutralize","floor":7.0,"key":"SMITH"},{"data":"Pommel Strike","floor":11.0,"key":"SMITH"},{"data":"Spot Weakness","floor":13.0,"key":"SMITH"},{"floor":15.0,"key":"DIG"},{"data":"Shrug It Off","floor":24,"key":"SMITH"},{"data":"True Grit","floor":28,"key":"SMITH"}],"circlet_count":0,"master_deck":["Apo_SoulSlash","Apo_Charge","Apo_Charge","Apo_Charge","Apo_Charge","Apo_Beam","Apo_Beam","Apo_Beam","Apo_Execute","Apo_Slash","Apo_Slash","Apo_SoulSlash","Shrug It Off+1","Finesse","OldLady","Fire Breathing","OSAHOGD","True Grit+1","QueenOfHatred","Flex"],"relics":["Burning Blood","CogitoBucket","LetterFromLob","Replay:Towering Pillar of Hats","PreservedInsect","White Beast Statue","Empty Cage","Theresia","ApostleMask","Vajra","FleshIdol","Pet Ghost"],"acts_visited":["Exordium","TheCity"],"potions_floor_usage":[],"damage_taken":[{"damage":3.0,"enemies":"2 Louse","floor":1.0,"turns":3.0},{"damage":13.0,"enemies":"3 Sentries","floor":6.0,"turns":4.0},{"damage":0.0,"enemies":"Small Slimes","floor":12.0,"turns":2.0},{"damage":0.0,"enemies":"Jaw Worm","floor":14.0,"turns":2.0},{"damage":26.0,"enemies":"Slime Boss","floor":16.0,"turns":10.0},{"damage":0.0,"enemies":"Spheric Guardian","floor":18.0,"turns":1.0},{"damage":1,"enemies":"Chosen","floor":19,"turns":5},{"damage":9,"enemies":"Sentry and Sphere","floor":21,"turns":3},{"damage":4,"enemies":"Book of Stabbing","floor":23,"turns":2},{"damage":42,"enemies":"Snecko","floor":25,"turns":5},{"damage":10,"enemies":"Centurion and Healer","floor":27,"turns":4}],"seed_played":"8581996547840127070","potions_obtained":[{"floor":1.0,"key":"Swift Potion"},{"floor":16.0,"key":"SkillPotion"},{"floor":18.0,"key":"BlessingOfTheForge"},{"floor":19,"key":"champ:CounterPotion"},{"floor":21,"key":"HeartOfIron"}],"is_trial":false,"path_per_floor":["M","?","?","?","$","E","R","$","T","$","R","M","R","M","R_BF","B",null,"M","M","M","M","$","E","R","M","T","M","R","M"],"character_chosen":"IRONCLAD","items_purchased":["Pommel Strike","Shrug It Off+1","Shrug It Off","Finesse"],"campfire_rested":0,"item_purchase_floors":[8,10,22,22],"current_hp_per_floor":[80,80,73,73,73,66,66,66,66,66,66,72,72,78,78,58,80,80,80,20,80,80,76,76,34,34,24,24,0,0],"gold":147,"neow_bonus":"","is_daily":false,"chose_seed":false,"campfire_upgraded":5,"win_rate":0.0,"timestamp":1614369362,"path_taken":["M","?","?","?","$","E","R","?","T","$","R","M","R","?","R_BF","BOSS","M","M","M","M","$","E","R","M","T","M","R","M"],"items_purchased_type":["Card","Card","Card","Card"],"build_version":"2020-12-22","purchased_purges":1,"victory":false,"max_hp_per_floor":[80,80,80,80,80,80,80,80,80,80,80,80,80,80,80,80,80,80,80,80,80,80,80,80,80,80,80,80,80,80],"card_choices":[{"not_picked":["Alriune","HeroicMonk"],"picked":"Scorched","floor":1.0},{"not_picked":["Sword Boomerang","Wild Strike","Clothesline"],"picked":"SKIP","floor":1.0},{"not_picked":["UniverseFragment","Bloodbath"],"picked":"WhitesApple","floor":6.0},{"not_picked":["Power Through","ReplayTheSpireMod:Corrosion Curse","Bludgeon"],"picked":"SKIP","floor":6.0},{"not_picked":["DreamingCurrent","UniverseFragment"],"picked":"Laetitia","floor":12.0},{"not_picked":["Carnage","Perfected Strike"],"picked":"Spot Weakness","floor":12.0},{"not_picked":["Wellcheers","SpiderBud"],"picked":"UniverseFragment","floor":14.0},{"not_picked":["Headbutt","Thunderclap","Anger"],"picked":"SKIP","floor":14.0},{"not_picked":["RedShoes","NothingThere"],"picked":"PlagueDoctor","floor":16.0},{"not_picked":["Impervious","Reaper"],"picked":"Juggernaut","floor":16.0},{"not_picked":["Alriune","Murderer"],"picked":"VoidDream","floor":18.0},{"not_picked":["Warcry+1","ReplayTheSpireMod:LeadingStrike+1","Dual Wield"],"picked":"SKIP","floor":18.0},{"not_picked":["Alriune","CherryBlossoms"],"picked":"CrumblingArmor","floor":19},{"not_picked":["Twin Strike","ReplayTheSpireMod:Strike From Hell+1","Replay:Undeath\u0027s Touch+1"],"picked":"SKIP","floor":19},{"not_picked":["ReplayTheSpireMod:Strike From Hell","Clash","Thunderclap"],"picked":"SKIP","floor":21},{"not_picked":["GalaxyChild","Laetitia"],"picked":"OldLady","floor":23},{"not_picked":["Replay:Undeath\u0027s Touch","Sword Boomerang"],"picked":"Fire Breathing","floor":23},{"not_picked":["CrumblingArmor","Porccubus"],"picked":"OSAHOGD","floor":25},{"not_picked":["Clothesline","Bloodletting"],"picked":"True Grit","floor":25},{"not_picked":["Woodsman","CherryBlossoms"],"picked":"QueenOfHatred","floor":27},{"not_picked":["Sword Boomerang","Thunderclap+1"],"picked":"Flex","floor":27}],"player_experience":104323,"relics_obtained":[{"floor":1.0,"key":"LetterFromLob"},{"floor":6.0,"key":"Replay:Towering Pillar of Hats"},{"floor":9.0,"key":"PreservedInsect"},{"floor":15.0,"key":"White Beast Statue"},{"floor":23,"key":"Vajra"},{"floor":26,"key":"Pet Ghost"}],"event_choices":[{"cards_removed":["Strike_R"],"damage_healed":0.0,"max_hp_gain":0.0,"max_hp_loss":0.0,"gold_gain":0.0,"event_name":"Living Wall","player_choice":"Forget","floor":2.0,"gold_loss":0.0,"damage_taken":0.0},{"cards_removed":["Strike_R"],"damage_healed":0.0,"max_hp_gain":0.0,"max_hp_loss":0.0,"gold_gain":0.0,"event_name":"Golden Wing","player_choice":"Card Removal","floor":3.0,"gold_loss":0.0,"damage_taken":7.0}],"is_beta":false,"boss_relics":[{"not_picked":["Snecko Eye","Astrolabe"],"picked":"Empty Cage"}],"items_purged_floors":[5],"is_endless":false,"potions_floor_spawned":[1,16,18,19,21,23,25,27],"ascension_level":0}}