{"host":"8t5dkgm85abdp22d","time":1614344721,"event":{"mods":["100% Spire Juice","ATMod(阿瑾Mod)","Act Like it!","BaseMod","Colored Powertips","Conspire","Gensokyo","Hallownest","Library of Ruina","Library of Ruina Extra","Marisa（F雨　魔理沙）","Minty Spire (QoL Compilation)","MostiFishMod","Remilia（蕾米莉亚）","RumiaBox-露米娅的神秘盒子","StSLib","The Bug Knight","UnlockEverythingMod","Waifu the Spire","WarShipGirlsR/战舰少女R mod","Wide Potions","Yakumo Yukari mod"],"gold_per_floor":[118,118,193,193,212,238,251,283,283,348,448,490,573,635,635,760,760,795,863,124,124,124,124,180,180,180,180,180,333,396,396,396,520,520,613,648,690,690,730,730,840,840,915,971,971,1029,322,292,292,417,442,442,442,133,217,242],"floor_reached":57,"language":"ZHS","playtime":2210,"items_purged":["LightDefense","LightAttack","ChargeAndCover"],"score":2158,"play_id":"61af77ba-ab0b-4b29-9f7b-86575091c291","local_time":"20210226210521","is_ascension_mode":true,"campfire_choices":[{"data":"Reload","floor":15,"key":"SMITH"},{"data":"CleanUp","floor":23,"key":"SMITH"},{"data":"TendonChords","floor":32,"key":"SMITH"},{"floor":40,"key":"RECALL"},{"data":"UnforgettableMelody","floor":45,"key":"SMITH"},{"data":"SilentMist+1","floor":49,"key":"SMITH"},{"data":"SilentMist+2","floor":53,"key":"SMITH"}],"circlet_count":0,"master_deck":["Dodge","LightDefense","LightDefense","FocusedStrikes","KeepItFresh","Wallop_lor","Reload+1","FrontalAssault","BiAn+1","LeRegole+1","AutomatedMovement+1","SilentMist+3","TendonChords+1","CleanUp+1","Lust_TH","UnforgettableMelody+1","RulesOfTheBackstreets+1"],"relics":["PageOfLibrarian","AT_ATBox","DaveBox","FeatherPendant","SynthV:TestCard","The Courier","Sundial","AT_MibuBalloonWealth","Bird Faced Urn","conspire:Boomerang","Turnip","JellyFishMachine","Orrery","PageOfLittleHelper","Juzu Bracelet","HollowMod:QueensCombRelic","AT_ChloranthyRing","MutagenicStrength","AT_BladeRuinedKing","GreenFoldingFan","conspire:InfiniteJournal","AT_SilvercatRing","PageOfPorccubus","Molten Egg 2","MetatronsCube","PageOfGreed","PageOfTheQueenOfHatred"],"acts_visited":["Exordium","TheCity","TheCity","TheEnding"],"potions_floor_usage":[6,56,56,56],"damage_taken":[{"damage":0,"enemies":"Small Slimes","floor":1,"turns":3},{"damage":0,"enemies":"2 Louse","floor":5,"turns":2},{"damage":0,"enemies":"Lagavulin","floor":6,"turns":3},{"damage":0,"enemies":"Jaw Worm","floor":7,"turns":1},{"damage":12,"enemies":"3 Sentries","floor":8,"turns":5},{"damage":6,"enemies":"conspire:MimicChest","floor":10,"turns":5},{"damage":0,"enemies":"Looter","floor":12,"turns":2},{"damage":5,"enemies":"HollowMod:MossKnight","floor":13,"turns":5},{"damage":0,"enemies":"Large Slime","floor":14,"turns":4},{"damage":0,"enemies":"Hexaghost","floor":16,"turns":3},{"damage":0,"enemies":"Chosen","floor":18,"turns":1},{"damage":0,"enemies":"2 Thieves","floor":19,"turns":1},{"damage":0,"enemies":"conspire:SneckoGhost","floor":24,"turns":3},{"damage":0,"enemies":"conspire:Head Lice","floor":29,"turns":2},{"damage":0,"enemies":"Centurion and Healer","floor":30,"turns":1},{"damage":0,"enemies":"conspire:MysteriousRune","floor":33,"turns":1},{"damage":4,"enemies":"Gensokyo:3_Boulders","floor":35,"turns":2},{"damage":2,"enemies":"Gensokyo:AncientGuardian","floor":36,"turns":1},{"damage":2,"enemies":"Gensokyo:SeedOfUnknown","floor":37,"turns":1},{"damage":2,"enemies":"Gensokyo:Rafflesia","floor":39,"turns":1},{"damage":4,"enemies":"Gensokyo:Kasen","floor":41,"turns":2},{"damage":6,"enemies":"Gensokyo:Doremy","floor":44,"turns":3},{"damage":12,"enemies":"Gensokyo:Marisa","floor":46,"turns":2},{"damage":4,"enemies":"Gensokyo:Yuyuko","floor":50,"turns":2},{"damage":4,"enemies":"Gensokyo:Yuyuko","floor":51,"turns":2},{"damage":4,"enemies":"Shield and Spear","floor":55,"turns":2},{"damage":7,"enemies":"The Heart","floor":56,"turns":3}],"seed_played":"-9205972074610024902","potions_obtained":[{"floor":5,"key":"EntropicBrew"},{"floor":6,"key":"PowerPotion"}],"is_trial":false,"path_per_floor":["M","?","?","T","M","E","M","E","T","?","?","M","E","M","R","B",null,"M","M","$","?","$","R","E","?","T","?","?","E","M","?","R","B",null,"M","M","M","?","M","R","E","?","T","E","R","E","$","?","R","B",null,null,"R","$","E","B",null],"character_chosen":"Librarian","items_purchased":["Orrery","PageOfLittleHelper","Juzu Bracelet","HollowMod:QueensCombRelic","MetatronsCube","PageOfGreed"],"campfire_rested":0,"item_purchase_floors":[20,20,20,20,47,54],"current_hp_per_floor":[42,42,31,31,31,31,31,19,19,15,15,17,18,24,24,28,60,60,60,46,46,46,36,46,46,46,46,39,51,51,51,51,51,51,51,51,51,51,51,51,51,51,51,51,51,51,51,51,51,51,63,63,63,63,63,63],"gold":242,"neow_bonus":"TRANSFORM_TWO_CARDS","is_daily":false,"chose_seed":false,"campfire_upgraded":6,"win_rate":0.0,"timestamp":1614344721,"path_taken":["M","?","?","?","M","E","?","E","T","?","?","M","E","?","R","BOSS","M","M","$","?","?","R","E","?","T","?","?","E","M","?","R","BOSS","M","M","M","?","M","R","E","?","T","E","R","E","$","?","R","BOSS","R","$","E","BOSS"],"items_purchased_type":["Relic","Relic","Relic","Relic","Relic","Relic"],"build_version":"2020-12-22","purchased_purges":3,"victory":true,"max_hp_per_floor":[67,67,67,67,67,68,68,67,67,67,67,67,67,70,70,70,70,70,70,46,46,46,46,46,46,46,46,51,51,51,51,51,51,51,51,51,51,51,51,51,51,51,51,51,51,63,63,63,63,63,63,63,63,63,63,63],"card_choices":[{"not_picked":["CoordinatedAssault","Wallop_lor","Thrust","Cruelty"],"picked":"SKIP","floor":1},{"not_picked":["UpbeatPerformance","GuardingStance","SturdyDefense","ShockingBlow","Crush"],"picked":"Reload","floor":5},{"not_picked":["BiAn","CircusKnives","Quickness","Juggling","CumulusWall","FlowOfTheSword"],"picked":"SKIP","floor":6},{"not_picked":["Quickness","GuardingStance","Slice_lor","SkyClearingCut","CumulusWall","ICanCookAnything"],"picked":"SKIP","floor":7},{"not_picked":["ViolentFlame","ClassAndRespect","Punishment","Brawl","SuppressingShot","SunsetBlade"],"picked":"SKIP","floor":8},{"not_picked":["ViolentFlame","Retaliate","SuppressingShot","PreemptiveStrike","Wallop_lor"],"picked":"Parry2","floor":12},{"not_picked":["SunsetBlade","Slice_lor","PreemptiveStrike","ClassAndRespect","RagingStormLove"],"picked":"FrontalAssault","floor":13},{"not_picked":["Thrust","CoordinatedAssault","FlowOfTheSword","ClassAndRespect","Parry2"],"picked":"BiAn","floor":14},{"not_picked":["Deflect_lor","ChargeUp","DaringDecision","Cruelty"],"picked":"LeRegole","floor":16},{"not_picked":["FierceOnslaught","Parry","Gamble","Parry2+1","GuardingStance"],"picked":"AutomatedMovement","floor":18},{"not_picked":["Parry","ForcefulGesture+1","Thrust","SnakesPrey","FleetEdge"],"picked":"SilentMist","floor":19},{"not_picked":["Deflect_lor","ChiWen","SnakesPrey","ForTheFamily","GuardingStance"],"picked":"TendonChords","floor":20},{"not_picked":["PreemptiveStrike+1","HeavyPeaks","Wallop_lor","LoosenUp+1","Reload+1","SuppressingShot"],"picked":"SKIP","floor":20},{"not_picked":["BiAn+1","SummaryJudgment","StartinOutLightly","PreemptiveStrike","IngredientHunt","SharpenedBlade"],"picked":"SKIP","floor":20},{"not_picked":["InkOver","EmotionalTurbulence","TendonChords","SuppressingShot+1","CookingPrep","FaintMemories"],"picked":"SKIP","floor":20},{"not_picked":["UpbeatPerformance+1","CoordinatedAssault+1","FleetEdge+1","ViolentFlame","ChiWen","DaringDecision"],"picked":"SKIP","floor":20},{"not_picked":["Thirst+1","ViolentFlame","SunsetBlade","Juggling","Thrust+1","SharpenedBlade"],"picked":"SKIP","floor":24},{"not_picked":["ViolentFlame+1","GuardingStance","DaringDecision","TendonChords","ClassAndRespect+1","Thrust"],"picked":"SKIP","floor":29},{"not_picked":["Thrust","TendonChords","Parry","TheArtOfRapidSteps","ShockingBlow","LeRegole"],"picked":"SKIP","floor":30},{"not_picked":["SuanNi","ScratchThat","CleanUp","RepressedFlesh"],"picked":"UnforgettableMelody","floor":33},{"not_picked":["TendonChords","CoordinatedAssault+1","Quickness","Wallop_lor+1","UpbeatPerformance"],"picked":"RulesOfTheBackstreets+1","floor":35},{"not_picked":["SuppressingShot","SunsetBlade+1","ShrineToMusic","Guardian_lor","EmotionalTurbulence","CoordinatedAssault"],"picked":"SKIP","floor":36},{"not_picked":["UnforgettableMelody","CumulusWall+1","TendonChords","ViolentFlame","FrontalAssault+1","Reload"],"picked":"SKIP","floor":37},{"not_picked":["SturdyDefense+1","BiAn+1","CoordinatedAssault+1","CombatPreparation","Wallop_lor+1","Juggling+1"],"picked":"SKIP","floor":39},{"not_picked":["TrimTheIngredients","ClassAndRespect","FrontalAssault+1","StartinOutLightly","CoordinatedAssault","ForcefulGesture+1"],"picked":"SKIP","floor":41},{"not_picked":["FocusFire","GuardingStance","JiaoTu+1","ForTheFamily","TrimTheIngredients+1","ICanCookAnything+1"],"picked":"SKIP","floor":44},{"not_picked":["CutIn+1","WildCard","Wallop_lor+1","TendonChords+1","Reload","TheArtOfRapidSteps+1"],"picked":"SKIP","floor":46},{"not_picked":["GuardingStance+1","FieryDragonSlash+1","Crush+1","RushDown+1","ForcefulGesture+1","DaringDecision+1"],"picked":"SKIP","floor":55}],"player_experience":141312,"relics_obtained":[{"floor":1,"key":"SynthV:TestCard"},{"floor":4,"key":"The Courier"},{"floor":6,"key":"Sundial"},{"floor":8,"key":"AT_MibuBalloonWealth"},{"floor":9,"key":"Bird Faced Urn"},{"floor":10,"key":"conspire:Boomerang"},{"floor":13,"key":"Turnip"},{"floor":24,"key":"AT_ChloranthyRing"},{"floor":29,"key":"AT_BladeRuinedKing"},{"floor":41,"key":"conspire:InfiniteJournal"},{"floor":43,"key":"AT_SilvercatRing"},{"floor":44,"key":"PageOfPorccubus"},{"floor":46,"key":"Molten Egg 2"},{"floor":55,"key":"PageOfTheQueenOfHatred"}],"event_choices":[{"damage_healed":0,"gold_gain":0,"player_choice":"Leave","damage_taken":0,"max_hp_gain":0,"max_hp_loss":0,"event_name":"conspire:Investor","floor":2,"gold_loss":0},{"damage_healed":0,"gold_gain":75,"player_choice":"Gather Gold","damage_taken":11,"max_hp_gain":0,"max_hp_loss":0,"event_name":"World of Goop","floor":3,"gold_loss":0},{"damage_healed":0,"gold_gain":100,"player_choice":"Pray","damage_taken":0,"max_hp_gain":0,"max_hp_loss":0,"event_name":"Golden Shrine","floor":11,"gold_loss":0},{"damage_healed":0,"gold_gain":0,"cards_transformed":["LightAttack"],"player_choice":"Transformed","damage_taken":0,"max_hp_gain":0,"max_hp_loss":0,"event_name":"Transmorgrifier","floor":21,"gold_loss":0,"cards_obtained":["CleanUp"]},{"damage_healed":0,"gold_gain":0,"player_choice":"Ignored","damage_taken":0,"max_hp_gain":0,"max_hp_loss":0,"event_name":"Ghosts","floor":25,"gold_loss":0},{"damage_healed":0,"gold_gain":0,"player_choice":"Inject Mutagens","damage_taken":0,"relics_obtained":["MutagenicStrength"],"max_hp_gain":0,"max_hp_loss":0,"event_name":"Drug Dealer","floor":27,"gold_loss":0},{"damage_healed":0,"gold_gain":0,"player_choice":"Shed Blood","damage_taken":12,"max_hp_gain":5,"max_hp_loss":0,"event_name":"Forgotten Altar","floor":28,"gold_loss":0}],"is_beta":false,"boss_relics":[{"not_picked":["FixedStarFall","HereWithMe"],"picked":"JellyFishMachine"},{"not_picked":["xbg","Astrolabe"],"picked":"GreenFoldingFan"}],"items_purged_floors":[20,47,54],"is_endless":false,"potions_floor_spawned":[5,6,12,14,19,30,33,35,36,41,44,55],"ascension_level":5}}