{"host":"6hzrz31j95f2y1pa","time":1614382799,"event":{"mods":["BaseMod","Colored Map","Downfall","Minty Spire (QoL Compilation)","StSLib"],"gold_per_floor":[199,218,236,255,36,52,52,70,99,99,131,31,31,47,59,130,130,130,145,172,188,207,26,26,56,156,191,211,236,136,136,156,232,232,232,247,263,493,493,493,493,526,551,551,567,597,497,511,524,524,524,524],"floor_reached":50,"language":"ENG","playtime":2381,"items_purged":["hexamod:Defend","downfall:Malfunctioning"],"score":1264,"play_id":"8d80f83e-6173-4261-be53-17166f19f803","local_time":"20210226183959","is_ascension_mode":true,"campfire_choices":[{"floor":1.0,"key":"RECALL"},{"floor":12.0,"key":"REST"},{"data":"hexamod:Float","floor":18.0,"key":"SMITH"},{"floor":30.0,"key":"REST"},{"data":"hexamod:ParanormalForm","floor":35,"key":"SMITH"},{"data":"hexamod:ParanormalForm","floor":40,"key":"SMITH"},{"data":"hexamod:GhostShield","floor":47,"key":"SMITH"}],"circlet_count":0,"master_deck":["AscendersBane","hexamod:Defend+1","hexamod:Defend","hexamod:Defend","hexamod:Sear","hexamod:Float+1","hexamod:GhostLash","hexamod:FlamesFromBeyond","hexamod:ParanormalForm+1","hexamod:ThermalTransfer","hexamod:BurningTouch","hexamod:SpectralAdrenaline+1","hexamod:GhostShield+1","hexamod:TimeOfNeed","hexamod:NightmareStrike","hexamod:GhostLash","hexamod:Hexaguard","hexamod:GiftsFromTheDead","hexamod:SpectersWail","hexamod:NightmareGuise","hexamod:HeatCrush","hexamod:EtherealExpedition+1","Clumsy","hexamod:GhostShield+1","hexamod:Hexaguard+1","hexamod:SoulSteal","hexamod:Haunt","Bite","Bite","Bite","Bite","Bite","hexamod:EmpoweredFlame","hexamod:ParanormalForm+1","hexamod:FastForward","Pain","hexamod:PhantomFireball","hexamod:RainOfEmbers"],"relics":["hexamod:SpiritBrand","Bag of Marbles","bronze:DecasWashers","Blue Candle","downfall:HeartBlessingRed","Cursed Key","hexamod:TheBrokenSeal","PreservedInsect","hexamod:InflammatoryLetter","Lizard Tail","Slimebound:PreparedRelic","Gambling Chip","Girya","Oddly Smooth Stone","downfall:HeartBlessingGreen","Coffee Dripper","Mercury Hourglass","Torii","Omamori","downfall:HeartBlessingBlue"],"acts_visited":["Exordium","TheCity","TheBeyond"],"potions_floor_usage":[43,46,50],"damage_taken":[{"damage":2.0,"enemies":"Jaw Worm","floor":2.0,"turns":4.0},{"damage":5.0,"enemies":"2 Louse","floor":3.0,"turns":2.0},{"damage":2.0,"enemies":"Small Slimes","floor":4.0,"turns":3.0},{"damage":5.0,"enemies":"downfall:FleeingMerchant","floor":5.0,"turns":4.0},{"damage":7.0,"enemies":"downfall:LooterAlt","floor":6.0,"turns":3.0},{"damage":11.0,"enemies":"2 Fungi Beasts","floor":8.0,"turns":5.0},{"damage":4.0,"enemies":"Gremlin Nob","floor":9.0,"turns":3.0},{"damage":26.0,"enemies":"3 Sentries","floor":11.0,"turns":7.0},{"damage":40.0,"enemies":"Exordium Wildlife","floor":14.0,"turns":5.0},{"damage":2.0,"enemies":"Lots of Slimes","floor":15.0,"turns":3.0},{"damage":12.0,"enemies":"SI_SHIV_ARCHETYPE","floor":16.0,"turns":7.0},{"damage":21.0,"enemies":"downfall:LooterAlt2","floor":19.0,"turns":6.0},{"damage":48.0,"enemies":"Spheric Guardian","floor":20.0,"turns":6.0},{"damage":1.0,"enemies":"Centurion and Healer","floor":21.0,"turns":5.0},{"damage":6.0,"enemies":"Snecko","floor":22.0,"turns":3.0},{"damage":1.0,"enemies":"downfall:FleeingMerchant","floor":23.0,"turns":4.0},{"damage":33.0,"enemies":"Slavers","floor":25.0,"turns":3.0},{"damage":0.0,"enemies":"Colosseum Nobs","floor":26.0,"turns":2.0},{"damage":1.0,"enemies":"Gremlin Leader","floor":27.0,"turns":3.0},{"damage":0.0,"enemies":"Cultist and Chosen","floor":28.0,"turns":3.0},{"damage":0.0,"enemies":"Book of Stabbing","floor":29.0,"turns":3.0},{"damage":1,"enemies":"Chosen and Byrds","floor":32,"turns":3},{"damage":9,"enemies":"IC_MUSHROOM_ARCHETYPE","floor":33,"turns":7},{"damage":0,"enemies":"Orb Walker","floor":36,"turns":2},{"damage":0,"enemies":"3 Darklings","floor":37,"turns":2},{"damage":4,"enemies":"downfall:FleeingMerchant","floor":38,"turns":3},{"damage":4,"enemies":"Giant Head","floor":42,"turns":5},{"damage":11,"enemies":"Giant Head","floor":43,"turns":4},{"damage":14,"enemies":"Jaw Worm Horde","floor":45,"turns":5},{"damage":31,"enemies":"Nemesis","floor":46,"turns":4},{"damage":0,"enemies":"Writhing Mass","floor":48,"turns":4},{"damage":20,"enemies":"Maw","floor":49,"turns":7},{"damage":68,"enemies":"DF_ARCHETYPE_ORBS","floor":50,"turns":7}],"seed_played":"-6837806656942559775","potions_obtained":[{"floor":6.0,"key":"Strength Potion"},{"floor":8.0,"key":"champ:CounterPotion"},{"floor":9.0,"key":"Weak Potion"},{"floor":11.0,"key":"Block Potion"},{"floor":15.0,"key":"Slimebound:ThreeZeroPotion"},{"floor":19.0,"key":"LiquidBronze"},{"floor":20.0,"key":"SteroidPotion"},{"floor":22.0,"key":"Block Potion"},{"floor":26.0,"key":"Energy Potion"},{"floor":28.0,"key":"DuplicationPotion"},{"floor":42,"key":"hexamod:EctoCoolerPotion"},{"floor":43,"key":"SpeedPotion"},{"floor":46,"key":"bronze:BurnAndBuffPotion"}],"is_trial":false,"path_per_floor":["R","M","M","M","$","M","T","M","E","?","E","R","?","M","M","B",null,"R","M","M","M","M","$","T","E","?","E","M","E","R","?","M","B",null,"R","M","M","$","?","R","T","E","?","?","M","E","R","M","M","B"],"character_chosen":"THE_SPIRIT","items_purchased":["hexamod:ParanormalForm","hexamod:ThermalTransfer","PreservedInsect"],"campfire_rested":2,"item_purchase_floors":[5,5,23],"current_hp_per_floor":[57,55,50,55,57,57,57,53,49,49,30,48,48,15,13,8,49,49,35,63,62,56,55,55,22,22,21,21,21,42,42,47,51,51,51,51,51,47,47,47,47,51,44,44,32,7,17,27,17,0,0,0],"gold":524,"neow_bonus":"HUNDRED_GOLD","is_daily":false,"chose_seed":false,"campfire_upgraded":4,"win_rate":0.0,"timestamp":1614382799,"path_taken":["R","M","M","M","$","M","T","M","E","?","E","R","?","M","M","BOSS","R","M","M","M","M","$","T","E","?","E","M","E","R","?","M","BOSS","R","M","M","$","?","R","T","E","?","?","M","E","R","?","M","BOSS"],"items_purchased_type":["Card","Card","Relic"],"build_version":"2020-12-22","purchased_purges":2,"victory":false,"max_hp_per_floor":[63,63,63,63,63,63,63,63,63,63,63,63,63,63,63,63,63,63,63,73,73,73,73,73,73,73,73,73,73,73,51,51,51,51,51,51,51,51,51,51,51,51,51,51,51,51,61,61,61,61,61,61],"card_choices":[{"not_picked":["hexamod:Firestarter","hexamod:GhostShield"],"picked":"hexamod:GhostLash","floor":2.0},{"not_picked":["hexamod:SkipABeat","hexamod:NightmareGuise"],"picked":"hexamod:FirstSeal","floor":3.0},{"not_picked":["hexamod:RadiantFlame","hexamod:HeatMetal"],"picked":"hexamod:FlamesFromBeyond","floor":4.0},{"not_picked":["hexamod:NightmareStrike","hexamod:HeatShield"],"picked":"hexamod:ThirdSeal","floor":5.0},{"not_picked":["hexamod:FlamesFromBeyond","hexamod:FirstSeal"],"picked":"hexamod:FifthSeal","floor":6.0},{"not_picked":["hexamod:PhantomFireball","hexamod:PhantomCloak"],"picked":"hexamod:BurningTouch","floor":6.0},{"not_picked":["hexamod:ThirdSeal","hexamod:FourthSeal"],"picked":"hexamod:SixthSeal","floor":8.0},{"not_picked":["hexamod:SuperheatedStrike","hexamod:FastForward"],"picked":"hexamod:SpectralAdrenaline","floor":8.0},{"not_picked":["hexamod:SwordOfDarkness","hexamod:ShieldOfDarkness"],"picked":"hexamod:GhostShield","floor":8.0},{"not_picked":["hexamod:ShieldOfDarkness","hexamod:AdvancingGuard"],"picked":"hexamod:TimeOfNeed","floor":9.0},{"not_picked":["hexamod:ThirdSeal","hexamod:SecondSeal"],"picked":"hexamod:FourthSeal","floor":11.0},{"not_picked":["hexamod:SuperheatedStrike","hexamod:SwordOfDarkness"],"picked":"hexamod:NightmareStrike","floor":11.0},{"not_picked":["hexamod:Again","hexamod:HeatMetal"],"picked":"hexamod:GhostLash","floor":14.0},{"not_picked":["hexamod:Rewind","hexamod:PhantomCloak"],"picked":"hexamod:Hexaguard","floor":15.0},{"not_picked":["hexamod:SpectersWail","hexamod:HeatCrush","hexamod:InspiringFlames"],"picked":"SKIP","floor":15.0},{"not_picked":["hexamod:TimeOfNeed","hexamod:HexaLevel"],"picked":"hexamod:GiftsFromTheDead","floor":16.0},{"not_picked":["hexamod:ExtraCrispy","hexamod:BurningTouch"],"picked":"hexamod:SpectersWail","floor":19.0},{"not_picked":["hexamod:FirstSeal","hexamod:FourthSeal"],"picked":"hexamod:SecondSeal","floor":19.0},{"not_picked":["hexamod:ChargedBarrage+1","hexamod:NightmareStrike"],"picked":"hexamod:NightmareGuise","floor":19.0},{"not_picked":["hexamod:Hexaguard","hexamod:PhantomCloak","hexamod:SpectersWail"],"picked":"SKIP","floor":20.0},{"not_picked":["hexamod:SkipABeat","hexamod:SwordOfDarkness"],"picked":"hexamod:HeatCrush","floor":21.0},{"not_picked":["hexamod:ThirdSeal","hexamod:SecondSeal"],"picked":"hexamod:EtherealExpedition+1","floor":22.0},{"not_picked":["hexamod:SpectersWail","hexamod:CatchUp","hexamod:Hexaguard"],"picked":"SKIP","floor":23.0},{"not_picked":["hexamod:SwordOfDarkness","hexamod:ThirdSeal"],"picked":"hexamod:GhostShield","floor":25.0},{"not_picked":["hexamod:HeatCrush","hexamod:RecurringNightmare"],"picked":"hexamod:Hexaguard+1","floor":26.0},{"not_picked":["hexamod:HeatShield","hexamod:RainOfEmbers"],"picked":"hexamod:SoulSteal","floor":27.0},{"not_picked":["hexamod:GhostLash","hexamod:RetreatToShadows","hexamod:VolcanoVisage"],"picked":"SKIP","floor":28.0},{"not_picked":["hexamod:SpectersWail","hexamod:SpectralSpark"],"picked":"hexamod:Haunt","floor":29.0},{"not_picked":["hexamod:SwordOfDarkness","hexamod:BurningTouch"],"picked":"hexamod:EmpoweredFlame","floor":32},{"not_picked":["hexamod:Toasty","hexamod:SixthSeal"],"picked":"hexamod:ParanormalForm","floor":33},{"not_picked":["hexamod:SuperheatedStrike","hexamod:AdvancingGuard"],"picked":"hexamod:FastForward","floor":36},{"not_picked":["hexamod:SkipABeat","hexamod:Hexaguard+1","hexamod:Firestarter"],"picked":"SKIP","floor":37},{"not_picked":["hexamod:SpectralAdrenaline","hexamod:DynamicBlow","hexamod:SkipABeat"],"picked":"SKIP","floor":38},{"not_picked":["hexamod:Firestarter","hexamod:SwordOfDarkness+1","hexamod:InspiringFlames"],"picked":"SKIP","floor":42},{"not_picked":["hexamod:GhostShield","hexamod:HeatCrush","hexamod:NightmareGuise"],"picked":"SKIP","floor":45},{"not_picked":["hexamod:GhostflameBarrier+1","hexamod:FlameSwitch"],"picked":"hexamod:PhantomFireball","floor":46},{"not_picked":["hexamod:StepThrough","hexamod:NightmareStrike+1"],"picked":"hexamod:RainOfEmbers","floor":48},{"not_picked":["hexamod:Firestarter","hexamod:FourthSeal","hexamod:NightmareStrike"],"picked":"SKIP","floor":49}],"player_experience":1484498,"relics_obtained":[{"floor":7.0,"key":"Bag of Marbles"},{"floor":9.0,"key":"bronze:DecasWashers"},{"floor":11.0,"key":"Blue Candle"},{"floor":24.0,"key":"hexamod:InflammatoryLetter"},{"floor":25.0,"key":"Lizard Tail"},{"floor":26.0,"key":"Slimebound:PreparedRelic"},{"floor":26.0,"key":"Gambling Chip"},{"floor":27.0,"key":"Girya"},{"floor":29.0,"key":"Oddly Smooth Stone"},{"floor":42,"key":"Mercury Hourglass"},{"floor":43,"key":"Torii"},{"floor":46,"key":"Omamori"}],"event_choices":[{"damage_healed":0.0,"max_hp_gain":0.0,"max_hp_loss":22.0,"gold_gain":0.0,"event_name":"Vampires","player_choice":"Became a vampire","floor":31.0,"gold_loss":0.0,"damage_taken":0.0,"cards_obtained":["Bite","Bite","Bite","Bite","Bite"]}],"is_beta":false,"boss_relics":[{"not_picked":["Empty Cage","SlaversCollar"],"picked":"Cursed Key"},{"not_picked":["Busted Crown","bronze:MakeshiftBattery"],"picked":"Coffee Dripper"}],"items_purged_floors":[5,38],"is_endless":false,"potions_floor_spawned":[6,8,9,11,20,22,26,28,29,42,43,45,46],"killed_by":"DF_ARCHETYPE_ORBS","ascension_level":18}}