{"host":"hw9lt6p3yhr90vz0","time":1614313775,"event":{"mods":["BaseMod","DeckTracker","Minty Spire (QoL Compilation)","Relic Stats"],"gold_per_floor":[10,27,27,27,42,42,73,73,73,86,121,121,137,156,156,252,252,271,186,204,222,222,222,222],"floor_reached":23,"language":"ENG","playtime":1717,"items_purged":[],"score":299,"play_id":"b5f79f77-37ee-4df5-ad0d-797b21a6fbc7","local_time":"20210225232935","is_ascension_mode":true,"campfire_choices":[{"data":"DevaForm","floor":6.0,"key":"SMITH"},{"floor":8.0,"key":"REST"},{"data":"WindmillStrike","floor":15.0,"key":"SMITH"}],"circlet_count":0,"master_deck":["Eruption","Vigilance","DevaForm+1","EmptyBody","Conclude","ReachHeaven","WindmillStrike+1","Worship","Wish+1","ThirdEye","Study","Wish","InnerPeace","Study","Ragnarok","ReachHeaven","Protect","ForeignInfluence","Evaluate","FearNoEvil","Crescendo","DeceiveReality","Bite","Bite","Bite","Bite","Bite"],"relics":["PureWater","Eternal Feather","Happy Flower","Pandora\u0027s Box","The Courier"],"acts_visited":["Exordium","TheCity"],"potions_floor_usage":[21],"damage_taken":[{"damage":0.0,"enemies":"Jaw Worm","floor":1.0,"turns":3.0},{"damage":2.0,"enemies":"Cultist","floor":2.0,"turns":5.0},{"damage":0.0,"enemies":"2 Louse","floor":5.0,"turns":1.0},{"damage":25.0,"enemies":"3 Sentries","floor":7.0,"turns":7.0},{"damage":0.0,"enemies":"Lots of Slimes","floor":10.0,"turns":1.0},{"damage":0.0,"enemies":"Gremlin Nob","floor":11.0,"turns":2.0},{"damage":1.0,"enemies":"Looter","floor":13.0,"turns":3.0},{"damage":6.0,"enemies":"3 Louse","floor":14.0,"turns":3.0},{"damage":7.0,"enemies":"Slime Boss","floor":16.0,"turns":8.0},{"damage":29.0,"enemies":"2 Thieves","floor":18.0,"turns":4.0},{"damage":6.0,"enemies":"Shell Parasite","floor":20.0,"turns":5.0},{"damage":15,"enemies":"Shelled Parasite and Fungi","floor":21,"turns":5},{"damage":34,"enemies":"Slavers","floor":23,"turns":1}],"seed_played":"3936598184585036776","potions_obtained":[{"floor":7.0,"key":"Strength Potion"},{"floor":10.0,"key":"EntropicBrew"},{"floor":11.0,"key":"BottledMiracle"},{"floor":13.0,"key":"SpeedPotion"},{"floor":20.0,"key":"Weak Potion"}],"is_trial":false,"path_per_floor":["M","M","?","$","M","R","E","R","T","M","E","?","M","M","R","B",null,"M","?","M","M","?","E"],"character_chosen":"WATCHER","items_purchased":[],"campfire_rested":1,"item_purchase_floors":[],"current_hp_per_floor":[72,70,63,63,63,63,38,68,68,70,72,72,71,66,72,65,72,43,43,39,26,26,0,0],"gold":222,"neow_bonus":"THREE_RARE_CARDS","is_daily":false,"chose_seed":false,"campfire_upgraded":2,"win_rate":0.0,"timestamp":1614313775,"path_taken":["M","M","?","$","?","R","E","R","T","M","E","?","?","M","R","BOSS","M","?","M","M","?","E"],"items_purchased_type":[],"build_version":"2020-12-22","purchased_purges":0,"victory":false,"max_hp_per_floor":[72,72,72,72,72,72,72,72,72,72,72,72,72,72,72,72,72,72,72,72,72,72,72,72],"relic_stats":{"Happy Flower":[9],"counters":[13,48],"Eternal Feather":15,"Pandora\u0027s Box":["InnerPeace","Study","Ragnarok","ReachHeaven","Protect","ForeignInfluence","Evaluate","FearNoEvil"],"obtain_stats":[{"Blood Vial":9,"Happy Flower":11,"Eternal Feather":7,"Pandora\u0027s Box":17,"The Courier":19,"PureWater":0},{"Blood Vial":4,"Happy Flower":6,"Eternal Feather":4,"Pandora\u0027s Box":9,"The Courier":10,"PureWater":0},{"Blood Vial":16,"Happy Flower":19,"Eternal Feather":16,"Pandora\u0027s Box":33,"The Courier":37,"PureWater":0}]},"card_choices":[{"not_picked":["Scrawl","Ragnarok"],"picked":"DevaForm","floor":0.0},{"not_picked":["Consecrate","WreathOfFlame"],"picked":"EmptyBody","floor":1.0},{"not_picked":["Evaluate","Swivel"],"picked":"Conclude","floor":2.0},{"not_picked":["ForeignInfluence","PathToVictory"],"picked":"ReachHeaven","floor":5.0},{"not_picked":["Consecrate","Crescendo"],"picked":"WindmillStrike","floor":7.0},{"not_picked":["PathToVictory","SashWhip"],"picked":"Worship","floor":10.0},{"not_picked":["BowlingBash","FlurryOfBlows"],"picked":"Wish","floor":11.0},{"not_picked":["Halt","PathToVictory"],"picked":"ThirdEye","floor":13.0},{"not_picked":["EmptyBody","ThirdEye"],"picked":"Study","floor":14.0},{"not_picked":["Ragnarok","Brilliance"],"picked":"Wish","floor":16.0},{"not_picked":["Collect","CarveReality"],"picked":"Crescendo","floor":18.0},{"not_picked":["ThirdEye","Prostrate+1"],"picked":"DeceiveReality","floor":20.0},{"not_picked":["WreathOfFlame","FlyingSleeves","SashWhip"],"picked":"SKIP","floor":21}],"player_experience":1478995,"relics_obtained":[{"floor":7.0,"key":"Eternal Feather"},{"floor":9.0,"key":"Blood Vial"},{"floor":11.0,"key":"Happy Flower"}],"event_choices":[{"damage_healed":0.0,"max_hp_gain":0.0,"max_hp_loss":0.0,"gold_gain":0.0,"event_name":"Wheel of Change","player_choice":"Damaged","floor":3.0,"gold_loss":0.0,"damage_taken":7.0},{"damage_healed":0.0,"max_hp_gain":0.0,"max_hp_loss":0.0,"gold_gain":0.0,"event_name":"Upgrade Shrine","player_choice":"Upgraded","floor":12.0,"gold_loss":0.0,"damage_taken":0.0,"cards_upgraded":["Wish"]},{"damage_healed":0.0,"max_hp_gain":0.0,"max_hp_loss":0.0,"gold_gain":0.0,"event_name":"Addict","player_choice":"Obtained Relic","floor":19.0,"gold_loss":85.0,"damage_taken":0.0,"relics_obtained":["The Courier"]},{"damage_healed":0,"gold_gain":0,"player_choice":"Became a vampire (Vial)","damage_taken":0,"max_hp_gain":0,"max_hp_loss":0,"event_name":"Vampires","floor":22,"relics_lost":["Blood Vial"],"gold_loss":0,"cards_obtained":["Bite","Bite","Bite","Bite","Bite"]}],"is_beta":false,"boss_relics":[{"not_picked":["Runic Dome","Astrolabe"],"picked":"Pandora\u0027s Box"}],"items_purged_floors":[],"is_endless":false,"potions_floor_spawned":[7,10,11,13,20],"killed_by":"Slavers","ascension_level":4}}