{"host":"uzj3qtz06dzkgpll","time":1614320779,"event":{"mods":["BaseMod","Better Altar","Better Match","Better Note","Better Sensory Stone","Better Skull","Better Third Choice","Colored Map","Custom Start","Minty Spire (QoL Compilation)","Permanent Neow","Shop Mod","Spicy Shops","StSLib"],"gold_per_floor":[114,42,62,78,78,113,113,140,220,239,258,268,285,318,318,415,415,435,510,523,533,544,544,571,571,571,25,25,55,55,81,81,176,176,192,205,255,255,255,255,282,282,309,321,339,339,17,67,67,67],"floor_reached":51,"language":"ENG","playtime":4960,"items_purged":["Strike_P","Defend_P"],"score":851,"play_id":"1c381312-cfb3-4511-a839-809a5845e0dd","local_time":"20210225222619","is_ascension_mode":true,"campfire_choices":[{"data":"TalkToTheHand","floor":7.0,"key":"SMITH"},{"data":"TalkToTheHand","floor":15.0,"key":"SMITH"},{"data":"DeusExMachina","floor":23.0,"key":"SMITH"},{"floor":25.0,"key":"REST"},{"floor":28.0,"key":"REST"},{"data":"BattleHymn","floor":32,"key":"SMITH"},{"data":"MasterReality","floor":40,"key":"SMITH"},{"data":"FlyingSleeves","floor":42,"key":"SMITH"},{"data":"Indignation","floor":49,"key":"SMITH"}],"circlet_count":0,"master_deck":["Strike_P","Strike_P","Defend_P","Defend_P+1","Defend_P","Eruption+1","Vigilance","Consecrate","TalkToTheHand+1","FlurryOfBlows","EmptyBody+1","FlyingSleeves","Halt","Indignation+1","TalkToTheHand+1","FlyingSleeves+1","DeusExMachina+1","EmptyFist+1","ReachHeaven","ClearTheMind+1","BattleHymn+1","Meditate+1","InnerPeace+1","MasterReality+1","EmptyFist","CarveReality+1","FlurryOfBlows+1","Bandage Up+1","Secret Technique+1","Vengeance+1","Crescendo+1","CutThroughFate+1","FlurryOfBlows+1"],"relics":["PureWater","Dead Branch","Boot","The Courier","Gremlin Horn","VioletLotus","Toxic Egg 2","HornCleat","Strange Spoon","Ornamental Fan","Oddly Smooth Stone","Juzu Bracelet","Red Mask","SlaversCollar","Bird Faced Urn","Eternal Feather","War Paint","Molten Egg 2","InkBottle","FossilizedHelix"],"acts_visited":["TheBeyond"],"potions_floor_usage":[37,37,37,41],"damage_taken":[{"damage":0.0,"enemies":"Cultist","floor":1.0,"turns":2.0},{"damage":4.0,"enemies":"Jaw Worm","floor":3.0,"turns":4.0},{"damage":0.0,"enemies":"2 Louse","floor":4.0,"turns":2.0},{"damage":7.0,"enemies":"Lagavulin","floor":6.0,"turns":6.0},{"damage":0.0,"enemies":"Gremlin Nob","floor":8.0,"turns":2.0},{"damage":1.0,"enemies":"Looter","floor":10.0,"turns":3.0},{"damage":0.0,"enemies":"Exordium Thugs","floor":11.0,"turns":3.0},{"damage":0.0,"enemies":"Large Slime","floor":12.0,"turns":3.0},{"damage":0.0,"enemies":"Exordium Wildlife","floor":13.0,"turns":3.0},{"damage":12.0,"enemies":"3 Sentries","floor":14.0,"turns":4.0},{"damage":5.0,"enemies":"The Guardian","floor":16.0,"turns":10.0},{"damage":0.0,"enemies":"Spheric Guardian","floor":18.0,"turns":3.0},{"damage":0.0,"enemies":"3 Byrds","floor":20.0,"turns":2.0},{"damage":0.0,"enemies":"Snake Plant","floor":21.0,"turns":2.0},{"damage":13.0,"enemies":"Centurion and Healer","floor":22.0,"turns":3.0},{"damage":38.0,"enemies":"Book of Stabbing","floor":24.0,"turns":4.0},{"damage":0.0,"enemies":"Gremlin Leader","floor":29.0,"turns":4.0},{"damage":2,"enemies":"Masked Bandits","floor":31,"turns":3},{"damage":31,"enemies":"Champ","floor":33,"turns":10},{"damage":5,"enemies":"Orb Walker","floor":35,"turns":3},{"damage":0,"enemies":"3 Shapes","floor":36,"turns":3},{"damage":2,"enemies":"2 Orb Walkers","floor":37,"turns":4},{"damage":1,"enemies":"Giant Head","floor":41,"turns":7},{"damage":27,"enemies":"3 Darklings","floor":44,"turns":6},{"damage":3,"enemies":"Transient","floor":45,"turns":5},{"damage":0,"enemies":"Mind Bloom Boss Battle","floor":48,"turns":3},{"damage":0,"enemies":"Awakened One","floor":50,"turns":7}],"seed_played":"-6352096028764644357","potions_obtained":[{"floor":3.0,"key":"Dexterity Potion"},{"floor":4.0,"key":"EntropicBrew"},{"floor":8.0,"key":"LiquidBronze"},{"floor":10.0,"key":"Ambrosia"},{"floor":12.0,"key":"Swift Potion"},{"floor":14.0,"key":"EntropicBrew"},{"floor":22.0,"key":"Energy Potion"},{"floor":24.0,"key":"Regen Potion"},{"floor":29,"key":"BottledMiracle"},{"floor":37,"key":"GamblersBrew"},{"floor":44,"key":"Dexterity Potion"},{"floor":45,"key":"Ambrosia"}],"is_trial":false,"path_per_floor":["M","$","M","M","?","E","R","E","T","M","M","M","M","E","R","B",null,"M","?","M","M","M","R","E","R","T","$","R","E","?","?","R","B",null,"M","M","?","?","?","R","E","R","T","M","M","T","$","?","R","B",null],"character_chosen":"WATCHER","items_purchased":["TalkToTheHand","Strange Spoon","Ornamental Fan","Oddly Smooth Stone","BattleHymn","InkBottle","CutThroughFate+1"],"campfire_rested":2,"item_purchase_floors":[2,27,27,27,27,47,47],"current_hp_per_floor":[72,72,68,68,68,61,61,61,61,60,60,60,60,48,48,43,72,72,65,65,65,52,52,14,35,35,35,56,68,72,70,70,39,72,67,67,65,65,65,65,72,72,72,53,54,54,54,64,72,72],"gold":67,"neow_bonus":"UPGRADE_CARD","is_daily":false,"chose_seed":false,"campfire_upgraded":7,"win_rate":0.0,"timestamp":1614320779,"path_taken":["M","$","M","?","?","E","R","E","T","M","M","M","M","E","R","BOSS","M","?","?","M","M","R","E","R","T","$","R","E","?","?","R","BOSS","M","M","?","?","?","R","E","R","T","M","M","?","$","?","R","BOSS"],"items_purchased_type":["Card","Relic","Relic","Relic","Card","Relic","Card"],"build_version":"2020-12-22","purchased_purges":2,"victory":true,"max_hp_per_floor":[72,72,72,72,72,72,72,72,72,72,72,72,72,72,72,72,72,72,72,72,72,72,72,72,72,72,72,72,72,72,72,72,72,72,72,72,72,72,72,72,72,72,72,72,72,72,72,72,72,72],"card_choices":[{"not_picked":["FollowUp","Meditate"],"picked":"Consecrate","floor":1.0},{"not_picked":["ClearTheMind","Perseverance"],"picked":"FlurryOfBlows","floor":3.0},{"not_picked":["Evaluate","DevaForm"],"picked":"EmptyBody","floor":4.0},{"not_picked":["CutThroughFate","CrushJoints"],"picked":"FlyingSleeves","floor":6.0},{"not_picked":["SandsOfTime","Vault"],"picked":"Halt","floor":8.0},{"not_picked":["Wallop","SashWhip","WindmillStrike"],"picked":"SKIP","floor":10.0},{"not_picked":["BowlingBash","Crescendo"],"picked":"Halt","floor":11.0},{"not_picked":["BowlingBash","CutThroughFate"],"picked":"Indignation","floor":12.0},{"not_picked":["CarveReality","ThirdEye"],"picked":"TalkToTheHand","floor":13.0},{"not_picked":["CrushJoints","ThirdEye"],"picked":"FlyingSleeves","floor":14.0},{"not_picked":["Alpha","Omniscience"],"picked":"DeusExMachina","floor":16.0},{"not_picked":["Worship","WreathOfFlame+1","PathToVictory"],"picked":"SKIP","floor":18.0},{"not_picked":["PathToVictory","CutThroughFate","LikeWater"],"picked":"SKIP","floor":20.0},{"not_picked":["Weave","FlyingSleeves+1"],"picked":"EmptyFist+1","floor":21.0},{"not_picked":["PathToVictory+1","SashWhip"],"picked":"ReachHeaven","floor":22.0},{"not_picked":["LikeWater","Worship+1"],"picked":"ClearTheMind+1","floor":24.0},{"not_picked":["Consecrate","PathToVictory+1"],"picked":"Meditate+1","floor":29},{"not_picked":["PathToVictory+1","Vengeance+1"],"picked":"InnerPeace+1","floor":31},{"not_picked":["Scrawl+1","ConjureBlade+1"],"picked":"MasterReality","floor":33},{"not_picked":["ClearTheMind+1","CrushJoints"],"picked":"EmptyFist","floor":35},{"not_picked":["FollowUp+1","JustLucky+1"],"picked":"CarveReality+1","floor":36},{"not_picked":["Swivel+1","Prostrate+1"],"picked":"FlurryOfBlows+1","floor":37},{"not_picked":["Transmutation+1","Secret Weapon+1"],"picked":"Bandage Up+1","floor":39},{"not_picked":["Forethought+1","Impatience+1"],"picked":"Secret Technique+1","floor":39},{"not_picked":["LikeWater+1","WindmillStrike+1","Halt+1"],"picked":"SKIP","floor":41},{"not_picked":["ReachHeaven+1","ThirdEye+1"],"picked":"Vengeance+1","floor":44},{"not_picked":["EmptyFist","CrushJoints+1"],"picked":"Crescendo+1","floor":45},{"not_picked":["JustLucky+1","PathToVictory+1"],"picked":"FlurryOfBlows+1","floor":48}],"player_experience":319454,"relics_obtained":[{"floor":6.0,"key":"Dead Branch"},{"floor":8.0,"key":"Boot"},{"floor":9.0,"key":"The Courier"},{"floor":14.0,"key":"Gremlin Horn"},{"floor":24.0,"key":"Toxic Egg 2"},{"floor":26.0,"key":"HornCleat"},{"floor":29,"key":"Juzu Bracelet"},{"floor":31,"key":"Red Mask"},{"floor":37,"key":"Bird Faced Urn"},{"floor":41,"key":"Eternal Feather"},{"floor":43,"key":"War Paint"},{"floor":46,"key":"Molten Egg 2"},{"floor":48,"key":"FossilizedHelix"}],"event_choices":[{"cards_removed":["Strike_P"],"damage_healed":0.0,"max_hp_gain":0.0,"max_hp_loss":0.0,"gold_gain":0.0,"event_name":"Living Wall","player_choice":"Forget","floor":5.0,"gold_loss":0.0,"damage_taken":0.0},{"damage_healed":0.0,"max_hp_gain":0.0,"max_hp_loss":0.0,"gold_gain":75.0,"event_name":"FaceTrader","player_choice":"Touch","floor":19.0,"gold_loss":0.0,"damage_taken":7.0},{"damage_healed":4,"gold_gain":0,"player_choice":"LEAVE ","damage_taken":0,"relics_obtained":[],"max_hp_gain":0,"max_hp_loss":0,"event_name":"betterSkull:BetterSkull","floor":30,"gold_loss":0,"cards_upgraded":[]},{"damage_healed":0,"gold_gain":0,"player_choice":"Fought Bandits","damage_taken":0,"max_hp_gain":0,"max_hp_loss":0,"event_name":"Masked Bandits","floor":31,"gold_loss":0},{"damage_healed":0,"gold_gain":0,"player_choice":"Fight","damage_taken":0,"max_hp_gain":0,"max_hp_loss":0,"event_name":"Mysterious Sphere","floor":37,"gold_loss":0},{"cards_removed":["Halt"],"damage_healed":0,"gold_gain":0,"player_choice":"Removed Skill","damage_taken":0,"max_hp_gain":0,"max_hp_loss":0,"event_name":"Falling","floor":38,"gold_loss":0},{"damage_healed":0,"gold_gain":3,"player_choice":"1","damage_taken":0,"max_hp_gain":0,"max_hp_loss":0,"event_name":"betterStone:BetterStone","floor":39,"gold_loss":0},{"damage_healed":0,"gold_gain":0,"player_choice":"Fight","damage_taken":0,"max_hp_gain":0,"max_hp_loss":0,"event_name":"MindBloom","floor":48,"gold_loss":0}],"is_beta":false,"boss_relics":[{"not_picked":["Busted Crown","Ectoplasm"],"picked":"VioletLotus"},{"not_picked":["Velvet Choker","Coffee Dripper"],"picked":"SlaversCollar"}],"items_purged_floors":[27,47],"is_endless":false,"potions_floor_spawned":[3,4,8,10,12,14,22,24,29,33,35,37,44,45],"ascension_level":1}}