{"host":"sc8gyep369e97udg","time":1614305981,"event":{"mods":["BaseMod","Bestiary","Minty Spire (QoL Compilation)","Relic Stats"],"gold_per_floor":[112,130,130,130,130,130,166,190,236,236,249,50,50,64,64,187,187,206,131,155,155,171,211,225,248,273,273,47,70,70,105,105,105,105],"floor_reached":33,"language":"ENG","playtime":3949,"items_purged":["Strike_P"],"score":330,"play_id":"1cc8773d-a06d-4f20-962c-eb84f2992dbf","local_time":"20210225211941","is_ascension_mode":true,"campfire_choices":[{"data":"Thinking Ahead","floor":6,"key":"SMITH"},{"floor":10,"key":"REST"},{"floor":15,"key":"REST"},{"floor":27,"key":"REST"},{"floor":30,"key":"REST"},{"floor":32,"key":"REST"}],"circlet_count":0,"master_deck":["Defend_P","Defend_P+1","Eruption","Vigilance","Thinking Ahead+1","Consecrate","InnerPeace+1","FollowUp","FlyingSleeves","Nirvana","ThirdEye","CrushJoints","JustLucky","Judgement","WreathOfFlame+1","BattleHymn+1","Perseverance+1","CutThroughFate+1","ClearTheMind","Meditate","Tantrum","EmptyBody","Adaptation","Vault"],"relics":["PureWater","Golden Idol","Bag of Preparation","Nloth\u0027s Gift","Potion Belt","Ancient Tea Set","Toolbox","InkBottle"],"acts_visited":["Exordium","TheCity"],"potions_floor_usage":[23,31,31,31],"damage_taken":[{"damage":0,"enemies":"2 Louse","floor":1,"turns":3},{"damage":2,"enemies":"Jaw Worm","floor":2,"turns":3},{"damage":47,"enemies":"Gremlin Nob","floor":7,"turns":5},{"damage":0,"enemies":"Small Slimes","floor":8,"turns":2},{"damage":8,"enemies":"Exordium Wildlife","floor":11,"turns":5},{"damage":0,"enemies":"Looter","floor":14,"turns":3},{"damage":19,"enemies":"Slime Boss","floor":16,"turns":11},{"damage":0,"enemies":"Spheric Guardian","floor":18,"turns":2},{"damage":9,"enemies":"Shell Parasite","floor":20,"turns":6},{"damage":12,"enemies":"Snake Plant","floor":22,"turns":4},{"damage":1,"enemies":"Slavers","floor":23,"turns":5},{"damage":13,"enemies":"Chosen and Byrds","floor":24,"turns":5},{"damage":20,"enemies":"Cultist and Chosen","floor":25,"turns":5},{"damage":14,"enemies":"Snake Plant","floor":29,"turns":3},{"damage":15,"enemies":"Book of Stabbing","floor":31,"turns":4},{"damage":43,"enemies":"Champ","floor":33,"turns":8}],"seed_played":"-5928870200001990796","potions_obtained":[{"floor":11,"key":"FearPotion"},{"floor":14,"key":"SteroidPotion"},{"floor":22,"key":"BlessingOfTheForge"},{"floor":24,"key":"Dexterity Potion"},{"floor":31,"key":"Ancient Potion"}],"is_trial":false,"path_per_floor":["M","M","?","?","?","R","E","M","T","R","M","$","?","M","R","B",null,"M","?","M","?","M","E","M","M","T","R","$","M","R","E","R","B"],"character_chosen":"WATCHER","items_purchased":["Nirvana","ThirdEye","Adaptation","Toolbox"],"campfire_rested":5,"item_purchase_floors":[12,12,28,28],"current_hp_per_floor":[51,49,35,35,57,57,10,10,10,30,22,22,22,22,42,23,67,67,67,58,58,46,45,32,12,12,32,32,18,38,23,43,0,0],"gold":105,"neow_bonus":"RANDOM_COLORLESS_2","is_daily":false,"chose_seed":false,"campfire_upgraded":1,"win_rate":0.0,"timestamp":1614305981,"path_taken":["M","M","?","?","?","R","E","M","T","R","M","$","?","M","R","BOSS","M","?","M","?","M","E","?","M","T","R","$","M","R","E","R","BOSS"],"items_purchased_type":["Card","Card","Card","Relic"],"build_version":"2020-12-22","purchased_purges":1,"victory":false,"max_hp_per_floor":[72,72,72,67,67,67,67,67,67,67,67,67,67,67,67,67,67,67,67,67,67,67,67,67,67,67,67,67,67,67,67,67,67,67],"relic_stats":{"counters":[16,74],"Golden Idol":83,"Bag of Preparation":[26],"Nloth\u0027s Gift":3,"obtain_stats":[{"Potion Belt":23,"Golden Idol":4,"Astrolabe":17,"Toolbox":28,"Bag of Preparation":7,"Nloth\u0027s Gift":21,"PureWater":0,"Ancient Tea Set":26,"InkBottle":31},{"Potion Belt":11,"Golden Idol":2,"Astrolabe":7,"Toolbox":13,"Bag of Preparation":3,"Nloth\u0027s Gift":9,"PureWater":0,"Ancient Tea Set":13,"InkBottle":15},{"Potion Belt":49,"Golden Idol":6,"Astrolabe":32,"Toolbox":59,"Bag of Preparation":11,"Nloth\u0027s Gift":40,"PureWater":0,"Ancient Tea Set":59,"InkBottle":66}],"InkBottle":[4]},"card_choices":[{"not_picked":["Transmutation","Mayhem"],"picked":"Thinking Ahead","floor":0},{"not_picked":["EmptyFist","Vengeance"],"picked":"Consecrate","floor":1},{"not_picked":["Crescendo","CarveReality"],"picked":"InnerPeace","floor":2},{"not_picked":["Blasphemy","PathToVictory","Establishment"],"picked":"SKIP","floor":7},{"not_picked":["ClearTheMind","Nirvana"],"picked":"FollowUp","floor":8},{"not_picked":["Consecrate","Pray"],"picked":"FlyingSleeves","floor":11},{"not_picked":["FollowUp","Collect"],"picked":"JustLucky","floor":14},{"not_picked":["MasterReality","DeusExMachina"],"picked":"Judgement","floor":16},{"not_picked":["EmptyBody","PathToVictory"],"picked":"CutThroughFate+1","floor":18},{"not_picked":["Consecrate","FlyingSleeves","Pray"],"picked":"SKIP","floor":20},{"not_picked":["FlurryOfBlows","BattleHymn"],"picked":"ClearTheMind","floor":22},{"not_picked":["EmptyMind","PathToVictory"],"picked":"Meditate","floor":23},{"not_picked":["ConjureBlade","ClearTheMind"],"picked":"Tantrum","floor":24},{"not_picked":["SignatureMove+1","SashWhip"],"picked":"EmptyBody","floor":25},{"not_picked":["PathToVictory","Indignation","ClearTheMind"],"picked":"SKIP","floor":29},{"not_picked":["Tantrum","Wish"],"picked":"Vault","floor":31}],"player_experience":123902,"relics_obtained":[{"floor":7,"key":"Bag of Preparation"},{"floor":23,"key":"Potion Belt"},{"floor":26,"key":"Ancient Tea Set"},{"floor":31,"key":"InkBottle"}],"event_choices":[{"damage_healed":0,"gold_gain":0,"player_choice":"Entered Light","damage_taken":14,"max_hp_gain":0,"max_hp_loss":0,"event_name":"Shining Light","floor":3,"gold_loss":0,"cards_upgraded":["Defend_P","InnerPeace"]},{"damage_healed":0,"gold_gain":0,"player_choice":"Lose Max HP","damage_taken":0,"relics_obtained":["Golden Idol"],"max_hp_gain":0,"max_hp_loss":5,"event_name":"Golden Idol","floor":4,"gold_loss":0},{"damage_healed":22,"gold_gain":0,"player_choice":"Banana","damage_taken":0,"max_hp_gain":0,"max_hp_loss":0,"event_name":"Big Fish","floor":5,"gold_loss":0},{"damage_healed":0,"gold_gain":0,"cards_transformed":["Strike_P"],"player_choice":"Change","damage_taken":0,"max_hp_gain":0,"max_hp_loss":0,"event_name":"Living Wall","floor":13,"gold_loss":0,"cards_obtained":["CrushJoints"]},{"cards_removed":["Strike_P"],"damage_healed":0,"gold_gain":0,"player_choice":"Gave Gold","damage_taken":0,"max_hp_gain":0,"max_hp_loss":0,"event_name":"Beggar","floor":19,"gold_loss":75},{"damage_healed":0,"gold_gain":0,"player_choice":"Traded Relic","damage_taken":0,"relics_obtained":["Nloth\u0027s Gift"],"max_hp_gain":0,"max_hp_loss":0,"event_name":"N\u0027loth","floor":21,"relics_lost":["Astrolabe"],"gold_loss":0}],"is_beta":false,"boss_relics":[{"not_picked":["Empty Cage","Tiny House"],"picked":"Astrolabe"}],"items_purged_floors":[12],"is_endless":false,"potions_floor_spawned":[11,14,22,24,31],"killed_by":"Champ","ascension_level":3}}