{"host":"hg2vyukq38ky973l","time":1614350205,"event":{"mods":["AchievementEnabler","BaseMod","Minty Spire (QoL Compilation)"],"gold_per_floor":[116,116,116,132,132,132,145,145,145,176,28,42,42,53,53,53,53],"floor_reached":16,"language":"ENG","playtime":459,"items_purged":[],"score":125,"play_id":"9f1a1eb2-149c-4f26-a0bd-90409eb4cb21","local_time":"20210227003645","is_ascension_mode":true,"campfire_choices":[{"data":"Dualcast","floor":6,"key":"SMITH"},{"floor":8,"key":"REST"},{"floor":15,"key":"REST"}],"circlet_count":0,"master_deck":["Strike_B","Strike_B","Strike_B","Defend_B","Defend_B","Defend_B","Defend_B","Zap+1","Dualcast+1","Redo+1","Redo","Blizzard+1","Barrage","BootSequence"],"relics":["Cracked Core","Regal Pillow","Anchor"],"acts_visited":["Exordium"],"potions_floor_usage":[16],"damage_taken":[{"damage":1,"enemies":"Small Slimes","floor":1,"turns":3},{"damage":6,"enemies":"2 Louse","floor":4,"turns":2},{"damage":7,"enemies":"Jaw Worm","floor":7,"turns":3},{"damage":40,"enemies":"3 Sentries","floor":10,"turns":7},{"damage":0,"enemies":"2 Fungi Beasts","floor":12,"turns":2},{"damage":3,"enemies":"Blue Slaver","floor":14,"turns":3},{"damage":67,"enemies":"Slime Boss","floor":16,"turns":8}],"seed_played":"-7785814355091883834","potions_obtained":[{"floor":4,"key":"BlessingOfTheForge"},{"floor":10,"key":"Explosive Potion"}],"is_trial":false,"path_per_floor":["M","?","?","M","?","R","M","R","T","E","$","M","?","M","R","B"],"character_chosen":"DEFECT","items_purchased":["Anchor"],"campfire_rested":2,"item_purchase_floors":[11],"current_hp_per_floor":[74,74,67,61,46,46,39,61,61,21,21,21,21,18,55,0,0],"gold":53,"neow_bonus":"THREE_CARDS","is_daily":false,"chose_seed":false,"campfire_upgraded":1,"win_rate":0.0,"timestamp":1614350205,"path_taken":["M","?","?","M","?","R","M","R","T","E","$","?","?","M","R","BOSS"],"items_purchased_type":["Relic"],"build_version":"2020-12-22","purchased_purges":0,"victory":false,"max_hp_per_floor":[75,75,75,75,75,75,75,75,75,75,75,75,75,75,75,75,75],"card_choices":[{"not_picked":["Turbo","Steam"],"picked":"Redo","floor":0},{"not_picked":["Stack","Turbo"],"picked":"Redo","floor":1},{"not_picked":["Hello World","Leap"],"picked":"Blizzard","floor":4},{"not_picked":["Rebound","Gash","Hologram"],"picked":"SKIP","floor":7},{"not_picked":["Hologram","Reinforced Body"],"picked":"Barrage","floor":10},{"not_picked":["Sweeping Beam","Consume","Hyperbeam"],"picked":"SKIP","floor":12},{"not_picked":["Storm","Streamline"],"picked":"BootSequence","floor":14}],"player_experience":338239,"relics_obtained":[{"floor":10,"key":"Regal Pillow"}],"event_choices":[{"damage_healed":0,"gold_gain":0,"player_choice":"Grow","damage_taken":0,"max_hp_gain":0,"max_hp_loss":0,"event_name":"Living Wall","floor":2,"gold_loss":0,"cards_upgraded":["Zap"]},{"cards_removed":["Strike_B"],"damage_healed":0,"gold_gain":0,"player_choice":"Card Removal","damage_taken":7,"max_hp_gain":0,"max_hp_loss":0,"event_name":"Golden Wing","floor":3,"gold_loss":0},{"damage_healed":0,"gold_gain":0,"player_choice":"Entered Light","damage_taken":15,"max_hp_gain":0,"max_hp_loss":0,"event_name":"Shining Light","floor":5,"gold_loss":0,"cards_upgraded":["Redo","Blizzard"]},{"damage_healed":0,"gold_gain":0,"player_choice":"Searched \u00270\u0027 times","damage_taken":0,"max_hp_gain":0,"max_hp_loss":0,"event_name":"Dead Adventurer","floor":13,"gold_loss":0}],"is_beta":false,"boss_relics":[],"items_purged_floors":[],"is_endless":false,"potions_floor_spawned":[4,10],"killed_by":"Slime Boss","ascension_level":5}}