{"host":"zdahj580pq9zy75i","time":1614297764,"event":{"mods":["AchievementEnabler","BaseMod","Bestiary","Colored Map","Minty Spire (QoL Compilation)","Relic Stats","StSLib","ojb\u0027s Info Mod: The sequel"],"gold_per_floor":[114,131,10,285,296,296,324,76,124,152,171,171,204,279,279,279,279],"floor_reached":16,"language":"ENG","playtime":594,"items_purged":["Regret"],"score":270,"play_id":"feae8d79-e382-4718-bbfd-3ed0c649e5c0","local_time":"20210225190244","is_ascension_mode":true,"campfire_choices":[{"data":"Carnage","floor":6,"key":"SMITH"},{"data":"Bash","floor":12,"key":"SMITH"},{"data":"Intimidate","floor":15,"key":"SMITH"}],"circlet_count":0,"master_deck":["AscendersBane","Strike_R","Strike_R","Strike_R","Strike_R","Strike_R","Defend_R","Defend_R","Defend_R","Defend_R","Bash+1","Wild Strike","Carnage+1","Battle Trance","Dropkick","Shrug It Off","Burning Pact","Exhume","Metallicize","Intimidate+1"],"relics":["Burning Blood","Turnip","Vajra","Orrery","CeramicFish","Omamori"],"acts_visited":["Exordium"],"potions_floor_usage":[7,7,16],"damage_taken":[{"damage":18,"enemies":"Small Slimes","floor":1,"turns":5},{"damage":6,"enemies":"Cultist","floor":2,"turns":3},{"damage":7,"enemies":"Jaw Worm","floor":5,"turns":2},{"damage":5,"enemies":"Lagavulin","floor":7,"turns":2},{"damage":17,"enemies":"Exordium Thugs","floor":10,"turns":4},{"damage":6,"enemies":"Looter","floor":11,"turns":2},{"damage":20,"enemies":"3 Sentries","floor":13,"turns":6},{"damage":24,"enemies":"Slime Boss","floor":16,"turns":9}],"seed_played":"-5747743320812127507","potions_obtained":[{"floor":2,"key":"PowerPotion"},{"floor":10,"key":"SneckoOil"}],"is_trial":false,"path_per_floor":["M","M","$","?","M","R","E","$","T","M","M","R","E","?","R","B"],"character_chosen":"IRONCLAD","items_purchased":["Carnage","LiquidMemories","Orrery"],"campfire_rested":0,"item_purchase_floors":[3,3,8],"current_hp_per_floor":[56,56,56,56,55,55,56,56,56,45,45,45,31,20,20,0,0],"gold":279,"neow_bonus":"ONE_RARE_RELIC","is_daily":false,"chose_seed":false,"campfire_upgraded":3,"win_rate":0.0,"timestamp":1614297764,"path_taken":["M","M","$","?","M","R","E","$","T","?","M","R","E","?","R","BOSS"],"items_purchased_type":["Card","Potion","Relic"],"build_version":"2020-12-22","purchased_purges":1,"victory":false,"max_hp_per_floor":[68,68,68,68,68,68,68,68,68,68,68,68,68,68,68,68,68],"relic_stats":{"counters":[8,33],"CeramicFish":18,"Turnip":[5],"obtain_stats":[{"CeramicFish":9,"Vajra":7,"Orrery":8,"Turnip":0,"Omamori":13,"Burning Blood":0},{"CeramicFish":4,"Vajra":4,"Orrery":4,"Turnip":0,"Omamori":7,"Burning Blood":0},{"CeramicFish":12,"Vajra":12,"Orrery":12,"Turnip":0,"Omamori":24,"Burning Blood":0}],"Burning Blood":42},"card_choices":[{"not_picked":["Body Slam","Headbutt"],"picked":"Wild Strike","floor":1},{"not_picked":["Feel No Pain","Reckless Charge","Blood for Blood"],"picked":"SKIP","floor":2},{"not_picked":["Feel No Pain","Reckless Charge","Blood for Blood"],"picked":"SKIP","floor":2},{"not_picked":["Sword Boomerang","Entrench"],"picked":"Battle Trance","floor":5},{"not_picked":["Twin Strike","Limit Break"],"picked":"Dropkick","floor":7},{"not_picked":["Searing Blow","Body Slam"],"picked":"Shrug It Off","floor":8},{"not_picked":["Sword Boomerang","Headbutt"],"picked":"Burning Pact","floor":8},{"not_picked":["Body Slam","Flex"],"picked":"Exhume","floor":8},{"not_picked":["Rage","Cleave"],"picked":"Metallicize","floor":10},{"not_picked":["Clothesline","Twin Strike"],"picked":"Intimidate","floor":11},{"not_picked":["Sword Boomerang","True Grit","Seeing Red"],"picked":"SKIP","floor":13}],"player_experience":819962,"relics_obtained":[{"floor":7,"key":"Vajra"},{"floor":9,"key":"CeramicFish"},{"floor":13,"key":"Omamori"}],"event_choices":[{"damage_healed":0,"gold_gain":275,"player_choice":"Desecrate","damage_taken":0,"max_hp_gain":0,"max_hp_loss":0,"event_name":"Golden Shrine","floor":4,"gold_loss":0,"cards_obtained":["Regret"]},{"damage_healed":0,"gold_gain":75,"player_choice":"Gather Gold","damage_taken":11,"max_hp_gain":0,"max_hp_loss":0,"event_name":"World of Goop","floor":14,"gold_loss":0}],"is_beta":false,"boss_relics":[],"items_purged_floors":[8],"is_endless":false,"potions_floor_spawned":[2,5,10],"killed_by":"Slime Boss","ascension_level":20}}