{"host":"mi0eibewekhugwl1","time":1614346143,"event":{"mods":["AchievementEnabler","BaseMod","Colored Map","Colored Powertips","DeckTracker","Keyboard Shortcuts","Minty Spire (QoL Compilation)","Quick Restart","Rare Cards Sparkle","Relic Stats","StSLib","SuperFastMode","everything is the same but u backflip on backflip"],"gold_per_floor":[118,43,43,43,59,89,106,106,106,3,18,37,53,68,68,139,139,155,77,77,77],"floor_reached":20,"language":"KOR","playtime":254,"items_purged":[],"score":402,"play_id":"9679de5d-836c-4537-ad8a-99957f86ec2d","local_time":"20210226222903","is_ascension_mode":true,"campfire_choices":[{"data":"Inflame","floor":8,"key":"SMITH"},{"data":"Sword Boomerang","floor":15,"key":"SMITH"}],"circlet_count":0,"master_deck":["AscendersBane","Strike_R","Strike_R","Strike_R","Strike_R+1","Defend_R","Defend_R+1","Defend_R","Defend_R","Bash","Whirlwind","Inflame+1","Carnage","Cleave","Purity","Twin Strike","Sword Boomerang+1","Double Tap","Shrug It Off","Evolve"],"relics":["Burning Blood","NeowsBlessing","Pantograph","Philosopher\u0027s Stone"],"acts_visited":["Exordium","TheCity"],"potions_floor_usage":[16,18],"damage_taken":[{"damage":0,"enemies":"2 Louse","floor":1,"turns":1},{"damage":0,"enemies":"Jaw Worm","floor":5,"turns":1},{"damage":0,"enemies":"3 Sentries","floor":6,"turns":1},{"damage":0,"enemies":"Cultist","floor":7,"turns":2},{"damage":16,"enemies":"Large Slime","floor":11,"turns":4},{"damage":13,"enemies":"Exordium Wildlife","floor":12,"turns":2},{"damage":0,"enemies":"3 Louse","floor":13,"turns":2},{"damage":17,"enemies":"Gremlin Gang","floor":14,"turns":4},{"damage":64,"enemies":"Hexaghost","floor":16,"turns":9},{"damage":23,"enemies":"2 Thieves","floor":18,"turns":3},{"damage":48,"enemies":"Shell Parasite","floor":20,"turns":4}],"seed_played":"6809366499437623610","potions_obtained":[{"floor":1,"key":"DuplicationPotion"},{"floor":6,"key":"Fire Potion"}],"is_trial":false,"path_per_floor":["M","?","$","?","M","E","M","R","T","$","M","M","M","M","R","B",null,"M","$","M"],"character_chosen":"IRONCLAD","items_purchased":["Purity","Evolve"],"campfire_rested":0,"item_purchase_floors":[10,19],"current_hp_per_floor":[74,74,74,51,57,63,69,69,69,69,59,52,58,47,47,14,60,43,43,0,0],"gold":77,"neow_bonus":"THREE_ENEMY_KILL","is_daily":false,"chose_seed":false,"campfire_upgraded":2,"win_rate":0.0,"timestamp":1614346143,"path_taken":["M","?","$","?","M","E","M","R","T","?","M","M","M","M","R","BOSS","M","?","M"],"items_purchased_type":["Card","Card"],"build_version":"2020-12-22","purchased_purges":0,"victory":false,"max_hp_per_floor":[75,75,75,75,75,75,75,75,75,75,75,75,75,75,75,75,75,75,75,75,75],"relic_stats":{"counters":[11,33],"Pantograph":25,"obtain_stats":[{"NeowsBlessing":0,"Pantograph":6,"Philosopher\u0027s Stone":17,"Burning Blood":0},{"NeowsBlessing":0,"Pantograph":3,"Philosopher\u0027s Stone":9,"Burning Blood":0},{"NeowsBlessing":0,"Pantograph":3,"Philosopher\u0027s Stone":26,"Burning Blood":0}],"Burning Blood":60},"card_choices":[{"not_picked":["Second Wind","Clash"],"picked":"Whirlwind","floor":1},{"not_picked":["Hemokinesis","Anger"],"picked":"Inflame","floor":5},{"not_picked":["Whirlwind","Sever Soul"],"picked":"Carnage","floor":6},{"not_picked":["Hemokinesis","Thunderclap"],"picked":"Cleave","floor":7},{"not_picked":["Clothesline","Burning Pact"],"picked":"Twin Strike","floor":11},{"not_picked":["Twin Strike","Headbutt","Havoc"],"picked":"SKIP","floor":12},{"not_picked":["Perfected Strike","Bludgeon","Metallicize"],"picked":"SKIP","floor":13},{"not_picked":["True Grit","Pummel"],"picked":"Sword Boomerang","floor":14},{"not_picked":["Immolate","Bludgeon"],"picked":"Double Tap","floor":16},{"not_picked":["Twin Strike","Perfected Strike"],"picked":"Shrug It Off","floor":18}],"player_experience":1833129,"relics_obtained":[{"floor":6,"key":"Pantograph"}],"event_choices":[{"cards_removed":["Strike_R"],"damage_healed":0,"gold_gain":0,"player_choice":"Card Removal","damage_taken":0,"max_hp_gain":0,"max_hp_loss":0,"event_name":"The Cleric","floor":2,"gold_loss":75},{"damage_healed":0,"gold_gain":0,"player_choice":"Entered Light","damage_taken":23,"max_hp_gain":0,"max_hp_loss":0,"event_name":"Shining Light","floor":4,"gold_loss":0,"cards_upgraded":["Strike_R","Defend_R"]}],"is_beta":false,"boss_relics":[{"not_picked":["Ectoplasm","Runic Dome"],"picked":"Philosopher\u0027s Stone"}],"items_purged_floors":[],"is_endless":false,"potions_floor_spawned":[1,6,12,13,14],"killed_by":"Shell Parasite","ascension_level":20}}