{"host":"i29s15dsg0c43zmx","time":1614363118,"event":{"mods":["AchievementEnabler","BaseMod","Colored Map","Minty Spire (QoL Compilation)","StSLib"],"gold_per_floor":[15,34,47,47,67,97,97,126,126,126,79,96,96,21,21,120,120,138,151,82,92,7,7,39,39,39,70,70,70,90,102,102,206,206,220,220,220,220,233,233,263,317,317,317,351,351,92,122,122,122],"floor_reached":51,"language":"ENG","playtime":1960,"items_purged":["Strike_G","Strike_G"],"score":934,"play_id":"5138ce2e-6026-4a6e-a1ad-56bbd35c5ddb","local_time":"20210226191158","is_ascension_mode":true,"campfire_choices":[{"floor":7,"key":"REST"},{"floor":10,"key":"REST"},{"floor":13,"key":"REST"},{"data":"Infinite Blades","floor":15,"key":"SMITH"},{"floor":23,"key":"REST"},{"data":"Accuracy","floor":25,"key":"SMITH"},{"floor":32,"key":"REST"},{"data":"Envenom","floor":40,"key":"SMITH"},{"floor":44,"key":"DIG"},{"floor":46,"key":"REST"},{"floor":49,"key":"REST"}],"circlet_count":0,"master_deck":["Strike_G","Defend_G","Defend_G","Defend_G","Defend_G","Survivor","Neutralize","Dodge and Roll","Skewer","Endless Agony","Infinite Blades+1","Infinite Blades","Blur","After Image","Accuracy+1","Backflip","Accuracy+1","Cloak And Dagger","Cloak And Dagger+1","Infinite Blades","Envenom+1","Backflip","Blade Dance","Envenom","Blade Dance"],"relics":["Ring of the Snake","Shuriken","Orichalcum","Ninja Scroll","Sozu","Gremlin Horn","Unceasing Top","Bag of Marbles","Pocketwatch","Bottled Tornado","WristBlade","Snake Skull","Shovel","Blue Candle","Torii","PreservedInsect","Dream Catcher"],"acts_visited":["Exordium","TheCity","TheBeyond"],"potions_floor_usage":[8,16,21],"damage_taken":[{"damage":9,"enemies":"Jaw Worm","floor":1,"turns":3},{"damage":0,"enemies":"Small Slimes","floor":2,"turns":3},{"damage":6,"enemies":"2 Louse","floor":3,"turns":4},{"damage":1,"enemies":"Blue Slaver","floor":5,"turns":3},{"damage":45,"enemies":"3 Sentries","floor":6,"turns":14},{"damage":5,"enemies":"Gremlin Nob","floor":8,"turns":4},{"damage":3,"enemies":"Lots of Slimes","floor":12,"turns":4},{"damage":6,"enemies":"Slime Boss","floor":16,"turns":8},{"damage":13,"enemies":"Spheric Guardian","floor":18,"turns":4},{"damage":0,"enemies":"Chosen","floor":19,"turns":4},{"damage":19,"enemies":"Centurion and Healer","floor":21,"turns":5},{"damage":4,"enemies":"Gremlin Leader","floor":24,"turns":5},{"damage":15,"enemies":"Book of Stabbing","floor":27,"turns":4},{"damage":11,"enemies":"Snake Plant","floor":30,"turns":4},{"damage":0,"enemies":"3 Cultists","floor":31,"turns":3},{"damage":0,"enemies":"Automaton","floor":33,"turns":6},{"damage":18,"enemies":"3 Darklings","floor":35,"turns":3},{"damage":0,"enemies":"Orb Walker","floor":39,"turns":2},{"damage":10,"enemies":"Reptomancer","floor":41,"turns":4},{"damage":13,"enemies":"2 Orb Walkers","floor":42,"turns":3},{"damage":18,"enemies":"Nemesis","floor":45,"turns":5},{"damage":0,"enemies":"Reptomancer","floor":48,"turns":3},{"damage":35,"enemies":"Awakened One","floor":50,"turns":7}],"seed_played":"-3541657030980713833","potions_obtained":[{"floor":1,"key":"DistilledChaos"},{"floor":6,"key":"LiquidMemories"},{"floor":12,"key":"GhostInAJar"}],"is_trial":false,"path_per_floor":["M","M","M","?","M","E","R","E","T","R","?","M","R","$","R","B",null,"M","M","$","M","?","R","E","R","T","E","?","T","M","M","R","B",null,"M","?","?","?","M","R","E","?","T","R","E","R","$","E","R","B",null],"character_chosen":"THE_SILENT","items_purchased":["Accuracy","Envenom"],"campfire_rested":7,"item_purchase_floors":[20,47],"current_hp_per_floor":[61,61,55,48,47,2,23,18,18,39,39,36,57,57,57,51,70,57,57,57,38,38,59,55,55,55,40,27,27,16,16,38,38,75,57,57,57,57,57,57,47,34,34,34,16,37,37,37,58,23],"gold":122,"neow_bonus":"TRANSFORM_TWO_CARDS","is_daily":false,"chose_seed":false,"campfire_upgraded":3,"win_rate":0.0,"timestamp":1614363118,"path_taken":["M","M","M","?","M","E","R","E","T","R","?","M","R","$","R","BOSS","M","M","$","M","?","R","E","R","T","E","?","?","?","?","R","BOSS","M","?","?","?","?","R","E","?","T","R","E","R","$","E","R","BOSS"],"items_purchased_type":["Card","Card"],"build_version":"2020-12-22","purchased_purges":2,"victory":true,"max_hp_per_floor":[70,70,70,70,70,70,70,70,70,70,70,70,70,70,70,70,70,70,70,70,70,70,70,70,70,70,70,75,75,75,75,75,75,75,75,71,71,71,71,71,71,71,71,71,71,71,71,71,71,71],"card_choices":[{"not_picked":["Underhanded Strike","Poisoned Stab"],"picked":"Endless Agony","floor":1},{"not_picked":["Underhanded Strike","Quick Slash","Flechettes"],"picked":"SKIP","floor":2},{"not_picked":["Escape Plan","Deadly Poison","Catalyst"],"picked":"SKIP","floor":3},{"not_picked":["Concentrate","Dagger Spray","Eviscerate"],"picked":"SKIP","floor":5},{"not_picked":["PiercingWail","Grand Finale"],"picked":"Infinite Blades","floor":6},{"not_picked":["Acrobatics","Bane"],"picked":"Infinite Blades","floor":8},{"not_picked":["Riddle With Holes","Quick Slash"],"picked":"Blur","floor":12},{"not_picked":["A Thousand Cuts","Adrenaline"],"picked":"After Image","floor":16},{"not_picked":["Underhanded Strike","Choke"],"picked":"Accuracy+1","floor":18},{"not_picked":["PiercingWail","Setup+1"],"picked":"Backflip","floor":19},{"not_picked":["Underhanded Strike","Outmaneuver","Acrobatics"],"picked":"SKIP","floor":21},{"not_picked":["Endless Agony","Crippling Poison+1"],"picked":"Cloak And Dagger","floor":24},{"not_picked":["Caltrops","Dagger Throw"],"picked":"Cloak And Dagger+1","floor":27},{"not_picked":["Expertise+1","Wraith Form v2","Blur"],"picked":"SKIP","floor":30},{"not_picked":["Blur","Backflip"],"picked":"Infinite Blades","floor":31},{"not_picked":["Storm of Steel","Night Terror"],"picked":"Envenom","floor":33},{"not_picked":["Catalyst+1","Well Laid Plans"],"picked":"Backflip","floor":35},{"not_picked":["Dagger Spray+1","Backflip","Poisoned Stab"],"picked":"SKIP","floor":39},{"not_picked":["Expertise","Deflect","Backflip"],"picked":"SKIP","floor":41},{"not_picked":["Malaise","Sucker Punch"],"picked":"Blade Dance","floor":45},{"not_picked":["Leg Sweep+1","Quick Slash+1","Sucker Punch"],"picked":"SKIP","floor":48},{"not_picked":["Slice","Choke+1"],"picked":"Blade Dance","floor":49}],"player_experience":147533,"relics_obtained":[{"floor":6,"key":"Shuriken"},{"floor":8,"key":"Orichalcum"},{"floor":9,"key":"Ninja Scroll"},{"floor":24,"key":"Unceasing Top"},{"floor":26,"key":"Bag of Marbles"},{"floor":27,"key":"Pocketwatch"},{"floor":29,"key":"Bottled Tornado"},{"floor":41,"key":"Snake Skull"},{"floor":42,"key":"Shovel"},{"floor":43,"key":"Blue Candle"},{"floor":44,"key":"Torii"},{"floor":45,"key":"PreservedInsect"},{"floor":48,"key":"Dream Catcher"}],"event_choices":[{"cards_removed":["Defend_G"],"damage_healed":0,"gold_gain":0,"player_choice":"Card Removal","damage_taken":7,"max_hp_gain":0,"max_hp_loss":0,"event_name":"Golden Wing","floor":4,"gold_loss":0},{"damage_healed":0,"gold_gain":0,"player_choice":"Left Gold","damage_taken":0,"max_hp_gain":0,"max_hp_loss":0,"event_name":"World of Goop","floor":11,"gold_loss":47},{"damage_healed":0,"gold_gain":0,"player_choice":"Obtained Relic","damage_taken":0,"relics_obtained":["Gremlin Horn"],"max_hp_gain":0,"max_hp_loss":0,"event_name":"Addict","floor":22,"gold_loss":85},{"damage_healed":0,"gold_gain":0,"player_choice":"Shed Blood","damage_taken":18,"max_hp_gain":5,"max_hp_loss":0,"event_name":"Forgotten Altar","floor":28,"gold_loss":0},{"damage_healed":0,"gold_gain":0,"player_choice":"Max HP","damage_taken":0,"max_hp_gain":0,"max_hp_loss":4,"event_name":"Winding Halls","floor":36,"gold_loss":0},{"damage_healed":0,"gold_gain":0,"player_choice":"Ignored","damage_taken":0,"max_hp_gain":0,"max_hp_loss":0,"event_name":"Tomb of Lord Red Mask","floor":37,"gold_loss":0},{"damage_healed":0,"gold_gain":0,"player_choice":"Memory 1","damage_taken":0,"max_hp_gain":0,"max_hp_loss":0,"event_name":"SensoryStone","floor":38,"gold_loss":0},{"damage_healed":0,"gold_gain":0,"player_choice":"Fight","damage_taken":0,"max_hp_gain":0,"max_hp_loss":0,"event_name":"Mysterious Sphere","floor":42,"gold_loss":0}],"is_beta":false,"boss_relics":[{"not_picked":["Tiny House","Coffee Dripper"],"picked":"Sozu"},{"not_picked":["Philosopher\u0027s Stone","Astrolabe"],"picked":"WristBlade"}],"items_purged_floors":[14,47],"is_endless":false,"potions_floor_spawned":[1,6,12,18,19,31,33,35,45],"ascension_level":2}}