{"host":"bxn2em57qlx5u4i0","time":1614303574,"event":{"mods":["BaseMod","Colored Map","Colored Powertips","Highlight Path","Minty Spire (QoL Compilation)","Random Character Button","Relic Sorter","Relic Stats","StSLib","SuperFastMode"],"gold_per_floor":[113,113,93,113,124,150,162,190,227,239,283,295,307,307],"floor_reached":13,"language":"ENG","playtime":263,"items_purged":[],"score":186,"play_id":"58727ded-9b26-435f-9658-ecbd6e971fbd","local_time":"20210225203934","is_ascension_mode":true,"campfire_choices":[{"data":"Dagger Spray","floor":7.0,"key":"SMITH"},{"data":"Terror","floor":10.0,"key":"SMITH"},{"floor":12.0,"key":"REST"}],"circlet_count":0,"master_deck":["AscendersBane","Strike_G","Strike_G","Strike_G","Strike_G","Strike_G","Defend_G","Defend_G+1","Defend_G","Defend_G+1","Defend_G+1","Survivor+1","Neutralize","Deadly Poison","Backstab","Dagger Spray+1","Terror+1","Deadly Poison"],"relics":["Ring of the Snake","MawBank","Blood Vial","War Paint"],"acts_visited":["Exordium"],"potions_floor_usage":[],"damage_taken":[{"damage":4.0,"enemies":"Small Slimes","floor":1.0,"turns":4.0},{"damage":1.0,"enemies":"Jaw Worm","floor":4.0,"turns":3.0},{"damage":0.0,"enemies":"Cultist","floor":5.0,"turns":4.0},{"damage":16.0,"enemies":"Gremlin Nob","floor":6.0,"turns":4.0},{"damage":8.0,"enemies":"Looter","floor":8.0,"turns":2.0},{"damage":9.0,"enemies":"Lagavulin","floor":11.0,"turns":5.0},{"damage":28,"enemies":"Gremlin Nob","floor":13,"turns":3}],"seed_played":"-1248120885343531828","potions_obtained":[{"floor":3.0,"key":"EntropicBrew"},{"floor":4.0,"key":"Block Potion"},{"floor":8.0,"key":"Swift Potion"}],"is_trial":false,"path_per_floor":["M","?","?","M","M","E","R","M","T","R","E","R","E"],"character_chosen":"THE_SILENT","items_purchased":[],"campfire_rested":1,"item_purchase_floors":[],"current_hp_per_floor":[55,35,35,34,34,18,18,10,10,10,3,22,0,0],"gold":307,"neow_bonus":"THREE_CARDS","is_daily":false,"chose_seed":false,"campfire_upgraded":2,"win_rate":0.0,"timestamp":1614303574,"path_taken":["M","?","?","M","M","E","R","M","T","R","E","R","E"],"items_purchased_type":[],"build_version":"2020-12-22","purchased_purges":0,"victory":false,"max_hp_per_floor":[66,66,66,66,66,66,66,66,66,66,66,66,66,66],"relic_stats":{"Blood Vial":4,"counters":[7,25],"War Paint":["Survivor","Defend_G"],"MawBank":84,"obtain_stats":[{"Blood Vial":9,"War Paint":11,"MawBank":6,"Ring of the Snake":0},{"Blood Vial":5,"War Paint":6,"MawBank":4,"Ring of the Snake":0},{"Blood Vial":17,"War Paint":22,"MawBank":15,"Ring of the Snake":0}],"Ring of the Snake":[14]},"card_choices":[{"not_picked":["Endless Agony","Prepared"],"picked":"Deadly Poison","floor":0.0},{"not_picked":["Blade Dance","Tactician"],"picked":"Backstab","floor":1.0},{"not_picked":["Infinite Blades","Acrobatics","Slice"],"picked":"SKIP","floor":4.0},{"not_picked":["Backflip","Dagger Throw"],"picked":"Dagger Spray","floor":5.0},{"not_picked":["Predator","Quick Slash"],"picked":"Terror","floor":6.0},{"not_picked":["Choke","Quick Slash","Dodge and Roll"],"picked":"SKIP","floor":8.0},{"not_picked":["Prepared","Backflip"],"picked":"Deadly Poison","floor":11.0}],"player_experience":3051699,"relics_obtained":[{"floor":6.0,"key":"MawBank"},{"floor":9.0,"key":"Blood Vial"},{"floor":11.0,"key":"War Paint"}],"event_choices":[{"damage_healed":0.0,"max_hp_gain":0.0,"max_hp_loss":0.0,"gold_gain":0.0,"event_name":"Shining Light","player_choice":"Entered Light","floor":2.0,"gold_loss":0.0,"damage_taken":20.0,"cards_upgraded":["Defend_G","Defend_G"]},{"damage_healed":0.0,"max_hp_gain":0.0,"max_hp_loss":0.0,"gold_gain":0.0,"event_name":"The Woman in Blue","player_choice":"Bought 1 Potion","floor":3.0,"gold_loss":0.0,"damage_taken":0.0}],"is_beta":false,"boss_relics":[],"items_purged_floors":[],"is_endless":false,"potions_floor_spawned":[4,8],"killed_by":"Gremlin Nob","ascension_level":20}}