{"host":"yqw1zpryoutrnocq","time":1614316497,"event":{"mods":["2.2 Compatiblity","AchievementEnabler","BaseMod","Colored Map","Custom Start","DeckTracker","Minty Spire (QoL Compilation)","StSLib","SuperFastMode"],"gold_per_floor":[111,111,121,133,145,145,174,187,187,21,21,31,60,60,60,160,160,177,177,188,204,215,245,245,14,14,14,31,31,47,64,64,159,159,172,188,188,228,228,262,262,322,322,322,348,359,102,151,151,151,151,151,12,44,44,44],"floor_reached":55,"language":"KOR","playtime":2087,"items_purged":["Strike_P","EmptyFist","CarveReality"],"score":1076,"play_id":"b7d054ef-1d35-42cb-9c20-6bb110283130","local_time":"20210225231457","is_ascension_mode":true,"campfire_choices":[{"data":"Eruption","floor":6.0,"key":"SMITH"},{"data":"Adaptation","floor":11.0,"key":"SMITH"},{"data":"Eruption","floor":15.0,"key":"SMITH"},{"data":"MentalFortress","floor":24.0,"key":"SMITH"},{"data":"DeusExMachina","floor":27.0,"key":"SMITH"},{"data":"SashWhip","floor":29.0,"key":"SMITH"},{"data":"Prostrate","floor":32.0,"key":"SMITH"},{"data":"Wish","floor":41.0,"key":"SMITH"},{"floor":49.0,"key":"RECALL"},{"data":"Evaluate","floor":52.0,"key":"SMITH"}],"circlet_count":0,"master_deck":["Defend_P","Defend_P","Eruption+1","Vigilance","SashWhip+1","Eruption+1","Prostrate+1","Evaluate+1","Wallop","DeusExMachina+1","SandsOfTime","Adaptation+1","MentalFortress+1","EmptyMind+1","Tantrum","Wish+1","Sanctity+1","Protect+1","SashWhip+1","ForeignInfluence+1","Fasting2+1","Prostrate+1","InnerPeace+1"],"relics":["PureWater","Mango","Lizard Tail","Shuriken","Tiny Chest","Coffee Dripper","WingedGreaves","Membership Card","Pen Nib","Astrolabe","Boot","Torii","Mercury Hourglass","Bottled Tornado","Bronze Scales","ClockworkSouvenir","Singing Bowl","Cauldron","Lantern"],"acts_visited":["Exordium","TheCity","TheBeyond","TheEnding"],"potions_floor_usage":[55],"damage_taken":[{"damage":0.0,"enemies":"Cultist","floor":1.0,"turns":4.0},{"damage":4.0,"enemies":"Jaw Worm","floor":3.0,"turns":3.0},{"damage":0.0,"enemies":"Small Slimes","floor":4.0,"turns":2.0},{"damage":4.0,"enemies":"Exordium Wildlife","floor":5.0,"turns":3.0},{"damage":24.0,"enemies":"3 Sentries","floor":7.0,"turns":5.0},{"damage":7.0,"enemies":"Red Slaver","floor":8.0,"turns":5.0},{"damage":0.0,"enemies":"Blue Slaver","floor":12.0,"turns":2.0},{"damage":0.0,"enemies":"Gremlin Nob","floor":13.0,"turns":3.0},{"damage":23.0,"enemies":"The Guardian","floor":16.0,"turns":8.0},{"damage":0.0,"enemies":"Chosen","floor":18.0,"turns":3.0},{"damage":3.0,"enemies":"Shell Parasite","floor":20.0,"turns":3.0},{"damage":0.0,"enemies":"3 Cultists","floor":21.0,"turns":4.0},{"damage":2.0,"enemies":"Cultist and Chosen","floor":22.0,"turns":4.0},{"damage":23.0,"enemies":"Slavers","floor":23.0,"turns":4.0},{"damage":17.0,"enemies":"Sentry and Sphere","floor":28.0,"turns":3.0},{"damage":0.0,"enemies":"Chosen and Byrds","floor":30.0,"turns":2.0},{"damage":7.0,"enemies":"Shelled Parasite and Fungi","floor":31.0,"turns":2.0},{"damage":21.0,"enemies":"Automaton","floor":33.0,"turns":5.0},{"damage":0.0,"enemies":"Orb Walker","floor":35.0,"turns":3.0},{"damage":4.0,"enemies":"3 Darklings","floor":36.0,"turns":4.0},{"damage":10.0,"enemies":"Maw","floor":38.0,"turns":6.0},{"damage":11.0,"enemies":"Nemesis","floor":40.0,"turns":5.0},{"damage":0.0,"enemies":"Reptomancer","floor":42.0,"turns":6.0},{"damage":0.0,"enemies":"Giant Head","floor":45.0,"turns":6.0},{"damage":0.0,"enemies":"Sphere and 2 Shapes","floor":46.0,"turns":2.0},{"damage":36.0,"enemies":"Transient","floor":48.0,"turns":5.0},{"damage":9.0,"enemies":"Awakened One","floor":50.0,"turns":11.0},{"damage":52.0,"enemies":"Shield and Spear","floor":54.0,"turns":4.0},{"damage":67,"enemies":"The Heart","floor":55,"turns":9}],"seed_played":"-572588435799635408","potions_obtained":[{"floor":1.0,"key":"DuplicationPotion"},{"floor":7.0,"key":"Fruit Juice"},{"floor":12.0,"key":"DistilledChaos"},{"floor":13.0,"key":"Energy Potion"},{"floor":16.0,"key":"SneckoOil"},{"floor":22.0,"key":"Fire Potion"},{"floor":23.0,"key":"Swift Potion"},{"floor":31.0,"key":"DistilledChaos"},{"floor":33.0,"key":"BlessingOfTheForge"},{"floor":35.0,"key":"Weak Potion"},{"floor":40.0,"key":"DuplicationPotion"},{"floor":42.0,"key":"Regen Potion"},{"floor":48.0,"key":"SmokeBomb"},{"floor":53.0,"key":"FairyPotion"},{"floor":53.0,"key":"Ancient Potion"},{"floor":53.0,"key":"FearPotion"}],"is_trial":false,"path_per_floor":["M","?","M","M","M","R","E","M","T","$","R","M","E","?","R","B",null,"M","?","M","M","M","E","R","$","T","R","M","R","M","M","R","B",null,"M","M","$","M","T","E","R","E","T","?","E","M","$","M","R","B",null,"R","$","E","B"],"character_chosen":"WATCHER","items_purchased":["Adaptation","EmptyFist","Membership Card","Pen Nib","ClockworkSouvenir","Singing Bowl","Cauldron"],"campfire_rested":0,"item_purchase_floors":[10,10,25,25,47,47,53],"current_hp_per_floor":[79,79,75,75,71,71,47,40,40,40,40,40,40,33,33,10,62,62,62,59,59,57,39,39,39,39,39,22,22,22,15,15,42,74,74,70,70,60,60,49,49,49,49,49,49,49,49,15,15,21,70,70,70,20,0,0],"gold":44,"neow_bonus":"ONE_RARE_RELIC","is_daily":false,"chose_seed":false,"campfire_upgraded":9,"win_rate":0.0,"timestamp":1614316497,"path_taken":["M","?","M","M","?","R","E","M","T","$","R","M","E","?","R","BOSS","M","?","M","M","M","E","R","$","T","R","M","R","M","?","R","BOSS","M","M","$","M","?","E","R","E","T","?","E","M","?","?","R","BOSS","R","$","E","BOSS"],"items_purchased_type":["Card","Card","Relic","Relic","Relic","Relic","Relic"],"build_version":"2020-12-22","purchased_purges":3,"victory":false,"max_hp_per_floor":[79,79,79,79,79,79,79,79,79,79,79,79,79,79,79,79,79,79,79,79,79,79,84,84,84,84,84,84,84,84,84,84,84,84,84,84,84,84,84,84,84,84,84,84,84,84,84,86,86,86,86,86,86,88,88,88],"card_choices":[{"not_picked":["FlurryOfBlows","Indignation"],"picked":"SashWhip","floor":1.0},{"not_picked":["BowlingBash","EmptyFist"],"picked":"Prostrate","floor":3.0},{"not_picked":["Evaluate","Consecrate","CutThroughFate"],"picked":"SKIP","floor":4.0},{"not_picked":["Consecrate","CutThroughFate"],"picked":"Evaluate","floor":4.0},{"not_picked":["Wireheading","FlurryOfBlows"],"picked":"Wallop","floor":5.0},{"not_picked":["Vengeance","EmptyMind"],"picked":"DeusExMachina","floor":7.0},{"not_picked":["Study","CrushJoints"],"picked":"SandsOfTime","floor":8.0},{"not_picked":["CutThroughFate","Halt","EmptyFist"],"picked":"SKIP","floor":12.0},{"not_picked":["PathToVictory","Alpha","Consecrate"],"picked":"SKIP","floor":13.0},{"not_picked":["CrushJoints","Halt","Wallop"],"picked":"SKIP","floor":18.0},{"not_picked":["JustLucky","SashWhip+1"],"picked":"MentalFortress","floor":20.0},{"not_picked":["Pray","PathToVictory","WheelKick+1"],"picked":"SKIP","floor":21.0},{"not_picked":["Prostrate","Protect+1"],"picked":"EmptyMind+1","floor":22.0},{"not_picked":["BowlingBash+1","Wallop","FlyingSleeves"],"picked":"SKIP","floor":23.0},{"not_picked":["JustLucky","ClearTheMind"],"picked":"Tantrum","floor":28.0},{"not_picked":["Vengeance","CutThroughFate","EmptyBody"],"picked":"SKIP","floor":30.0},{"not_picked":["Collect","JustLucky","Halt"],"picked":"SKIP","floor":31.0},{"not_picked":["Omniscience","MasterReality"],"picked":"Wish","floor":33.0},{"not_picked":["LikeWater+1","JustLucky"],"picked":"ForeignInfluence+1","floor":35.0},{"not_picked":["ClearTheMind","EmptyMind"],"picked":"Fasting2+1","floor":36.0},{"not_picked":["Meditate","EmptyFist+1","Tantrum+1"],"picked":"SKIP","floor":38.0},{"not_picked":["Weave","BowlingBash","FlurryOfBlows"],"picked":"SKIP","floor":40.0},{"not_picked":["ReachHeaven+1","BowlingBash"],"picked":"Prostrate+1","floor":42.0},{"not_picked":["EmptyBody+1","Protect+1","Evaluate+1"],"picked":"SKIP","floor":45.0},{"not_picked":["WindmillStrike","SandsOfTime"],"picked":"InnerPeace+1","floor":46.0},{"not_picked":["CutThroughFate+1","ClearTheMind+1","Consecrate+1"],"picked":"Singing Bowl","floor":48.0},{"not_picked":["ConjureBlade","Meditate","Protect"],"picked":"Singing Bowl","floor":54.0}],"player_experience":369921,"relics_obtained":[{"floor":7.0,"key":"Lizard Tail"},{"floor":9.0,"key":"Shuriken"},{"floor":13.0,"key":"Tiny Chest"},{"floor":23.0,"key":"WingedGreaves"},{"floor":39.0,"key":"Boot"},{"floor":40.0,"key":"Torii"},{"floor":42.0,"key":"Mercury Hourglass"},{"floor":43.0,"key":"Bottled Tornado"},{"floor":45.0,"key":"Bronze Scales"},{"floor":54.0,"key":"Lantern"}],"event_choices":[{"damage_healed":0.0,"max_hp_gain":0.0,"max_hp_loss":0.0,"gold_gain":0.0,"event_name":"Match and Keep!","player_choice":"2 cards matched","floor":2.0,"gold_loss":0.0,"damage_taken":0.0,"cards_obtained":["CarveReality","Eruption"]},{"cards_removed":["Strike_P"],"damage_healed":0.0,"max_hp_gain":0.0,"max_hp_loss":0.0,"gold_gain":0.0,"event_name":"Golden Wing","player_choice":"Card Removal","floor":14.0,"gold_loss":0.0,"damage_taken":7.0},{"cards_removed":["Defend_P"],"damage_healed":0.0,"max_hp_gain":0.0,"max_hp_loss":0.0,"gold_gain":0.0,"event_name":"Purifier","player_choice":"Purged","floor":19.0,"gold_loss":0.0,"damage_taken":0.0},{"damage_healed":0.0,"max_hp_gain":0.0,"max_hp_loss":0.0,"gold_gain":0.0,"event_name":"Tomb of Lord Red Mask","player_choice":"Ignored","floor":44.0,"gold_loss":0.0,"damage_taken":0.0}],"is_beta":false,"boss_relics":[{"not_picked":["Fusion Hammer","Busted Crown"],"picked":"Coffee Dripper"},{"not_picked":["Calling Bell","Empty Cage"],"picked":"Astrolabe"}],"items_purged_floors":[10,47,53],"is_endless":false,"potions_floor_spawned":[1,7,12,13,16,22,23,31,33,35,40,42,48],"killed_by":"The Heart","ascension_level":5}}