{"host":"okln270zkafj6dck","time":1614342951,"event":{"mods":["BaseMod","Minty Spire (QoL Compilation)","Permanent Neow","Quick Restart","Relic Stats","StSLib","SuperFastMode","UnlockEverythingMod"],"gold_per_floor":[112,128,4,16,16,16,28,60,85,85,117,139,167,179,179,261,261,249,276,301,60,80,80,80,80],"floor_reached":24,"language":"ENG","playtime":653,"items_purged":["Strike_G"],"score":424,"play_id":"9d0baefc-aced-46b8-858a-53a26011dc1a","local_time":"20210226043551","is_ascension_mode":true,"campfire_choices":[{"data":"Skewer","floor":6.0,"key":"SMITH"},{"floor":10.0,"key":"REST"},{"floor":15.0,"key":"REST"},{"floor":23,"key":"REST"}],"circlet_count":0,"master_deck":["AscendersBane","Strike_G","Strike_G","Strike_G","Strike_G","Defend_G","Defend_G","Defend_G","Defend_G","Defend_G","Survivor","Neutralize","Quick Slash","Blade Dance","Footwork","Skewer+1","Dagger Spray","Deadly Poison","Calculated Gamble","Terror","Wraith Form v2","Crippling Poison","Dash","Acrobatics+1","Backflip"],"relics":["Ring of the Snake","FossilizedHelix","Blood Vial","CeramicFish","Oddly Smooth Stone","Fusion Hammer","Sling"],"acts_visited":["Exordium","TheCity"],"potions_floor_usage":[],"damage_taken":[{"damage":0.0,"enemies":"Cultist","floor":1.0,"turns":4.0},{"damage":0.0,"enemies":"Jaw Worm","floor":2.0,"turns":5.0},{"damage":0.0,"enemies":"Small Slimes","floor":4.0,"turns":3.0},{"damage":0.0,"enemies":"Blue Slaver","floor":7.0,"turns":2.0},{"damage":32.0,"enemies":"Gremlin Nob","floor":8.0,"turns":5.0},{"damage":23.0,"enemies":"Lagavulin","floor":11.0,"turns":9.0},{"damage":0.0,"enemies":"Gremlin Gang","floor":12.0,"turns":4.0},{"damage":0.0,"enemies":"Looter","floor":13.0,"turns":4.0},{"damage":0.0,"enemies":"Large Slime","floor":14.0,"turns":7.0},{"damage":18.0,"enemies":"Slime Boss","floor":16.0,"turns":9.0},{"damage":10.0,"enemies":"2 Thieves","floor":18.0,"turns":4.0},{"damage":24.0,"enemies":"Spheric Guardian","floor":19.0,"turns":8.0},{"damage":14.0,"enemies":"3 Cultists","floor":20.0,"turns":7.0},{"damage":11,"enemies":"Snake Plant","floor":22,"turns":7},{"damage":33,"enemies":"Book of Stabbing","floor":24,"turns":5}],"seed_played":"6740225552745941527","potions_obtained":[{"floor":4.0,"key":"SmokeBomb"},{"floor":8.0,"key":"PowerPotion"},{"floor":11.0,"key":"PowerPotion"},{"floor":13.0,"key":"Fruit Juice"},{"floor":19.0,"key":"Dexterity Potion"},{"floor":20.0,"key":"Fire Potion"}],"is_trial":false,"path_per_floor":["M","M","$","M","?","R","M","E","T","R","E","M","M","M","R","B",null,"M","M","M","$","M","R","E"],"character_chosen":"THE_SILENT","items_purchased":["Footwork","Skewer","Sling"],"campfire_rested":3,"item_purchase_floors":[3,3,21],"current_hp_per_floor":[44,44,44,44,44,44,44,12,12,31,10,12,14,21,42,26,60,52,30,18,18,9,30,0,0],"gold":80,"neow_bonus":"ONE_RARE_RELIC","is_daily":false,"chose_seed":false,"campfire_upgraded":1,"win_rate":0.0,"timestamp":1614342951,"path_taken":["M","M","$","?","?","R","M","E","T","R","E","M","?","M","R","BOSS","M","M","M","$","M","R","E"],"items_purchased_type":["Card","Card","Relic"],"build_version":"2020-12-22","purchased_purges":1,"victory":false,"max_hp_per_floor":[66,66,66,66,66,66,66,66,66,66,66,66,66,71,71,71,71,71,71,71,71,71,71,71,71],"relic_stats":{"Blood Vial":20,"counters":[15,83],"CeramicFish":63,"obtain_stats":[{"Blood Vial":8,"CeramicFish":9,"Oddly Smooth Stone":11,"Fusion Hammer":17,"Sling":21,"FossilizedHelix":0,"Ring of the Snake":0},{"Blood Vial":5,"CeramicFish":5,"Oddly Smooth Stone":6,"Fusion Hammer":10,"Sling":13,"FossilizedHelix":0,"Ring of the Snake":0},{"Blood Vial":19,"CeramicFish":19,"Oddly Smooth Stone":28,"Fusion Hammer":52,"Sling":71,"FossilizedHelix":0,"Ring of the Snake":0}],"Ring of the Snake":[30]},"card_choices":[{"not_picked":["Bane","Catalyst"],"picked":"Quick Slash","floor":1.0},{"not_picked":["Outmaneuver","Venomology"],"picked":"Blade Dance","floor":2.0},{"not_picked":["Blade Dance","Underhanded Strike"],"picked":"Dagger Spray","floor":4.0},{"not_picked":["Poisoned Stab","Bane","Heel Hook"],"picked":"SKIP","floor":7.0},{"not_picked":["Eviscerate","Backflip"],"picked":"Deadly Poison","floor":8.0},{"not_picked":["Expertise","Dagger Spray","Predator"],"picked":"SKIP","floor":11.0},{"not_picked":["Prepared","Bane"],"picked":"Calculated Gamble","floor":12.0},{"not_picked":["Bane","Outmaneuver"],"picked":"Terror","floor":13.0},{"not_picked":["Catalyst","Concentrate","Dagger Spray"],"picked":"SKIP","floor":14.0},{"not_picked":["A Thousand Cuts","Die Die Die"],"picked":"Wraith Form v2","floor":16.0},{"not_picked":["Dagger Spray","Poisoned Stab"],"picked":"Crippling Poison","floor":18.0},{"not_picked":["Backstab","Expertise"],"picked":"Dash","floor":19.0},{"not_picked":["Backflip","Bane"],"picked":"Acrobatics+1","floor":20.0},{"not_picked":["Expertise","Deflect"],"picked":"Backflip","floor":22}],"player_experience":65270,"relics_obtained":[{"floor":8.0,"key":"Blood Vial"},{"floor":9.0,"key":"CeramicFish"},{"floor":11.0,"key":"Oddly Smooth Stone"}],"event_choices":[{"damage_healed":0.0,"max_hp_gain":0.0,"max_hp_loss":0.0,"gold_gain":0.0,"event_name":"Transmorgrifier","player_choice":"Ignored","floor":5.0,"gold_loss":0.0,"damage_taken":0.0}],"is_beta":false,"boss_relics":[{"not_picked":["Empty Cage","Ectoplasm"],"picked":"Fusion Hammer"}],"items_purged_floors":[21],"is_endless":false,"potions_floor_spawned":[4,8,11,12,13,19,20],"killed_by":"Book of Stabbing","ascension_level":20}}