{"host":"eydwxg59205c3vtl","time":1614300546,"event":{"mods":["2.2 Compatiblity","BaseMod","Colored Map","Colored Powertips","Hubris","Minty Spire (QoL Compilation)","StSLib","The Jungle","The Necromancer"],"gold_per_floor":[116,41,67,67,84,84,116,133,133,133,133,149,168,194,194,268,268,278,32,51,51,51,85,100,123,123,123],"floor_reached":27,"language":"ENG","playtime":577,"items_purged":["Strike_W"],"score":519,"play_id":"c7ffd12c-0a3c-4826-8e5c-08f0eb75d4b6","local_time":"20210225194906","is_ascension_mode":true,"campfire_choices":[{"data":"Negative_Energy_Javelin","floor":6.0,"key":"SMITH"},{"data":"Negative_Energy_Arrows","floor":11.0,"key":"SMITH"},{"data":"Plague_Bolt","floor":15.0,"key":"SMITH"},{"data":"Negative_Energy_Sphere","floor":23,"key":"SMITH"}],"circlet_count":0,"master_deck":["AscendersBane","Strike_W","Strike_W","Defend_W","Defend_W","Defend_W","Defend_W","Negative_Energy_Arrows+1","Bone_Wall","Negative_Energy_Sphere+1","Negative_Energy_Javelin+1","Negative_Energy_Javelin+1","Negative_Energy_Shield","Plague_Bolt+1","Hellfire","Negative_Energy_Shield+1","Summon_Undead_Army+1","Spectral_Walk"],"relics":["Vampire_Amulet","NeowsBlessing","Pen Nib","Pantograph","Regal Pillow","Eternal Feather","hubris:Teleporter","Sozu","ClockworkSouvenir","Nunchaku","Bag of Preparation"],"acts_visited":["Exordium","TheCity"],"potions_floor_usage":[18],"damage_taken":[{"damage":0.0,"enemies":"2 Louse","floor":1.0,"turns":1.0},{"damage":0.0,"enemies":"Jaw Worm","floor":5.0,"turns":1.0},{"damage":0.0,"enemies":"3 Sentries","floor":7.0,"turns":2.0},{"damage":4.0,"enemies":"Cultist","floor":8.0,"turns":4.0},{"damage":0.0,"enemies":"Lots of Slimes","floor":12.0,"turns":2.0},{"damage":2.0,"enemies":"Red Slaver","floor":13.0,"turns":3.0},{"damage":24.0,"enemies":"Gremlin Nob","floor":14.0,"turns":4.0},{"damage":15.0,"enemies":"The Guardian","floor":16.0,"turns":14.0},{"damage":11,"enemies":"2 Thieves","floor":18,"turns":4},{"damage":0,"enemies":"Spheric Guardian","floor":20,"turns":4},{"damage":24,"enemies":"Book of Stabbing","floor":24,"turns":6},{"damage":15,"enemies":"Cultist and Chosen","floor":25,"turns":4},{"damage":41,"enemies":"Slavers","floor":27,"turns":4}],"seed_played":"-8291576481591010885","potions_obtained":[{"floor":1.0,"key":"SteroidPotion"},{"floor":12.0,"key":"Dexterity Potion"},{"floor":13.0,"key":"Energy Potion"}],"is_trial":false,"path_per_floor":["M","?","T","T","M","R","E","M","T","?","R","M","M","E","R","B",null,"M","$","M","$","R","E","M","T","E"],"character_chosen":"NECROMANCER","items_purchased":["ClockworkSouvenir"],"campfire_rested":0,"item_purchase_floors":[19],"current_hp_per_floor":[68,68,68,68,70,70,71,69,69,69,71,71,71,49,58,58,68,61,61,63,63,71,49,38,38,0,0],"gold":123,"neow_bonus":"THREE_ENEMY_KILL","is_daily":false,"chose_seed":false,"campfire_upgraded":4,"win_rate":0.0,"timestamp":1614300546,"path_taken":["M","?","?","?","M","R","E","M","T","?","R","?","M","E","R","BOSS","M","$","M","$","R","E","?","T","E"],"items_purchased_type":["Relic"],"build_version":"2020-12-22","purchased_purges":1,"victory":false,"max_hp_per_floor":[71,71,71,71,71,71,71,71,71,71,71,71,71,71,71,71,71,71,71,71,71,71,71,71,71,71,71],"card_choices":[{"not_picked":["Violent_Necrosis","Blood_Is_Power"],"picked":"Negative_Energy_Sphere","floor":1.0},{"not_picked":["Stop_Heart","Uncharnel"],"picked":"Negative_Energy_Javelin","floor":5.0},{"not_picked":["Uncharnel","Bone_Armor","Blood_for_Blood"],"picked":"SKIP","floor":7.0},{"not_picked":["Bone_Shift","Summon_Undead_Army"],"picked":"Negative_Energy_Javelin","floor":8.0},{"not_picked":["Scare","Blood_Whip","Shackles_Of_Pain"],"picked":"SKIP","floor":12.0},{"not_picked":["Blood_Shield","Acid_Javelin"],"picked":"Negative_Energy_Shield","floor":13.0},{"not_picked":["Bone_Armor","Reap_The_Weak"],"picked":"Plague_Bolt","floor":14.0},{"not_picked":["Detonate_Bones","Skeleton_Dragon"],"picked":"Hellfire","floor":16.0},{"not_picked":["Negative_Energy_Sphere","Bone_Spikes"],"picked":"Negative_Energy_Shield+1","floor":18},{"not_picked":["Strike_from_Beyond","Bone_Bullets","Bone_Armory"],"picked":"SKIP","floor":20},{"not_picked":["Shackles_Of_Pain+1","Blood_Is_Power"],"picked":"Summon_Undead_Army+1","floor":24},{"not_picked":["Strike_from_Beyond","Necromantic_Selection"],"picked":"Spectral_Walk","floor":25}],"player_experience":637437,"relics_obtained":[{"floor":3.0,"key":"Pen Nib"},{"floor":4.0,"key":"Pantograph"},{"floor":7.0,"key":"Regal Pillow"},{"floor":9.0,"key":"Eternal Feather"},{"floor":14.0,"key":"hubris:Teleporter"},{"floor":24,"key":"Nunchaku"},{"floor":26,"key":"Bag of Preparation"}],"event_choices":[{"cards_removed":["Strike_W"],"damage_healed":0.0,"max_hp_gain":0.0,"max_hp_loss":0.0,"gold_gain":0.0,"event_name":"The Cleric","player_choice":"Card Removal","floor":2.0,"gold_loss":75.0,"damage_taken":0.0},{"damage_healed":0.0,"max_hp_gain":0.0,"max_hp_loss":0.0,"gold_gain":0.0,"event_name":"Upgrade Shrine","player_choice":"Upgraded","floor":10.0,"gold_loss":0.0,"damage_taken":0.0,"cards_upgraded":["Negative_Energy_Javelin"]}],"is_beta":false,"boss_relics":[{"not_picked":["hubris:CrackedHourglass","hubris:GrandSneckoEye"],"picked":"Sozu"}],"items_purged_floors":[19],"is_endless":false,"potions_floor_spawned":[1,12,13,14,16,18,25],"killed_by":"Slavers","ascension_level":19}}