{"host":"fuszjwm6fqgjjp4d","time":1614342215,"event":{"mods":["BaseMod","Colored Map","Minty Spire (QoL Compilation)","Permanent Neow","Relic Sorter","Relic Stats","StSLib"],"gold_per_floor":[115,129,129,149,159,159,10,10,37,37,37,53,86,103,103,175,175,195,213,138,155,70,70,142,174,174,174,189,208,208,208],"floor_reached":30,"language":"ENG","playtime":27905,"items_purged":[],"score":554,"play_id":"1cc2e122-7a5b-42af-bafe-8af9b6fe9005","local_time":"20210226062335","is_ascension_mode":true,"campfire_choices":[{"data":"Searing Blow+1","floor":6.0,"key":"SMITH"},{"data":"Searing Blow+2","floor":8.0,"key":"SMITH"},{"data":"Searing Blow+3","floor":10.0,"key":"SMITH"},{"data":"Searing Blow+4","floor":15.0,"key":"SMITH"},{"data":"Searing Blow+5","floor":23.0,"key":"SMITH"},{"floor":27,"key":"REST"}],"circlet_count":0,"master_deck":["AscendersBane","Strike_R","Strike_R","Strike_R","Defend_R","Defend_R","Defend_R+1","Defend_R","Bash","Bloodletting+1","Searing Blow+6","Headbutt","Offering","Offering","Double Tap","Armaments","Shrug It Off"],"relics":["Burning Blood","Strawberry","Orichalcum","SlaversCollar","Anchor","White Beast Statue","War Paint","Mercury Hourglass"],"acts_visited":["Exordium","TheCity"],"potions_floor_usage":[29],"damage_taken":[{"damage":13.0,"enemies":"Small Slimes","floor":1.0,"turns":5.0},{"damage":12.0,"enemies":"Jaw Worm","floor":2.0,"turns":4.0},{"damage":4.0,"enemies":"Cultist","floor":4.0,"turns":3.0},{"damage":10.0,"enemies":"Looter","floor":5.0,"turns":3.0},{"damage":7.0,"enemies":"3 Louse","floor":12.0,"turns":5.0},{"damage":32.0,"enemies":"Lagavulin","floor":13.0,"turns":4.0},{"damage":6.0,"enemies":"Blue Slaver","floor":14.0,"turns":2.0},{"damage":23.0,"enemies":"Slime Boss","floor":16.0,"turns":6.0},{"damage":40.0,"enemies":"3 Byrds","floor":18.0,"turns":5.0},{"damage":6.0,"enemies":"Spheric Guardian","floor":19.0,"turns":2.0},{"damage":25.0,"enemies":"Snake Plant","floor":21.0,"turns":2.0},{"damage":12,"enemies":"Slavers","floor":25,"turns":4},{"damage":15,"enemies":"Sentry and Sphere","floor":28,"turns":3},{"damage":15,"enemies":"Cultist and Chosen","floor":29,"turns":4},{"damage":13,"enemies":"Book of Stabbing","floor":30,"turns":3}],"seed_played":"-7588499899537347558","potions_obtained":[{"floor":1.0,"key":"FearPotion"},{"floor":2.0,"key":"SpeedPotion"},{"floor":16.0,"key":"ElixirPotion"},{"floor":18.0,"key":"GamblersBrew"},{"floor":25,"key":"BlessingOfTheForge"},{"floor":28,"key":"Swift Potion"},{"floor":29,"key":"FearPotion"}],"is_trial":false,"path_per_floor":["M","M","?","M","M","R","$","R","T","R","?","M","E","M","R","B",null,"M","M","?","M","?","R","T","E","T","R","M","M","E"],"character_chosen":"IRONCLAD","items_purchased":["Offering"],"campfire_rested":1,"item_purchase_floors":[7],"current_hp_per_floor":[61,55,55,57,53,53,53,53,60,60,60,59,33,33,33,16,66,32,32,32,13,13,13,13,7,7,31,22,13,0,0],"gold":208,"neow_bonus":"TRANSFORM_CARD","is_daily":false,"chose_seed":false,"campfire_upgraded":5,"win_rate":0.0,"timestamp":1614342215,"path_taken":["M","M","?","M","M","R","$","R","T","R","?","M","E","M","R","BOSS","M","?","?","M","?","R","?","E","T","R","M","M","E"],"items_purchased_type":["Card"],"build_version":"2020-12-22","purchased_purges":0,"victory":false,"max_hp_per_floor":[75,75,75,75,75,75,75,75,82,82,82,82,82,82,82,82,82,82,82,82,82,82,82,82,82,82,82,82,82,82,82],"relic_stats":{"counters":[15,55],"Orichalcum":[60],"War Paint":["Bloodletting","Defend_R"],"obtain_stats":[{"SlaversCollar":17,"Anchor":22,"Strawberry":9,"Orichalcum":13,"War Paint":25,"Burning Blood":0,"White Beast Statue":24,"Mercury Hourglass":26},{"SlaversCollar":8,"Anchor":11,"Strawberry":4,"Orichalcum":6,"War Paint":12,"Burning Blood":0,"White Beast Statue":11,"Mercury Hourglass":12},{"SlaversCollar":32,"Anchor":41,"Strawberry":15,"Orichalcum":24,"War Paint":45,"Burning Blood":0,"White Beast Statue":41,"Mercury Hourglass":45}],"Burning Blood":84,"Mercury Hourglass":[30]},"card_choices":[{"not_picked":["Power Through","Sword Boomerang"],"picked":"Searing Blow","floor":1.0},{"not_picked":["Flex","Combust","Clash"],"picked":"SKIP","floor":2.0},{"not_picked":["Flex","Clash","Flame Barrier"],"picked":"SKIP","floor":4.0},{"not_picked":["Warcry","Dark Embrace"],"picked":"Headbutt","floor":5.0},{"not_picked":["Cleave","Entrench","Flex"],"picked":"SKIP","floor":12.0},{"not_picked":["Perfected Strike","Bloodletting","Barricade"],"picked":"SKIP","floor":13.0},{"not_picked":["Heavy Blade","Burning Pact","Dropkick"],"picked":"SKIP","floor":14.0},{"not_picked":["Corruption","Demon Form"],"picked":"Double Tap","floor":16.0},{"not_picked":["Iron Wave","Second Wind"],"picked":"Armaments","floor":18.0},{"not_picked":["Body Slam","Pummel+1"],"picked":"Shrug It Off","floor":19.0},{"not_picked":["Carnage+1","Reckless Charge+1","Cleave"],"picked":"SKIP","floor":21.0},{"not_picked":["Hemokinesis","Cleave","Clothesline+1"],"picked":"SKIP","floor":25},{"not_picked":["Flex+1","Sword Boomerang+1","Anger"],"picked":"SKIP","floor":28},{"not_picked":["Evolve","Shrug It Off+1","Searing Blow"],"picked":"SKIP","floor":29}],"player_experience":1549373,"relics_obtained":[{"floor":9.0,"key":"Strawberry"},{"floor":13.0,"key":"Orichalcum"},{"floor":24.0,"key":"White Beast Statue"},{"floor":25,"key":"War Paint"},{"floor":26,"key":"Mercury Hourglass"}],"event_choices":[{"damage_healed":0.0,"max_hp_gain":0.0,"max_hp_loss":0.0,"gold_gain":0.0,"event_name":"Living Wall","player_choice":"Grow","floor":3.0,"gold_loss":0.0,"damage_taken":0.0,"cards_upgraded":["Searing Blow"]},{"damage_healed":0.0,"max_hp_gain":0.0,"max_hp_loss":0.0,"gold_gain":0.0,"event_name":"Match and Keep!","player_choice":"1 cards matched","floor":11.0,"gold_loss":0.0,"damage_taken":0.0,"cards_obtained":["Offering"]},{"cards_removed":["Strike_R"],"damage_healed":0.0,"max_hp_gain":0.0,"max_hp_loss":0.0,"gold_gain":0.0,"event_name":"Beggar","player_choice":"Gave Gold","floor":20.0,"gold_loss":75.0,"damage_taken":0.0},{"damage_healed":0.0,"max_hp_gain":0.0,"max_hp_loss":0.0,"gold_gain":0.0,"event_name":"Addict","player_choice":"Obtained Relic","floor":22.0,"gold_loss":85.0,"damage_taken":0.0,"relics_obtained":["Anchor"]}],"is_beta":false,"boss_relics":[{"not_picked":["Black Blood","Coffee Dripper"],"picked":"SlaversCollar"}],"items_purged_floors":[],"is_endless":false,"potions_floor_spawned":[1,2,16,18,25,28,29],"killed_by":"Book of Stabbing","ascension_level":20}}