{"host":"1mv6gj0zv8k9e9tz","time":1614332304,"event":{"mods":["AchievementEnabler","BaseMod","Better Third Choice","Colored Map","DeckTracker","Highlight Path","KOR Keyword Fix","Keyboard Shortcuts","Minty Spire (QoL Compilation)","Permanent Neow","Quick Restart","Rare Cards Sparkle","StSLib","SuperFastMode","everything is the same but u backflip on backflip"],"gold_per_floor":[117,136,61,61,79,109,109,109,133,133,153,178,196,96,96,96,96],"floor_reached":16,"language":"KOR","playtime":315,"items_purged":["Defend_P","Defend_P"],"score":102,"play_id":"d9aac90c-6553-492b-b533-a83804fcb978","local_time":"20210226183824","is_ascension_mode":false,"campfire_choices":[{"data":"Eruption","floor":7,"key":"SMITH"},{"data":"Defend_P","floor":10,"key":"SMITH"},{"data":"Adaptation","floor":15,"key":"SMITH"}],"circlet_count":0,"master_deck":["Strike_P","Strike_P","Strike_P+1","Defend_P+1","Eruption+1","Vigilance","CrushJoints+1","Adaptation+1"],"relics":["PureWater","CeramicFish","Orichalcum"],"acts_visited":["Exordium"],"potions_floor_usage":[6,13],"damage_taken":[{"damage":0.0,"enemies":"Small Slimes","floor":1.0,"turns":4.0},{"damage":0.0,"enemies":"2 Louse","floor":2.0,"turns":4.0},{"damage":0.0,"enemies":"Cultist","floor":5.0,"turns":2.0},{"damage":36,"enemies":"3 Sentries","floor":6,"turns":4},{"damage":0,"enemies":"2 Fungi Beasts","floor":11,"turns":2},{"damage":0,"enemies":"Gremlin Gang","floor":12,"turns":4},{"damage":0,"enemies":"Exordium Thugs","floor":13,"turns":2},{"damage":13,"enemies":"The Guardian","floor":16,"turns":6}],"seed_played":"-8430984490594134423","potions_obtained":[{"floor":2.0,"key":"SteroidPotion"},{"floor":11,"key":"SteroidPotion"},{"floor":12,"key":"AttackPotion"},{"floor":13,"key":"LiquidBronze"}],"is_trial":false,"path_per_floor":["M","M","$","?","M","E","R","?","T","R","M","M","M","$","R","B"],"character_chosen":"WATCHER","items_purchased":[],"campfire_rested":0,"item_purchase_floors":[],"current_hp_per_floor":[65,65,65,65,65,29,29,16,16,16,16,16,16,16,16,3,3],"gold":96,"neow_bonus":"REMOVE_TWO","is_daily":false,"chose_seed":false,"campfire_upgraded":3,"win_rate":0.0,"timestamp":1614332304,"path_taken":["M","M","$","?","M","E","R","?","T","R","M","M","M","$","R","BOSS"],"items_purchased_type":[],"build_version":"2020-12-22","purchased_purges":2,"victory":false,"max_hp_per_floor":[65,65,65,65,65,65,65,65,65,65,65,65,65,65,65,65,65],"card_choices":[{"not_picked":["Crescendo","ClearTheMind","PathToVictory"],"picked":"SKIP","floor":1.0},{"not_picked":["Crescendo","FlyingSleeves","SandsOfTime"],"picked":"SKIP","floor":2.0},{"not_picked":["SandsOfTime","SashWhip"],"picked":"CrushJoints","floor":5.0},{"not_picked":["ClearTheMind","CutThroughFate","Halt"],"picked":"SKIP","floor":6},{"not_picked":["Devotion","EmptyFist","JustLucky"],"picked":"SKIP","floor":11},{"not_picked":["Sanctity","Crescendo"],"picked":"Adaptation","floor":12},{"not_picked":["SashWhip","Worship","BowlingBash"],"picked":"SKIP","floor":13}],"player_experience":670166,"relics_obtained":[{"floor":6,"key":"CeramicFish"},{"floor":9,"key":"Orichalcum"}],"event_choices":[{"damage_healed":0.0,"max_hp_gain":0.0,"max_hp_loss":0.0,"gold_gain":0.0,"event_name":"betterThird:BetterSerpent","player_choice":"Ignored","floor":4.0,"gold_loss":0.0,"damage_taken":61.0},{"damage_healed":29,"gold_gain":0,"player_choice":"Upgrade","damage_taken":13,"max_hp_gain":0,"max_hp_loss":65,"event_name":"betterThird:BetterShining","floor":8,"gold_loss":0,"cards_upgraded":["CrushJoints","Strike_P"]}],"is_beta":false,"boss_relics":[],"items_purged_floors":[3,14],"is_endless":false,"potions_floor_spawned":[2,11,12,13],"killed_by":"The Guardian","ascension_level":0}}