{"host":"Ringo","time":1614345288,"event":{"mods":["BaseMod","Colored Map","Conspire","Dota2Spire","Hubris","Minty Spire (QoL Compilation)","Replay The Spire","StSLib","The Construct","[IsaacMod]ÒÔÈö¼âËþ","¡¾ÒÅÎï¿¨ÅÆ¡¿REMEMod"],"gold_per_floor":[116,130,130,180,199,199,199,227,227,261,321,352,352,379,379,451,451,461,60,92,92,106,135,162,192,219,247,277,312,346,375,375,454,454,472,492,714,56,102,131,160,190,190,223,248,273,306,319,319,326,326],"floor_reached":52,"language":"ZHS","playtime":2324,"items_purged":[],"score":4127,"play_id":"c073d640-4f4f-44ea-869d-3038f163b1fb","local_time":"20210226211448","daily_mods":["SealedDeck","Vintage","Red Cards","Green Cards","Colorless Cards","Heirloom","Time Dilation","Flight","DeadlyEvents","Elite Swarm","Lethality","Binary"],"is_ascension_mode":true,"campfire_choices":[{"data":"construct:ClockworkEgg+1","floor":6.0,"key":"SMITH"},{"data":"construct:ClockworkEgg+2","floor":7.0,"key":"SMITH"},{"data":"Armaments","floor":13.0,"key":"SMITH"},{"data":"Clothesline","floor":15.0,"key":"SMITH"},{"data":"Footwork","floor":32.0,"key":"SMITH"},{"data":"Blade Dance","floor":49,"key":"SMITH"},{"data":"Dark Shackles","floor":49,"key":"SMITH"}],"circlet_count":0,"master_deck":["AscendersBane","Clash","Acrobatics","Clothesline+1","Footwork+1","Blade Dance+1","Deflect","Dark Shackles+1","Armaments+1","Flechettes+1","Madness+1","Rage+1","REME_Cut+1","Finesse+1","Calculated Gamble+1","Inflame+1","Feel No Pain+1","Entrench+1","Swift Strike+1"],"relics":["Burning Blood","Busted Crown","HushsDoor","REME_ComplimentaryCards","replay:Trail_Library","Magic Flower","NineVolt","TungstenRod","REME_HandOfSuture","Molten Egg 2","Happy Flower","Dota2Spire:PowerTreads","Toxic Egg 2","Frozen Egg 2","construct:ClockworkPhoenix","REME_IWantAll","Gremlin Food","SalivaCoin","YumHeart","DoctorsRemote","conspire:GlowingRock","Runic Dome","Incubus","ReplayTheSpireMod:Spearhead","Bag of Preparation","Red Mask","hubris:Towel","Thread and Needle","Dota2Spire:MaskOfMadness","hubris:Potato","Dota2Spire:ShadowBlade","Bag of Marbles","Dota2Spire:CrimsonGuard","Akabeko","HornCleat","Potion Belt","TheBean","Philosopher\u0027s Stone","Replay:Rubber Ducky","Dota2Spire:DrumOfEndurance","BargainBundle","hubris:CuriousFeather","hubris:Reverence","Replay:Arrowhead","Strawberry","ReplayTheSpireMod:TigerMarble","Boot","Dota2Spire:MantaStyle","Replay:Baseball","conspire:Dentures","Lantern","PunchingBag","ReplayTheSpireMod:Lightbulb"],"acts_visited":["Exordium","TheCity","TheBeyond"],"potions_floor_usage":[51,51,51],"damage_taken":[{"damage":0.0,"enemies":"Small Slimes","floor":1.0,"turns":3.0},{"damage":0.0,"enemies":"Jaw Worm","floor":2.0,"turns":2.0},{"damage":14.0,"enemies":"Hiden Room Battle","floor":4.0,"turns":3.0},{"damage":0.0,"enemies":"2 Louse","floor":5.0,"turns":1.0},{"damage":51.0,"enemies":"3 Sentries","floor":8.0,"turns":5.0},{"damage":0.0,"enemies":"Gremlin Nob","floor":10.0,"turns":1.0},{"damage":5.0,"enemies":"Replay:BlueRogue","floor":11.0,"turns":4.0},{"damage":0.0,"enemies":"Gremlin Nob","floor":12.0,"turns":1.0},{"damage":0.0,"enemies":"Replay:BlueRogue","floor":14.0,"turns":3.0},{"damage":0.0,"enemies":"Slime Boss","floor":16.0,"turns":4.0},{"damage":0.0,"enemies":"Chosen","floor":18.0,"turns":1.0},{"damage":0.0,"enemies":"Masked Bandits","floor":20.0,"turns":1.0},{"damage":0.0,"enemies":"3 Byrds","floor":22.0,"turns":2.0},{"damage":0.0,"enemies":"Gremlin Leader","floor":23.0,"turns":1.0},{"damage":0.0,"enemies":"Replay:Snechameleon","floor":24.0,"turns":2.0},{"damage":0.0,"enemies":"conspire:SneckoGhost","floor":25.0,"turns":2.0},{"damage":0.0,"enemies":"Book of Stabbing","floor":27.0,"turns":2.0},{"damage":0.0,"enemies":"conspire:SneckoGhost","floor":28.0,"turns":1.0},{"damage":0.0,"enemies":"Replay:Snechameleon","floor":29.0,"turns":1.0},{"damage":0.0,"enemies":"conspire:SneckoGhost","floor":30.0,"turns":1.0},{"damage":0.0,"enemies":"Gremlin Leader","floor":31.0,"turns":1.0},{"damage":0.0,"enemies":"hubris:MusketHawk","floor":33.0,"turns":1.0},{"damage":0.0,"enemies":"Orb Walker","floor":35.0,"turns":1.0},{"damage":0.0,"enemies":"3 Shapes","floor":36.0,"turns":1.0},{"damage":0.0,"enemies":"R_Hoarder","floor":39.0,"turns":5.0},{"damage":0.0,"enemies":"Nemesis","floor":40.0,"turns":1.0},{"damage":0.0,"enemies":"Giant Head","floor":41.0,"turns":4.0},{"damage":0,"enemies":"R_Hoarder","floor":42,"turns":2},{"damage":0,"enemies":"Reptomancer","floor":44,"turns":2},{"damage":0,"enemies":"R_Hoarder","floor":45,"turns":1},{"damage":0,"enemies":"Nemesis","floor":46,"turns":1},{"damage":0,"enemies":"R_Hoarder","floor":47,"turns":3},{"damage":0,"enemies":"3 Darklings","floor":48,"turns":1},{"damage":0,"enemies":"Awakened One","floor":50,"turns":4},{"damage":0,"enemies":"Time Eater","floor":51,"turns":4}],"seed_played":"-9016293565416366014","potions_obtained":[{"floor":2.0,"key":"SkillPotion"},{"floor":8.0,"key":"conspire:TimeTravelPotion"},{"floor":10.0,"key":"Dota2Spire:HealingSalve"},{"floor":11.0,"key":"Cursed Concoction"},{"floor":18.0,"key":"GamblersBrew"},{"floor":23.0,"key":"Explosive Potion"},{"floor":33.0,"key":"Energy Potion"},{"floor":36.0,"key":"Block Potion"},{"floor":39.0,"key":"Doom Potion"},{"floor":48,"key":"BlessingOfTheForge"}],"is_trial":true,"path_per_floor":["M","M","?","?","M","R","R","E","T","E","E","E","R","E","R","B",null,"M","$","?","?","M","E","E","E","T","E","E","E","E","E","R","B",null,"M","M","?","$","E","E","E","E","T","E","E","E","E","M","R","B","B",null],"character_chosen":"IRONCLAD","items_purchased":["Incubus","Madness+1","Bag of Preparation","Rage+1","REME_Cut+1","Finesse+1","Inflame+1","BargainBundle","hubris:CuriousFeather","hubris:Reverence","Feel No Pain+1","Entrench+1","Swift Strike+1","Elixir"],"campfire_rested":0,"item_purchase_floors":[17,17,19,19,19,19,34,38,38,38,38,38,38,38],"current_hp_per_floor":[75,75,75,70,75,75,75,33,33,42,69,75,75,75,75,75,53,53,53,53,53,53,53,53,53,53,53,53,53,53,53,53,53,51,51,51,51,51,51,58,58,58,58,58,58,58,58,58,58,58,58],"gold":326,"neow_bonus":"","is_daily":false,"chose_seed":false,"campfire_upgraded":7,"win_rate":0.0,"timestamp":1614345288,"path_taken":["M","M","?","?","M","R","R","E","T","E","E","E","R","E","R","BOSS","M","$","?","?","?","E","E","E","T","E","E","E","?","E","R","BOSS","M","M","?","$","?","E","E","E","T","E","E","E","E","M","R","BOSS","BOSS"],"items_purchased_type":["Relic","Card","Relic","Card","Card","Card","Card","Relic","Relic","Relic","Card","Card","Card","Potion"],"build_version":"2020-12-18","purchased_purges":0,"victory":true,"max_hp_per_floor":[75,75,75,75,75,75,75,75,75,75,75,75,75,75,75,75,53,53,53,53,53,53,53,53,53,53,53,53,53,53,53,53,53,51,51,51,51,51,51,58,58,58,58,58,58,58,58,58,58,58,58],"card_choices":[{"not_picked":[],"picked":"Bomb","floor":0.0}],"player_experience":758828,"relics_obtained":[{"floor":1.0,"key":"TungstenRod"},{"floor":2.0,"key":"REME_HandOfSuture"},{"floor":4.0,"key":"Molten Egg 2"},{"floor":4.0,"key":"Happy Flower"},{"floor":5.0,"key":"Dota2Spire:PowerTreads"},{"floor":8.0,"key":"REME_IWantAll"},{"floor":9.0,"key":"Gremlin Food"},{"floor":10.0,"key":"SalivaCoin"},{"floor":11.0,"key":"YumHeart"},{"floor":12.0,"key":"DoctorsRemote"},{"floor":14.0,"key":"conspire:GlowingRock"},{"floor":18.0,"key":"ReplayTheSpireMod:Spearhead"},{"floor":20.0,"key":"Red Mask"},{"floor":22.0,"key":"Thread and Needle"},{"floor":23.0,"key":"Dota2Spire:MaskOfMadness"},{"floor":24.0,"key":"hubris:Potato"},{"floor":25.0,"key":"Dota2Spire:ShadowBlade"},{"floor":26.0,"key":"Bag of Marbles"},{"floor":27.0,"key":"Dota2Spire:CrimsonGuard"},{"floor":28.0,"key":"Akabeko"},{"floor":29.0,"key":"HornCleat"},{"floor":30.0,"key":"Potion Belt"},{"floor":31.0,"key":"TheBean"},{"floor":35.0,"key":"Replay:Rubber Ducky"},{"floor":36.0,"key":"Dota2Spire:DrumOfEndurance"},{"floor":39.0,"key":"Replay:Arrowhead"},{"floor":40.0,"key":"Strawberry"},{"floor":41.0,"key":"ReplayTheSpireMod:TigerMarble"},{"floor":42,"key":"Boot"},{"floor":43,"key":"Dota2Spire:MantaStyle"},{"floor":44,"key":"Replay:Baseball"},{"floor":45,"key":"conspire:Dentures"},{"floor":46,"key":"Lantern"},{"floor":47,"key":"PunchingBag"},{"floor":48,"key":"ReplayTheSpireMod:Lightbulb"}],"event_choices":[{"damage_healed":0.0,"max_hp_gain":0.0,"max_hp_loss":0.0,"gold_gain":0.0,"event_name":"HidenRoomEvent","player_choice":"Fight","floor":4.0,"gold_loss":0.0,"damage_taken":0.0},{"damage_healed":0.0,"max_hp_gain":0.0,"max_hp_loss":0.0,"gold_gain":0.0,"event_name":"Masked Bandits","player_choice":"Fought Bandits","floor":20.0,"gold_loss":0.0,"damage_taken":0.0},{"damage_healed":0.0,"max_hp_gain":0.0,"max_hp_loss":0.0,"gold_gain":222.0,"event_name":"Tomb of Lord Red Mask","player_choice":"Wore Mask","floor":37.0,"gold_loss":0.0,"damage_taken":0.0}],"is_beta":true,"boss_relics":[{"not_picked":["Snecko Eye","hubris:Stopwatch"],"picked":"Runic Dome"},{"not_picked":[]},{"not_picked":["Cursed Key","Ooze Armor"],"picked":"Philosopher\u0027s Stone"},{"not_picked":[]}],"items_purged_floors":[],"is_endless":false,"potions_floor_spawned":[2,8,10,11,18,23,28,29,33,36,39,42,45,46,48],"ascension_level":20}}