{"host":"p5axfb00mxhraew6","time":1614316148,"event":{"mods":["100% Spire Juice","Abigail Mod","Act Like it!","BaseMod","CapriCore","Friendly Minions","GifTheSpireLib","Jedi Mod","KomeijiMod","Library of Ruina","Library of Ruina Extra","MarisaÅiñ∂âJÅ@ñÇóùçπÅj","Minty Spire (QoL Compilation)","Prisma Mod","ReimuÅiîé??öÎÅj","RemiliaÅiÂQïƒ‰ª?Åj","SOSÅiézîb?îVéqÅj","StSLib","Td1madao Mod","The Alterego","The Immortal","The Problem Sleuth","Yakumo Yukari mod"],"gold_per_floor":[118,118,133,83,83,83,117,127,127,127,156,3,3,20,20,119,119,137,155,283,283,142,142,142,142,142,142,142,142,142,142,142,142,142,142,142,142,142,42,42,42,42,42,42,42,42,42,42,42,42,42,42,42,42,53,53],"floor_reached":57,"language":"ENG","playtime":2940,"items_purged":["LightAttack","Confused"],"score":2194,"play_id":"95e991e3-1731-48d5-8a3d-2a61c96021f5","local_time":"20210226140908","is_ascension_mode":true,"campfire_choices":[{"data":"SteelKnuckles","floor":6.0,"key":"SMITH"},{"data":"RatsGuideToSurvival","floor":10.0,"key":"SMITH"},{"data":"SilentMist","floor":15.0,"key":"SMITH"},{"data":"TieShanKao","floor":23,"key":"SMITH"},{"data":"BiXi","floor":25,"key":"SMITH"},{"data":"TieShanKao","floor":32,"key":"SMITH"},{"floor":41,"key":"RECALL"},{"data":"SunsetBlade","floor":49,"key":"SMITH"},{"data":"Duel_lor","floor":53,"key":"SMITH"}],"circlet_count":0,"master_deck":["Dodge","LightDefense","LightDefense","LightDefense","LightDefense","ChargeAndCover","FocusedStrikes","StrikeDown+1","SteelKnuckles+1","RatsGuideToSurvival+1","CoordinatedAssault","QuickSuppression","SilentMist+1","Unlock1","TieShanKao+1","JiaoTu+1","WillOfThePrescript+1","GrazeTheGrass","BiXi+1","TendonChords+1","Concentration","TieShanKao+1","Observe","Duel_lor+1","SunsetBlade+1","Duel_lor+1","QuickSuppression+1","GuidanceOfTheGears+1","SunsetBlade+1","FrontalAssault+1"],"relics":["PageOfLibrarian","NeowsBlessing","PageOfTheKnightOfDespair","PageOfTheQueenOfHatred","PageOfGreed","Black Star","jedi:ominousloannote","PageOfApocalypseBird","PageOfWrath","Akabeko","Bottled Lightning","jedi:zontanonomicon","PageOfNihil","jedi:heavyjacket","Singing Bowl","Sozu","PageOfUniverseFragment","jedi:cryingmask","CaptainsWheel","PageOfTodaysShyLook","PageOfMercenary","PageOfJudgementBird","PageOfBigBadWolf","PageOfPorccubus","Boot","Centennial Puzzle"],"acts_visited":["Exordium","TheCity","TheBeyond","TheEnding"],"potions_floor_usage":[29,29],"damage_taken":[{"damage":0.0,"enemies":"2 Louse","floor":1.0,"turns":1.0},{"damage":0.0,"enemies":"Small Slimes","floor":3.0,"turns":1.0},{"damage":0.0,"enemies":"3 Sentries","floor":7.0,"turns":1.0},{"damage":1.0,"enemies":"Cultist","floor":8.0,"turns":3.0},{"damage":5.0,"enemies":"Lagavulin","floor":11.0,"turns":8.0},{"damage":0.0,"enemies":"3 Louse","floor":14.0,"turns":3.0},{"damage":0.0,"enemies":"Slime Boss","floor":16.0,"turns":8.0},{"damage":0,"enemies":"Spheric Guardian","floor":18,"turns":4},{"damage":0,"enemies":"Chosen","floor":19,"turns":3},{"damage":3,"enemies":"Snake Plant","floor":21,"turns":3},{"damage":2,"enemies":"Gremlin Leader","floor":24,"turns":5},{"damage":35,"enemies":"Book of Stabbing","floor":29,"turns":9},{"damage":0,"enemies":"Centurion and Healer","floor":30,"turns":3},{"damage":0,"enemies":"Book of Stabbing","floor":31,"turns":3},{"damage":0,"enemies":"KingOfGreed","floor":33,"turns":9},{"damage":0,"enemies":"Orb Walker","floor":35,"turns":2},{"damage":0,"enemies":"3 Darklings","floor":36,"turns":3},{"damage":0,"enemies":"Nemesis","floor":40,"turns":3},{"damage":0,"enemies":"Giant Head","floor":42,"turns":5},{"damage":0,"enemies":"Reptomancer","floor":45,"turns":3},{"damage":0,"enemies":"Spire Growth","floor":46,"turns":2},{"damage":0,"enemies":"Giant Head","floor":47,"turns":5},{"damage":0,"enemies":"Transient","floor":48,"turns":5},{"damage":0,"enemies":"Donu and Deca","floor":50,"turns":7},{"damage":0,"enemies":"Donu and Deca","floor":51,"turns":6},{"damage":0,"enemies":"Shield and Spear","floor":55,"turns":5},{"damage":1,"enemies":"The Heart","floor":56,"turns":5}],"seed_played":"-4622414236584104530","potions_obtained":[{"floor":7.0,"key":"Block Potion"},{"floor":11.0,"key":"CultistPotion"},{"floor":16,"key":"CalmPotion"},{"floor":18,"key":"Regen Potion"},{"floor":24,"key":"jedi:wingpotion"},{"floor":29,"key":"jedi:StrikingPotion"},{"floor":31,"key":"AttackPotion"}],"is_trial":false,"path_per_floor":["M","?","M","?","?","R","E","M","T","R","E","$","?","M","R","B",null,"M","M","$","M","?","R","E","R","T","?","T","E","M","E","R","B",null,"M","M","?","?","$","E","R","E","T","?","E","M","E","M","R","B",null,null,"R","$","E","B",null],"character_chosen":"Librarian","items_purchased":["SilentMist","jedi:ominousloannote","PageOfApocalypseBird"],"campfire_rested":0,"item_purchase_floors":[12,20,20],"current_hp_per_floor":[54,47,47,47,47,47,47,46,46,46,46,46,46,49,49,57,76,80,82,82,81,81,81,82,82,82,66,66,55,58,65,65,78,81,82,84,80,80,80,80,80,80,80,80,80,80,80,80,80,80,80,80,80,80,82,82],"gold":53,"neow_bonus":"THREE_ENEMY_KILL","is_daily":false,"chose_seed":false,"campfire_upgraded":8,"win_rate":0.0,"timestamp":1614316148,"path_taken":["M","?","M","?","?","R","E","?","T","R","E","$","?","M","R","BOSS","BOSS","M","M","$","M","?","R","E","R","T","?","?","E","?","E","R","BOSS","M","M","?","?","$","E","R","E","T","?","E","M","E","?","R","BOSS","R","$","E","BOSS"],"items_purchased_type":["Card","Relic","Relic"],"build_version":"2020-12-22","purchased_purges":2,"victory":true,"max_hp_per_floor":[62,62,65,65,65,65,65,65,65,65,82,82,82,82,82,82,82,82,82,82,82,82,82,82,82,82,82,82,82,82,82,82,82,82,82,84,80,80,80,80,80,80,80,80,80,80,80,80,80,80,80,80,80,80,82,82],"card_choices":[{"not_picked":["Parry","MultiHit","SinglePointStab","LawAndOrder","ProselytesBlade","DesperateStruggle","SuppressingShot","PreemptiveStrike"],"picked":"StrikeDown","floor":1.0},{"not_picked":["FlyingSword","FeatherShield","Multislash","Gamble","NightInTheBackstreets","WillOfThePrescript","SpearedSweep","EnergyShield"],"picked":"SteelKnuckles","floor":3.0},{"not_picked":["SharpSwipe","ClassAndRespect","DeepDrag","EnergyBeam","PinpointShot","SinglePointStab","HiddenBlade","DesperateStruggle"],"picked":"RatsGuideToSurvival","floor":7.0},{"not_picked":["SinglePointStab","BackAttack","YourShield","SmokingPipe","DarkCloud","FieryDragonSlash","StrikeDown","Concentration"],"picked":"CoordinatedAssault","floor":8.0},{"not_picked":["SkitterAway","GuardingStance","BackAttack","Parry2","QuickAttack","SmokingPipe","OpportunitySpotted","Track"],"picked":"QuickSuppression","floor":11.0},{"not_picked":["WildCard","Parry2","EnergyStrike","DirtyBlow","SerpentSwordTechnique","SkitterAway","Wallop_lor","SuppressingShot"],"picked":"Unlock1","floor":14.0},{"not_picked":["LeRegole","CrackOfDawn"],"picked":"TieShanKao","floor":16},{"not_picked":["DarkCloud","EnergyConversion","LoosenUp","CircusKnives","Guardian_lor","Diversion","FierceCharge","IngredientHunt+1"],"picked":"JiaoTu+1","floor":18},{"not_picked":["PinpointShot","SharpenedBlade","SinglePointStab","ProselytesBlade+1","ExtremeEdge+1","Diversion","BiAn","EnergyShield"],"picked":"WillOfThePrescript+1","floor":19},{"not_picked":["FlowOfTheSword","YouOnlyLiveOnce","MultiHit+1","GuardingStance","SuppressingShot","Pound","Cruelty","DarkCloud"],"picked":"GrazeTheGrass","floor":21},{"not_picked":["Deflect_lor","InkOver","SharpSwipe","BackAttack","SpearedSweep","StrikeDown","EndlessBattle","QuickSuppression"],"picked":"BiXi","floor":24},{"not_picked":["BiXi","GutHarvesting","PreemptiveStrike","Unlock1","BizarreAttack","Parry","BiAn","Creak+1"],"picked":"TendonChords+1","floor":29},{"not_picked":["Gigigig","EnergyStrike","EndlessBattle","Brawl+1","ClassAndRespect","CircusKnives","GuardingStance+1","SuppressingShot+1"],"picked":"Concentration","floor":30},{"not_picked":["TendonChords","InhaleSmoke","RulesOfTheBackstreets","Slice_lor","FrontalAssault","HardRehearsal","ReadyUp","Faith+1"],"picked":"TieShanKao","floor":31},{"not_picked":["RepressedFlesh","FleshFillet"],"picked":"Observe","floor":33},{"not_picked":["SmokingPipe","StartinOutLightly+1","ForcefulGesture+1","Rewind","RepressedFlesh","Diversion","IllEndYou","GuardingStance"],"picked":"Duel_lor","floor":35},{"not_picked":["SunsetBlade","GuardingStance+1","Eliminate+1","FlowOfTheSword+1","FleetFootsteps","Gamble","ElectricShock+1","SkitterAway+1","DesperateStruggle+1"],"picked":"Singing Bowl","floor":36},{"not_picked":["Bvapour","ChargeUp","ExtremeEdge+1","FocusFire+1","BackAttack+1","FleetFootsteps+1","SnakesPrey","StrongStrike+1"],"picked":"SunsetBlade","floor":40},{"not_picked":["FieryDragonSlash+1","StayCalm","TasteMyFlamingBat","DarkCloud+1","Mutilate","Outburst+1","Unlock1+1","Leap_lor"],"picked":"Duel_lor+1","floor":42},{"not_picked":["Outburst+1","Quickness+1","HighKick","SuppressingShot","NightInTheBackstreets+1","Transpierce","CoordinatedAssault","Tailoring+1"],"picked":"QuickSuppression+1","floor":45},{"not_picked":["Marionette","FierceCharge+1","BackAttack+1","Reload+1","Track+1","Diversion","UpbeatPerformance","SmokingPipe+1"],"picked":"GuidanceOfTheGears+1","floor":46},{"not_picked":["HighKick","UnavoidableGaze","AutonomousRush+1","Unlock1+1","GrazeTheGrass+1","Thrust+1","Overpower+1","Leap_lor"],"picked":"SunsetBlade+1","floor":47},{"not_picked":["WillOfThePrescript+1","EnergyCycle","FormingStorm","HighKick","SharpSwipe+1","UnavoidableGaze+1","BiXi+1","StrikeDown"],"picked":"FrontalAssault+1","floor":48},{"not_picked":["EnergyStrike","Juggling+1","InnerArdor+1","Multislash","HandleRequest","StrikeDown+1","DevastatingThrash","Standoff","Rewind+1"],"picked":"Singing Bowl","floor":55}],"player_experience":1282879,"relics_obtained":[{"floor":7.0,"key":"PageOfTheKnightOfDespair"},{"floor":9.0,"key":"PageOfTheQueenOfHatred"},{"floor":11.0,"key":"PageOfGreed"},{"floor":24,"key":"PageOfWrath"},{"floor":24,"key":"Akabeko"},{"floor":26,"key":"Bottled Lightning"},{"floor":27,"key":"jedi:zontanonomicon"},{"floor":29,"key":"PageOfNihil"},{"floor":31,"key":"jedi:heavyjacket"},{"floor":31,"key":"Singing Bowl"},{"floor":40,"key":"PageOfUniverseFragment"},{"floor":40,"key":"jedi:cryingmask"},{"floor":42,"key":"CaptainsWheel"},{"floor":42,"key":"PageOfTodaysShyLook"},{"floor":43,"key":"PageOfMercenary"},{"floor":45,"key":"PageOfJudgementBird"},{"floor":47,"key":"PageOfBigBadWolf"},{"floor":47,"key":"PageOfPorccubus"},{"floor":55,"key":"Boot"},{"floor":55,"key":"Centennial Puzzle"}],"event_choices":[{"cards_removed":["LightAttack"],"damage_healed":0.0,"max_hp_gain":0.0,"max_hp_loss":0.0,"gold_gain":0.0,"event_name":"Golden Wing","player_choice":"Card Removal","floor":2.0,"gold_loss":0.0,"damage_taken":7.0},{"cards_removed":["LightAttack"],"damage_healed":0.0,"max_hp_gain":0.0,"max_hp_loss":0.0,"gold_gain":0.0,"event_name":"The Cleric","player_choice":"Card Removal","floor":4.0,"gold_loss":50.0,"damage_taken":0.0},{"damage_healed":0.0,"max_hp_gain":0.0,"max_hp_loss":0.0,"gold_gain":0.0,"event_name":"Accursed Blacksmith","player_choice":"Forge","floor":5.0,"gold_loss":0.0,"damage_taken":0.0,"cards_upgraded":["StrikeDown"]},{"damage_healed":0,"gold_gain":0,"player_choice":"Obtained Book","damage_taken":16,"max_hp_gain":0,"max_hp_loss":0,"event_name":"Cursed Tome","floor":27,"gold_loss":0},{"damage_healed":0,"gold_gain":0,"player_choice":"Max HP","damage_taken":0,"max_hp_gain":0,"max_hp_loss":4,"event_name":"Winding Halls","floor":37,"gold_loss":0},{"damage_healed":0,"gold_gain":0,"player_choice":"Ignored","damage_taken":0,"max_hp_gain":0,"max_hp_loss":0,"event_name":"SecretPortal","floor":44,"gold_loss":0}],"is_beta":false,"boss_relics":[{"not_picked":["Astrolabe","Philosopher\u0027s Stone"],"picked":"Black Star"},{"not_picked":["Velvet Choker","Calling Bell"],"picked":"Sozu"}],"items_purged_floors":[12,39],"is_endless":false,"potions_floor_spawned":[7,11,16,18,24,29,31,33,36,40,48],"ascension_level":7}}