{"host":"v63m4f6t57xrjbnq","time":1614320897,"event":{"mods":["100% Spire Juice","ATMod(阿瑾Mod)","Act Like it!","Arknights","BaseMod","Colored Powertips","Dota2Spire","Downfall","Energized Spire","Gensokyo","Hallownest","KinomotoSakuraMod(木之本樱)","KomeijiMod","LagranYue(拉格朗・月)","Lobotomy","LobotomyExtend","Marisa（F雨　魔理沙）","Marked Mod","Minty Spire (QoL Compilation)","Quick Restart","Reimu（博丽灵梦）","Relic Filter Mod","Remilia（蕾米莉亚）","Replay The Spire","RumiaBox-露米娅的神秘盒子","StSLib","The Administrix","The Marked","The Senshi","The Servant 0.9.4","Waifu the Spire","WarShipGirlsR/战舰少女R mod","Yakumo Yukari mod","Youmu（魂魄妖梦）","Yuyuko","【遗物卡牌】REMEMod"],"gold_per_floor":[115,1,6,6],"floor_reached":1,"language":"ZHS","playtime":242,"items_purged":["ats:Defend"],"score":15,"play_id":"c93490e0-2bf9-45d8-98e7-d697ba27ab96","local_time":"20210226142817","is_ascension_mode":true,"campfire_choices":[],"circlet_count":0,"master_deck":["AscendersBane","ats:Strike C","ats:Strike G","ats:Strike S","ats:Strike V","ats:Armor Crushing Shot","ats:Defend","ats:Defend","ats:Defend","ats:Emotion Absorption","ats:Flexible Camouflage","ats:Closed Bolt Burst Fire","ats:Closed Bolt Burst Fire","ats:Overload"],"relics":["ats:Sanity","AT_ATBox","REME_ComplimentaryCards","LagranYue:RandomDrawCardRelic","LagranYue:ReturningEmperorRelic","Baka","MagicBullet_r","Gaze_r"],"acts_visited":["Hallownest:Greenpath"],"potions_floor_usage":[],"damage_taken":[{"damage":3.0,"enemies":"Hallownest:monsterHuskWarrior","floor":1.0,"turns":6.0},{"damage":5.0,"enemies":"Hallownest:monsterHuskWarrior","floor":3.0,"turns":2.0},{"damage":0.0,"enemies":"Small Slimes","floor":1.0,"turns":1.0}],"seed_played":"-7940282512268355083","potions_obtained":[],"is_trial":false,"path_per_floor":["M","$","?","M"],"character_chosen":"DOCTOR_CLASS","items_purchased":["ats:Closed Bolt Burst Fire"],"campfire_rested":0,"item_purchase_floors":[2],"current_hp_per_floor":[44,44,69,69],"gold":6,"neow_bonus":"ONE_RARE_RELIC","is_daily":false,"chose_seed":false,"campfire_upgraded":0,"win_rate":0.0,"timestamp":1614320897,"path_taken":["M","$","?","M"],"items_purchased_type":["Card"],"build_version":"2020-12-22","purchased_purges":1,"victory":false,"max_hp_per_floor":[72,72,72,72],"card_choices":[{"not_picked":["ats:Ignite","ats:Absolute Focus"],"picked":"ats:Flexible Camouflage","floor":1.0},{"not_picked":["ats:Composite Medical Shells","ats:Explosion Area Strengthen"],"picked":"ats:Overload","floor":1}],"player_experience":275168,"relics_obtained":[{"floor":1.0,"key":"Baka"},{"floor":1,"key":"Baka"}],"event_choices":[],"is_beta":false,"boss_relics":[],"items_purged_floors":[2],"is_endless":false,"potions_floor_spawned":[3],"killed_by":"Small Slimes","ascension_level":13}}