{"host":"fwes8e3a36usabj9","time":1614310071,"event":{"mods":["BaseMod","Colored Map","Colored Powertips","Minty Spire (QoL Compilation)","Relic Stats"],"gold_per_floor":[116,128,148,165,265,265,300,300,324,356,356,376,87,103,103,208,208,225,236,251,40,40,40,53,66,66,101,101,112,143,143,143,245,245,256,13,33,47,60,94,0,35,107,125,153,153,179,179,179,179],"floor_reached":51,"language":"ENG","playtime":4130,"items_purged":["Flex","Perfected Strike"],"score":1220,"play_id":"309ee48a-ecce-467f-a2a8-8e88986480a4","local_time":"20210225192751","is_ascension_mode":true,"campfire_choices":[{"data":"Immolate","floor":6.0,"key":"SMITH"},{"floor":8.0,"key":"REST"},{"data":"True Grit","floor":11.0,"key":"SMITH"},{"data":"Intimidate","floor":15.0,"key":"SMITH"},{"floor":23.0,"key":"REST"},{"floor":28.0,"key":"REST"},{"data":"Heavy Blade","floor":32.0,"key":"SMITH"},{"data":"Demon Form","floor":46,"key":"SMITH"},{"data":"Offering","floor":49,"key":"SMITH"}],"circlet_count":0,"master_deck":["Defend_R","Defend_R","Defend_R","Bash","Thunderclap","Immolate+1","Intimidate+1","True Grit+1","Spot Weakness","Finesse","Pummel","Demon Form+1","Heavy Blade+1","Bludgeon","Flame Barrier+1","Ghostly Armor+1","Bite+1","Bite+1","Bite+1","Bite+1","Bite+1","Offering+1","Heavy Blade+1","Evolve+1","Thunderclap+1","Flame Barrier","Flame Barrier","Bludgeon+1","Entrench","Intimidate"],"relics":["Empty Cage","PreservedInsect","Vajra","Bag of Preparation","Snecko Eye","Enchiridion","Bottled Tornado","Molten Egg 2","Regal Pillow","Mark of Pain","Toolbox","WingedGreaves","Red Mask","Sundial","Ornamental Fan","Calipers","Prayer Wheel"],"acts_visited":["Exordium","TheCity","TheBeyond"],"potions_floor_usage":[42,50],"damage_taken":[{"damage":0.0,"enemies":"2 Louse","floor":1.0,"turns":3.0},{"damage":1.0,"enemies":"Cultist","floor":2.0,"turns":4.0},{"damage":7.0,"enemies":"Jaw Worm","floor":3.0,"turns":4.0},{"damage":3.0,"enemies":"Large Slime","floor":4.0,"turns":5.0},{"damage":15.0,"enemies":"Lagavulin","floor":7.0,"turns":3.0},{"damage":0.0,"enemies":"Gremlin Nob","floor":10.0,"turns":2.0},{"damage":0.0,"enemies":"2 Fungi Beasts","floor":12.0,"turns":3.0},{"damage":0.0,"enemies":"Blue Slaver","floor":14.0,"turns":1.0},{"damage":21.0,"enemies":"Hexaghost","floor":16.0,"turns":5.0},{"damage":6.0,"enemies":"Spheric Guardian","floor":18.0,"turns":3.0},{"damage":7.0,"enemies":"Chosen","floor":19.0,"turns":2.0},{"damage":12.0,"enemies":"Snake Plant","floor":20.0,"turns":3.0},{"damage":0.0,"enemies":"3 Cultists","floor":24.0,"turns":4.0},{"damage":0.0,"enemies":"Snecko","floor":25.0,"turns":3.0},{"damage":29.0,"enemies":"Book of Stabbing","floor":27.0,"turns":4.0},{"damage":0.0,"enemies":"Chosen and Byrds","floor":29.0,"turns":3.0},{"damage":5.0,"enemies":"Slavers","floor":30.0,"turns":2.0},{"damage":3.0,"enemies":"Automaton","floor":33.0,"turns":4.0},{"damage":3.0,"enemies":"3 Shapes","floor":35.0,"turns":3.0},{"damage":6.0,"enemies":"Orb Walker","floor":37.0,"turns":2.0},{"damage":0.0,"enemies":"3 Darklings","floor":38.0,"turns":2.0},{"damage":0.0,"enemies":"Transient","floor":39.0,"turns":5.0},{"damage":7,"enemies":"Giant Head","floor":40,"turns":3},{"damage":3,"enemies":"Reptomancer","floor":42,"turns":3},{"damage":0,"enemies":"Jaw Worm Horde","floor":44,"turns":3},{"damage":0,"enemies":"Nemesis","floor":45,"turns":1},{"damage":6,"enemies":"Giant Head","floor":47,"turns":4},{"damage":24,"enemies":"Donu and Deca","floor":50,"turns":5}],"seed_played":"3831814266512637534","potions_obtained":[{"floor":3.0,"key":"SkillPotion"},{"floor":4.0,"key":"BlessingOfTheForge"},{"floor":14.0,"key":"LiquidMemories"},{"floor":19.0,"key":"HeartOfIron"},{"floor":24.0,"key":"BlessingOfTheForge"},{"floor":25.0,"key":"Regen Potion"},{"floor":29.0,"key":"BlessingOfTheForge"},{"floor":33.0,"key":"BloodPotion"},{"floor":35.0,"key":"DistilledChaos"},{"floor":42,"key":"Swift Potion"}],"is_trial":false,"path_per_floor":["M","M","M","M","?","R","E","R","T","E","R","M","$","M","R","B",null,"M","M","M","$","?","R","M","M","T","E","R","M","E","?","R","B",null,"M","$","M","M","M","E","?","E","T","M","E","R","E","?","R","B",null],"character_chosen":"IRONCLAD","items_purchased":["Bag of Preparation","Finesse","Block Potion","Bludgeon","Toolbox"],"campfire_rested":3,"item_purchase_floors":[13,13,13,21,36],"current_hp_per_floor":[72,71,64,61,61,61,46,70,70,72,72,74,74,76,76,57,74,70,65,55,55,39,63,65,67,67,40,64,66,63,63,63,66,77,77,77,80,80,80,80,80,80,80,80,80,80,74,74,74,56],"gold":179,"neow_bonus":"BOSS_RELIC","is_daily":false,"chose_seed":false,"campfire_upgraded":6,"win_rate":0.0,"timestamp":1614310071,"path_taken":["M","M","M","M","?","R","E","R","T","E","R","M","?","M","R","BOSS","M","M","?","$","?","R","M","M","T","E","R","M","E","?","R","BOSS","M","$","M","M","M","E","?","E","T","M","E","R","E","?","R","BOSS"],"items_purchased_type":["Relic","Card","Potion","Card","Relic"],"build_version":"2020-12-22","purchased_purges":2,"victory":true,"max_hp_per_floor":[80,80,80,80,80,80,80,80,80,80,80,80,80,80,80,80,80,80,80,80,80,80,80,80,80,80,80,80,80,80,80,80,80,80,80,80,80,80,80,80,80,80,80,80,80,80,80,80,80,80],"relic_stats":{"Regal Pillow":0,"counters":[6,19],"Sundial":[0],"Ornamental Fan":[32],"Snecko Eye":[54,34,39,34],"Prayer Wheel":0,"PreservedInsect":355,"Bag of Preparation":[6],"obtain_stats":[{"Regal Pillow":0,"Calipers":45,"Vajra":0,"Enchiridion":0,"PreservedInsect":0,"Bag of Preparation":0,"Bottled Tornado":0,"Empty Cage":0,"Sundial":42,"Ornamental Fan":43,"Snecko Eye":0,"Toolbox":0,"Molten Egg 2":0,"Prayer Wheel":47,"Mark of Pain":0,"WingedGreaves":40,"Red Mask":41},{"Regal Pillow":0,"Calipers":4,"Vajra":0,"Enchiridion":0,"PreservedInsect":0,"Bag of Preparation":0,"Bottled Tornado":0,"Empty Cage":0,"Sundial":2,"Ornamental Fan":2,"Snecko Eye":0,"Toolbox":0,"Molten Egg 2":0,"Prayer Wheel":5,"Mark of Pain":0,"WingedGreaves":1,"Red Mask":1},{"Regal Pillow":0,"Calipers":10,"Vajra":0,"Enchiridion":0,"PreservedInsect":0,"Bag of Preparation":0,"Bottled Tornado":0,"Empty Cage":0,"Sundial":6,"Ornamental Fan":6,"Snecko Eye":0,"Toolbox":0,"Molten Egg 2":0,"Prayer Wheel":14,"Mark of Pain":0,"WingedGreaves":3,"Red Mask":3}]},"card_choices":[{"not_picked":["Anger","Sword Boomerang"],"picked":"Thunderclap","floor":1.0},{"not_picked":["Perfected Strike","Anger"],"picked":"Flex","floor":2.0},{"not_picked":["Iron Wave","Twin Strike"],"picked":"Immolate","floor":3.0},{"not_picked":["Shrug It Off","True Grit"],"picked":"Intimidate","floor":4.0},{"not_picked":["Iron Wave","Thunderclap"],"picked":"True Grit","floor":7.0},{"not_picked":["Barricade","Heavy Blade","Rage"],"picked":"SKIP","floor":10.0},{"not_picked":["Dark Embrace","Pommel Strike"],"picked":"Spot Weakness","floor":12.0},{"not_picked":["Iron Wave","Brutality"],"picked":"Pummel","floor":14.0},{"not_picked":["Immolate","Feed"],"picked":"Demon Form","floor":16.0},{"not_picked":["Wild Strike","Hemokinesis+1"],"picked":"Perfected Strike","floor":18.0},{"not_picked":["Warcry+1","Metallicize","Intimidate+1"],"picked":"SKIP","floor":19.0},{"not_picked":["True Grit+1","Cleave"],"picked":"Heavy Blade","floor":20.0},{"not_picked":["Havoc","Hemokinesis+1","True Grit"],"picked":"SKIP","floor":24.0},{"not_picked":["Rupture","True Grit+1"],"picked":"Flame Barrier+1","floor":25.0},{"not_picked":["Cleave+1","Havoc","Anger+1"],"picked":"SKIP","floor":27.0},{"not_picked":["Limit Break","Rage"],"picked":"Ghostly Armor+1","floor":29.0},{"not_picked":["Berserk","Anger+1","Infernal Blade"],"picked":"SKIP","floor":30.0},{"not_picked":["Juggernaut","Brutality"],"picked":"Offering","floor":33.0},{"not_picked":["Perfected Strike+1","True Grit+1"],"picked":"Heavy Blade+1","floor":35.0},{"not_picked":["Headbutt+1","Pommel Strike+1"],"picked":"Evolve+1","floor":37.0},{"not_picked":["Warcry+1","Combust"],"picked":"Thunderclap+1","floor":38.0},{"not_picked":["Entrench+1","Wild Strike+1"],"picked":"Flame Barrier","floor":39.0},{"not_picked":["Pommel Strike+1","Cleave+1"],"picked":"Flame Barrier","floor":40},{"not_picked":["Burning Pact","Cleave+1"],"picked":"Bludgeon+1","floor":42},{"not_picked":["Disarm","Shrug It Off+1","Warcry+1"],"picked":"SKIP","floor":44},{"not_picked":["Carnage+1","Spot Weakness"],"picked":"Entrench","floor":45},{"not_picked":["Armaments+1","Iron Wave+1","Pommel Strike+1"],"picked":"SKIP","floor":47}],"player_experience":736632,"relics_obtained":[{"floor":7.0,"key":"PreservedInsect"},{"floor":9.0,"key":"Blood Vial"},{"floor":10.0,"key":"Vajra"},{"floor":22.0,"key":"Enchiridion"},{"floor":26.0,"key":"Bottled Tornado"},{"floor":27.0,"key":"Molten Egg 2"},{"floor":30.0,"key":"Regal Pillow"},{"floor":40,"key":"WingedGreaves"},{"floor":42,"key":"Sundial"},{"floor":43,"key":"Ornamental Fan"},{"floor":45,"key":"Calipers"},{"floor":47,"key":"Prayer Wheel"}],"event_choices":[{"damage_healed":0.0,"max_hp_gain":0.0,"max_hp_loss":0.0,"gold_gain":100.0,"event_name":"Golden Shrine","player_choice":"Pray","floor":5.0,"gold_loss":0.0,"damage_taken":0.0},{"damage_healed":0.0,"max_hp_gain":0.0,"max_hp_loss":0.0,"gold_gain":0.0,"event_name":"Cursed Tome","player_choice":"Obtained Book","floor":22.0,"gold_loss":0.0,"damage_taken":16.0},{"damage_healed":0.0,"max_hp_gain":0.0,"max_hp_loss":0.0,"gold_gain":0.0,"event_name":"Vampires","player_choice":"Became a vampire (Vial)","floor":31.0,"relics_lost":["Blood Vial"],"gold_loss":0.0,"damage_taken":0.0,"cards_obtained":["Bite","Bite","Bite","Bite","Bite"]},{"damage_healed":0,"gold_gain":0,"player_choice":"Paid","damage_taken":0,"relics_obtained":["Red Mask"],"max_hp_gain":0,"max_hp_loss":0,"event_name":"Tomb of Lord Red Mask","floor":41,"gold_loss":94},{"damage_healed":0,"gold_gain":0,"player_choice":"1 cards matched","damage_taken":0,"max_hp_gain":0,"max_hp_loss":0,"event_name":"Match and Keep!","floor":48,"gold_loss":0,"cards_obtained":["Intimidate"]}],"is_beta":false,"boss_relics":[{"not_picked":["Astrolabe","SlaversCollar"],"picked":"Snecko Eye"},{"not_picked":["Runic Dome","Pandora\u0027s Box"],"picked":"Mark of Pain"}],"items_purged_floors":[21,36],"is_endless":false,"potions_floor_spawned":[3,4,14,19,24,25,29,33,35,39,42,44,47],"ascension_level":6}}