{"host":"ffjrj7fisyni1ebk","time":1614350549,"event":{"mods":["2.2 Compatiblity","BaseMod","Bestiary","Colored Map","Colored Powertips","Curses Come First","Highlight Path","Keyboard Shortcuts","Minty Spire (QoL Compilation)","Relic Stats","Slay the Relics Exporter","StSLib","SuperFastMode"],"gold_per_floor":[110,128,141,161,5,22,22,22],"floor_reached":7,"language":"ENG","playtime":309,"items_purged":[],"score":45,"play_id":"00a8a9c4-ef88-4b9f-a60b-b5e5b6f75f76","local_time":"20210226164229","is_ascension_mode":false,"campfire_choices":[],"circlet_count":0,"master_deck":["Strike_P","Strike_P","Strike_P","Strike_P","Defend_P","Defend_P","Defend_P","Defend_P","Eruption","Vigilance","CutThroughFate","Nirvana","Nirvana","Evaluate","ThirdEye"],"relics":["PureWater","NeowsBlessing","Potion Belt"],"acts_visited":["Exordium"],"potions_floor_usage":[7,7,7],"damage_taken":[{"damage":0,"enemies":"Jaw Worm","floor":1,"turns":1},{"damage":0,"enemies":"Cultist","floor":2,"turns":1},{"damage":0,"enemies":"2 Louse","floor":3,"turns":1},{"damage":26,"enemies":"Blue Slaver","floor":4,"turns":4},{"damage":9,"enemies":"3 Louse","floor":6,"turns":4},{"damage":50,"enemies":"Lagavulin","floor":7,"turns":13}],"seed_played":"-7127390554308922463","potions_obtained":[{"floor":2,"key":"Ancient Potion"},{"floor":3,"key":"SkillPotion"},{"floor":4,"key":"Energy Potion"}],"is_trial":false,"path_per_floor":["M","M","M","M","$","M","E"],"character_chosen":"WATCHER","items_purchased":["Potion Belt"],"campfire_rested":0,"item_purchase_floors":[5],"current_hp_per_floor":[72,72,72,46,46,37,0,0],"gold":22,"neow_bonus":"THREE_ENEMY_KILL","is_daily":false,"chose_seed":false,"campfire_upgraded":0,"win_rate":0.0,"timestamp":1614350549,"path_taken":["M","M","M","M","$","M","E"],"items_purchased_type":["Relic"],"build_version":"2020-12-22","purchased_purges":0,"victory":false,"max_hp_per_floor":[72,72,72,72,72,72,72,72],"relic_stats":{"counters":[6,24],"obtain_stats":[{"Potion Belt":5,"NeowsBlessing":0,"PureWater":0},{"Potion Belt":4,"NeowsBlessing":0,"PureWater":0},{"Potion Belt":7,"NeowsBlessing":0,"PureWater":0}]},"card_choices":[{"not_picked":["Evaluate","Consecrate"],"picked":"CutThroughFate","floor":1},{"not_picked":["CutThroughFate","Crescendo"],"picked":"Nirvana","floor":2},{"not_picked":["FlurryOfBlows","EmptyBody"],"picked":"Nirvana","floor":3},{"not_picked":["FlyingSleeves","WaveOfTheHand"],"picked":"Evaluate","floor":4},{"not_picked":["FlurryOfBlows","FlyingSleeves"],"picked":"ThirdEye","floor":6}],"player_experience":346944,"relics_obtained":[],"event_choices":[],"is_beta":false,"boss_relics":[],"items_purged_floors":[],"is_endless":false,"potions_floor_spawned":[2,3,4],"killed_by":"Lagavulin","ascension_level":0}}