{"host":"lku4gktzilv18rfq","time":1614369767,"event":{"mods":["BaseMod","Minty Spire (QoL Compilation)","Permanent Neow","StSLib","thorton"],"gold_per_floor":[119,135,60,82,88,88,138,138,162,162,162,162,214,214,214,253,253,253],"floor_reached":16,"language":"ENG","playtime":877,"items_purged":["thethorton:Strike"],"score":99,"play_id":"7a0f5713-54aa-49c7-b14e-849240319411","local_time":"20210226120247","is_ascension_mode":true,"campfire_choices":[{"data":"thethorton:ROI","floor":6,"key":"SMITH"},{"data":"thethorton:BusinessBoom","floor":8,"key":"SMITH"},{"data":"thethorton:Heckle","floor":12,"key":"SMITH"},{"data":"thethorton:ChartProject","floor":15,"key":"SMITH"}],"circlet_count":0,"master_deck":["thethorton:Strike","thethorton:Strike","thethorton:Defend","thethorton:Defend","thethorton:Defend+1","thethorton:Defend","thethorton:Heckle+1","thethorton:CreditCard","thethorton:PocketChange","thethorton:ChartProject+1","thethorton:ROI+1","thethorton:PocketChange+1","thethorton:BusinessBoom+1","thethorton:PocketChange"],"relics":["Empty Cage","Golden Idol"],"acts_visited":["Exordium"],"potions_floor_usage":[16],"damage_taken":[{"damage":5,"enemies":"Jaw Worm","floor":1,"turns":3},{"damage":3,"enemies":"2 Louse","floor":2,"turns":6},{"damage":0,"enemies":"Small Slimes","floor":4,"turns":6},{"damage":4,"enemies":"Looter","floor":5,"turns":4},{"damage":21,"enemies":"Large Slime","floor":7,"turns":15},{"damage":0,"enemies":"2 Fungi Beasts","floor":13,"turns":7},{"damage":25,"enemies":"Slime Boss","floor":16,"turns":7}],"seed_played":"-2571872422927367521","potions_obtained":[{"floor":1,"key":"AttackPotion"}],"is_trial":false,"path_per_floor":["M","M","$","M","M","R","M","R","T","?","?","R","M","?","R","B"],"character_chosen":"THE_THORT","items_purchased":[],"campfire_rested":0,"item_purchase_floors":[],"current_hp_per_floor":[63,60,60,60,56,56,35,35,35,35,21,21,21,21,21,0,0,0],"gold":253,"neow_bonus":"BOSS_RELIC","is_daily":false,"chose_seed":false,"campfire_upgraded":4,"win_rate":0.0,"timestamp":1614369767,"path_taken":["M","M","$","M","M","R","M","R","T","?","?","R","M","?","R","BOSS"],"items_purchased_type":[],"build_version":"2020-12-22","purchased_purges":1,"victory":false,"max_hp_per_floor":[68,68,68,68,68,68,68,68,68,68,68,68,68,63,63,63,63,63],"card_choices":[{"not_picked":["thethorton:SeeingDouble","thethorton:HitAhead"],"picked":"thethorton:PocketChange","floor":1},{"not_picked":["thethorton:ShoutAndRun","thethorton:RunningKick"],"picked":"thethorton:ChartProject","floor":2},{"not_picked":["thethorton:LastDitchEffort","thethorton:DockPay"],"picked":"thethorton:ROI","floor":4},{"not_picked":["thethorton:RichRun","thethorton:ChartProject"],"picked":"thethorton:PocketChange","floor":5},{"not_picked":["thethorton:Jackpot","thethorton:GoldBuffer"],"picked":"thethorton:BusinessBoom","floor":7},{"not_picked":["thethorton:SicklyRun","thethorton:BusinessCard"],"picked":"thethorton:PocketChange","floor":13}],"player_experience":964970,"relics_obtained":[],"event_choices":[{"damage_healed":0,"gold_gain":0,"player_choice":"Ignored","damage_taken":0,"max_hp_gain":0,"max_hp_loss":0,"event_name":"Liars Game","floor":10,"gold_loss":0},{"damage_healed":0,"gold_gain":0,"player_choice":"Entered Light","damage_taken":14,"max_hp_gain":0,"max_hp_loss":0,"event_name":"Shining Light","floor":11,"gold_loss":0,"cards_upgraded":["thethorton:PocketChange","thethorton:Defend"]},{"damage_healed":0,"gold_gain":0,"player_choice":"Lose Max HP","damage_taken":0,"relics_obtained":["Golden Idol"],"max_hp_gain":0,"max_hp_loss":5,"event_name":"Golden Idol","floor":14,"gold_loss":0}],"is_beta":false,"boss_relics":[],"items_purged_floors":[3],"is_endless":false,"potions_floor_spawned":[1],"killed_by":"Slime Boss","ascension_level":2}}