{"host":"nonrudiqgwgca70t","time":1614367749,"event":{"mods":["BaseMod","Hermit","MarisaÅiñ∂âJÅ@ñÇóùçπÅj","Minty Spire (QoL Compilation)","StSLib","The Bug Knight","The Cursed","The Hierophant","The Runesmith"],"gold_per_floor":[110,128,138,138,150,177,189,189,212,212,57,57,91,103,103,208,208,208,208,208,208,208,208,208,208,208,208,8,8,8,8,8,8,8,8,8,8,8,8,8,8,8,8,8,8,8,8,8,8,8],"floor_reached":51,"language":"ENG","playtime":7522,"items_purged":[],"score":684,"play_id":"bc64bc0f-f585-4ed3-b6a5-44f6d958e7d7","local_time":"20210226122909","is_ascension_mode":false,"campfire_choices":[{"data":"HollowMod:FocusHealStart","floor":8.0,"key":"SMITH"},{"data":"HollowMod:SoulStrike","floor":10.0,"key":"SMITH"},{"data":"HollowMod:HowlingWraiths","floor":12.0,"key":"SMITH"},{"data":"HollowMod:InfectedCysts","floor":15.0,"key":"SMITH"},{"data":"HollowMod:SoulSplash","floor":23.0,"key":"SMITH"},{"data":"HollowMod:DashSlash","floor":27.0,"key":"SMITH"},{"data":"HollowMod:DungDefenderAura","floor":30.0,"key":"SMITH"},{"data":"HollowMod:MantisMark","floor":32.0,"key":"SMITH"},{"floor":40.0,"key":"REST"},{"floor":42.0,"key":"REST"},{"floor":49,"key":"REST"}],"circlet_count":0,"master_deck":["HollowMod:NailStrikeStart","HollowMod:NailStrikeStart","HollowMod:NailStrikeStart","HollowMod:NailStrikeStart","HollowMod:QuickDashStart","HollowMod:QuickDashStart","HollowMod:QuickDashStart+1","HollowMod:QuickDashStart","HollowMod:FocusHealStart+1","HollowMod:PogoStrike","HollowMod:FallenFury","HollowMod:SoulStrike+1","HollowMod:ZotesMagnificence","HollowMod:SoulVessel","HollowMod:HowlingWraiths+1","HollowMod:CloakDash+1","HollowMod:InfectedCysts+1","HollowMod:DescendingDark","HollowMod:Hiveblood","HollowMod:CrystalDash","HollowMod:SoulSplash+1","RitualDagger","HollowMod:DashSlash+1","HollowMod:SoulShaman+1","HollowMod:SharpenedShadows","HollowMod:MonarchWings+1","HollowMod:CycloneSlash","HollowMod:DungDefenderAura+1","HollowMod:MantisMark+1","HollowMod:HornetsHelp+1","HollowMod:SoulStrike+1","HollowMod:HeavyBlow+1","HollowMod:CycloneSlash+1","HollowMod:VengefulSpirit+1"],"relics":["HollowMod:VesselMask","NeowsBlessing","StoneCalendar","Tiny Chest","ClockworkSouvenir","Pen Nib","Ectoplasm","Red Mask","Happy Flower","Orichalcum","Bronze Scales","Fusion Hammer","Pocketwatch","Boot","CatCart","War Paint","Runesmith:Locket","Eternal Feather"],"acts_visited":["Exordium","TheCity","TheBeyond"],"potions_floor_usage":[47],"damage_taken":[{"damage":0.0,"enemies":"Cultist","floor":1.0,"turns":1.0},{"damage":0.0,"enemies":"2 Louse","floor":2.0,"turns":1.0},{"damage":0.0,"enemies":"Jaw Worm","floor":3.0,"turns":1.0},{"damage":8.0,"enemies":"Large Slime","floor":5.0,"turns":6.0},{"damage":15.0,"enemies":"Gremlin Nob","floor":6.0,"turns":4.0},{"damage":5.0,"enemies":"Looter","floor":7.0,"turns":2.0},{"damage":31.0,"enemies":"Lagavulin","floor":13.0,"turns":6.0},{"damage":7.0,"enemies":"Blue Slaver","floor":14.0,"turns":2.0},{"damage":37.0,"enemies":"Hexaghost","floor":16.0,"turns":8.0},{"damage":0.0,"enemies":"2 Thieves","floor":18.0,"turns":1.0},{"damage":5.0,"enemies":"Spheric Guardian","floor":19.0,"turns":3.0},{"damage":5.0,"enemies":"Snake Plant","floor":21.0,"turns":3.0},{"damage":0.0,"enemies":"Masked Bandits","floor":22.0,"turns":2.0},{"damage":4.0,"enemies":"Chosen and Byrds","floor":24.0,"turns":4.0},{"damage":40.0,"enemies":"Book of Stabbing","floor":25.0,"turns":4.0},{"damage":16.0,"enemies":"Shelled Parasite and Fungi","floor":29.0,"turns":4.0},{"damage":9.0,"enemies":"Snake Plant","floor":31.0,"turns":3.0},{"damage":33.0,"enemies":"Automaton","floor":33.0,"turns":7.0},{"damage":0.0,"enemies":"3 Darklings","floor":35.0,"turns":4.0},{"damage":0.0,"enemies":"3 Shapes","floor":36.0,"turns":3.0},{"damage":17.0,"enemies":"2 Orb Walkers","floor":37.0,"turns":4.0},{"damage":9.0,"enemies":"Sphere and 2 Shapes","floor":39.0,"turns":3.0},{"damage":67.0,"enemies":"Orin","floor":41.0,"turns":7.0},{"damage":7,"enemies":"3 Darklings","floor":44,"turns":3},{"damage":21,"enemies":"4 Shapes","floor":46,"turns":3},{"damage":64,"enemies":"HollowMod:StalkingDevout","floor":47,"turns":5},{"damage":68,"enemies":"Awakened One","floor":50,"turns":10}],"seed_played":"-7695307414449605849","potions_obtained":[{"floor":1.0,"key":"Explosive Potion"},{"floor":2.0,"key":"SneckoOil"},{"floor":3.0,"key":"Fruit Juice"},{"floor":13.0,"key":"DistilledChaos"},{"floor":16.0,"key":"Explosive Potion"},{"floor":19.0,"key":"EntropicBrew"},{"floor":21.0,"key":"ColorlessPotion"},{"floor":24.0,"key":"GamblersBrew"},{"floor":31.0,"key":"Block Potion"},{"floor":37.0,"key":"Swift Potion"},{"floor":39.0,"key":"FairyPotion"},{"floor":46,"key":"DuplicationPotion"}],"is_trial":false,"path_per_floor":["M","M","M","?","M","E","M","R","T","R","$","R","E","M","R","B",null,"M","M","?","M","?","R","M","E","T","R","$","M","R","M","R","B",null,"M","M","?","T","M","R","?","R","T","M","?","M","E","T","R","B",null],"character_chosen":"THE_BUGKNIGHT","items_purchased":["ClockworkSouvenir","Bronze Scales","HollowMod:CycloneSlash"],"campfire_rested":3,"item_purchase_floors":[11,28,28],"current_hp_per_floor":[75,75,80,80,78,69,64,64,64,64,64,64,43,42,42,17,80,80,75,69,64,64,64,66,48,48,48,48,47,47,44,44,17,80,80,80,63,63,60,80,19,43,43,36,36,33,9,9,51,8],"gold":8,"neow_bonus":"THREE_ENEMY_KILL","is_daily":false,"chose_seed":false,"campfire_upgraded":8,"win_rate":0.0,"timestamp":1614367749,"path_taken":["M","M","?","?","M","E","M","R","T","R","$","R","E","M","R","BOSS","M","M","?","M","?","R","M","E","T","R","$","M","R","M","R","BOSS","M","M","?","?","M","R","?","R","T","M","?","?","E","?","R","BOSS"],"items_purchased_type":["Relic","Relic","Card"],"build_version":"2020-12-22","purchased_purges":0,"victory":true,"max_hp_per_floor":[75,75,80,80,80,80,80,80,80,80,80,80,80,80,80,80,80,80,80,80,80,80,80,80,80,80,80,80,80,80,80,80,80,80,80,80,80,80,80,80,80,80,80,80,80,80,80,80,80,80],"card_choices":[{"not_picked":["HollowMod:CoiledNail","HollowMod:SoulSplash"],"picked":"HollowMod:FallenFury","floor":1.0},{"not_picked":["HollowMod:SharpenedNail","HollowMod:SiblingsSouls"],"picked":"HollowMod:SoulStrike","floor":2.0},{"not_picked":["HollowMod:SiblingsSouls","HollowMod:TaintedHusks"],"picked":"HollowMod:ZotesMagnificence","floor":3.0},{"not_picked":["HollowMod:SharpenedShadows","HollowMod:ShadowDash"],"picked":"HollowMod:SoulVessel","floor":5.0},{"not_picked":["HollowMod:theNailsmith","HollowMod:MonarchWings"],"picked":"HollowMod:HowlingWraiths","floor":6.0},{"not_picked":["HollowMod:SoulStrike","HollowMod:CycloneSlash"],"picked":"HollowMod:CloakDash","floor":7.0},{"not_picked":["HollowMod:Grubsong","HollowMod:CornifersMapStart"],"picked":"HollowMod:InfectedCysts","floor":13.0},{"not_picked":["HollowMod:ChannelNail","HollowMod:AbyssShriek"],"picked":"HollowMod:DescendingDark","floor":14.0},{"not_picked":["HollowMod:theNailsmith","HollowMod:MidwifesHunger"],"picked":"HollowMod:Hiveblood","floor":16.0},{"not_picked":["HollowMod:DreamGate","HollowMod:InfectionAssault"],"picked":"HollowMod:CrystalDash","floor":18.0},{"not_picked":["HollowMod:Grubsong","HollowMod:BlackTendrils+1"],"picked":"HollowMod:SoulSplash","floor":19.0},{"not_picked":["HollowMod:SiblingsShadow","HollowMod:TaintedHusks"],"picked":"HollowMod:DashSlash","floor":21.0},{"not_picked":["HollowMod:HeavyBlow","HollowMod:DoubleDash"],"picked":"HollowMod:SoulShaman+1","floor":22.0},{"not_picked":["HollowMod:TaintedHusks","HollowMod:MidwifesHunger"],"picked":"HollowMod:SharpenedShadows","floor":24.0},{"not_picked":["HollowMod:SiblingsSouls","HollowMod:SoulVessel+1"],"picked":"HollowMod:MonarchWings+1","floor":25.0},{"not_picked":["HollowMod:ChannelNail","HollowMod:CloakDash"],"picked":"HollowMod:DungDefenderAura","floor":29.0},{"not_picked":["HollowMod:RecoilStrike+1","HollowMod:SoulVessel"],"picked":"HollowMod:MantisMark","floor":31.0},{"not_picked":["HollowMod:NewInfectedGuardian","HollowMod:ElderbugsWisdom"],"picked":"HollowMod:HornetsHelp","floor":33.0},{"not_picked":["HollowMod:NewJinnsSoul","HollowMod:TaintedHusks+1"],"picked":"HollowMod:SoulStrike+1","floor":35.0},{"not_picked":["HollowMod:SoulShaman","HollowMod:TaintedHusks+1"],"picked":"HollowMod:HeavyBlow+1","floor":36.0},{"not_picked":["HollowMod:SiblingsShadow+1","HollowMod:CornifersMapStart"],"picked":"HollowMod:CycloneSlash+1","floor":37.0},{"not_picked":["HollowMod:ShadowDash","HollowMod:HowlingWraiths","HollowMod:CornifersMapStart"],"picked":"SKIP","floor":39.0},{"not_picked":["HollowMod:NewLittleFool+1","HollowMod:SoulEater"],"picked":"HollowMod:VengefulSpirit+1","floor":44},{"not_picked":["HollowMod:DescendingDark+1","HollowMod:CycloneSlash","HollowMod:SharpenedShadows"],"picked":"SKIP","floor":46},{"not_picked":["HollowMod:ZotesMagnificence","HollowMod:NewLittleFool+1","HollowMod:QuirrelsAssistance+1"],"picked":"SKIP","floor":47}],"player_experience":188759,"relics_obtained":[{"floor":6.0,"key":"StoneCalendar"},{"floor":9.0,"key":"Tiny Chest"},{"floor":13.0,"key":"Pen Nib"},{"floor":22.0,"key":"Red Mask"},{"floor":25.0,"key":"Happy Flower"},{"floor":26.0,"key":"Orichalcum"},{"floor":37.0,"key":"Pocketwatch"},{"floor":38.0,"key":"Boot"},{"floor":41.0,"key":"CatCart"},{"floor":43.0,"key":"War Paint"},{"floor":47,"key":"Runesmith:Locket"},{"floor":48,"key":"Eternal Feather"}],"event_choices":[{"damage_healed":0.0,"max_hp_gain":0.0,"max_hp_loss":0.0,"gold_gain":0.0,"event_name":"Match and Keep!","player_choice":"0 cards matched","floor":4.0,"gold_loss":0.0,"damage_taken":0.0,"cards_obtained":[]},{"damage_healed":0.0,"max_hp_gain":0.0,"max_hp_loss":0.0,"gold_gain":0.0,"event_name":"Nest","player_choice":"Joined the Cult","floor":20.0,"gold_loss":0.0,"damage_taken":6.0,"cards_obtained":["RitualDagger"]},{"damage_healed":0.0,"max_hp_gain":0.0,"max_hp_loss":0.0,"gold_gain":0.0,"event_name":"Masked Bandits","player_choice":"Fought Bandits","floor":22.0,"gold_loss":0.0,"damage_taken":0.0},{"damage_healed":0.0,"max_hp_gain":0.0,"max_hp_loss":0.0,"gold_gain":0.0,"event_name":"Mysterious Sphere","player_choice":"Fight","floor":37.0,"gold_loss":0.0,"damage_taken":0.0},{"damage_healed":0.0,"max_hp_gain":0.0,"max_hp_loss":0.0,"gold_gain":0.0,"event_name":"OrinTheCat","player_choice":"Fight","floor":41.0,"gold_loss":0.0,"damage_taken":0.0},{"damage_healed":0,"gold_gain":0,"player_choice":"Upgraded","damage_taken":0,"max_hp_gain":0,"max_hp_loss":0,"event_name":"Upgrade Shrine","floor":45,"gold_loss":0,"cards_upgraded":["HollowMod:HornetsHelp"]}],"is_beta":false,"boss_relics":[{"not_picked":["Runic Dome","Runesmith:UraniumAnvil"],"picked":"Ectoplasm"},{"not_picked":["Pandora\u0027s Box","Snecko Eye"],"picked":"Fusion Hammer"}],"items_purged_floors":[],"is_endless":false,"potions_floor_spawned":[1,2,3,13,16,19,21,24,31,37,39,46],"ascension_level":0}}