{"host":"d7qmn60fs48wu5y6","time":1614303491,"event":{"mods":["BaseMod","Downfall","Marisa????????","Minty Spire (QoL Compilation)","Shade Mod","StSLib","The Bug Knight","The Cursed","The Necromancer","The Servant 0.9.4"],"gold_per_floor":[116,116,136,136,153,178,191,217,217,217,217,142,142,158,158,256,256,240,259,52,66,66,99,99,115,115,115,75,104,123,123,123,223,223,243,258,270,290,31,56,56,67,114,146,156,156,169,189,189,189,189,189,121,148,148],"floor_reached":56,"language":"ENG","playtime":2746,"items_purged":["Strike_W","Defend_W"],"score":1310,"play_id":"6fc70546-9da1-45c5-849d-0aec1886b64f","local_time":"20210225173811","is_ascension_mode":true,"campfire_choices":[{"floor":10,"key":"REST"},{"floor":13,"key":"REST"},{"data":"Summon_Death_Knight","floor":15,"key":"SMITH"},{"floor":24,"key":"RECALL"},{"data":"Shade_Step","floor":27,"key":"SMITH"},{"data":"Summon_Death_Knight","floor":32,"key":"SMITH"},{"floor":41,"key":"REST"},{"floor":46,"key":"REST"},{"data":"Summon_Vampire_Lady","floor":49,"key":"SMITH"},{"data":"Scare","floor":52,"key":"SMITH"}],"circlet_count":0,"master_deck":["Strike_W","Strike_W","Defend_W","Defend_W","Defend_W","Negative_Energy_Arrows","Bone_Wall","Negative_Energy_Shield","Shade_Step+1","Scare+1","Summon_Death_Knight+1","Siphon_Strength","Bone_Shift","Negative_Energy_Sphere","Summon_Death_Knight+1","Negative_Energy_Shield+1","Stop_Heart","Summon_Undead_Army","Summon_Undead","Shade_Step+1","Summon_Lich","Slay_Living+1","Grasp_Heart","Epidemic+1","Toxic_Smoke_Screen+1","Summon_Vampire_Lady+1","Acid_Javelin+1","Life_Tap+1","Summon_Undead","Summon_Lich","Blood_Is_Power+1"],"relics":["Vampire_Amulet","NeowsBlessing","Incense Burner","PreservedInsect","Bronze Scales","Pantograph","Black Star","Pen Nib","Regal Pillow","Blue Candle","HollowMod:LifeEnderRelic","Sozu","Mummified Hand","Strawberry","Gambling Chip","Juzu Bracelet","HollowMod:PaleOreRelic","Blood Vial","Mercury Hourglass","Toy Ornithopter"],"acts_visited":["Exordium","TheCity","TheBeyond","TheEnding"],"potions_floor_usage":[7,21,23,40,55],"damage_taken":[{"damage":0,"enemies":"Cultist","floor":1,"turns":1},{"damage":0,"enemies":"Small Slimes","floor":3,"turns":1},{"damage":0,"enemies":"2 Louse","floor":5,"turns":1},{"damage":33,"enemies":"Lagavulin","floor":6,"turns":11},{"damage":17,"enemies":"Lots of Slimes","floor":7,"turns":9},{"damage":33,"enemies":"Gremlin Nob","floor":8,"turns":6},{"damage":7,"enemies":"3 Louse","floor":14,"turns":3},{"damage":16,"enemies":"Slime Boss","floor":16,"turns":10},{"damage":6,"enemies":"2 Thieves","floor":18,"turns":4},{"damage":1,"enemies":"Chosen","floor":19,"turns":5},{"damage":9,"enemies":"Shelled Parasite and Fungi","floor":21,"turns":5},{"damage":0,"enemies":"Slavers","floor":23,"turns":4},{"damage":5,"enemies":"Centurion and Healer","floor":25,"turns":8},{"damage":36,"enemies":"Gremlin Leader","floor":29,"turns":6},{"damage":8,"enemies":"Snecko","floor":30,"turns":4},{"damage":20,"enemies":"Automaton","floor":33,"turns":10},{"damage":21,"enemies":"3 Shapes","floor":35,"turns":4},{"damage":22,"enemies":"3 Darklings","floor":36,"turns":5},{"damage":11,"enemies":"Spire Growth","floor":37,"turns":5},{"damage":8,"enemies":"Sphere and 2 Shapes","floor":38,"turns":7},{"damage":17,"enemies":"Reptomancer","floor":40,"turns":5},{"damage":0,"enemies":"3 Darklings","floor":42,"turns":4},{"damage":1,"enemies":"Giant Head","floor":44,"turns":7},{"damage":71,"enemies":"4 Shapes","floor":45,"turns":4},{"damage":15,"enemies":"Jaw Worm Horde","floor":47,"turns":4},{"damage":1,"enemies":"Maw","floor":48,"turns":5},{"damage":59,"enemies":"Awakened One","floor":50,"turns":12},{"damage":26,"enemies":"Shield and Spear","floor":54,"turns":5},{"damage":57,"enemies":"The Heart","floor":55,"turns":8}],"seed_played":"-3058095422094246353","potions_obtained":[{"floor":6,"key":"sneckomod:MuddlingPotion"},{"floor":8,"key":"SpeedPotion"},{"floor":16,"key":"AttackPotion"},{"floor":19,"key":"SneckoOil"},{"floor":29,"key":"hexamod:SoulburnPotion"},{"floor":30,"key":"FearPotion"}],"is_trial":false,"path_per_floor":["M","T","M","?","M","E","M","E","T","R","?","$","R","M","R","B",null,"M","M","$","M","$","E","R","M","T","R","$","E","M","?","R","B",null,"M","M","M","M","$","E","R","M","T","E","M","R","M","M","R","B",null,"R","$","E","B",null],"character_chosen":"NECROMANCER","items_purchased":["Stop_Heart","Summon_Undead_Army","Summon_Lich","Mummified Hand","Summon_Lich"],"campfire_rested":4,"item_purchase_floors":[20,20,28,39,53],"current_hp_per_floor":[75,75,75,68,72,41,34,3,3,25,25,25,47,46,46,61,75,71,72,72,67,67,73,73,72,72,72,72,42,48,34,34,45,80,71,51,42,40,40,45,86,87,87,87,34,75,74,87,87,87,87,87,87,68,49],"gold":148,"neow_bonus":"THREE_ENEMY_KILL","is_daily":false,"chose_seed":false,"campfire_upgraded":5,"win_rate":0.0,"timestamp":1614303491,"path_taken":["M","?","M","?","M","E","M","E","T","R","?","$","R","M","R","BOSS","M","M","$","M","?","E","R","M","T","R","$","E","M","?","R","BOSS","M","M","M","M","$","E","R","M","T","E","M","R","M","M","R","BOSS","R","$","E","BOSS"],"items_purchased_type":["Card","Card","Card","Relic","Card"],"build_version":"2020-12-22","purchased_purges":2,"victory":true,"max_hp_per_floor":[75,75,75,75,75,75,75,75,75,75,75,75,75,75,75,75,75,75,75,75,75,75,75,75,75,75,75,75,75,75,80,80,80,80,80,80,80,80,80,87,87,87,87,87,87,87,87,87,87,87,87,87,87,87,87],"card_choices":[{"not_picked":["Negative_Energy_Javelin","Scare"],"picked":"Negative_Energy_Shield","floor":1},{"not_picked":["Toxic_Smoke_Screen","Blood_Curse"],"picked":"Shade_Step","floor":3},{"not_picked":["Thousand_Bone_Knives","Bone_Bullets"],"picked":"Scare","floor":5},{"not_picked":["Necromantic_Selection","Blood_for_Blood"],"picked":"Summon_Death_Knight","floor":6},{"not_picked":["Negative_Energy_Mist","Bone_Spikes"],"picked":"Siphon_Strength","floor":7},{"not_picked":["Negative_Energy_Mist","Bone_Bullets"],"picked":"Bone_Shift","floor":8},{"not_picked":["Toxic_Smoke_Screen","Bone_Spikes"],"picked":"Negative_Energy_Sphere","floor":14},{"not_picked":["Blood_Wake","Hellfire"],"picked":"Summon_Death_Knight","floor":16},{"not_picked":["Blood_Is_Power","Toxic_Smoke_Screen"],"picked":"Negative_Energy_Shield+1","floor":18},{"not_picked":["Negative_Energy_Sphere","Plague_Bolt+1","Negative_Energy_Javelin"],"picked":"SKIP","floor":19},{"not_picked":["Blood_Whip","Chill_Blood"],"picked":"Summon_Undead","floor":21},{"not_picked":["Blood_Whip","Thousand_Bone_Knives","Blood_Shield"],"picked":"SKIP","floor":23},{"not_picked":["Death_Coil","Negative_Energy_Mist"],"picked":"Shade_Step","floor":25},{"not_picked":["Negative_Energy_Sphere","Blood_Wake","Bone_Shift+1"],"picked":"SKIP","floor":29},{"not_picked":["Bone_Armor","Scare+1"],"picked":"Slay_Living+1","floor":30},{"not_picked":["Reap_The_Weak","Negative_Energy_Bomb"],"picked":"Grasp_Heart","floor":33},{"not_picked":["Blood_Whip+1","Shackles_Of_Pain"],"picked":"Epidemic+1","floor":35},{"not_picked":["Negative_Energy_Sphere+1","Plague_Bolt","Deaths_Shadow"],"picked":"SKIP","floor":36},{"not_picked":["Violent_Necrosis","Siphon_Strength"],"picked":"Toxic_Smoke_Screen+1","floor":37},{"not_picked":["Scare+1","Death_March_Dance"],"picked":"Summon_Vampire_Lady","floor":38},{"not_picked":["Chill_Blood+1","Negative_Energy_Sphere","Bone_Spikes"],"picked":"SKIP","floor":40},{"not_picked":["Toxic_Smoke_Screen","Finger_Of_Death","Uncharnel"],"picked":"SKIP","floor":42},{"not_picked":["Epidemic","Uncharnel+1"],"picked":"Acid_Javelin+1","floor":44},{"not_picked":["Blood_Shield+1","Flesh_Made_Foul","Blood_Curse+1"],"picked":"SKIP","floor":45},{"not_picked":["Corrupt+1","Toxic_Smoke_Screen+1"],"picked":"Life_Tap+1","floor":47},{"not_picked":["Consume_Illness","Reap_The_Weak"],"picked":"Summon_Undead","floor":48},{"not_picked":["Vampiric_Strike+1","Exploit"],"picked":"Blood_Is_Power+1","floor":54}],"player_experience":972932,"relics_obtained":[{"floor":2,"key":"Incense Burner"},{"floor":6,"key":"PreservedInsect"},{"floor":8,"key":"Bronze Scales"},{"floor":9,"key":"Pantograph"},{"floor":23,"key":"Pen Nib"},{"floor":23,"key":"Regal Pillow"},{"floor":29,"key":"Blue Candle"},{"floor":29,"key":"HollowMod:LifeEnderRelic"},{"floor":40,"key":"Strawberry"},{"floor":40,"key":"Gambling Chip"},{"floor":43,"key":"Juzu Bracelet"},{"floor":44,"key":"HollowMod:PaleOreRelic"},{"floor":44,"key":"Blood Vial"},{"floor":54,"key":"Mercury Hourglass"},{"floor":54,"key":"Toy Ornithopter"}],"event_choices":[{"cards_removed":["Strike_W"],"damage_healed":0,"gold_gain":0,"player_choice":"Card Removal","damage_taken":7,"max_hp_gain":0,"max_hp_loss":0,"event_name":"Golden Wing","floor":4,"gold_loss":0},{"damage_healed":0,"gold_gain":0,"player_choice":"Upgraded","damage_taken":0,"max_hp_gain":0,"max_hp_loss":0,"event_name":"Upgrade Shrine","floor":11,"gold_loss":0,"cards_upgraded":["Shade_Step"]},{"damage_healed":0,"gold_gain":0,"player_choice":"Shed Blood","damage_taken":19,"max_hp_gain":5,"max_hp_loss":0,"event_name":"Forgotten Altar","floor":31,"gold_loss":0}],"is_beta":false,"boss_relics":[{"not_picked":["SacredBark","Runic Pyramid"],"picked":"Black Star"},{"not_picked":["Tiny House","Snecko Eye"],"picked":"Sozu"}],"items_purged_floors":[12,20],"is_endless":false,"potions_floor_spawned":[6,8,16,19,29,30,33,36,38,44,47,54],"ascension_level":1}}