{"host":"c59zqhrgluvxuu0k","time":1614357424,"event":{"mods":["Act Like it!","Arknights","Bartender","BaseMod","Beaked The Cultist","Better Altar","Better Third Choice","BetterRewards","ChefMod","Colored Map","Colored Powertips","Curses Come First","Downfall","Friendly Minions","Hermit","Highlight Path","Library of Ruina","Minty Spire (QoL Compilation)","Replay The Spire","Ruina","Shop Mod","Somnambulant","Spicy Shops","StSLib","The Blackbeard","The Cursed","The Death Knight","The Disciple","The Druid","The Jungle","The Necromancer","The Runesmith","The Wild Card"],"gold_per_floor":[114,114,114,114,127,127,157,157,182,182,257,272,272,286,286,382,382,393,393,93,93,107,107,125,144,170,195,47,61,61,88,88,192,192,206,53,64,64,0,28,28,61,135,135,11,11,28,47,47,47,47,47,11,41,41,41],"floor_reached":55,"language":"ENG","playtime":53929,"items_purged":["ReplayTheSpireMod:Compounding Headache","chefmod:Strike"],"score":761,"play_id":"f36595a0-0915-4b4b-ba27-c12f2e94ae78","local_time":"20210226093704","is_ascension_mode":false,"campfire_choices":[{"data":"ReplayTheSpireMod:Private Reserves","floor":6,"key":"SMITH"},{"data":"chefmod:TodaysSpecial","floor":8,"key":"SMITH"},{"data":"chefmod:Omelette","floor":10,"key":"SMITH"},{"data":"chefmod:CuttingBoard","floor":15,"key":"SMITH"},{"data":"chefmod:Mince","floor":23,"key":"SMITH"},{"data":"theWildCard:PaleRider","floor":32,"key":"SMITH"},{"floor":41,"key":"RECALL"},{"floor":49,"key":"REST"},{"data":"chefmod:CandyBowl","floor":52,"key":"SMITH"}],"circlet_count":0,"master_deck":["chefmod:Strike","chefmod:Strike","chefmod:QuickThaw","chefmod:Defend","chefmod:Defend","chefmod:TodaysSpecial+1","ReplayTheSpireMod:Private Reserves+1","chefmod:LiquidNitrogen","theWildCard:PaleRider+1","chefmod:CuttingBoard+1","chefmod:DimSum","chefmod:Mince+1","chefmod:Chop+1","chefmod:KnifeFlurry+1","chefmod:Ratatouille","chefmod:Mince+1","chefmod:OldCookbook+1","chefmod:Omelette+1","chefmod:Canape","chefmod:Gelato+1","chefmod:FrozenTuna+1","chefmod:Canape+1","chefmod:Leftovers+1","chefmod:CandyBowl+1","chefmod:FreezeSolid","Secret Technique+1","Midas Touch","chefmod:Ratatouille+1","chefmod:MonsterBait+1"],"relics":["chefmod:TrustyPot","Ring of Panic","Blue Doll","PageOfSingingMachine","Replay:Fungal Core","Painkiller Herb","PageOfBlackSwan","Ancient Tea Set","Regal Pillow","PageOfBloodbath","Nloth\u0027s Gift","Bag of Preparation","PreservedInsect","hexamod:BolsterEngine","Whetstone","Astrolabe","Membership Card","Red Mask","Lantern","Shuriken","PageOfSpiderBud","BargainBundle","Mango"],"acts_visited":["Exordium","TheCity","TheBeyond","TheEnding"],"potions_floor_usage":[16,16,16,33,33,40,40,48,54,55,55,55,55,55,55],"damage_taken":[{"damage":7,"enemies":"ats:Genji","floor":1,"turns":5},{"damage":2,"enemies":"2 Louse","floor":5,"turns":2},{"damage":10,"enemies":"Replay:BlueRogue","floor":7,"turns":6},{"damage":0,"enemies":"Small Slimes","floor":12,"turns":4},{"damage":0,"enemies":"Looter","floor":14,"turns":2},{"damage":1,"enemies":"Slime Boss","floor":16,"turns":10},{"damage":0,"enemies":"Chosen","floor":18,"turns":4},{"damage":0,"enemies":"Spheric Guardian","floor":22,"turns":3},{"damage":13,"enemies":"Snecko","floor":24,"turns":5},{"damage":0,"enemies":"Chosen and Byrds","floor":25,"turns":3},{"damage":0,"enemies":"Book of Stabbing","floor":27,"turns":4},{"damage":4,"enemies":"Centurion and Healer","floor":29,"turns":4},{"damage":0,"enemies":"Replay:Snechameleon","floor":31,"turns":2},{"damage":13,"enemies":"Collector","floor":33,"turns":6},{"damage":0,"enemies":"3 Shapes","floor":35,"turns":3},{"damage":12,"enemies":"3 Darklings","floor":37,"turns":3},{"damage":14,"enemies":"Reptomancer","floor":40,"turns":3},{"damage":16,"enemies":"Nemesis","floor":42,"turns":5},{"damage":6,"enemies":"Sphere and 2 Shapes","floor":47,"turns":5},{"damage":11,"enemies":"Spire Growth","floor":48,"turns":3},{"damage":42,"enemies":"Donu and Deca","floor":50,"turns":7},{"damage":15,"enemies":"Shield and Spear","floor":54,"turns":2},{"damage":82,"enemies":"The Heart","floor":55,"turns":6}],"seed_played":"8878410435275021050","potions_obtained":[{"floor":1,"key":"Energy Potion"},{"floor":5,"key":"Block Potion"},{"floor":7,"key":"Strength Potion"},{"floor":16,"key":"BlessingOfTheForge"},{"floor":18,"key":"Guardian:BlockOnCardUsePotion"},{"floor":25,"key":"Explosive Potion"},{"floor":27,"key":"champ:CounterPotion"},{"floor":35,"key":"SpeedPotion"},{"floor":37,"key":"Adrenaline Potion"},{"floor":48,"key":"AttackPotion"},{"floor":54,"key":"EntropicBrew"}],"is_trial":false,"path_per_floor":["M","?","?","?","M","R","E","R","T","R","?","M","?","M","R","B",null,"?","?","T","?","?","T","?","?","T","E","T","?","T","E","T","B",null,"?","T","?","T","?","E","T","E","T","?","T","?","?","?","T","B",null,"T","T","E","B"],"character_chosen":"THE_CHEF","items_purchased":["Regal Pillow","PageOfBloodbath","hexamod:BolsterEngine","Membership Card","PageOfSpiderBud","BargainBundle","ColorlessPotion","BlessingOfTheForge","Secret Technique+1","chefmod:PotionOfPlenty"],"campfire_rested":1,"item_purchase_floors":[20,20,28,36,45,45,45,45,45,53],"current_hp_per_floor":[69,69,69,69,67,67,57,57,57,57,46,46,46,46,46,45,76,76,76,76,76,76,76,63,63,63,63,63,59,59,59,59,46,76,76,76,64,64,64,50,50,38,38,38,38,38,41,33,70,34,76,76,76,81,0,0],"gold":41,"neow_bonus":"RANDOM_COLORLESS","is_daily":false,"chose_seed":false,"campfire_upgraded":7,"win_rate":0.0,"timestamp":1614357424,"path_taken":["M","?","?","?","M","R","E","R","T","R","?","M","?","?","R","BOSS","?","?","T","?","?","T","?","?","T","E","T","?","?","E","T","BOSS","?","T","?","T","?","E","T","E","T","?","T","?","?","?","T","BOSS","T","T","E","BOSS"],"items_purchased_type":["Relic","Relic","Relic","Relic","Relic","Relic","Potion","Potion","Card","Potion"],"build_version":"2020-12-22","purchased_purges":2,"victory":false,"max_hp_per_floor":[76,76,76,76,76,76,76,76,76,76,76,76,76,76,76,76,76,76,76,76,76,76,76,76,76,76,76,76,76,76,76,76,76,76,76,76,76,76,76,76,76,76,76,76,76,76,76,76,76,76,76,76,76,90,90,90],"card_choices":[{"not_picked":["Survey Options","Mind Blast"],"picked":"ReplayTheSpireMod:Private Reserves","floor":0},{"not_picked":["chefmod:BaoBuns","chefmod:Fillet"],"picked":"chefmod:LiquidNitrogen","floor":1},{"not_picked":["chefmod:Granita","chefmod:Fillet"],"picked":"chefmod:Omelette","floor":5},{"not_picked":["chefmod:Granita","chefmod:DinoKale"],"picked":"chefmod:CuttingBoard","floor":7},{"not_picked":["chefmod:GroceryDelivery","chefmod:IcePick","chefmod:Sorbet"],"picked":"SKIP","floor":12},{"not_picked":["chefmod:DinoKale","chefmod:Gelato"],"picked":"chefmod:DimSum","floor":14},{"not_picked":["chefmod:Tenderizer","chefmod:Canape"],"picked":"chefmod:Mince","floor":16},{"not_picked":["chefmod:Defrost+1","chefmod:DinoKale","chefmod:SliceAndDice"],"picked":"SKIP","floor":18},{"not_picked":["chefmod:ZaruSoba+1","chefmod:LocoMoco"],"picked":"chefmod:Chop+1","floor":22},{"not_picked":["chefmod:Sorbet+1","chefmod:ColdSteel+1"],"picked":"chefmod:KnifeFlurry","floor":24},{"not_picked":["chefmod:FireUp","chefmod:DinoKale+1"],"picked":"chefmod:Ratatouille","floor":25},{"not_picked":["chefmod:Gelato","chefmod:QuickChop"],"picked":"chefmod:Mince","floor":27},{"not_picked":["chefmod:DinoKale","chefmod:Granita"],"picked":"chefmod:OldCookbook+1","floor":29},{"not_picked":["chefmod:Gelato","chefmod:FryPan"],"picked":"chefmod:Omelette+1","floor":31},{"not_picked":["chefmod:DeathByChocolate","chefmod:RaidPantry"],"picked":"chefmod:Canape","floor":33},{"not_picked":["chefmod:RisingDough","chefmod:IceCreamCone"],"picked":"chefmod:Leftovers+1","floor":35},{"not_picked":["chefmod:BaoBuns","chefmod:Defrost+1","chefmod:Gelato"],"picked":"SKIP","floor":37},{"not_picked":["chefmod:ColdSteel+1","chefmod:FryPan"],"picked":"chefmod:CandyBowl","floor":40},{"not_picked":["chefmod:ZaruSoba","chefmod:GroceryDelivery+1"],"picked":"chefmod:FreezeSolid","floor":42},{"not_picked":["Deep Breath","Replay:Bootleg Shield Generator"],"picked":"Midas Touch","floor":46},{"not_picked":["chefmod:Sorbet","chefmod:ZaruSoba+1"],"picked":"chefmod:Ratatouille+1","floor":47},{"not_picked":["chefmod:Defrost+1","chefmod:Flambe"],"picked":"chefmod:MonsterBait+1","floor":48},{"not_picked":["chefmod:IceCreamCone+1","chefmod:DeepFreeze","chefmod:SearedScallops"],"picked":"SKIP","floor":54}],"player_experience":2495538,"relics_obtained":[{"floor":2,"key":"Ring of Panic"},{"floor":7,"key":"Blue Doll"},{"floor":9,"key":"PageOfSingingMachine"},{"floor":26,"key":"Bag of Preparation"},{"floor":27,"key":"PreservedInsect"},{"floor":31,"key":"Whetstone"},{"floor":40,"key":"Lantern"},{"floor":42,"key":"Shuriken"},{"floor":54,"key":"Mango"}],"event_choices":[{"cards_removed":["Hallucinations"],"damage_healed":0,"gold_gain":0,"player_choice":"Forget","damage_taken":0,"max_hp_gain":0,"max_hp_loss":0,"event_name":"Living Wall","floor":3,"gold_loss":0},{"damage_healed":0,"gold_gain":75,"player_choice":"Gold","damage_taken":11,"max_hp_gain":0,"max_hp_loss":0,"event_name":"betterThird:BetterGoop","floor":11,"gold_loss":0},{"damage_healed":0,"gold_gain":0,"player_choice":"Leave","damage_taken":0,"max_hp_gain":0,"max_hp_loss":0,"event_name":"The Cleric","floor":13,"gold_loss":0},{"damage_healed":0,"gold_gain":0,"player_choice":"Traded Relic","damage_taken":0,"relics_obtained":["Nloth\u0027s Gift"],"max_hp_gain":0,"max_hp_loss":0,"event_name":"N\u0027loth","floor":21,"relics_lost":["Replay:Grab Bag"],"gold_loss":0},{"damage_healed":0,"gold_gain":0,"player_choice":"Paid","damage_taken":0,"relics_obtained":["Red Mask"],"max_hp_gain":0,"max_hp_loss":0,"event_name":"Tomb of Lord Red Mask","floor":39,"gold_loss":64},{"cards_removed":["chefmod:Omelette"],"damage_healed":0,"gold_gain":0,"player_choice":"Removed Skill","damage_taken":0,"max_hp_gain":0,"max_hp_loss":0,"event_name":"Falling","floor":44,"gold_loss":0},{"damage_healed":0,"gold_gain":0,"player_choice":"Memory 1","damage_taken":0,"max_hp_gain":0,"max_hp_loss":0,"event_name":"SensoryStone","floor":46,"gold_loss":0}],"is_beta":false,"boss_relics":[{"not_picked":["Abe\u0027s Treasure","SacredBark"],"picked":"Replay:Grab Bag"},{"not_picked":["bronze:MakeshiftBattery","Runesmith:UraniumAnvil"],"picked":"Replay:Fungal Core"},{"not_picked":["ReplayTheSpireMod:DimensionalGlitch","beaked:MawFillet"],"picked":"Painkiller Herb"},{"not_picked":["Ring of Chaos","Runic Pyramid"],"picked":"PageOfBlackSwan"},{"not_picked":["Black Star","Kintsugi"],"picked":"Astrolabe"}],"items_purged_floors":[20,45],"is_endless":false,"potions_floor_spawned":[1,5,7,16,18,25,27,35,37,48,54],"killed_by":"The Heart","ascension_level":0}}