{"host":"4zd9qxtdu4r42b0n","time":1614366861,"event":{"mods":["100% Spire Juice","Act Like it!","BaseMod","Beaked The Cultist","Better Third Choice","BetterRewards","ChefMod","Colored Map","Dota2Spire","Elementarium","Hermit","Hubris","Infinite Spire","Jorbs\u0027s Wanderer Trilogy","Koishi","Marisa????????","Menagerie","Minty Spire (QoL Compilation)","Potionbrewer","Rare Cards Sparkle","Relic Stats","Reliquary","Replay The Spire","Robot Space Explorer","Ruina","Shade Mod","Shapeshifter Mod","Spicy Shops","Spire Arcade","StSLib","The Animator","The Caster","The Clintock","The Construct","The Cursed","The Dragon Tamer","The Dragonkin","The Fake Hero","The Gatherer","The Hayseed","The Jungle","The Marked","The Mystic","The Necromancer","The Runesmith","The Servant 0.9.4","The Spell Scribe","TheFirefly","Wandering Minibosses","thorton","??????REMEMod"],"gold_per_floor":[113,133,147,147,164,196,215,242,265,290,290,115,115,127,127,226,226,275,286,383,383,402,402,402],"floor_reached":23,"language":"ENG","playtime":4324,"items_purged":[],"score":369,"play_id":"f540e0d0-bd00-4dc7-a33b-1560b4fe3fd0","local_time":"20210226141421","is_ascension_mode":true,"campfire_choices":[{"floor":11,"key":"RECALL"},{"floor":13,"key":"REST"},{"floor":15,"key":"REST"}],"circlet_count":0,"master_deck":["Strike_G","Strike_G","Strike_G","Strike_G","Strike_G","Defend_G","Defend_G","Defend_G","Defend_G","Defend_G","Survivor","Neutralize","ReplayTheSpireMod:Speed Training+1","Well Laid Plans","animator:Hans","Underhanded Strike","Dodge and Roll","REME_ShadowStrike","Menagerie:BeastSpirit","Blade Dance","Quick Slash","Sneak Up","Draining Mist","Deadly Poison","Fluid Movement","Discovery","ReplayTheSpireMod:From All Sides","Prepared","Poisoned Stab+1","ruina:Smile","Deadly Poison"],"relics":["Ring of the Snake","REME_ComplimentaryCards","potionbrewer:ElricsMonocle","Replay:Wax Seal","ReplayTheSpireMod:Lightbulb","reliquary:Aerogel","hubris:HollowSoul"],"acts_visited":["Menagerie:Menagerie","ruina:Briah"],"potions_floor_usage":[16,18,18,18,18,22],"damage_taken":[{"damage":0,"enemies":"Menagerie:StygianBoar","floor":1,"turns":1},{"damage":4,"enemies":"Menagerie:WhisperingWraith","floor":2,"turns":6},{"damage":6,"enemies":"Menagerie:2_RABBITS","floor":3,"turns":4},{"damage":8,"enemies":"Menagerie:STYGIAN_BOAR_AND_WHISPERING_WRAITH","floor":5,"turns":6},{"damage":8,"enemies":"Menagerie:Hydra","floor":6,"turns":6},{"damage":7,"enemies":"Menagerie:RedMage","floor":7,"turns":3},{"damage":0,"enemies":"Menagerie:MaskedSummoner","floor":8,"turns":8},{"damage":16,"enemies":"Menagerie:VoidReaper","floor":10,"turns":7},{"damage":5,"enemies":"Menagerie:MENAGERIE_WILDLIFE","floor":14,"turns":5},{"damage":19,"enemies":"Menagerie:Suneater","floor":16,"turns":8},{"damage":3,"enemies":"ruina:2_Scarecrows","floor":18,"turns":6},{"damage":24,"enemies":"ruina:3_Bats","floor":19,"turns":8},{"damage":34,"enemies":"ruina:KingOfGreed","floor":22,"turns":6},{"damage":16,"enemies":"ruina:Mountain","floor":23,"turns":1}],"seed_played":"-7047226032322153406","potions_obtained":[{"floor":2,"key":"Swift Potion"},{"floor":3,"key":"potionbrewer:QuicksilverPotion"},{"floor":7,"key":"PowerPotion"},{"floor":10,"key":"potionbrewer:SplittingPotion"},{"floor":14,"key":"infinitespire:BlackPotion"},{"floor":19,"key":"LiquidBronze"}],"is_trial":false,"path_per_floor":["M","M","M","?","M","E","M","E","T","E","R","$","R","M","R","B",null,"M","M","?","?","M","E"],"character_chosen":"THE_SILENT","items_purchased":["ReplayTheSpireMod:Speed Training+1","Well Laid Plans","Fluid Movement","Discovery"],"campfire_rested":2,"item_purchase_floors":[0,0,12,12],"current_hp_per_floor":[64,60,54,54,46,38,31,31,31,15,15,15,35,30,50,31,67,64,40,40,40,6,0,0],"gold":402,"neow_bonus":"","is_daily":false,"chose_seed":false,"campfire_upgraded":0,"win_rate":0.0,"timestamp":1614366861,"path_taken":["M","M","M","?","M","E","M","E","T","E","R","$","R","M","R","BOSS","M","M","?","?","?","E"],"items_purchased_type":["Card","Card","Card","Card"],"build_version":"2020-12-22","purchased_purges":0,"victory":false,"max_hp_per_floor":[70,70,70,67,67,67,67,67,67,67,67,67,67,67,67,67,67,67,67,67,62,62,62,62],"relic_stats":{"counters":[20,96],"obtain_stats":[{"ReplayFunnel":4,"Dota2Spire:MantaStyle":6,"hubris:CrystalStatue":9,"Vampiric Spirits":3,"reliquary:Aerogel":10,"hubris:HollowSoul":17,"Replay:Ancient Bell":17,"Dota2Spire:LotusOrb":17,"Frozen Eye":18,"reliquary:HotPoker":17,"potionbrewer:ElricsMonocle":0,"Snack Pack":14,"Membership Card":7,"Dota2Spire:AssaultCuirass":17,"Replay:Wax Seal":6,"ReplayTheSpireMod:Lightbulb":8,"Ring of the Snake":0,"REME_ComplimentaryCards":0},{"ReplayFunnel":2,"Dota2Spire:MantaStyle":3,"hubris:CrystalStatue":3,"Vampiric Spirits":2,"reliquary:Aerogel":14,"hubris:HollowSoul":16,"Replay:Ancient Bell":6,"Dota2Spire:LotusOrb":6,"Frozen Eye":16,"reliquary:HotPoker":6,"potionbrewer:ElricsMonocle":6,"Snack Pack":5,"Membership Card":3,"Dota2Spire:AssaultCuirass":6,"Replay:Wax Seal":11,"ReplayTheSpireMod:Lightbulb":13,"Ring of the Snake":0,"REME_ComplimentaryCards":0},{"ReplayFunnel":3,"Dota2Spire:MantaStyle":5,"hubris:CrystalStatue":5,"Vampiric Spirits":3,"reliquary:Aerogel":59,"hubris:HollowSoul":72,"Replay:Ancient Bell":18,"Dota2Spire:LotusOrb":18,"Frozen Eye":72,"reliquary:HotPoker":18,"potionbrewer:ElricsMonocle":18,"Snack Pack":7,"Membership Card":5,"Dota2Spire:AssaultCuirass":18,"Replay:Wax Seal":41,"ReplayTheSpireMod:Lightbulb":52,"Ring of the Snake":0,"REME_ComplimentaryCards":0}],"Ring of the Snake":[42]},"card_choices":[{"not_picked":["ReplayTheSpireMod:Scrap Shanks","Dagger Throw"],"picked":"Underhanded Strike","floor":1},{"not_picked":["Predator","Night Terror"],"picked":"Dodge and Roll","floor":2},{"not_picked":["ReplayTheSpireMod:The Works","hubris:Counter"],"picked":"REME_ShadowStrike","floor":3},{"not_picked":["Outmaneuver","Acrobatics"],"picked":"Blade Dance","floor":5},{"not_picked":["Storm of Steel","Slice"],"picked":"Quick Slash","floor":6},{"not_picked":["ReplayTheSpireMod:The Works","Setup"],"picked":"Sneak Up","floor":7},{"not_picked":["Night Terror","Sucker Punch"],"picked":"Draining Mist","floor":8},{"not_picked":["Blur","Grand Finale"],"picked":"Deadly Poison","floor":10},{"not_picked":["Heel Hook","Dodge and Roll","Calculated Gamble"],"picked":"SKIP","floor":14},{"not_picked":["A Thousand Cuts","Atom Bomb"],"picked":"ReplayTheSpireMod:From All Sides","floor":16},{"not_picked":["Backflip","Acrobatics"],"picked":"Prepared","floor":18},{"not_picked":["Catalyst+1","ReplayTheSpireMod:The Works"],"picked":"Poisoned Stab+1","floor":19},{"not_picked":["ruina:HomingInstinct","ruina:FadedMemories"],"picked":"ruina:Smile","floor":21},{"not_picked":["Blur","Dagger Throw"],"picked":"Deadly Poison","floor":22}],"player_experience":1242372,"relics_obtained":[{"floor":6,"key":"Replay:Wax Seal"},{"floor":8,"key":"ReplayTheSpireMod:Lightbulb"},{"floor":10,"key":"reliquary:Aerogel"}],"event_choices":[{"damage_healed":0,"gold_gain":0,"player_choice":"Knelt","damage_taken":0,"max_hp_gain":0,"max_hp_loss":3,"event_name":"Menagerie:BeastSpiritShrine","floor":4,"gold_loss":0,"cards_obtained":["Menagerie:BeastSpirit"]}],"is_beta":false,"boss_relics":[{"not_picked":["ReplayTheSpireMod:DimensionalGlitch","Pandora\u0027s Box"],"picked":"hubris:HollowSoul"}],"items_purged_floors":[],"is_endless":false,"potions_floor_spawned":[2,3,7,10,14,19],"killed_by":"ruina:Mountain","ascension_level":2}}