{"host":"a1eatafr7pisesky","time":1614324230,"event":{"mods":["AchievementEnabler","BaseMod","Colored Map","Keyboard Shortcuts","Minty Spire (QoL Compilation)","Say the Spire","StSLib","SuperFastMode","everything is the same but u backflip on backflip"],"gold_per_floor":[369,160,174,188,205,235,235,50,96,96,110,126,126,182,182,182,182],"floor_reached":16,"language":"KOR","playtime":415,"items_purged":["Shame","Defend_P"],"score":218,"play_id":"f0c7c851-7ee6-451c-b292-ff09ed1e07a2","local_time":"20210226162350","is_ascension_mode":true,"campfire_choices":[{"floor":7.0,"key":"REST"},{"data":"Adaptation","floor":13.0,"key":"SMITH"},{"floor":15.0,"key":"REST"}],"circlet_count":0,"master_deck":["AscendersBane","Strike_P","Strike_P","Strike_P","Strike_P","Defend_P","Defend_P","Defend_P","Eruption+1","Vigilance","SandsOfTime","EmptyFist","Vengeance","Wish","FlurryOfBlows","Pray","Adaptation+1"],"relics":["PureWater","Darkstone Periapt","CeramicFish","Blood Vial"],"acts_visited":["Exordium"],"potions_floor_usage":[],"damage_taken":[{"damage":2.0,"enemies":"Jaw Worm","floor":1.0,"turns":3.0},{"damage":7.0,"enemies":"Cultist","floor":3.0,"turns":4.0},{"damage":3.0,"enemies":"2 Louse","floor":4.0,"turns":2.0},{"damage":4.0,"enemies":"2 Fungi Beasts","floor":5.0,"turns":4.0},{"damage":40.0,"enemies":"3 Sentries","floor":6.0,"turns":6.0},{"damage":0.0,"enemies":"Exordium Wildlife","floor":11.0,"turns":2.0},{"damage":0.0,"enemies":"Large Slime","floor":12.0,"turns":4.0},{"damage":19.0,"enemies":"Lagavulin","floor":14.0,"turns":6.0},{"damage":20,"enemies":"Hexaghost","floor":16,"turns":7}],"seed_played":"-3858650193105652433","potions_obtained":[{"floor":1.0,"key":"ColorlessPotion"},{"floor":5.0,"key":"GamblersBrew"}],"is_trial":false,"path_per_floor":["M","$","M","M","M","E","R","$","T","?","M","M","R","E","R","B"],"character_chosen":"WATCHER","items_purchased":["EmptyFist","Vengeance","Adaptation"],"campfire_rested":2,"item_purchase_floors":[2,2,8],"current_hp_per_floor":[59,59,52,49,45,5,25,25,25,25,25,25,25,6,26,8,8],"gold":182,"neow_bonus":"TWO_FIFTY_GOLD","is_daily":false,"chose_seed":false,"campfire_upgraded":1,"win_rate":0.0,"timestamp":1614324230,"path_taken":["M","$","M","M","M","E","R","$","T","?","M","?","R","E","R","BOSS"],"items_purchased_type":["Card","Card","Card"],"build_version":"2020-12-22","purchased_purges":2,"victory":false,"max_hp_per_floor":[68,68,68,68,68,68,68,68,68,68,68,68,68,68,68,68,68],"card_choices":[{"not_picked":["Protect","Consecrate"],"picked":"SandsOfTime","floor":1.0},{"not_picked":["Consecrate","Protect"],"picked":"Wish","floor":3.0},{"not_picked":["BattleHymn","Halt","Consecrate"],"picked":"SKIP","floor":4.0},{"not_picked":["BattleHymn","Halt","Consecrate"],"picked":"SKIP","floor":4.0},{"not_picked":["CutThroughFate","Halt"],"picked":"FlurryOfBlows","floor":5.0},{"not_picked":["Evaluate","ClearTheMind"],"picked":"Pray","floor":6.0},{"not_picked":["CarveReality","CrushJoints","BowlingBash"],"picked":"SKIP","floor":11.0},{"not_picked":["CarveReality","FlyingSleeves","WheelKick"],"picked":"SKIP","floor":12.0},{"not_picked":["Establishment","Evaluate","FlurryOfBlows"],"picked":"SKIP","floor":14.0}],"player_experience":501941,"relics_obtained":[{"floor":6.0,"key":"Darkstone Periapt"},{"floor":9.0,"key":"CeramicFish"},{"floor":14.0,"key":"Blood Vial"}],"event_choices":[{"damage_healed":0.0,"max_hp_gain":0.0,"max_hp_loss":0.0,"gold_gain":0.0,"event_name":"Accursed Blacksmith","player_choice":"Forge","floor":10.0,"gold_loss":0.0,"damage_taken":0.0,"cards_upgraded":["Eruption"]}],"is_beta":false,"boss_relics":[],"items_purged_floors":[2,8],"is_endless":false,"potions_floor_spawned":[1,5],"killed_by":"Hexaghost","ascension_level":19}}