{"host":"hg2vyukq38ky973l","time":1614325221,"event":{"mods":["AchievementEnabler","BaseMod","Minty Spire (QoL Compilation)"],"gold_per_floor":[119,119,138,150,120,120,136,136,160,160,178,178,178,190,190,285,285,285,285,285,285,30,30,30,30,30,30,30,30,30,30,30,30,30,30,30,30,30],"floor_reached":37,"language":"ENG","playtime":2576,"items_purged":["Defend_P"],"score":365,"play_id":"cedc4a82-5931-4c16-91cb-968020a6bde1","local_time":"20210226174021","is_ascension_mode":false,"campfire_choices":[{"data":"Eruption","floor":6,"key":"SMITH"},{"data":"WindmillStrike","floor":8,"key":"SMITH"},{"data":"JustLucky","floor":10,"key":"SMITH"},{"floor":15,"key":"REST"},{"data":"Nirvana","floor":24,"key":"SMITH"},{"floor":32,"key":"REST"}],"circlet_count":0,"master_deck":["Strike_P","Strike_P","Defend_P+1","Defend_P","Defend_P","Eruption+1","Vigilance+1","JustLucky+1","Wireheading","WindmillStrike+1","Nirvana+1","Consecrate","Brilliance","Wallop","Wireheading","Wallop","ThirdEye","Nirvana","Establishment"],"relics":["PureWater","Blood Vial","Ectoplasm","DollysMirror","Bottled Flame","Runic Pyramid"],"acts_visited":["Exordium","TheCity","TheBeyond"],"potions_floor_usage":[16,16,28,28,29,30],"damage_taken":[{"damage":0,"enemies":"Jaw Worm","floor":1,"turns":6},{"damage":0,"enemies":"2 Louse","floor":3,"turns":4},{"damage":0,"enemies":"Small Slimes","floor":4,"turns":2},{"damage":0,"enemies":"Looter","floor":5,"turns":4},{"damage":3,"enemies":"Red Slaver","floor":7,"turns":7},{"damage":11,"enemies":"Exordium Wildlife","floor":11,"turns":5},{"damage":0,"enemies":"Lots of Slimes","floor":14,"turns":6},{"damage":21,"enemies":"Slime Boss","floor":16,"turns":13},{"damage":0,"enemies":"Spheric Guardian","floor":18,"turns":3},{"damage":5,"enemies":"Shell Parasite","floor":20,"turns":4},{"damage":3,"enemies":"Centurion and Healer","floor":23,"turns":5},{"damage":9,"enemies":"Shelled Parasite and Fungi","floor":25,"turns":4},{"damage":0,"enemies":"3 Cultists","floor":28,"turns":8},{"damage":21,"enemies":"Sentry and Sphere","floor":29,"turns":9},{"damage":0,"enemies":"Snake Plant","floor":30,"turns":1},{"damage":14,"enemies":"Shelled Parasite and Fungi","floor":31,"turns":5},{"damage":46,"enemies":"Champ","floor":33,"turns":14},{"damage":33,"enemies":"3 Darklings","floor":35,"turns":6},{"damage":35,"enemies":"3 Shapes","floor":37,"turns":3}],"seed_played":"2372381539238219098","potions_obtained":[{"floor":3,"key":"SpeedPotion"},{"floor":11,"key":"SkillPotion"},{"floor":16,"key":"SmokeBomb"},{"floor":20,"key":"AttackPotion"},{"floor":23,"key":"SkillPotion"},{"floor":28,"key":"DuplicationPotion"},{"floor":35,"key":"StancePotion"}],"is_trial":false,"path_per_floor":["M","?","M","M","M","R","M","R","T","R","M","?","?","M","R","B",null,"M","?","M","?","$","M","R","M","T","?","M","M","M","M","R","B",null,"M","?","M"],"character_chosen":"WATCHER","items_purchased":["DollysMirror","Wallop"],"campfire_rested":2,"item_purchase_floors":[22,22],"current_hp_per_floor":[72,72,72,72,72,72,69,69,69,69,60,60,46,48,69,50,72,72,72,67,67,67,66,66,59,59,59,61,42,44,32,53,9,72,39,32,0,0],"gold":30,"neow_bonus":"TRANSFORM_CARD","is_daily":false,"chose_seed":false,"campfire_upgraded":4,"win_rate":0.0,"timestamp":1614325221,"path_taken":["M","?","M","M","M","R","M","R","T","R","M","?","?","M","R","BOSS","M","?","M","?","$","?","R","M","T","?","M","M","M","?","R","BOSS","M","?","?"],"items_purchased_type":["Relic","Card"],"build_version":"2020-12-22","purchased_purges":1,"victory":false,"max_hp_per_floor":[72,72,72,72,72,72,72,72,72,72,72,72,72,72,72,72,72,72,72,72,72,72,72,72,72,72,72,72,72,72,72,72,72,72,72,72,72,72],"card_choices":[{"not_picked":["FollowUp","JustLucky"],"picked":"Wireheading","floor":1},{"not_picked":["SignatureMove","EmptyFist","Prostrate"],"picked":"SKIP","floor":3},{"not_picked":["FlurryOfBlows","CrushJoints","PathToVictory"],"picked":"SKIP","floor":4},{"not_picked":["Worship","Prostrate","WreathOfFlame"],"picked":"SKIP","floor":5},{"not_picked":["Pray","Protect"],"picked":"WindmillStrike","floor":7},{"not_picked":["Consecrate","WreathOfFlame"],"picked":"Nirvana","floor":11},{"not_picked":["Meditate","Indignation"],"picked":"Consecrate","floor":14},{"not_picked":["DeusExMachina","DevaForm"],"picked":"Brilliance","floor":16},{"not_picked":["Halt","FlurryOfBlows"],"picked":"Wallop","floor":18},{"not_picked":["SashWhip","Consecrate","Vengeance"],"picked":"SKIP","floor":20},{"not_picked":["Perseverance","Crescendo","PathToVictory"],"picked":"SKIP","floor":23},{"not_picked":["Wallop","SashWhip"],"picked":"ThirdEye","floor":25},{"not_picked":["CrushJoints","Collect","Vengeance"],"picked":"SKIP","floor":28},{"not_picked":["CarveReality+1","ClearTheMind","PathToVictory"],"picked":"SKIP","floor":29},{"not_picked":["PathToVictory+1","BowlingBash"],"picked":"Nirvana","floor":31},{"not_picked":["LessonLearned","Ragnarok"],"picked":"Establishment","floor":33},{"not_picked":["CrushJoints","Evaluate","WreathOfFlame+1"],"picked":"SKIP","floor":35}],"player_experience":331676,"relics_obtained":[{"floor":9,"key":"Blood Vial"},{"floor":26,"key":"Bottled Flame"}],"event_choices":[{"damage_healed":0,"gold_gain":0,"player_choice":"Ignored","damage_taken":0,"max_hp_gain":0,"max_hp_loss":0,"event_name":"Liars Game","floor":2,"gold_loss":0},{"damage_healed":0,"gold_gain":0,"player_choice":"Searched \u00270\u0027 times","damage_taken":0,"max_hp_gain":0,"max_hp_loss":0,"event_name":"Dead Adventurer","floor":12,"gold_loss":0},{"damage_healed":0,"gold_gain":0,"player_choice":"Entered Light","damage_taken":14,"max_hp_gain":0,"max_hp_loss":0,"event_name":"Shining Light","floor":13,"gold_loss":0,"cards_upgraded":["Vigilance","Defend_P"]},{"cards_removed":["Strike_P"],"damage_healed":0,"gold_gain":0,"player_choice":"Elegance","damage_taken":0,"max_hp_gain":0,"max_hp_loss":0,"event_name":"Back to Basics","floor":19,"gold_loss":0},{"damage_healed":0,"gold_gain":100,"player_choice":"Pray","damage_taken":0,"max_hp_gain":0,"max_hp_loss":0,"event_name":"Golden Shrine","floor":21,"gold_loss":0},{"damage_healed":0,"gold_gain":0,"player_choice":"Got Potions","damage_taken":0,"max_hp_gain":0,"max_hp_loss":0,"event_name":"Lab","floor":27,"gold_loss":0},{"damage_healed":0,"gold_gain":0,"player_choice":"Damaged","damage_taken":7,"max_hp_gain":0,"max_hp_loss":0,"event_name":"Wheel of Change","floor":36,"gold_loss":0}],"is_beta":false,"boss_relics":[{"not_picked":["Busted Crown","Fusion Hammer"],"picked":"Ectoplasm"},{"not_picked":["SlaversCollar","Runic Dome"],"picked":"Runic Pyramid"}],"items_purged_floors":[22],"is_endless":false,"potions_floor_spawned":[3,11,16,20,23,28,30,35],"killed_by":"3 Shapes","ascension_level":0}}