{"host":"92sjzvcjs9ajt7c7","time":1614313275,"event":{"mods":["Bard","BaseMod","Colored Powertips","DeckTracker","Evolution","Minty Spire (QoL Compilation)","Shapeshifter Mod","Shop Mod","StSLib","The Disciple","The Forsaken","The Hayseed","The Hierophant","The Marked","The Runesmith","The Servant 0.9.4","The Showman","Waifu the Spire","WarShipGirlsR/????R mod","everything is the same but u backflip on backflip"],"gold_per_floor":[109,119,194,194,206,206,220,220,244,279,279,313,103,103,103,201,201,182,197,58,58,72,72,122,122,122,182,182,232,329,6,6,103,103,118,188,238,238,238],"floor_reached":38,"language":"ENG","playtime":7188,"items_purged":["Runesmith:Defend_RS","Runesmith:Strike_RS"],"score":380,"play_id":"6307ba72-e688-4b01-8315-2054b8348e75","local_time":"20210225222115","is_ascension_mode":false,"campfire_choices":[{"data":"Runesmith:Fortify","floor":6.0,"key":"SMITH"},{"data":"Runesmith:BackupBattery","floor":8.0,"key":"SMITH"},{"data":"Runesmith:LithiumIon","floor":11.0,"key":"SMITH"},{"data":"Runesmith:CraftMedicinae","floor":15.0,"key":"SMITH"},{"data":"Runesmith:HammerThrow","floor":23.0,"key":"SMITH"},{"floor":25.0,"key":"REST"},{"data":"Runesmith:BackupBattery+1","floor":28.0,"key":"SMITH"},{"data":"Runesmith:Defend_RS","floor":32.0,"key":"PURGE"}],"circlet_count":0,"master_deck":["Runesmith:HammerThrow+1","Runesmith:Strike_RS","Runesmith:Strike_RS","Runesmith:Defend_RS+1","Runesmith:Defend_RS","Runesmith:CraftFirestone","Runesmith:Fortify+1","Runesmith:GoWithTheFlow","Runesmith:LithiumIon+1","Runesmith:BackupBattery+2","Runesmith:LithiumIon+1","Runesmith:DuctTape","Runesmith:CraftMedicinae+1","Runesmith:Duplicate+1","Runesmith:Firewall","Runesmith:PerfectChisel+1","Runesmith:Firestorm","Runesmith:LithiumIon+1","Runesmith:LastStand","Panacea","Runesmith:Refine","Parasite"],"relics":["Runesmith:BrokenRuby","EVO:Axolotl","Bag of Marbles","Lantern","MealTicket","Velvet Choker","SsserpentHead","Frozen Egg 2","War Paint","Peace Pipe","Black Star"],"acts_visited":["Exordium","TheCity","TheBeyond"],"potions_floor_usage":[],"damage_taken":[{"damage":1.0,"enemies":"2 Louse","floor":1.0,"turns":3.0},{"damage":0.0,"enemies":"Small Slimes","floor":2.0,"turns":3.0},{"damage":0.0,"enemies":"Cultist","floor":5.0,"turns":3.0},{"damage":0.0,"enemies":"Exordium Thugs","floor":7.0,"turns":2.0},{"damage":22.0,"enemies":"3 Sentries","floor":10.0,"turns":8.0},{"damage":20.0,"enemies":"Lagavulin","floor":12.0,"turns":5.0},{"damage":35.0,"enemies":"Hexaghost","floor":16.0,"turns":9.0},{"damage":20.0,"enemies":"2 Thieves","floor":18.0,"turns":4.0},{"damage":0.0,"enemies":"Chosen","floor":19.0,"turns":4.0},{"damage":47.0,"enemies":"Snake Plant","floor":22.0,"turns":5.0},{"damage":0.0,"enemies":"Snecko","floor":27.0,"turns":3.0},{"damage":59.0,"enemies":"Automaton","floor":33.0,"turns":8.0},{"damage":20.0,"enemies":"3 Shapes","floor":35.0,"turns":5.0},{"damage":37.0,"enemies":"3 Darklings","floor":36.0,"turns":5.0},{"damage":34,"enemies":"Writhing Mass","floor":38,"turns":5}],"seed_played":"-392100658456244214","potions_obtained":[{"floor":1.0,"key":"Fire Potion"},{"floor":2.0,"key":"Fire Potion"},{"floor":10.0,"key":"BlessingOfTheForge"},{"floor":12.0,"key":"Ancient Potion"},{"floor":22.0,"key":"GamblersBrew"},{"floor":33.0,"key":"Swift Potion"}],"is_trial":true,"path_per_floor":["M","M","?","?","M","R","M","R","T","E","R","E","$","?","R","B",null,"M","M","$","?","M","R","$","R","T","M","R","?","T","$","R","B",null,"M","M","?","M"],"character_chosen":"RUNESMITH_CLASS","items_purchased":["Runesmith:CraftMedicinae","Runesmith:Firestorm","Peace Pipe","Runesmith:LithiumIon+1"],"campfire_rested":1,"item_purchase_floors":[13,20,31,31],"current_hp_per_floor":[69,69,58,58,58,58,58,58,58,36,36,16,31,54,54,19,70,50,50,65,65,18,18,33,54,54,54,54,54,54,69,69,18,70,50,31,31,0,0],"gold":238,"neow_bonus":"","is_daily":false,"chose_seed":false,"campfire_upgraded":6,"win_rate":0.0,"timestamp":1614313275,"path_taken":["M","M","?","?","?","R","M","R","T","E","R","E","$","?","R","BOSS","M","M","$","?","M","R","?","R","T","?","R","?","?","?","R","BOSS","M","?","?","M"],"items_purchased_type":["Card","Card","Relic","Card"],"build_version":"2020-12-22","purchased_purges":2,"victory":false,"max_hp_per_floor":[70,70,70,70,70,70,70,70,70,70,70,70,70,70,70,70,70,70,70,70,70,70,70,70,70,70,70,70,70,70,70,70,70,70,70,70,70,70,70],"card_choices":[{"not_picked":["Runesmith:EarthShield","Runesmith:ShiftingStrike"],"picked":"Runesmith:GoWithTheFlow","floor":1.0},{"not_picked":["Runesmith:BackupBattery","Runesmith:Grindstone"],"picked":"Runesmith:LithiumIon","floor":2.0},{"not_picked":["Runesmith:NanitesCloud","Runesmith:EnergizedChisel"],"picked":"Runesmith:BackupBattery","floor":5.0},{"not_picked":["Runesmith:StaticCage","Runesmith:Overpower","Runesmith:UnstableHammer"],"picked":"SKIP","floor":7.0},{"not_picked":["Runesmith:GrandSlam","Runesmith:StaticCage"],"picked":"Runesmith:LithiumIon","floor":10.0},{"not_picked":["Runesmith:BackupBattery","Runesmith:EnergizedChisel"],"picked":"Runesmith:DuctTape","floor":12.0},{"not_picked":["Runesmith:CraftMedicinae","Runesmith:FissionHammer"],"picked":"Runesmith:Duplicate","floor":16.0},{"not_picked":["Runesmith:Repurpose","Runesmith:Overpower"],"picked":"Runesmith:Firewall","floor":18.0},{"not_picked":["Runesmith:Overpower+1","Runesmith:ChiselStab"],"picked":"Runesmith:PerfectChisel+1","floor":19.0},{"not_picked":["Runesmith:StaticCage+1","Runesmith:UnstableHammer+1","Runesmith:Terraform"],"picked":"SKIP","floor":22.0},{"not_picked":["Runesmith:MakeshiftArmor+1","Runesmith:Prism","Runesmith:UnstableHammer"],"picked":"SKIP","floor":27.0},{"not_picked":["Runesmith:CraftIndustria","Runesmith:ReplicatingBarrier+1"],"picked":"Runesmith:LastStand","floor":33.0},{"not_picked":["Runesmith:Overpower","Runesmith:Repurpose","Runesmith:HeatedChisel"],"picked":"SKIP","floor":35.0},{"not_picked":["Runesmith:Firestorm+1","Runesmith:PerfectChisel","Runesmith:HeatExchange"],"picked":"SKIP","floor":36.0}],"player_experience":45937,"relics_obtained":[{"floor":9.0,"key":"Bag of Marbles"},{"floor":10.0,"key":"Lantern"},{"floor":12.0,"key":"MealTicket"},{"floor":26.0,"key":"Frozen Egg 2"},{"floor":30.0,"key":"War Paint"}],"event_choices":[{"damage_healed":0.0,"max_hp_gain":0.0,"max_hp_loss":0.0,"gold_gain":75.0,"event_name":"World of Goop","player_choice":"Gather Gold","floor":3.0,"gold_loss":0.0,"damage_taken":11.0},{"damage_healed":0.0,"max_hp_gain":0.0,"max_hp_loss":0.0,"gold_gain":0.0,"event_name":"Upgrade Shrine","player_choice":"Upgraded","floor":4.0,"gold_loss":0.0,"damage_taken":0.0,"cards_upgraded":["Runesmith:LithiumIon"]},{"damage_healed":23.0,"max_hp_gain":0.0,"max_hp_loss":0.0,"gold_gain":0.0,"event_name":"Big Fish","player_choice":"Banana","floor":14.0,"gold_loss":0.0,"damage_taken":0.0},{"damage_healed":0.0,"max_hp_gain":0.0,"max_hp_loss":0.0,"gold_gain":0.0,"event_name":"FaceTrader","player_choice":"Trade","floor":21.0,"gold_loss":0.0,"damage_taken":0.0,"relics_obtained":["SsserpentHead"]},{"damage_healed":0.0,"max_hp_gain":0.0,"max_hp_loss":0.0,"gold_gain":0.0,"event_name":"Vampires","player_choice":"Ignored","floor":29.0,"gold_loss":0.0,"damage_taken":0.0},{"damage_healed":0.0,"max_hp_gain":0.0,"max_hp_loss":0.0,"gold_gain":0.0,"event_name":"Match and Keep!","player_choice":"2 cards matched","floor":37.0,"gold_loss":0.0,"damage_taken":0.0,"cards_obtained":["Panacea","Runesmith:Refine"]}],"is_beta":false,"boss_relics":[{"not_picked":["Pandora\u0027s Box","Cursed Key"],"picked":"Velvet Choker"},{"not_picked":["Sozu","Philosopher\u0027s Stone"],"picked":"Black Star"}],"items_purged_floors":[13,20],"is_endless":false,"potions_floor_spawned":[1,2,10,12,22,33],"killed_by":"Writhing Mass","ascension_level":0}}