{"host":"5n1fl7z5i1vf7jan","time":1614309051,"event":{"mods":["BaseMod","Minty Spire (QoL Compilation)","Quick Restart","Relic Stats"],"gold_per_floor":[115,115,125,38,52,77,77,91,115,134,166,178,178,191,191,263,263,282,29,45,69,89,89,119,137,160,160,160,177,194,194,194],"floor_reached":31,"language":"ENG","playtime":2090,"items_purged":[],"score":542,"play_id":"e95c1d6c-ec72-4ae9-915f-9041303d8af4","local_time":"20210225191051","is_ascension_mode":true,"campfire_choices":[{"floor":7.0,"key":"REST"},{"data":"Defragment","floor":15.0,"key":"SMITH"},{"floor":23.0,"key":"REST"},{"data":"Hologram","floor":27.0,"key":"SMITH"}],"circlet_count":0,"master_deck":["AscendersBane","Zap","Dualcast","Force Field","Consume","Ball Lightning","Consume","Reboot","Defragment+1","Gash","Conserve Battery","Cold Snap","Gash","Loop","Rip and Tear","Fission+1","Gash","Self Repair","Defragment+1","Core Surge","Go for the Eyes","Reinforced Body","Loop","Beam Cell","Hologram+1","Steam Power"],"relics":["Pandora\u0027s Box","Regal Pillow","Dream Catcher","Bronze Scales","SacredBark","Anchor","Omamori","Ancient Tea Set"],"acts_visited":["Exordium","TheCity"],"potions_floor_usage":[31],"damage_taken":[{"damage":12.0,"enemies":"Jaw Worm","floor":1.0,"turns":3.0},{"damage":0.0,"enemies":"Cultist","floor":3.0,"turns":2.0},{"damage":6.0,"enemies":"Small Slimes","floor":5.0,"turns":3.0},{"damage":9.0,"enemies":"3 Sentries","floor":6.0,"turns":6.0},{"damage":2.0,"enemies":"Red Slaver","floor":8.0,"turns":3.0},{"damage":17.0,"enemies":"3 Louse","floor":10.0,"turns":3.0},{"damage":14.0,"enemies":"Gremlin Nob","floor":11.0,"turns":3.0},{"damage":1.0,"enemies":"Exordium Wildlife","floor":12.0,"turns":3.0},{"damage":0.0,"enemies":"Looter","floor":14.0,"turns":1.0},{"damage":3.0,"enemies":"The Guardian","floor":16.0,"turns":8.0},{"damage":12.0,"enemies":"3 Byrds","floor":18.0,"turns":3.0},{"damage":8.0,"enemies":"Chosen","floor":20.0,"turns":5.0},{"damage":27.0,"enemies":"Shelled Parasite and Fungi","floor":22.0,"turns":6.0},{"damage":11.0,"enemies":"Book of Stabbing","floor":24.0,"turns":4.0},{"damage":14.0,"enemies":"Cultist and Chosen","floor":25.0,"turns":5.0},{"damage":0.0,"enemies":"Centurion and Healer","floor":29.0,"turns":5.0},{"damage":14.0,"enemies":"Snake Plant","floor":30.0,"turns":6.0},{"damage":62,"enemies":"Gremlin Leader","floor":31,"turns":3}],"seed_played":"6870964310709630603","potions_obtained":[{"floor":3.0,"key":"Dexterity Potion"},{"floor":6.0,"key":"Energy Potion"},{"floor":10.0,"key":"Fire Potion"},{"floor":14.0,"key":"SpeedPotion"},{"floor":16.0,"key":"Strength Potion"},{"floor":20.0,"key":"GamblersBrew"},{"floor":22.0,"key":"AttackPotion"},{"floor":24.0,"key":"BlessingOfTheForge"},{"floor":30.0,"key":"FearPotion"}],"is_trial":false,"path_per_floor":["M","?","M","$","M","E","R","M","T","M","E","M","?","M","R","B",null,"M","$","M","T","M","R","E","M","T","R","?","M","M","E"],"character_chosen":"DEFECT","items_purchased":["Loop","Anchor","Go for the Eyes","Reinforced Body"],"campfire_rested":2,"item_purchase_floors":[4,19,19,19],"current_hp_per_floor":[52,52,52,52,46,37,71,69,69,52,38,37,37,37,37,41,64,52,52,51,51,31,67,63,56,56,56,56,63,56,0,0],"gold":194,"neow_bonus":"BOSS_RELIC","is_daily":false,"chose_seed":false,"campfire_upgraded":2,"win_rate":0.0,"timestamp":1614309051,"path_taken":["M","?","M","$","M","E","R","M","T","M","E","M","?","M","R","BOSS","M","$","M","?","M","R","E","?","T","R","?","M","?","E"],"items_purchased_type":["Card","Relic","Card","Card"],"build_version":"2020-12-22","purchased_purges":0,"victory":false,"max_hp_per_floor":[71,71,71,71,71,71,71,71,71,71,71,71,71,71,71,71,71,71,71,71,71,71,71,71,71,71,71,71,71,71,71,71],"relic_stats":{"Regal Pillow":28,"Dream Catcher":1,"counters":[18,72],"Bronze Scales":[202],"Pandora\u0027s Box":["Force Field","Consume","Ball Lightning","Consume","Reboot","Defragment","Gash","Conserve Battery"],"obtain_stats":[{"Regal Pillow":6,"Dream Catcher":9,"Anchor":19,"Bronze Scales":11,"SacredBark":17,"Pandora\u0027s Box":0,"Omamori":24,"Cracked Core":0,"Ancient Tea Set":26},{"Regal Pillow":4,"Dream Catcher":5,"Anchor":11,"Bronze Scales":7,"SacredBark":10,"Pandora\u0027s Box":0,"Omamori":14,"Cracked Core":0,"Ancient Tea Set":15},{"Regal Pillow":14,"Dream Catcher":17,"Anchor":38,"Bronze Scales":23,"SacredBark":35,"Pandora\u0027s Box":0,"Omamori":53,"Cracked Core":0,"Ancient Tea Set":58}]},"card_choices":[{"not_picked":["Barrage","Sweeping Beam"],"picked":"Cold Snap","floor":1.0},{"not_picked":["Streamline","Go for the Eyes"],"picked":"Gash","floor":3.0},{"not_picked":["Darkness","Scrape"],"picked":"Rip and Tear","floor":5.0},{"not_picked":["Tempest","Doom and Gloom","Streamline"],"picked":"SKIP","floor":6.0},{"not_picked":["Streamline","Recycle"],"picked":"Fission","floor":8.0},{"not_picked":["Chaos","Streamline","Sunder"],"picked":"SKIP","floor":10.0},{"not_picked":["Blizzard","Double Energy"],"picked":"Gash","floor":11.0},{"not_picked":["Rebound","Fusion"],"picked":"Self Repair","floor":12.0},{"not_picked":["Steam","Ball Lightning"],"picked":"Defragment","floor":14.0},{"not_picked":["Hyperbeam","Rainbow"],"picked":"Core Surge","floor":16.0},{"not_picked":["Auto Shields","Rip and Tear","Recycle"],"picked":"SKIP","floor":18.0},{"not_picked":["Leap+1","Consume"],"picked":"Loop","floor":20.0},{"not_picked":["Stack","Ball Lightning"],"picked":"Beam Cell","floor":22.0},{"not_picked":["Steam","Doom and Gloom"],"picked":"Hologram","floor":24.0},{"not_picked":["Turbo","Reinforced Body","Barrage"],"picked":"SKIP","floor":25.0},{"not_picked":["Auto Shields","Barrage+1"],"picked":"Steam Power","floor":29.0},{"not_picked":["Storm","Undo","Ball Lightning+1"],"picked":"SKIP","floor":30.0}],"player_experience":427846,"relics_obtained":[{"floor":6.0,"key":"Regal Pillow"},{"floor":9.0,"key":"Dream Catcher"},{"floor":11.0,"key":"Bronze Scales"},{"floor":24.0,"key":"Omamori"},{"floor":26.0,"key":"Ancient Tea Set"}],"event_choices":[{"damage_healed":0.0,"max_hp_gain":0.0,"max_hp_loss":0.0,"gold_gain":0.0,"event_name":"Living Wall","player_choice":"Grow","floor":2.0,"gold_loss":0.0,"damage_taken":0.0,"cards_upgraded":["Defragment"]},{"damage_healed":0.0,"max_hp_gain":0.0,"max_hp_loss":0.0,"gold_gain":0.0,"event_name":"Upgrade Shrine","player_choice":"Upgraded","floor":13.0,"gold_loss":0.0,"damage_taken":0.0,"cards_upgraded":["Fission"]},{"damage_healed":0.0,"max_hp_gain":0.0,"max_hp_loss":0.0,"gold_gain":0.0,"event_name":"Match and Keep!","player_choice":"0 cards matched","floor":28.0,"gold_loss":0.0,"damage_taken":0.0,"cards_obtained":[]}],"is_beta":false,"boss_relics":[{"not_picked":["Philosopher\u0027s Stone","Coffee Dripper"],"picked":"SacredBark"}],"items_purged_floors":[],"is_endless":false,"potions_floor_spawned":[3,6,10,14,16,20,22,24,30],"killed_by":"Gremlin Leader","ascension_level":20}}