{"host":"rzfkaqx1hqwls7la","time":1614355468,"event":{"mods":["Ascension Reborn","BaseMod","BetterRewards","Conspire","Downfall","Duelist Mod","Hubris","Marisa£®ÏF”Í°°ƒß¿Ì…≥£©","Minty Spire (QoL Compilation)","Remilia£®¿Ÿ√◊¿Ú—«£©","Replay The Spire","StSLib","TestMod","The Animator","The Bug Knight","The Cursed","The Disciple","The Runesmith","The Servant 0.9.4","[IsaacMod]“‘»ˆº‚À˛"],"gold_per_floor":[114,64,64,64,74,74,74,94,94,94,94],"floor_reached":10,"language":"ZHS","playtime":1287,"items_purged":[],"score":56,"play_id":"c3cd7011-1b6e-4794-9581-d89d1cac7c04","local_time":"20210227000428","is_ascension_mode":false,"campfire_choices":[{"floor":6,"key":"RECALL"}],"circlet_count":0,"master_deck":["HollowMod:NailStrikeStart","HollowMod:NailStrikeStart+1","HollowMod:NailStrikeStart","HollowMod:NailStrikeStart","HollowMod:QuickDashStart","HollowMod:QuickDashStart","HollowMod:QuickDashStart+1","HollowMod:QuickDashStart+1","HollowMod:FocusHealStart","HollowMod:PogoStrike","HollowMod:CycloneSlash","conspire:SpireCoStock","HollowMod:SoulVessel","HollowMod:SharpenedNail"],"relics":["HollowMod:VesselMask","HushsDoor","testmod-TestBox","NeowsBlessing","testmod-Alchemist","DoctorsRemote"],"acts_visited":["Exordium"],"potions_floor_usage":[],"damage_taken":[{"damage":0,"enemies":"Small Slimes","floor":1,"turns":1},{"damage":2,"enemies":"conspire:RoseBush","floor":5,"turns":1},{"damage":0,"enemies":"2 Louse","floor":8,"turns":1},{"damage":99999999,"enemies":"Gremlin Nob","floor":10,"turns":1}],"seed_played":"2545148032591514177","potions_obtained":[{"floor":1,"key":"Fire Potion"},{"floor":8,"key":"Explosive Potion"}],"is_trial":false,"path_per_floor":["M","?","?","?","M","R","?","M","T","E"],"character_chosen":"THE_BUGKNIGHT","items_purchased":[],"campfire_rested":0,"item_purchase_floors":[],"current_hp_per_floor":[75,75,60,60,58,58,58,58,58,0,0],"gold":94,"neow_bonus":"THREE_ENEMY_KILL","is_daily":false,"chose_seed":false,"campfire_upgraded":0,"win_rate":0.0,"timestamp":1614355468,"path_taken":["M","?","?","?","M","R","?","M","T","E"],"items_purchased_type":[],"build_version":"2020-12-22","purchased_purges":0,"victory":false,"max_hp_per_floor":[75,75,75,75,75,75,75,75,75,75,75],"card_choices":[{"not_picked":[],"picked":"SuicideKing","floor":0},{"not_picked":["HollowMod:SiblingsShadow","HollowMod:NewLittleFool"],"picked":"HollowMod:CycloneSlash","floor":1},{"not_picked":["HollowMod:DashSlash","HollowMod:CycloneSlash"],"picked":"HollowMod:SoulVessel","floor":5},{"not_picked":["HollowMod:WraithStrike","HollowMod:DoubleDash"],"picked":"HollowMod:SharpenedNail","floor":8}],"player_experience":36668,"relics_obtained":[],"event_choices":[{"damage_healed":0,"gold_gain":0,"player_choice":"Invest 1","damage_taken":0,"max_hp_gain":0,"max_hp_loss":0,"event_name":"conspire:Investor","floor":2,"gold_loss":0},{"damage_healed":0,"gold_gain":0,"player_choice":"Entered Light","damage_taken":15,"max_hp_gain":0,"max_hp_loss":0,"event_name":"Shining Light","floor":3,"gold_loss":0,"cards_upgraded":["HollowMod:QuickDashStart","HollowMod:NailStrikeStart"]}],"is_beta":false,"boss_relics":[],"items_purged_floors":[],"is_endless":false,"potions_floor_spawned":[1,8],"killed_by":"Gremlin Nob","ascension_level":0}}