{"host":"q5l3nirlejh5mn15","time":1614351204,"event":{"mods":["100% Spire Juice","BaseMod","Bossed Relics","Downfall","Energized Spire","FoggyMod","Hermit","Koishi","Library of Ruina","Library of Ruina Extra","Lobotomy","LobotomyExtend","Marisa（F雨　魔理沙）","Minty Spire (QoL Compilation)","MostiFishMod","Reimu（博丽灵梦）","Relic Filter Mod","Remilia（蕾米莉亚）","Spicy Shops","StSLib","TestMod","The Hierophant","The Servant 0.9.4","UnlockEverythingMod","【遗物卡牌】REMEMod"],"gold_per_floor":[116,116,116,116,132,132,167,167,242,286,55,55,55,2,2,8,8],"floor_reached":16,"language":"ZHS","playtime":419,"items_purged":["Strike_S"],"score":129,"play_id":"2f562d3a-b36a-4d12-8280-bd4c1923ef34","local_time":"20210226225324","is_ascension_mode":false,"campfire_choices":[{"data":"REME_HeartOfCthun","floor":6,"key":"SMITH"},{"data":"MoonPhase","floor":8,"key":"SMITH"},{"data":"MostiFishMod:Disappear","floor":15,"key":"SMITH"}],"circlet_count":0,"master_deck":["Strike_S","Strike_S","Strike_S","Defend_S","Defend_S","Defend_S","Defend_S","Exchange","REME_HeartOfCthun+1","BottledTime+1","OldLady","MostiFishMod:Disappear+1","MoonPhase+1","SpecialFormula","FieryBird"],"relics":["Uniform","DaveBox","testmod-TestBox","testmod-Acrobat","TimeKeys","CogitoBucket","RabbitCall","SynthV:TestCard","LetterFromLob","REME_ComplimentaryCards","Golden Idol","testmod-LifeArmor","PageOfGreed","PageOfTheQueenOfHatred","BrkXgEgg","Meat on the Bone"],"acts_visited":["Exordium"],"potions_floor_usage":[1],"damage_taken":[{"damage":0,"enemies":"2 Louse","floor":1,"turns":1},{"damage":11,"enemies":"Jaw Worm","floor":5,"turns":2},{"damage":8,"enemies":"Lagavulin","floor":7,"turns":5},{"damage":0,"enemies":"3 Sentries","floor":10,"turns":1},{"damage":51,"enemies":"Hexaghost","floor":16,"turns":5}],"seed_played":"3871876285966534730","potions_obtained":[{"floor":1,"key":"REME_GoldPotion"},{"floor":4,"key":"ColorlessPotion"},{"floor":4,"key":"PowerPotion"},{"floor":4,"key":"Fire Potion"}],"is_trial":false,"path_per_floor":["M","?","?","?","M","R","E","R","T","E","$","?","?","?","R","B"],"character_chosen":"THE_SERVANT","items_purchased":["BrkXgEgg"],"campfire_rested":0,"item_purchase_floors":[11],"current_hp_per_floor":[65,65,49,49,38,38,30,30,30,30,30,42,42,42,42,0,0],"gold":8,"neow_bonus":"","is_daily":false,"chose_seed":false,"campfire_upgraded":3,"win_rate":0.0,"timestamp":1614351204,"path_taken":["M","?","?","?","?","R","E","R","T","E","$","?","?","?","R","BOSS"],"items_purchased_type":["Relic"],"build_version":"2020-12-22","purchased_purges":1,"victory":false,"max_hp_per_floor":[65,65,65,65,65,65,65,65,65,65,65,65,65,65,65,65,65],"card_choices":[{"not_picked":["Ricochet","Replace"],"picked":"BottledTime","floor":1},{"not_picked":["Bloodbath","Laetitia","MHz"],"picked":"Singing Bowl","floor":1},{"not_picked":["CherryBlossoms","FairyFestival"],"picked":"OldLady","floor":1},{"not_picked":["CherryBlossoms","ShyLook","OSAHOGD"],"picked":"Singing Bowl","floor":5},{"not_picked":["Rearm","Defy","Hightail","Spin","Revamp"],"picked":"SKIP","floor":5},{"not_picked":["FastForward","Luminosity","Initiator","DancingSilver"],"picked":"MoonPhase","floor":7},{"not_picked":["Murderer","GalaxyChild","LittlePrince"],"picked":"Singing Bowl","floor":7},{"not_picked":["FastForward","Rewind","Alleviate","Orbit"],"picked":"SpecialFormula","floor":10},{"not_picked":["SpiderBud","CherryBlossoms","VoidDream"],"picked":"Singing Bowl","floor":10},{"not_picked":["MHz","LaLuna"],"picked":"FieryBird","floor":10}],"player_experience":299875,"relics_obtained":[{"floor":1,"key":"SynthV:TestCard"},{"floor":1,"key":"LetterFromLob"},{"floor":7,"key":"testmod-LifeArmor"},{"floor":9,"key":"PageOfGreed"},{"floor":10,"key":"PageOfTheQueenOfHatred"}],"event_choices":[{"damage_healed":0,"gold_gain":0,"player_choice":"Swap Relic","damage_taken":0,"relics_obtained":["REME_ComplimentaryCards"],"max_hp_gain":0,"max_hp_loss":0,"event_name":"给自己的盒子","floor":2,"relics_lost":["REME_ComplimentaryCards"],"gold_loss":0},{"damage_healed":0,"gold_gain":0,"player_choice":"Take Damage","damage_taken":16,"relics_obtained":["Golden Idol"],"max_hp_gain":0,"max_hp_loss":0,"event_name":"Golden Idol","floor":3,"gold_loss":0},{"damage_healed":0,"gold_gain":0,"player_choice":"Got Potions","damage_taken":0,"max_hp_gain":0,"max_hp_loss":0,"event_name":"Lab","floor":4,"gold_loss":0},{"damage_healed":0,"gold_gain":0,"player_choice":"Grow","damage_taken":0,"max_hp_gain":0,"max_hp_loss":0,"event_name":"Living Wall","floor":13,"gold_loss":0,"cards_upgraded":["BottledTime"]},{"damage_healed":0,"gold_gain":0,"player_choice":"Paid Gold","damage_taken":0,"relics_obtained":["Meat on the Bone"],"max_hp_gain":0,"max_hp_loss":0,"event_name":"WeMeetAgain","floor":14,"gold_loss":53}],"is_beta":false,"boss_relics":[],"items_purged_floors":[11],"is_endless":false,"potions_floor_spawned":[1],"killed_by":"Hexaghost","ascension_level":0}}