{"host":"juvwyqk4ifq614bf","time":1614377758,"event":{"mods":["2.2 Compatiblity","Act Like it!","Arknights","Bard","BaseMod","Beaked The Cultist","Better Altar","Better Match","Better Sensory Stone","Better Third Choice","Conspire","Downfall","Friendly Minions","GifTheSpireLib","Hubris","Infinite Spire","Lobotomy","Minty Spire (QoL Compilation)","Mirrors Mod","Replay The Spire","StSLib","Stuff the Spire","The Alterego","TheVelvet"],"gold_per_floor":[219,38,38,38,14,42,55,84,96,137,173,213,237,261,283,323,335,447,459,440,452,128,140,150,150,150,150],"floor_reached":26,"language":"ENG","playtime":2255,"items_purged":["beaked:Defend_Y"],"score":274,"play_id":"68387e2d-34f6-448f-b99f-8a17726bd876","local_time":"20210226231558","is_ascension_mode":true,"campfire_choices":[{"data":"beaked:WindBringer","floor":9,"key":"SMITH"},{"data":"beaked:Ceremony","floor":17,"key":"SMITH"},{"floor":25,"key":"RECALL"}],"circlet_count":0,"master_deck":["beaked:Strike_Y","beaked:Strike_Y","beaked:Strike_Y","beaked:Strike_Y","beaked:Strike_Y","beaked:Strike_Y","beaked:Defend_Y","beaked:Ceremony","beaked:Ceremony","beaked:Ceremony+1","beaked:Cower","beaked:BraceForImpact","beaked:BraceForImpact","beaked:Foresight","beaked:Flinch","beaked:FeelMyPain","beaked:WindBringer+1","beaked:Foresight","beaked:Foresight","beaked:Evade","beaked:Windmill+1","beaked:BraceForImpact+1"],"relics":["beaked:MendingPlumage","Sling","StuffTheSpire:OldFever","MawBank","conspire:Boomerang","Oddly Smooth Stone","Ice Cream","Empty Cage","hubris:Icosahedron","Eternal Feather"],"acts_visited":["Exordium","TheCity"],"potions_floor_usage":[6,20,23,23,24,26,26],"damage_taken":[{"damage":10,"enemies":"Cultist","floor":1,"turns":4},{"damage":12,"enemies":"conspire:MimicChest","floor":6,"turns":6},{"damage":2,"enemies":"Small Slimes","floor":7,"turns":5},{"damage":32,"enemies":"Replay:BlueRogue","floor":8,"turns":6},{"damage":22,"enemies":"3 Sentries","floor":10,"turns":5},{"damage":0,"enemies":"Replay:BlueRogue","floor":12,"turns":7},{"damage":0,"enemies":"Jaw Worm","floor":13,"turns":5},{"damage":9,"enemies":"Red Slaver","floor":14,"turns":4},{"damage":11,"enemies":"Exordium Wildlife","floor":15,"turns":5},{"damage":43,"enemies":"Gremlin Nob","floor":16,"turns":5},{"damage":29,"enemies":"Fading Forest","floor":18,"turns":11},{"damage":24,"enemies":"2 Thieves","floor":20,"turns":5},{"damage":35,"enemies":"3 Byrds","floor":23,"turns":5},{"damage":20,"enemies":"Snecko","floor":24,"turns":8},{"damage":62,"enemies":"Book of Stabbing","floor":26,"turns":3}],"seed_played":"5873167996143704495","potions_obtained":[{"floor":1,"key":"Languid Potion"},{"floor":14,"key":"SpeedPotion"},{"floor":15,"key":"Milkshake"},{"floor":16,"key":"FearPotion"},{"floor":20,"key":"Fire Potion"},{"floor":23,"key":"Cursed Concoction"}],"is_trial":false,"path_per_floor":["M","$","PTL","PTL","$","?","M","E","R","E","T","E","M","M","M","E","R","B",null,"M","?","$","M","M","R","E"],"character_chosen":"BEAKED_THE_CULTIST","items_purchased":["Sling","beaked:BraceForImpact","beaked:Foresight","Eternal Feather"],"campfire_rested":0,"item_purchase_floors":[2,2,5,22],"current_hp_per_floor":[44,44,44,44,44,49,50,37,37,31,31,50,50,50,46,15,15,45,50,43,43,43,29,38,50,0,0],"gold":150,"neow_bonus":"HUNDRED_GOLD","is_daily":false,"chose_seed":false,"campfire_upgraded":2,"win_rate":0.0,"timestamp":1614377758,"path_taken":["M","$","PTL","PTL","$","?","?","E","R","E","T","E","M","M","M","E","R","BOSS","M","?","$","M","M","R","E"],"items_purchased_type":["Relic","Card","Card","Relic"],"build_version":"2020-12-22","purchased_purges":1,"victory":false,"max_hp_per_floor":[50,50,50,50,50,50,50,50,50,50,50,50,50,50,50,50,50,50,50,50,50,50,50,50,50,50,50],"card_choices":[{"not_picked":["beaked:SacrificialAttack","ReplayTheSpireMod:Wings of Steel"],"picked":"beaked:Cower","floor":1},{"not_picked":["beaked:FeelMyPain","beaked:Poke"],"picked":"beaked:Flinch","floor":6},{"not_picked":["beaked:HuntressEssence","beaked:DigDeep"],"picked":"beaked:FeelMyPain","floor":7},{"not_picked":["beaked:BloodForTheGods","beaked:StunningBlow"],"picked":"beaked:WindBringer","floor":8},{"not_picked":["beaked:Brace","ReplayTheSpireMod:RavenHex"],"picked":"beaked:Foresight","floor":10},{"not_picked":["beaked:Struggle","beaked:VolatileMisfortune","ReplayTheSpireMod:RavenHex"],"picked":"SKIP","floor":12},{"not_picked":["beaked:Daydream","beaked:Poke","beaked:CursingBlood"],"picked":"SKIP","floor":13},{"not_picked":["beaked:WarriorEssence","beaked:WindBringer"],"picked":"beaked:Foresight","floor":14},{"not_picked":["beaked:CursingBlood","beaked:WarriorEssence","beaked:DigDeep"],"picked":"SKIP","floor":15},{"not_picked":["beaked:StickSmack","beaked:Insight"],"picked":"beaked:Evade","floor":16},{"not_picked":["beaked:HuntressEssence","beaked:CursingBlood"],"picked":"beaked:Windmill+1","floor":20},{"not_picked":["beaked:SurvivalInstinct","beaked:WarriorEssence"],"picked":"beaked:BraceForImpact+1","floor":23},{"not_picked":["beaked:Insight","beaked:DigDeep","beaked:StickSmack"],"picked":"SKIP","floor":24}],"player_experience":293937,"relics_obtained":[{"floor":6,"key":"StuffTheSpire:OldFever"},{"floor":8,"key":"MawBank"},{"floor":10,"key":"conspire:Boomerang"},{"floor":12,"key":"Oddly Smooth Stone"},{"floor":16,"key":"Ice Cream"}],"event_choices":[],"is_beta":false,"boss_relics":[{"not_picked":["hubris:Stopwatch","Abe\u0027s Treasure"],"picked":"Empty Cage"}],"items_purged_floors":[22],"is_endless":false,"potions_floor_spawned":[1,14,15,16,20,23],"killed_by":"Book of Stabbing","ascension_level":1}}