{"host":"uv5ws9rdk87e8i5k","time":1614358121,"event":{"mods":["AchievementEnabler","BaseMod","Colored Map","Minty Spire (QoL Compilation)","Permanent Neow","Quick Restart","StSLib","SuperFastMode","The Necromancer","The Saiyan"],"gold_per_floor":[111,129,129,129,129,168,183,183,183],"floor_reached":8,"language":"ENG","playtime":144,"items_purged":[],"score":78,"play_id":"757b2968-f5eb-4257-8da0-e39c92a73b98","local_time":"20210226104841","is_ascension_mode":true,"campfire_choices":[],"circlet_count":0,"master_deck":["Strike_B+1","Strike_B+1","Strike_B","Defend_B","Defend_B","Defend_B","Defend_B","Zap","Dualcast","Reinforced Body","Lockon","Genetic Algorithm","Machine Learning"],"relics":["Cracked Core","Omamori","Golden Idol","Pear","Whetstone"],"acts_visited":["Exordium"],"potions_floor_usage":[8],"damage_taken":[{"damage":1,"enemies":"2 Louse","floor":1,"turns":2},{"damage":7,"enemies":"Jaw Worm","floor":2,"turns":4},{"damage":27,"enemies":"Lagavulin","floor":6,"turns":7},{"damage":7,"enemies":"Small Slimes","floor":7,"turns":5},{"damage":0,"enemies":"Gremlin Nob","floor":8,"turns":3}],"seed_played":"6751328845578646543","potions_obtained":[{"floor":6,"key":"PotionOfCapacity"},{"floor":7,"key":"BlessingOfTheForge"}],"is_trial":false,"path_per_floor":["M","M","?","?","T","E","M","E"],"character_chosen":"DEFECT","items_purchased":[],"campfire_rested":0,"item_purchase_floors":[],"current_hp_per_floor":[67,60,53,53,63,36,29,29,29],"gold":183,"neow_bonus":"RANDOM_COMMON_RELIC","is_daily":false,"chose_seed":false,"campfire_upgraded":0,"win_rate":0.0,"timestamp":1614358121,"path_taken":["M","M","?","?","?","E","M","E"],"items_purchased_type":[],"build_version":"2020-12-22","purchased_purges":0,"victory":false,"max_hp_per_floor":[75,75,75,69,79,79,79,79,79],"card_choices":[{"not_picked":["Barrage","Redo"],"picked":"Reinforced Body","floor":1},{"not_picked":["Force Field","Reinforced Body"],"picked":"Lockon","floor":2},{"not_picked":["Turbo","Melter"],"picked":"Genetic Algorithm","floor":6},{"not_picked":["Genetic Algorithm","Go for the Eyes"],"picked":"Machine Learning","floor":7}],"player_experience":237762,"relics_obtained":[{"floor":5,"key":"Pear"},{"floor":6,"key":"Whetstone"}],"event_choices":[{"cards_removed":["Strike_B"],"damage_healed":0,"gold_gain":0,"player_choice":"Card Removal","damage_taken":7,"max_hp_gain":0,"max_hp_loss":0,"event_name":"Golden Wing","floor":3,"gold_loss":0},{"damage_healed":0,"gold_gain":0,"player_choice":"Lose Max HP","damage_taken":0,"relics_obtained":["Golden Idol"],"max_hp_gain":0,"max_hp_loss":6,"event_name":"Golden Idol","floor":4,"gold_loss":0}],"is_beta":false,"boss_relics":[],"items_purged_floors":[],"is_endless":false,"potions_floor_spawned":[6,7],"killed_by":"Gremlin Nob","ascension_level":8}}