{"host":"rjfefv2ruvigm2gb","time":1614320904,"event":{"mods":["Act Like it!","AlwaysNeverKeys","BaseMod","Better Note","Better Third Choice","BetterRewards","Block Reminder","Bossed Relics","Colored Map","Colored Powertips","Curses Come First","Displayed Cursed Tome","Downfall","Fox Events","GifTheSpireLib","Gold Saver","Googly Eyes","Highlight Path","Library of Ruina","Library of Ruina Extra","Minty Spire (QoL Compilation)","Permanent Neow","Poor People Problems","Quick Restart","Relic Stats","Reliquary","Shop Mod","Small Relic Pack","Spire Arcade","StS++","StSLib","Stuff the Spire","SuperFastMode","Transform Curses","Uncapped","Virulent Crown"],"gold_per_floor":[587,603,618,633,650,650,674,786,846,864,493,613,613,160,180,256,256,256,266,281,281,281,119,119,134,134,151,151,170,184,184,203,277,277,277,287,302,302,15,135,161,161,178,294,294,320,29,46,65,65],"floor_reached":51,"language":"ENG","playtime":2897,"items_purged":["bronze:Strike","bronze:Strike"],"score":1406,"play_id":"1a394d6e-0e21-4692-8682-d1fd57296e5f","local_time":"20210226002824","is_ascension_mode":true,"campfire_choices":[{"data":"bronze:Goto","floor":1.0,"key":"SMITH"},{"floor":13.0,"key":"REST"},{"data":"1","floor":18.0,"key":"LIFT"},{"data":"2","floor":26.0,"key":"LIFT"},{"data":"3","floor":28.0,"key":"LIFT"},{"data":"bronze:ItsAFeature","floor":35.0,"key":"SMITH"},{"data":"bronze:Fortify","floor":45,"key":"SMITH"}],"circlet_count":0,"master_deck":["AscendersBane","bronze:Strike","bronze:Strike","bronze:Defend","bronze:Defend","bronze:Defend","bronze:Defend","bronze:Replicate","bronze:Goto+1","bronze:Separator","bronze:BuggyMess","StuffTheSpire:Innocence","bronze:Iterate","bronze:ItsAFeature","bronze:Fortify+1","bronze:ItsAFeature+1","bronze:ItsAFeature","bronze:RecursiveStrike","bronze:FineTuning","bronze:ChildClass","bronze:DarkDash","bronze:Shield","bronze:ItsAFeature","bronze:BuggyMess","downfall:Bewildered","bronze:ShipIt","bronze:BuggyMess","bronze:FollowUp","StuffTheSpire:BrainWave","bronze:Shield","bronze:Boost","bronze:ChosenStrike","bronze:Shield","bronze:BugBarrage","bronze:BugBarrage+1","bronze:BuggyMess"],"relics":["bronze:BronzeCore","PageOfSingingMachine","downfall:HeartBlessingRed","downfall:HeartBlessingGreen","downfall:HeartBlessingBlue","StuffTheSpire:TintedRock","StuffTheSpire:Mouthbags","Blood Vial","Bottled Flame","PageOfTodaysShyLook","Girya","Runic Pyramid","Mummified Hand","bronze:BronzeIdol","StuffTheSpire:CocoNut","sneckomod:BabySnecko","sneckomod:SneckoTalon","PageOfTheKnightOfDespair","PageOfTheQueenOfHatred","PageOfGreed","bronze:BottledCode","PageOfWrath","reliquary:SilkGlove","HornCleat","PageOfNihil"],"acts_visited":["Exordium","TheCity","TheBeyond"],"potions_floor_usage":[44,48],"damage_taken":[{"damage":0.0,"enemies":"Small Slimes","floor":2.0,"turns":2.0},{"damage":4.0,"enemies":"2 Louse","floor":3.0,"turns":3.0},{"damage":0.0,"enemies":"Jaw Worm","floor":4.0,"turns":1.0},{"damage":5.0,"enemies":"2 Fungi Beasts","floor":5.0,"turns":2.0},{"damage":4.0,"enemies":"Gremlin Nob","floor":8.0,"turns":3.0},{"damage":15.0,"enemies":"3 Sentries","floor":9.0,"turns":6.0},{"damage":0.0,"enemies":"3 Louse","floor":10.0,"turns":2.0},{"damage":0.0,"enemies":"downfall:FleeingMerchant","floor":11.0,"turns":4.0},{"damage":15.0,"enemies":"Lagavulin","floor":12.0,"turns":4.0},{"damage":15.0,"enemies":"downfall:FleeingMerchant","floor":14.0,"turns":4.0},{"damage":8.0,"enemies":"Blue Slaver","floor":15.0,"turns":2.0},{"damage":30.0,"enemies":"WA_ARCHETYPE_RETAIN","floor":16.0,"turns":6.0},{"damage":11.0,"enemies":"3 Byrds","floor":19.0,"turns":4.0},{"damage":22.0,"enemies":"downfall:LooterAlt2","floor":20.0,"turns":2.0},{"damage":6.0,"enemies":"downfall:FleeingMerchant","floor":23.0,"turns":4.0},{"damage":3.0,"enemies":"Chosen and Byrds","floor":25.0,"turns":4.0},{"damage":0.0,"enemies":"Centurion and Healer","floor":27.0,"turns":3.0},{"damage":1.0,"enemies":"3 Cultists","floor":29.0,"turns":5.0},{"damage":13.0,"enemies":"Snake Plant","floor":30.0,"turns":3.0},{"damage":13.0,"enemies":"Chosen and Byrds","floor":32.0,"turns":4.0},{"damage":21.0,"enemies":"SI_MIRROR_ARCHETYPE","floor":33.0,"turns":8.0},{"damage":11.0,"enemies":"Orb Walker","floor":36.0,"turns":2.0},{"damage":10.0,"enemies":"3 Darklings","floor":37.0,"turns":5.0},{"damage":0.0,"enemies":"Giant Head","floor":40.0,"turns":5.0},{"damage":0.0,"enemies":"Spire Growth","floor":43.0,"turns":3.0},{"damage":6,"enemies":"Nemesis","floor":44,"turns":3},{"damage":33,"enemies":"Jaw Worm Horde","floor":48,"turns":10},{"damage":0,"enemies":"Transient","floor":49,"turns":5},{"damage":0,"enemies":"IC_BLOCK_ARCHETYPE","floor":50,"turns":9}],"seed_played":"-1924429789336217235","potions_obtained":[{"floor":2.0,"key":"AttackPotion"},{"floor":5.0,"key":"Swift Potion"},{"floor":8.0,"key":"SneckoOil"},{"floor":9.0,"key":"StSpp:ScatteredPotion"},{"floor":16.0,"key":"DistilledChaos"},{"floor":25.0,"key":"Strength Potion"},{"floor":27.0,"key":"bronze:BurnAndBuffPotion"},{"floor":33.0,"key":"Guardian:BlockOnCardUsePotion"},{"floor":37.0,"key":"StSpp:ScatteredPotion"},{"floor":40.0,"key":"bronze:FreeFunctionsPotion"},{"floor":44,"key":"LiquidMemories"}],"is_trial":false,"path_per_floor":["R","M","M","M","M","?","T","E","?","M","$","E","R","$","M","B",null,"R","M","M","?","?","$","T","M","R","M","R","M","M","?","M","B",null,"R","M","M","?","$","E","T","?","M","E","R","?","$","M","M","B",null],"character_chosen":"THE_AUTOMATON","items_purchased":["bronze:ItsAFeature","bronze:Fortify","Bottled Flame","bronze:ItsAFeature","Girya","Mummified Hand","bronze:BronzeIdol","PageOfTheKnightOfDespair","bronze:BugBarrage","HornCleat"],"campfire_rested":1,"item_purchase_floors":[11,11,11,14,14,23,23,39,47,47],"current_hp_per_floor":[73,73,69,69,64,57,57,53,38,40,42,29,53,40,34,6,62,62,53,33,59,59,55,62,61,61,63,63,64,53,53,42,23,71,71,62,54,54,54,56,56,56,62,64,64,64,64,50,59,69],"gold":65,"neow_bonus":"RANDOM_COMMON_RELIC","is_daily":false,"chose_seed":false,"campfire_upgraded":3,"win_rate":0.0,"timestamp":1614320904,"path_taken":["R","M","M","M","M","?","T","E","?","M","$","E","R","$","M","BOSS","R","M","M","?","?","$","T","M","R","M","R","M","M","?","M","BOSS","R","M","M","?","$","E","T","?","M","E","R","?","$","M","M","BOSS"],"items_purchased_type":["Card","Card","Relic","Card","Relic","Relic","Relic","Relic","Card","Relic"],"build_version":"2020-12-22","purchased_purges":2,"victory":true,"max_hp_per_floor":[80,80,80,80,80,80,80,80,80,80,80,80,80,80,80,80,80,80,80,80,80,80,80,87,87,87,87,87,87,87,87,87,87,87,87,87,87,79,79,79,79,69,69,69,69,69,69,69,69,69],"relic_stats":{"Blood Vial":46,"counters":[31,125],"Mummified Hand":[41],"obtain_stats":[{"PageOfTheQueenOfHatred":40,"bronze:BronzeCore":0,"reliquary:SilkGlove":46,"downfall:HeartBlessingGreen":1,"PageOfSingingMachine":0,"Blood Vial":9,"PageOfGreed":41,"PageOfWrath":44,"HornCleat":47,"downfall:HeartBlessingBlue":1,"Mummified Hand":23,"PageOfTheKnightOfDespair":39,"PageOfTodaysShyLook":12,"Runic Pyramid":17,"StuffTheSpire:TintedRock":7,"Girya":14,"downfall:HeartBlessingRed":1,"PageOfNihil":48,"sneckomod:SneckoTalon":34,"bronze:BronzeIdol":23,"bronze:BottledCode":42,"sneckomod:BabySnecko":31,"Bottled Flame":11,"StuffTheSpire:Mouthbags":8,"StuffTheSpire:CocoNut":24},{"PageOfTheQueenOfHatred":24,"bronze:BronzeCore":0,"reliquary:SilkGlove":26,"downfall:HeartBlessingGreen":0,"PageOfSingingMachine":0,"Blood Vial":6,"PageOfGreed":24,"PageOfWrath":26,"HornCleat":26,"downfall:HeartBlessingBlue":0,"Mummified Hand":15,"PageOfTheKnightOfDespair":23,"PageOfTodaysShyLook":9,"Runic Pyramid":12,"StuffTheSpire:TintedRock":4,"Girya":10,"downfall:HeartBlessingRed":0,"PageOfNihil":28,"sneckomod:SneckoTalon":21,"bronze:BronzeIdol":15,"bronze:BottledCode":24,"sneckomod:BabySnecko":19,"Bottled Flame":8,"StuffTheSpire:Mouthbags":5,"StuffTheSpire:CocoNut":15},{"PageOfTheQueenOfHatred":88,"bronze:BronzeCore":0,"reliquary:SilkGlove":94,"downfall:HeartBlessingGreen":0,"PageOfSingingMachine":0,"Blood Vial":17,"PageOfGreed":88,"PageOfWrath":94,"HornCleat":94,"downfall:HeartBlessingBlue":0,"Mummified Hand":49,"PageOfTheKnightOfDespair":83,"PageOfTodaysShyLook":27,"Runic Pyramid":39,"StuffTheSpire:TintedRock":8,"Girya":31,"downfall:HeartBlessingRed":0,"PageOfNihil":104,"sneckomod:SneckoTalon":76,"bronze:BronzeIdol":49,"bronze:BottledCode":88,"sneckomod:BabySnecko":64,"Bottled Flame":23,"StuffTheSpire:Mouthbags":11,"StuffTheSpire:CocoNut":49}]},"card_choices":[{"not_picked":["bronze:Backtrace","bronze:GetLatest","bronze:Separator"],"picked":"SKIP","floor":2.0},{"not_picked":["bronze:Backtrace","bronze:GetLatest"],"picked":"bronze:Separator","floor":2.0},{"not_picked":["bronze:DelayedSlice","bronze:WhirlingStrike"],"picked":"bronze:BuggyMess","floor":3.0},{"not_picked":["bronze:Fortify","bronze:Flail"],"picked":"bronze:ChosenStrike","floor":4.0},{"not_picked":["bronze:Return","bronze:NullPointer","bronze:OilSpill"],"picked":"SKIP","floor":5.0},{"not_picked":["bronze:HyperBeam","bronze:RecursiveStrike","bronze:Shell"],"picked":"SKIP","floor":8.0},{"not_picked":["bronze:WhirlingStrike","bronze:WildBeam","bronze:Repair"],"picked":"SKIP","floor":10.0},{"not_picked":["bronze:BronzeArmor","bronze:Frontload"],"picked":"bronze:Iterate","floor":11.0},{"not_picked":["bronze:WildBeam","bronze:Overload","bronze:Turbo"],"picked":"SKIP","floor":12.0},{"not_picked":["bronze:Frontload","bronze:ForLoop"],"picked":"bronze:ItsAFeature","floor":14.0},{"not_picked":["bronze:Backtrace","bronze:InfiniteBeams","bronze:Deprecate"],"picked":"SKIP","floor":15.0},{"not_picked":["bronze:SpaghettiCode","bronze:BurnOut"],"picked":"bronze:RecursiveStrike","floor":16.0},{"not_picked":["bronze:Frontload","bronze:Constructor"],"picked":"bronze:FineTuning","floor":19.0},{"not_picked":["bronze:OilSpill","bronze:BronzeArmor"],"picked":"bronze:ChildClass","floor":20.0},{"not_picked":["bronze:Deprecate","bronze:DelayedGuard"],"picked":"bronze:DarkDash","floor":23.0},{"not_picked":["bronze:DelayedGuard","bronze:DelayedSlice","bronze:Overheat"],"picked":"SKIP","floor":25.0},{"not_picked":["bronze:NullPointer","bronze:Shell"],"picked":"bronze:Shield","floor":27.0},{"not_picked":["bronze:Turbo","bronze:BitShift"],"picked":"bronze:ItsAFeature","floor":29.0},{"not_picked":["bronze:Separator","bronze:Constructor"],"picked":"bronze:BuggyMess","floor":30.0},{"not_picked":["bronze:Invalidate","bronze:DelayedSlice","bronze:ForceShield"],"picked":"SKIP","floor":32.0},{"not_picked":["bronze:ThunderWave","bronze:Assembly"],"picked":"bronze:ShipIt","floor":33.0},{"not_picked":["bronze:DelayedGuard+1","bronze:Overheat"],"picked":"bronze:BuggyMess","floor":36.0},{"not_picked":["bronze:ForceShield","bronze:CutThrough"],"picked":"bronze:FollowUp","floor":37.0},{"not_picked":["bronze:CutThrough","bronze:Frontload+1"],"picked":"bronze:Shield","floor":40.0},{"not_picked":["bronze:Terminator","bronze:WhirlingStrike"],"picked":"bronze:Boost","floor":43.0},{"not_picked":["bronze:DelayedSlice","bronze:OilSpill"],"picked":"bronze:Shield","floor":44},{"not_picked":["bronze:OilSpill+1","bronze:DelayedGuard"],"picked":"bronze:BugBarrage+1","floor":48},{"not_picked":["bronze:Assembly","bronze:Constructor"],"picked":"bronze:BuggyMess","floor":49}],"player_experience":1171612,"relics_obtained":[{"floor":7.0,"key":"StuffTheSpire:TintedRock"},{"floor":8.0,"key":"StuffTheSpire:Mouthbags"},{"floor":9.0,"key":"Blood Vial"},{"floor":12.0,"key":"PageOfTodaysShyLook"},{"floor":24.0,"key":"StuffTheSpire:CocoNut"},{"floor":40.0,"key":"PageOfTheQueenOfHatred"},{"floor":41.0,"key":"PageOfGreed"},{"floor":44,"key":"PageOfWrath"},{"floor":46,"key":"reliquary:SilkGlove"},{"floor":48,"key":"PageOfNihil"}],"event_choices":[{"damage_healed":26.0,"max_hp_gain":0.0,"max_hp_loss":0.0,"gold_gain":0.0,"event_name":"The Library","player_choice":"Heal","floor":21.0,"gold_loss":0.0,"damage_taken":0.0}],"is_beta":false,"boss_relics":[{"not_picked":["Velvet Choker","StuffTheSpire:RunicConfusion"],"picked":"Runic Pyramid"},{"not_picked":["reliquary:Craggleroot","StuffTheSpire:RunicHypercube"],"picked":"sneckomod:SneckoTalon"}],"items_purged_floors":[14,23],"is_endless":false,"potions_floor_spawned":[2,5,8,9,16,25,27,30,33,37,40,43,44],"ascension_level":13}}