{"host":"BK","time":1614379711,"event":{"mods":["BaseMod","Highlight Path","Minty Spire (QoL Compilation)","StSLib"],"gold_per_floor":[113,133,144,169,169,169,195,225,252,252,217,239,261,290,299,381,381,392,401,80,80,80],"floor_reached":21,"language":"ENG","playtime":983,"items_purged":["Writhe"],"score":358,"play_id":"b6997314-5ca1-4c01-80d2-39b7b393eea2","local_time":"20210226154831","is_ascension_mode":true,"campfire_choices":[{"floor":6.0,"key":"REST"},{"floor":15.0,"key":"REST"}],"circlet_count":0,"master_deck":["AscendersBane","Strike_G","Strike_G","Strike_G","Defend_G","Defend_G","Defend_G","Defend_G","Defend_G+1","Survivor","Neutralize","Flying Knee","Dagger Throw+1","Dagger Spray","Calculated Gamble","Deadly Poison","Caltrops","Wraith Form v2","Adrenaline","Bouncing Flask"],"relics":["Ring of the Snake","CeramicFish","Dream Catcher","Odd Mushroom","MealTicket","Pantograph","Empty Cage","StrikeDummy","Bag of Marbles"],"acts_visited":["Exordium","TheCity"],"potions_floor_usage":[16],"damage_taken":[{"damage":4.0,"enemies":"Cultist","floor":1.0,"turns":4.0},{"damage":1.0,"enemies":"Jaw Worm","floor":2.0,"turns":3.0},{"damage":3.0,"enemies":"2 Louse","floor":3.0,"turns":2.0},{"damage":27.0,"enemies":"3 Sentries","floor":7.0,"turns":9.0},{"damage":14.0,"enemies":"The Mushroom Lair","floor":8.0,"turns":4.0},{"damage":3.0,"enemies":"Looter","floor":12.0,"turns":4.0},{"damage":14.0,"enemies":"Large Slime","floor":13.0,"turns":5.0},{"damage":4.0,"enemies":"Blue Slaver","floor":14.0,"turns":3.0},{"damage":35,"enemies":"The Guardian","floor":16,"turns":13},{"damage":37,"enemies":"Spheric Guardian","floor":18,"turns":8},{"damage":39,"enemies":"Shell Parasite","floor":21,"turns":6}],"seed_played":"169469471821537630","potions_obtained":[{"floor":2.0,"key":"SpeedPotion"},{"floor":3.0,"key":"Block Potion"},{"floor":8.0,"key":"DuplicationPotion"},{"floor":12.0,"key":"LiquidBronze"},{"floor":18,"key":"Energy Potion"}],"is_trial":false,"path_per_floor":["M","M","M","T","?","R","E","?","T","T","?","M","M","M","R","B",null,"M","?","$","M"],"character_chosen":"THE_SILENT","items_purchased":["Bag of Marbles","Bouncing Flask"],"campfire_rested":2,"item_purchase_floors":[20,20],"current_hp_per_floor":[61,60,57,57,35,56,29,15,15,15,33,30,16,12,33,23,60,23,23,38,0,0],"gold":80,"neow_bonus":"TEN_PERCENT_HP_BONUS","is_daily":false,"chose_seed":false,"campfire_upgraded":0,"win_rate":0.0,"timestamp":1614379711,"path_taken":["M","M","M","?","?","R","E","?","T","?","?","M","?","M","R","BOSS","M","?","$","M"],"items_purchased_type":["Relic","Card"],"build_version":"2020-12-18","purchased_purges":1,"victory":false,"max_hp_per_floor":[72,72,72,72,72,72,72,72,72,72,72,72,72,72,72,72,72,72,72,72,72,72],"card_choices":[{"not_picked":["Heel Hook","Leg Sweep"],"picked":"Flying Knee","floor":1.0},{"not_picked":["Quick Slash","Deadly Poison"],"picked":"Dagger Throw","floor":2.0},{"not_picked":["Acrobatics","Cloak And Dagger"],"picked":"Dagger Spray","floor":3.0},{"not_picked":["Prepared","Dagger Throw","Dodge and Roll"],"picked":"SKIP","floor":7.0},{"not_picked":["Quick Slash","Dagger Throw"],"picked":"Calculated Gamble","floor":12.0},{"not_picked":["Slice","Flechettes"],"picked":"Deadly Poison","floor":13.0},{"not_picked":["Distraction","Accuracy"],"picked":"Caltrops","floor":14.0},{"not_picked":["Cloak And Dagger","Dagger Throw"],"picked":"Wraith Form v2","floor":15.0},{"not_picked":["Phantasmal Killer","Venomology"],"picked":"Adrenaline","floor":16},{"not_picked":["Expertise","Prepared","Backstab"],"picked":"SKIP","floor":18}],"player_experience":2626454,"relics_obtained":[{"floor":4.0,"key":"CeramicFish"},{"floor":7.0,"key":"Dream Catcher"},{"floor":8.0,"key":"Odd Mushroom"},{"floor":9.0,"key":"MealTicket"},{"floor":10.0,"key":"Pantograph"}],"event_choices":[{"damage_healed":0.0,"max_hp_gain":0.0,"max_hp_loss":0.0,"gold_gain":0.0,"event_name":"Shining Light","player_choice":"Entered Light","floor":5.0,"gold_loss":0.0,"damage_taken":22.0,"cards_upgraded":["Defend_G","Dagger Throw"]},{"damage_healed":0.0,"max_hp_gain":0.0,"max_hp_loss":0.0,"gold_gain":0.0,"event_name":"Mushrooms","player_choice":"Fought Mushrooms","floor":8.0,"gold_loss":0.0,"damage_taken":0.0},{"damage_healed":18.0,"max_hp_gain":0.0,"max_hp_loss":0.0,"gold_gain":0.0,"event_name":"The Cleric","player_choice":"Healed","floor":11.0,"gold_loss":35.0,"damage_taken":0.0},{"damage_healed":0,"gold_gain":0,"player_choice":"Opened","damage_taken":0,"relics_obtained":["StrikeDummy"],"max_hp_gain":0,"max_hp_loss":0,"event_name":"The Mausoleum","floor":19,"gold_loss":0,"cards_obtained":["Writhe"]}],"is_beta":true,"boss_relics":[{"not_picked":["Tiny House","Runic Dome"],"picked":"Empty Cage"}],"items_purged_floors":[20],"is_endless":false,"potions_floor_spawned":[2,3,8,12,18],"killed_by":"Shell Parasite","ascension_level":20}}