{"host":"bxn2em57qlx5u4i0","time":1614304886,"event":{"mods":["BaseMod","Colored Map","Colored Powertips","Highlight Path","Minty Spire (QoL Compilation)","Random Character Button","Relic Sorter","Relic Stats","StSLib","SuperFastMode"],"gold_per_floor":[114,114,130,130,29,73,73,73,73,73,107,125,125,148,148,241,241,261,261,279,157,47,47,47],"floor_reached":23,"language":"ENG","playtime":579,"items_purged":["Strike_G","Shame"],"score":444,"play_id":"f7209c6b-589f-48c0-8693-0d00f60b0bb3","local_time":"20210225210126","is_ascension_mode":true,"campfire_choices":[{"data":"Crippling Poison","floor":8.0,"key":"SMITH"},{"data":"Deadly Poison","floor":10.0,"key":"SMITH"},{"data":"Well Laid Plans","floor":13.0,"key":"SMITH"},{"data":"Night Terror","floor":15.0,"key":"SMITH"}],"circlet_count":0,"master_deck":["AscendersBane","Strike_G","Strike_G","Defend_G","Defend_G","Defend_G","Defend_G+1","Defend_G","Survivor","Neutralize","Dagger Throw","Crippling Poison+1","Deadly Poison+1","Deadly Poison","Poisoned Stab","Well Laid Plans+1","Night Terror+1","Burst","Noxious Fumes","Escape Plan"],"relics":["Ring of the Snake","NeowsBlessing","Golden Idol","Bronze Scales","Incense Burner","Darkstone Periapt","Coffee Dripper","The Courier"],"acts_visited":["Exordium","TheCity"],"potions_floor_usage":[23,23],"damage_taken":[{"damage":0.0,"enemies":"Jaw Worm","floor":1.0,"turns":1.0},{"damage":0.0,"enemies":"Small Slimes","floor":3.0,"turns":1.0},{"damage":0.0,"enemies":"Lagavulin","floor":6.0,"turns":1.0},{"damage":17.0,"enemies":"3 Sentries","floor":11.0,"turns":8.0},{"damage":0.0,"enemies":"Cultist","floor":12.0,"turns":3.0},{"damage":4.0,"enemies":"Blue Slaver","floor":14.0,"turns":4.0},{"damage":37.0,"enemies":"Slime Boss","floor":16.0,"turns":10.0},{"damage":13.0,"enemies":"Shell Parasite","floor":18.0,"turns":4.0},{"damage":28.0,"enemies":"Spheric Guardian","floor":20.0,"turns":4.0},{"damage":14,"enemies":"Gremlin Leader","floor":23,"turns":6}],"seed_played":"-1204760777843481370","potions_obtained":[{"floor":6.0,"key":"SkillPotion"},{"floor":11.0,"key":"DuplicationPotion"},{"floor":14.0,"key":"Dexterity Potion"},{"floor":20.0,"key":"Fire Potion"}],"is_trial":false,"path_per_floor":["M","?","M","?","$","E","$","R","T","R","E","M","R","M","R","B",null,"M","?","M","$","?","E"],"character_chosen":"THE_SILENT","items_purchased":["Deadly Poison","Dexterity Potion"],"campfire_rested":0,"item_purchase_floors":[5,21],"current_hp_per_floor":[59,59,59,59,59,59,59,59,59,59,42,42,42,38,38,1,45,32,38,10,10,10,0,0],"gold":47,"neow_bonus":"THREE_ENEMY_KILL","is_daily":false,"chose_seed":false,"campfire_upgraded":4,"win_rate":0.0,"timestamp":1614304886,"path_taken":["M","?","M","?","$","E","$","R","T","R","E","?","R","M","R","BOSS","M","?","M","$","?","E"],"items_purchased_type":["Card","Potion"],"build_version":"2020-12-22","purchased_purges":2,"victory":false,"max_hp_per_floor":[66,60,60,60,60,60,60,60,60,60,60,60,60,60,60,60,60,60,66,66,66,66,66,66],"relic_stats":{"Darkstone Periapt":6,"counters":[10,42],"Golden Idol":55,"Bronze Scales":[93],"obtain_stats":[{"Darkstone Periapt":11,"NeowsBlessing":0,"Golden Idol":2,"Bronze Scales":6,"The Courier":19,"Incense Burner":9,"Coffee Dripper":17,"Ring of the Snake":0},{"Darkstone Periapt":4,"NeowsBlessing":0,"Golden Idol":1,"Bronze Scales":3,"The Courier":8,"Incense Burner":3,"Coffee Dripper":7,"Ring of the Snake":0},{"Darkstone Periapt":11,"NeowsBlessing":0,"Golden Idol":1,"Bronze Scales":3,"The Courier":32,"Incense Burner":3,"Coffee Dripper":28,"Ring of the Snake":0}],"Ring of the Snake":[20]},"card_choices":[{"not_picked":["Quick Slash","PiercingWail"],"picked":"Dagger Throw","floor":1.0},{"not_picked":["Deflect","Finisher"],"picked":"Crippling Poison","floor":3.0},{"not_picked":["Eviscerate","Setup"],"picked":"Deadly Poison","floor":6.0},{"not_picked":["Outmaneuver","Quick Slash"],"picked":"Poisoned Stab","floor":11.0},{"not_picked":["Blade Dance","Distraction"],"picked":"Well Laid Plans","floor":12.0},{"not_picked":["Slice","PiercingWail"],"picked":"Night Terror","floor":14.0},{"not_picked":["Grand Finale","Unload"],"picked":"Burst","floor":16.0},{"not_picked":["Quick Slash","Deflect+1"],"picked":"Noxious Fumes","floor":18.0},{"not_picked":["Finisher","Prepared+1"],"picked":"Escape Plan","floor":20.0}],"player_experience":3052620,"relics_obtained":[{"floor":6.0,"key":"Bronze Scales"},{"floor":9.0,"key":"Incense Burner"},{"floor":11.0,"key":"Darkstone Periapt"}],"event_choices":[{"damage_healed":0.0,"max_hp_gain":0.0,"max_hp_loss":6.0,"gold_gain":0.0,"event_name":"Golden Idol","player_choice":"Lose Max HP","floor":2.0,"gold_loss":0.0,"damage_taken":0.0,"relics_obtained":["Golden Idol"]},{"cards_removed":["Strike_G"],"damage_healed":0.0,"max_hp_gain":0.0,"max_hp_loss":0.0,"gold_gain":0.0,"event_name":"Purifier","player_choice":"Purged","floor":4.0,"gold_loss":0.0,"damage_taken":0.0},{"damage_healed":0.0,"max_hp_gain":0.0,"max_hp_loss":0.0,"gold_gain":0.0,"event_name":"Addict","player_choice":"Stole Relic","floor":19.0,"gold_loss":0.0,"damage_taken":0.0,"relics_obtained":["The Courier"],"cards_obtained":["Shame"]},{"cards_removed":["Strike_G"],"damage_healed":0.0,"max_hp_gain":0.0,"max_hp_loss":0.0,"gold_gain":0.0,"event_name":"Designer","player_choice":"Upgrade and Remove","floor":22.0,"gold_loss":110.0,"damage_taken":0.0,"cards_upgraded":["Defend_G"]}],"is_beta":false,"boss_relics":[{"not_picked":["Ring of the Serpent","Astrolabe"],"picked":"Coffee Dripper"}],"items_purged_floors":[5,21],"is_endless":false,"potions_floor_spawned":[6,11,14,20],"killed_by":"Gremlin Leader","ascension_level":20}}