{"host":"ul3z8ex5o8l5j7mh","time":1614347823,"event":{"mods":["2.2 Compatiblity","AchievementEnabler","BaseMod","Bestiary","Colored Map","Colored Powertips","Curses Come First","DeckTracker","Highlight Path","Keyboard Shortcuts","Minty Spire (QoL Compilation)","Relic Sorter","Relic Stats","StSLib","SuperFastMode"],"gold_per_floor":[115,84,84,102,102,102,130,143,143,153,153,153,178,178,178,307,307,330,330,330],"floor_reached":19,"language":"ENG","playtime":500,"items_purged":[],"score":217,"play_id":"f547bd45-f188-43d0-bdf3-921c6dcc7d7e","local_time":"20210226145703","is_ascension_mode":true,"campfire_choices":[{"data":"Pommel Strike","floor":6.0,"key":"SMITH"},{"floor":12.0,"key":"REST"},{"floor":15.0,"key":"REST"}],"circlet_count":0,"master_deck":["Strike_R","Strike_R","Strike_R","Strike_R","Strike_R","Defend_R","Defend_R","Defend_R","Bash","Pommel Strike+1","Cleave","Feel No Pain","Shockwave","Havoc","Warcry","Corruption"],"relics":["Mark of Pain","Pear","Mercury Hourglass","Golden Idol","Black Star"],"acts_visited":["Exordium","TheCity"],"potions_floor_usage":[18,18],"damage_taken":[{"damage":13.0,"enemies":"Jaw Worm","floor":1.0,"turns":4.0},{"damage":1.0,"enemies":"2 Louse","floor":4.0,"turns":2.0},{"damage":40.0,"enemies":"3 Sentries","floor":7.0,"turns":6.0},{"damage":0.0,"enemies":"Small Slimes","floor":8.0,"turns":2.0},{"damage":10.0,"enemies":"Blue Slaver","floor":10.0,"turns":3.0},{"damage":0.0,"enemies":"3 Louse","floor":13.0,"turns":1.0},{"damage":63.0,"enemies":"Slime Boss","floor":16.0,"turns":11.0},{"damage":18,"enemies":"2 Thieves","floor":18,"turns":3},{"damage":52,"enemies":"Masked Bandits","floor":19,"turns":4}],"seed_played":"1600300520705953555","potions_obtained":[{"floor":8.0,"key":"FearPotion"},{"floor":16.0,"key":"BlessingOfTheForge"}],"is_trial":false,"path_per_floor":["M","?","?","M","?","R","E","M","T","M","?","R","M","?","R","B",null,"M","?"],"character_chosen":"IRONCLAD","items_purchased":[],"campfire_rested":2,"item_purchase_floors":[],"current_hp_per_floor":[59,59,80,79,72,72,42,42,42,32,10,37,37,37,64,1,68,50,0,0],"gold":330,"neow_bonus":"BOSS_RELIC","is_daily":false,"chose_seed":false,"campfire_upgraded":1,"win_rate":0.0,"timestamp":1614347823,"path_taken":["M","?","?","M","?","R","E","M","T","M","?","R","?","?","R","BOSS","M","?"],"items_purchased_type":[],"build_version":"2020-12-22","purchased_purges":0,"victory":false,"max_hp_per_floor":[80,80,80,80,80,80,90,90,90,90,90,90,90,90,90,90,90,90,90,90],"relic_stats":{"counters":[9,36],"Golden Idol":43,"Black Star":0,"obtain_stats":[{"Pear":7,"Golden Idol":11,"Mark of Pain":0,"Black Star":17,"Burning Blood":0,"Mercury Hourglass":9},{"Pear":3,"Golden Idol":5,"Mark of Pain":0,"Black Star":7,"Burning Blood":0,"Mercury Hourglass":4},{"Pear":12,"Golden Idol":17,"Mark of Pain":0,"Black Star":29,"Burning Blood":0,"Mercury Hourglass":14}],"Mercury Hourglass":[117]},"card_choices":[{"not_picked":["Warcry","Clothesline"],"picked":"Pommel Strike","floor":1.0},{"not_picked":["Entrench","Evolve"],"picked":"Cleave","floor":4.0},{"not_picked":["Dark Embrace","Corruption"],"picked":"Feel No Pain","floor":7.0},{"not_picked":["Sword Boomerang","Thunderclap"],"picked":"Shockwave","floor":8.0},{"not_picked":["Perfected Strike","Cleave"],"picked":"Havoc","floor":10.0},{"not_picked":["Wild Strike","True Grit"],"picked":"Warcry","floor":13.0},{"not_picked":["Berserk","Brutality"],"picked":"Corruption","floor":16.0},{"not_picked":["Headbutt","Perfected Strike","Cleave+1"],"picked":"SKIP","floor":18}],"player_experience":442335,"relics_obtained":[{"floor":7.0,"key":"Pear"},{"floor":9.0,"key":"Mercury Hourglass"}],"event_choices":[{"damage_healed":0.0,"max_hp_gain":0.0,"max_hp_loss":0.0,"gold_gain":0.0,"event_name":"World of Goop","player_choice":"Left Gold","floor":2.0,"gold_loss":31.0,"damage_taken":0.0},{"damage_healed":26.0,"max_hp_gain":0.0,"max_hp_loss":0.0,"gold_gain":0.0,"event_name":"Big Fish","player_choice":"Banana","floor":3.0,"gold_loss":0.0,"damage_taken":0.0},{"cards_removed":["Defend_R"],"damage_healed":0.0,"max_hp_gain":0.0,"max_hp_loss":0.0,"gold_gain":0.0,"event_name":"Golden Wing","player_choice":"Card Removal","floor":5.0,"gold_loss":0.0,"damage_taken":7.0},{"damage_healed":0.0,"max_hp_gain":0.0,"max_hp_loss":0.0,"gold_gain":0.0,"event_name":"Golden Idol","player_choice":"Take Damage","floor":11.0,"gold_loss":0.0,"damage_taken":22.0,"relics_obtained":["Golden Idol"]},{"damage_healed":0.0,"max_hp_gain":0.0,"max_hp_loss":0.0,"gold_gain":0.0,"event_name":"Liars Game","player_choice":"Ignored","floor":14.0,"gold_loss":0.0,"damage_taken":0.0},{"damage_healed":0,"gold_gain":0,"player_choice":"Fought Bandits","damage_taken":0,"max_hp_gain":0,"max_hp_loss":0,"event_name":"Masked Bandits","floor":19,"gold_loss":0}],"is_beta":false,"boss_relics":[{"not_picked":["Runic Cube","Tiny House"],"picked":"Black Star"}],"items_purged_floors":[],"is_endless":false,"potions_floor_spawned":[8,16],"killed_by":"Masked Bandits","ascension_level":6}}