{"host":"2d69zsihwnsihkt1","time":1614360992,"event":{"mods":["AchievementEnabler","Act Like it!","BaseMod","Better Altar","Better Note","Better Skull","Bossed Relics","Colored Map","Colored Powertips","Curses Come First","Displayed Cursed Tome","Googly Eyes","Hermit","Minty Spire (QoL Compilation)","Rare Cards Sparkle","Relic Stats","Replay The Spire","Robot Space Explorer","Shapeshifter Mod","Shop Mod","StSLib","The Forsaken","The Hayseed","The Runesmith"],"gold_per_floor":[110,129,472,486,504,504,504,504],"floor_reached":7,"language":"ENG","playtime":461,"items_purged":[],"score":71,"play_id":"9d490a8f-6464-426f-b85d-98d8577fd627","local_time":"20210226113632","is_ascension_mode":true,"campfire_choices":[{"floor":6,"key":"REST"}],"circlet_count":0,"master_deck":["AscendersBane","theForsaken:TheForsaken_Strike","theForsaken:TheForsaken_Strike","theForsaken:TheForsaken_Strike","theForsaken:TheForsaken_Strike","theForsaken:TheForsaken_Defend","theForsaken:TheForsaken_Defend","theForsaken:TheForsaken_Defend","theForsaken:TheForsaken_Defend","theForsaken:Smite","theForsaken:Penitence","theForsaken:Temperance","theForsaken:WrathOfGod","theForsaken:BountifulSunlight"],"relics":["theForsaken:JudgementScales"],"acts_visited":["Exordium"],"potions_floor_usage":[7,7],"damage_taken":[{"damage":1,"enemies":"2 Louse","floor":1,"turns":3},{"damage":0,"enemies":"Cultist","floor":2,"turns":4},{"damage":7,"enemies":"Small Slimes","floor":4,"turns":4},{"damage":37,"enemies":"Gremlin Gang","floor":5,"turns":7},{"damage":37,"enemies":"Gremlin Nob","floor":7,"turns":6}],"seed_played":"-7281115986126157342","potions_obtained":[{"floor":1,"key":"Languid Potion"},{"floor":4,"key":"SkillPotion"}],"is_trial":false,"path_per_floor":["M","M","?","M","M","R","E"],"character_chosen":"THE_FORSAKEN","items_purchased":[],"campfire_rested":1,"item_purchase_floors":[],"current_hp_per_floor":[60,63,44,40,9,28,0,0],"gold":504,"neow_bonus":"ONE_RANDOM_RARE_CARD","is_daily":false,"chose_seed":false,"campfire_upgraded":0,"win_rate":0.0,"timestamp":1614360992,"path_taken":["M","M","?","?","M","R","E"],"items_purchased_type":[],"build_version":"2020-12-22","purchased_purges":0,"victory":false,"max_hp_per_floor":[65,65,65,65,65,65,65,65],"relic_stats":{"counters":[5,24],"obtain_stats":[{"theForsaken:JudgementScales":0},{"theForsaken:JudgementScales":0},{"theForsaken:JudgementScales":0}]},"card_choices":[{"not_picked":["theForsaken:BlessedWeapon","theForsaken:Preservation","theForsaken:ShieldBash"],"picked":"SKIP","floor":1},{"not_picked":["theForsaken:StoreUp","theForsaken:HorrifyingStrike","theForsaken:ShieldCharge"],"picked":"SKIP","floor":2},{"not_picked":["theForsaken:Riposte","theForsaken:QuickAttack"],"picked":"theForsaken:WrathOfGod","floor":4},{"not_picked":["theForsaken:BlessedWeapon","theForsaken:Thunderbolt"],"picked":"theForsaken:BountifulSunlight","floor":5}],"player_experience":1944172,"relics_obtained":[],"event_choices":[{"damage_healed":0,"gold_gain":343,"player_choice":"GO GO GO ","damage_taken":22,"relics_obtained":[],"max_hp_gain":0,"max_hp_loss":0,"event_name":"betterSkull:BetterSkull","floor":3,"gold_loss":0,"cards_upgraded":[]}],"is_beta":false,"boss_relics":[],"items_purged_floors":[],"is_endless":false,"potions_floor_spawned":[1,4],"killed_by":"Gremlin Nob","ascension_level":13}}