{"host":"s41rn2jhghpwfrvz","time":1614369843,"event":{"mods":["BaseMod","Minty Spire (QoL Compilation)","Quick Restart","Relic Stats","SuperFastMode"],"gold_per_floor":[112,132,132,149,168,199,217,242,296,330,330,365,290,319,319,393,393,403,417,417,434,453,484,484,517,517,542,191,217,229,262,262,334,334,351,88,102,102,102,134,147,172,172,206,206,233,245,595,595,595,595,595,595,175,206,206],"floor_reached":57,"language":"ENG","playtime":2205,"items_purged":["Leg Sweep","Gash+1"],"score":3991,"play_id":"f28e2940-1631-4b2a-aa07-520af70b3223","local_time":"20210226220403","daily_mods":["SealedDeck","Diverse","Elite Swarm"],"is_ascension_mode":true,"campfire_choices":[{"data":"True Grit","floor":11,"key":"SMITH"},{"data":"Offering","floor":15,"key":"SMITH"},{"data":"Acrobatics","floor":24,"key":"SMITH"},{"data":"Backflip","floor":32,"key":"SMITH"},{"floor":45,"key":"RECALL"},{"data":"Undo","floor":49,"key":"SMITH"},{"data":"DeusExMachina","floor":53,"key":"SMITH"}],"circlet_count":0,"master_deck":["AscendersBane","Crippling Poison","True Grit+1","Undo+1","Acrobatics+1","Backflip+1","Turbo","DeusExMachina+1","Offering+1","Offering+1","Madness+1","Madness+1","All For One+1","Grand Finale+1"],"relics":["Burning Blood","Potion Belt","Vajra","Orichalcum","Eternal Feather","Akabeko","Happy Flower","Runic Dome","Letter Opener","Omamori","Lantern","Molten Egg 2","Ancient Tea Set","Toxic Egg 2","Toy Ornithopter","Bronze Scales","SacredBark","Sundial","Whetstone","Blood Vial","Nunchaku","Old Coin","Pear","Gremlin Horn"],"acts_visited":["Exordium","TheCity","TheBeyond","TheEnding"],"potions_floor_usage":[10,16,56,56,56,56,56],"damage_taken":[{"damage":0,"enemies":"2 Louse","floor":1,"turns":3},{"damage":0,"enemies":"Jaw Worm","floor":2,"turns":4},{"damage":0,"enemies":"Cultist","floor":4,"turns":3},{"damage":0,"enemies":"2 Fungi Beasts","floor":5,"turns":3},{"damage":0,"enemies":"Lagavulin","floor":6,"turns":6},{"damage":1,"enemies":"Looter","floor":7,"turns":3},{"damage":30,"enemies":"3 Sentries","floor":8,"turns":11},{"damage":10,"enemies":"Gremlin Nob","floor":10,"turns":3},{"damage":1,"enemies":"Lagavulin","floor":12,"turns":4},{"damage":6,"enemies":"Gremlin Nob","floor":14,"turns":2},{"damage":44,"enemies":"Slime Boss","floor":16,"turns":10},{"damage":6,"enemies":"Chosen","floor":18,"turns":2},{"damage":6,"enemies":"Spheric Guardian","floor":19,"turns":1},{"damage":15,"enemies":"Snake Plant","floor":21,"turns":3},{"damage":6,"enemies":"Sentry and Sphere","floor":22,"turns":2},{"damage":7,"enemies":"Slavers","floor":23,"turns":3},{"damage":6,"enemies":"Gremlin Leader","floor":25,"turns":3},{"damage":6,"enemies":"Book of Stabbing","floor":27,"turns":2},{"damage":7,"enemies":"Slavers","floor":29,"turns":3},{"damage":6,"enemies":"Centurion and Healer","floor":30,"turns":2},{"damage":6,"enemies":"Book of Stabbing","floor":31,"turns":1},{"damage":6,"enemies":"Champ","floor":33,"turns":4},{"damage":12,"enemies":"3 Shapes","floor":35,"turns":1},{"damage":6,"enemies":"3 Darklings","floor":37,"turns":1},{"damage":12,"enemies":"Reptomancer","floor":40,"turns":3},{"damage":12,"enemies":"4 Shapes","floor":41,"turns":1},{"damage":6,"enemies":"Nemesis","floor":42,"turns":1},{"damage":12,"enemies":"Giant Head","floor":44,"turns":1},{"damage":6,"enemies":"Reptomancer","floor":46,"turns":1},{"damage":12,"enemies":"Writhing Mass","floor":47,"turns":1},{"damage":12,"enemies":"2 Orb Walkers","floor":48,"turns":1},{"damage":6,"enemies":"Awakened One","floor":50,"turns":2},{"damage":12,"enemies":"Donu and Deca","floor":51,"turns":1},{"damage":6,"enemies":"Shield and Spear","floor":55,"turns":1},{"damage":12,"enemies":"The Heart","floor":56,"turns":4}],"seed_played":"1091711129702781697","potions_obtained":[{"floor":7,"key":"PowerPotion"},{"floor":8,"key":"Swift Potion"},{"floor":10,"key":"FearPotion"},{"floor":12,"key":"Explosive Potion"},{"floor":14,"key":"ElixirPotion"},{"floor":16,"key":"Fire Potion"},{"floor":23,"key":"DuplicationPotion"},{"floor":30,"key":"DuplicationPotion"},{"floor":31,"key":"EntropicBrew"}],"is_trial":true,"path_per_floor":["M","M","?","M","M","E","M","E","T","E","R","E","?","E","R","B",null,"M","M","?","M","M","E","R","E","T","E","$","E","M","E","R","B",null,"M","$","M","?","?","E","M","E","T","E","R","E","M","?","R","B","B",null,"R","$","E","B",null],"character_chosen":"IRONCLAD","items_purchased":["Toxic Egg 2","Sundial","Pear","Swift Potion"],"campfire_rested":0,"item_purchase_floors":[28,36,54,54],"current_hp_per_floor":[74,75,68,74,75,75,75,51,51,47,53,58,58,58,64,26,63,63,63,63,54,54,53,59,59,59,59,59,58,58,58,64,64,72,66,66,66,66,52,46,40,40,40,36,45,47,43,39,48,50,46,68,75,85,85,85],"gold":206,"neow_bonus":"","is_daily":false,"chose_seed":false,"campfire_upgraded":6,"win_rate":0.0,"timestamp":1614369843,"path_taken":["M","M","?","M","M","E","M","E","T","E","R","E","?","E","R","BOSS","M","M","?","M","?","E","R","E","T","E","$","E","M","E","R","BOSS","M","$","M","?","?","E","M","E","T","E","R","E","M","?","R","BOSS","BOSS","R","$","E","BOSS"],"items_purchased_type":["Relic","Relic","Relic","Potion"],"build_version":"2020-12-22","purchased_purges":2,"victory":true,"max_hp_per_floor":[75,75,75,75,75,75,75,75,75,75,75,75,75,75,75,75,75,75,75,75,75,75,75,75,75,75,75,75,75,75,75,75,75,75,75,75,75,75,75,75,75,75,75,75,75,75,75,75,75,75,75,75,75,85,85,85],"relic_stats":{"Happy Flower":[18],"Gremlin Horn":[0,0],"counters":[35,97],"Eternal Feather":49,"Letter Opener":[778],"Whetstone":["Gash"],"Orichalcum":[6],"Burning Blood":183,"Blood Vial":12,"Nunchaku":[10],"Sundial":[68],"Bronze Scales":[63],"obtain_stats":[{"Potion Belt":6,"Lantern":25,"Pear":54,"Happy Flower":14,"Gremlin Horn":55,"SacredBark":34,"Vajra":8,"Eternal Feather":10,"Omamori":23,"Letter Opener":20,"Whetstone":40,"Orichalcum":9,"Ancient Tea Set":27,"Burning Blood":0,"Akabeko":12,"Old Coin":48,"Blood Vial":42,"Runic Dome":17,"Nunchaku":44,"Sundial":36,"Bronze Scales":31,"Molten Egg 2":26,"Toxic Egg 2":28,"Toy Ornithopter":29},{"Potion Belt":5,"Lantern":17,"Pear":33,"Happy Flower":10,"Gremlin Horn":34,"SacredBark":22,"Vajra":7,"Eternal Feather":8,"Omamori":16,"Letter Opener":13,"Whetstone":25,"Orichalcum":7,"Ancient Tea Set":18,"Burning Blood":0,"Akabeko":9,"Old Coin":31,"Blood Vial":27,"Runic Dome":11,"Nunchaku":28,"Sundial":23,"Bronze Scales":21,"Molten Egg 2":17,"Toxic Egg 2":18,"Toy Ornithopter":19},{"Potion Belt":19,"Lantern":66,"Pear":92,"Happy Flower":42,"Gremlin Horn":93,"SacredBark":78,"Vajra":33,"Eternal Feather":36,"Omamori":63,"Letter Opener":55,"Whetstone":83,"Orichalcum":33,"Ancient Tea Set":68,"Burning Blood":0,"Akabeko":40,"Old Coin":89,"Blood Vial":85,"Runic Dome":52,"Nunchaku":86,"Sundial":79,"Bronze Scales":74,"Molten Egg 2":66,"Toxic Egg 2":68,"Toy Ornithopter":71}],"Toy Ornithopter":12},"card_choices":[{"not_picked":["Metallicize","Skim"],"picked":"Turbo","floor":1},{"not_picked":["Twin Strike","Underhanded Strike","ThirdEye"],"picked":"SKIP","floor":2},{"not_picked":["Meditate","Coolheaded","Weave"],"picked":"SKIP","floor":4},{"not_picked":["Stack","Sweeping Beam","Ball Lightning"],"picked":"SKIP","floor":5},{"not_picked":["All For One","Demon Form","Fission"],"picked":"SKIP","floor":6},{"not_picked":["Protect","Cloak And Dagger","Go for the Eyes"],"picked":"SKIP","floor":7},{"not_picked":["Echo Form","Malaise"],"picked":"DeusExMachina","floor":8},{"not_picked":["Brilliance","Bludgeon","Impervious"],"picked":"SKIP","floor":10},{"not_picked":["All For One","Buffer"],"picked":"Offering","floor":12},{"not_picked":["DevaForm","Bullet Time","Envenom"],"picked":"SKIP","floor":14},{"not_picked":["Turbo","Cloak And Dagger","EmptyMind"],"picked":"SKIP","floor":18},{"not_picked":["Cleave","Capacitor","Iron Wave"],"picked":"SKIP","floor":19},{"not_picked":["EmptyFist","Beam Cell","Sucker Punch"],"picked":"SKIP","floor":21},{"not_picked":["ThirdEye","Combust","PiercingWail+1"],"picked":"SKIP","floor":22},{"not_picked":["All For One","Exhume","Alpha"],"picked":"SKIP","floor":23},{"not_picked":["Core Surge","Fission","Brilliance"],"picked":"SKIP","floor":25},{"not_picked":["Corruption","Hyperbeam+1","A Thousand Cuts"],"picked":"SKIP","floor":27},{"not_picked":["MasterReality","Feed+1","Blasphemy+1"],"picked":"SKIP","floor":29},{"not_picked":["CrushJoints+1","Tempest+1","Wild Strike+1"],"picked":"SKIP","floor":30},{"not_picked":["Devotion","Unload+1","Envenom"],"picked":"SKIP","floor":31},{"not_picked":["SpiritShield+1","Rainbow+1"],"picked":"Offering+1","floor":33},{"not_picked":["Protect+1","Cloak And Dagger+1","Undo+1"],"picked":"SKIP","floor":35},{"not_picked":["Redo+1","Wild Strike+1","Blade Dance+1"],"picked":"SKIP","floor":37},{"not_picked":["Tools of the Trade","Envenom"],"picked":"All For One+1","floor":40},{"not_picked":["EmptyMind+1","Flame Barrier+1","Dodge and Roll+1"],"picked":"SKIP","floor":41},{"not_picked":["Meteor Strike+1","Judgement+1"],"picked":"Grand Finale+1","floor":42},{"not_picked":["Thunder Strike+1","Ragnarok+1","Demon Form"],"picked":"SKIP","floor":44},{"not_picked":["Night Terror+1","Bullet Time+1","ConjureBlade+1"],"picked":"SKIP","floor":46},{"not_picked":["Redo+1","Deadly Poison+1","Go for the Eyes+1"],"picked":"SKIP","floor":47},{"not_picked":["Feed+1","Omniscience+1","DeusExMachina+1"],"picked":"SKIP","floor":55}],"player_experience":2033792,"relics_obtained":[{"floor":6,"key":"Potion Belt"},{"floor":8,"key":"Vajra"},{"floor":9,"key":"Orichalcum"},{"floor":10,"key":"Eternal Feather"},{"floor":12,"key":"Akabeko"},{"floor":14,"key":"Happy Flower"},{"floor":23,"key":"Omamori"},{"floor":25,"key":"Lantern"},{"floor":26,"key":"Molten Egg 2"},{"floor":27,"key":"Ancient Tea Set"},{"floor":29,"key":"Toy Ornithopter"},{"floor":31,"key":"Bronze Scales"},{"floor":40,"key":"Whetstone"},{"floor":42,"key":"Blood Vial"},{"floor":44,"key":"Nunchaku"},{"floor":48,"key":"Old Coin"},{"floor":55,"key":"Gremlin Horn"}],"event_choices":[{"cards_removed":["Shockwave"],"damage_healed":0,"gold_gain":0,"player_choice":"Card Removal","damage_taken":7,"max_hp_gain":0,"max_hp_loss":0,"event_name":"Golden Wing","floor":3,"gold_loss":0},{"cards_removed":["Sweeping Beam"],"damage_healed":0,"gold_gain":0,"player_choice":"Card Removal","damage_taken":0,"max_hp_gain":0,"max_hp_loss":0,"event_name":"The Cleric","floor":13,"gold_loss":75},{"damage_healed":0,"gold_gain":0,"player_choice":"Gave Potion","damage_taken":0,"relics_obtained":["Letter Opener"],"max_hp_gain":0,"max_hp_loss":0,"event_name":"WeMeetAgain","floor":20,"gold_loss":0},{"cards_removed":["Underhanded Strike"],"damage_healed":0,"gold_gain":0,"player_choice":"Removed Attack","damage_taken":0,"max_hp_gain":0,"max_hp_loss":0,"event_name":"Falling","floor":38,"gold_loss":0},{"damage_healed":0,"gold_gain":0,"player_choice":"Embrace Madness","damage_taken":14,"max_hp_gain":0,"max_hp_loss":0,"event_name":"Winding Halls","floor":39,"gold_loss":0,"cards_obtained":["Madness","Madness"]},{"damage_healed":0,"gold_gain":0,"player_choice":"Fight","damage_taken":0,"max_hp_gain":0,"max_hp_loss":0,"event_name":"Mysterious Sphere","floor":48,"gold_loss":0}],"is_beta":false,"boss_relics":[{"not_picked":["Velvet Choker","Snecko Eye"],"picked":"Runic Dome"},{"not_picked":["Runic Cube","Sozu"],"picked":"SacredBark"}],"items_purged_floors":[28,54],"is_endless":false,"potions_floor_spawned":[7,8,10,12,14,16,23,27,30,31,33,40,42,44,48],"ascension_level":20}}