{"host":"07bh1hsegidpcsuh","time":1614380092,"event":{"mods":["BaseMod","Downfall","Googly Eyes","Minty Spire (QoL Compilation)","Quick Restart","StSLib","everything is the same but u backflip on backflip"],"gold_per_floor":[115,48,48,25,38,69,69,85,108,108,118,118,134,134,134,134,134,134],"floor_reached":16,"language":"ENG","playtime":374,"items_purged":[],"score":125,"play_id":"bc394ea6-18cc-4b42-90c6-0b6e85c77ba1","local_time":"20210226175452","is_ascension_mode":false,"campfire_choices":[{"data":"champ:CheapShot","floor":7,"key":"SMITH"},{"data":"champ:GladiatorStyle","floor":10,"key":"SMITH"},{"data":"champ:StanceDance","floor":15,"key":"SMITH"}],"circlet_count":0,"master_deck":["champ:Strike","champ:Strike","champ:Strike","champ:Strike","champ:Defend","champ:Defend","champ:Defend","champ:Defend","champ:Execute","champ:Taunt","champ:EnragedBash","champ:CheapShot+1","champ:PreciseThrust","champ:SkillfulDodge","champ:GladiatorForm","champ:GladiatorStyle+1","champ:RisingSlash","champ:StanceDance+1"],"relics":["champ:ChampionCrown","NeowsBlessing","Art of War","Juzu Bracelet"],"acts_visited":["Exordium"],"potions_floor_usage":[13],"damage_taken":[{"damage":0,"enemies":"Small Slimes","floor":1,"turns":2},{"damage":0,"enemies":"Cultist","floor":5,"turns":1},{"damage":5,"enemies":"3 Sentries","floor":6,"turns":2},{"damage":16,"enemies":"Jaw Worm","floor":8,"turns":3},{"damage":10,"enemies":"Blue Slaver","floor":11,"turns":5},{"damage":13,"enemies":"Lots of Slimes","floor":13,"turns":3},{"damage":61,"enemies":"The Guardian","floor":16,"turns":5}],"seed_played":"-1891356998888777956","potions_obtained":[{"floor":5,"key":"CultistPotion"},{"floor":8,"key":"Strength Potion"},{"floor":11,"key":"Explosive Potion"}],"is_trial":false,"path_per_floor":["M","$","?","$","M","E","R","M","T","R","M","?","M","?","R","B"],"character_chosen":"THE_CHAMP","items_purchased":["champ:CheapShot","champ:PreciseThrust"],"campfire_rested":0,"item_purchase_floors":[2,4],"current_hp_per_floor":[90,90,75,75,75,75,75,74,74,74,69,69,61,61,61,0,0,0],"gold":134,"neow_bonus":"THREE_ENEMY_KILL","is_daily":false,"chose_seed":false,"campfire_upgraded":3,"win_rate":0.0,"timestamp":1614380092,"path_taken":["M","$","?","$","?","E","R","M","T","R","M","?","M","?","R","BOSS"],"items_purchased_type":["Card","Card"],"build_version":"2020-12-22","purchased_purges":0,"victory":false,"max_hp_per_floor":[90,90,90,90,90,90,90,90,90,90,90,90,90,90,90,90,90,90],"card_choices":[{"not_picked":["champ:IronFortress","champ:DefensiveShout"],"picked":"champ:EnragedBash","floor":1},{"not_picked":["champ:RapidStrikes","champ:DefensiveShout"],"picked":"champ:SkillfulDodge","floor":5},{"not_picked":["champ:CalledShot","champ:Lariat"],"picked":"champ:GladiatorForm","floor":6},{"not_picked":["champ:Endure","champ:IronFortress"],"picked":"champ:GladiatorStyle","floor":8},{"not_picked":["champ:PerfectedStrike","champ:PreciseThrust"],"picked":"champ:RisingSlash","floor":11},{"not_picked":["champ:TornadoPunch","champ:PreciseThrust"],"picked":"champ:StanceDance","floor":13}],"player_experience":1476495,"relics_obtained":[{"floor":6,"key":"Art of War"},{"floor":9,"key":"Juzu Bracelet"}],"event_choices":[{"damage_healed":0,"gold_gain":0,"player_choice":"Ignored","damage_taken":0,"max_hp_gain":0,"max_hp_loss":0,"event_name":"NoteForYourself","floor":12,"gold_loss":0},{"damage_healed":0,"gold_gain":0,"player_choice":"0 cards matched","damage_taken":0,"max_hp_gain":0,"max_hp_loss":0,"event_name":"Match and Keep!","floor":14,"gold_loss":0,"cards_obtained":[]}],"is_beta":false,"boss_relics":[],"items_purged_floors":[],"is_endless":false,"potions_floor_spawned":[5,8,11],"killed_by":"The Guardian","ascension_level":0}}