{"host":"6uq6591iqph6da66","time":1614343114,"event":{"mods":["Act Like it!","BaseMod","CapriCore","Highlight Path","KomeijiMod","Library of Ruina","Library of Ruina Extra","Lobotomy","LobotomyExtend","Marisa£¨ìFÓê¡¡Ä§ÀíÉ³£©","Minty Spire (QoL Compilation)","Quick Restart","Reimu£¨²©ÀöÁéÃÎ£©","RumiaBox-Â¶Ã×æ«µÄÉñÃØºÐ×Ó","StSLib","TestMod","The Immortal","noobMod","¡¾¹¦ÄÜMod¡¿»ìãçÖ®»·ÐÞ¸´²¹¶¡"],"gold_per_floor":[119,119,119,194,194,229,229,263,315,328,179,179,210,225,225,329,329,351,351,368,368,323,340,362,394,394,428,447,447,491,532,532,639,639,662,678,678,350,413,447,475,504,579,626,626,676,739,776,776,848,848,848,848,848,848,901,933],"floor_reached":58,"language":"ZHS","playtime":3201,"items_purged":[],"score":3118,"play_id":"e18a29e9-0141-4c38-a214-1b725d369450","local_time":"20210226203834","is_ascension_mode":true,"campfire_choices":[{"floor":12.0,"key":"RECALL"},{"data":"Multislash","floor":15.0,"key":"SMITH"},{"data":"Decapitation","floor":29.0,"key":"SMITH"},{"data":"ExtractFuel","floor":32.0,"key":"SMITH"},{"data":"TheWillOfTheCity","floor":49,"key":"SMITH"},{"data":"testmod-Reverberation","floor":54,"key":"SMITH"}],"circlet_count":0,"master_deck":["Dodge","LightAttack","LightAttack+1","LightAttack","LightDefense","LightDefense","LightDefense","ChargeAndCover+1","FocusedStrikes","Bloodbath","LoosenUp+1","AbsorbImpact","OSAHOGD","Fence","Multislash+1","FrontalAssault","Parry2","Decapitation+1","Faith","ExtractFuel+1","Necronomicurse","BiAn","Unlock1","Rewind+1","GuardingStance","ViolentFlame","GrazeTheGrass+1","WillBeTasty+1","QueenOfHatred","Castigation","InkOver","Commandeering","Madness","Deep Breath","ChiWen","GroundSmash","Observe","EnergyCycle","testmod-Reverberation+1","RepressedFlesh+1","TheWillOfTheCity+1","SwordOfVolition","BlueStar","RipSpace"],"relics":["PageOfLibrarian","testmod-TestBox","ice","CogitoBucket","RabbitCall","testmod-ArcanaOfDestiny","LetterFromLob","testmod-Acrobat","PageOfBloodbath","PageOfSnowWhitesApple","SSSystem","Philosopher\u0027s Stone","Bag of Marbles","Necronomicon","BehaviorAdjustment","testmod-AssaultLearning","Mastiff:ReiMu","MagicDraw1","Art of War","AdjustmentMirror","AtMidnight","testmod-DeterminationOfClimber","PageOfUniverseFragment","Bronze Scales","PageOfJudgementBird","Centennial Puzzle","Whetstone","Ancient Tea Set","PageOfApocalypseBird"],"acts_visited":["Exordium","TheCity","TheBeyond","TheEnding"],"potions_floor_usage":[],"damage_taken":[{"damage":4.0,"enemies":"2 Louse","floor":1.0,"turns":3.0},{"damage":10.0,"enemies":"2 Louse","floor":3.0,"turns":9.0},{"damage":9.0,"enemies":"3 Sentries","floor":6.0,"turns":9.0},{"damage":0.0,"enemies":"Small Slimes","floor":7.0,"turns":1.0},{"damage":6.0,"enemies":"Gremlin Nob","floor":8.0,"turns":6.0},{"damage":0.0,"enemies":"Cultist","floor":10.0,"turns":2.0},{"damage":0.0,"enemies":"3 Sentries","floor":13.0,"turns":6.0},{"damage":5.0,"enemies":"Gremlin Gang","floor":14.0,"turns":4.0},{"damage":0.0,"enemies":"Slime Boss","floor":16.0,"turns":5.0},{"damage":9.0,"enemies":"Shell Parasite","floor":18.0,"turns":3.0},{"damage":0.0,"enemies":"2 Thieves","floor":20.0,"turns":1.0},{"damage":4.0,"enemies":"Chosen and Byrds","floor":23.0,"turns":4.0},{"damage":15.0,"enemies":"Shelled Parasite and Fungi","floor":24.0,"turns":5.0},{"damage":13.0,"enemies":"Book of Stabbing","floor":25.0,"turns":4.0},{"damage":0.0,"enemies":"Slavers","floor":27.0,"turns":3.0},{"damage":3.0,"enemies":"Snake Plant","floor":28.0,"turns":4.0},{"damage":14.0,"enemies":"Book of Stabbing","floor":30.0,"turns":5.0},{"damage":6.0,"enemies":"Snecko","floor":31.0,"turns":14.0},{"damage":6.0,"enemies":"KingOfGreed","floor":33.0,"turns":6.0},{"damage":0.0,"enemies":"3 Shapes","floor":35.0,"turns":1.0},{"damage":2.0,"enemies":"Orb Walker","floor":36.0,"turns":2.0},{"damage":1.0,"enemies":"Transient","floor":39.0,"turns":2.0},{"damage":1.0,"enemies":"Nemesis","floor":40.0,"turns":1.0},{"damage":1.0,"enemies":"4 Shapes","floor":41.0,"turns":1.0},{"damage":0.0,"enemies":"Writhing Mass","floor":42.0,"turns":2.0},{"damage":0.0,"enemies":"Giant Head","floor":44.0,"turns":1.0},{"damage":0.0,"enemies":"Reptomancer","floor":46.0,"turns":1.0},{"damage":2.0,"enemies":"Transient","floor":47.0,"turns":1.0},{"damage":0.0,"enemies":"Nemesis","floor":48.0,"turns":1.0},{"damage":2,"enemies":"Awakened One","floor":50,"turns":1},{"damage":0,"enemies":"Shield and Spear","floor":56,"turns":1},{"damage":8,"enemies":"The Heart","floor":57,"turns":2}],"seed_played":"-2823995533551513504","potions_obtained":[{"floor":6.0,"key":"Swift Potion"},{"floor":10.0,"key":"SpeedPotion"},{"floor":13.0,"key":"EntropicBrew"},{"floor":25.0,"key":"Energy Potion"}],"is_trial":false,"path_per_floor":["M","?","?","?","?","E","M","E","T","M","$","R","E","M","R","B",null,"M","?","M","?","$","M","M","E","T","E","M","R","E","M","R","B",null,"M","M","?","$","M","E","M","M","T","E","?","E","M","E","R","B",null,null,null,"R","$","E","B",null],"character_chosen":"Librarian","items_purchased":["PageOfSnowWhitesApple","BiAn","PageOfUniverseFragment","Deep Breath"],"campfire_rested":0,"item_purchase_floors":[11,22,38,38],"current_hp_per_floor":[56,44,38,27,27,21,21,86,86,86,86,86,87,84,84,85,100,91,91,91,75,75,74,65,55,55,55,56,56,48,53,53,52,151,151,151,132,132,151,151,151,151,151,151,151,156,156,156,156,155,155,155,156,156,156,156,156],"gold":933,"neow_bonus":"","is_daily":false,"chose_seed":false,"campfire_upgraded":5,"win_rate":0.0,"timestamp":1614343114,"path_taken":["M","?","?","?","?","E","M","E","T","M","$","R","E","?","R","BOSS","M","?","M","?","?","M","M","E","T","E","?","R","E","M","R","BOSS","M","M","?","$","M","E","M","M","T","E","?","E","M","E","R","BOSS","R","$","E","BOSS"],"items_purchased_type":["Relic","Card","Relic","Card"],"build_version":"2020-12-22","purchased_purges":0,"victory":true,"max_hp_per_floor":[61,61,61,61,61,86,86,86,86,86,86,86,90,98,98,100,100,104,104,104,104,104,106,126,132,132,135,141,141,151,151,151,151,151,151,151,151,151,151,151,151,151,151,156,156,156,156,156,156,156,156,156,156,156,156,156,156],"card_choices":[{"not_picked":["SpiderBud","BlackSwan","Scorched"],"picked":"Singing Bowl","floor":1.0},{"not_picked":["MeatLantern","Scorched"],"picked":"Bloodbath","floor":1.0},{"not_picked":["Juggling","Standoff","WillProduceFineSilk","MindWhip","SinglePointStab","Gigigig","FierceCharge","MindPrepared"],"picked":"LoosenUp","floor":1.0},{"not_picked":["VoidDream","SnowQueen","MHz"],"picked":"Singing Bowl","floor":6.0},{"not_picked":["FieryWaltz","GrazeTheGrass","DeepDrag","Quickness","CleanUp","Overcharge","BayonetCombat","Endure"],"picked":"AbsorbImpact","floor":6.0},{"not_picked":["FairyFestival","ShyLook"],"picked":"OSAHOGD","floor":8.0},{"not_picked":["HiddenBlade","ScratchThat","YoureAHindrance","ForcefulGesture","Quickness","QuickSuppression","RushDown","FeatherShield"],"picked":"Fence","floor":8.0},{"not_picked":["HeroicMonk","MHz","Yin"],"picked":"Singing Bowl","floor":10.0},{"not_picked":["GuidanceOfTheGears","ForTheFamily","SinglePointStab","Unlock1","CoordinatedAssault","Clone","FendThisOffIfYouCan","FleetEdge"],"picked":"Multislash","floor":10.0},{"not_picked":["BigBird","BeautyBeast","BodiesMountain"],"picked":"Singing Bowl","floor":13.0},{"not_picked":["BackstreetsDash","UncannyStrike","StayCalm","SmokingPipe","PinpointShot","Rewind","SpearedSweep","EnergyStrike"],"picked":"FrontalAssault","floor":13.0},{"not_picked":["BigBird","Murderer","NothingThere"],"picked":"Singing Bowl","floor":14.0},{"not_picked":["NightInTheBackstreets","SnakesPrey","HandleRequest","TheRedNotes","Reload","MultiHit","SpearedSweep","Marionette"],"picked":"Parry2","floor":14.0},{"not_picked":["CherryBlossoms","Wellcheers","SpiderBud"],"picked":"Singing Bowl","floor":16.0},{"not_picked":["SavageMode","Disposal"],"picked":"Decapitation","floor":16.0},{"not_picked":["PunishingBird","WallGazer","OldLady"],"picked":"Singing Bowl","floor":18.0},{"not_picked":["InhaleSmoke","CleanUp","HiddenBlade","Eject+1","DesperateStruggle","RushDown+1","DarkCloud","ViolentFlame"],"picked":"Faith","floor":18.0},{"not_picked":["Yin","CherryBlossoms","Variant"],"picked":"Singing Bowl","floor":20.0},{"not_picked":["ClassAndRespect","GuidanceOfTheGears","MultiBlock","LawAndOrder+1","Wallop_lor+1","FlashingStrike","NightInTheBackstreets","VioletBlade+1"],"picked":"ExtractFuel","floor":20.0},{"not_picked":["Porccubus","WhiteNight","HeroicMonk"],"picked":"Singing Bowl","floor":23.0},{"not_picked":["GuardingStance","SweepTheBackstreets","DefenseOrder","DaringDecision","EnergyCycle","Parry","Diversion","ClassAndRespect+1"],"picked":"Unlock1","floor":23.0},{"not_picked":["BigBird","MHz","NakedNest"],"picked":"Singing Bowl","floor":24.0},{"not_picked":["GuidanceOfTheGears","HandleRequest","Transpierce","DesperateStruggle","SmokingPipe","Diversion+1","CircusKnives","SpearedSweep"],"picked":"Rewind+1","floor":24.0},{"not_picked":["WhitesApple","MHz","Woodsman"],"picked":"Singing Bowl","floor":25.0},{"not_picked":["FeelinGood","FormingStorm","SkyClearingCut","CircusKnives+1","BiteOff","CoordinatedAssault","Faith+1","Unlock1+1"],"picked":"GuardingStance","floor":25.0},{"not_picked":["MeltingLove","GalaxyChild","LongBird"],"picked":"Singing Bowl","floor":27.0},{"not_picked":["Outburst","FleetFootsteps+1","MultiBlock","EnergyShield","SparkingSpear","StayCalm","YoureTooSlow","Reload"],"picked":"ViolentFlame","floor":27.0},{"not_picked":["Alriune","BigBird","PunishingBird"],"picked":"Singing Bowl","floor":28.0},{"not_picked":["DarkCloud","PreemptiveStrike","SerpentineBarrier","SuppressingShot","SinglePointStab","BiAn","WillOfThePrescript","WaitUp+1"],"picked":"GrazeTheGrass+1","floor":28.0},{"not_picked":["SilentOrchestra","ShyLook","BlackSwan"],"picked":"Singing Bowl","floor":30.0},{"not_picked":["AsThePrescriptOrders+1","BindingArms","Cruelty","BiAn","Overcharge","SinglePointStab+1","PinpointShot+1","Riposte+1","Faith"],"picked":"SKIP","floor":30.0},{"not_picked":["Rudolta","Freischutz","Alriune"],"picked":"Singing Bowl","floor":31.0},{"not_picked":["SuanNi","FleetFootsteps","WillOfThePrescript","WrathOfTorment","SinglePointStab","Faith","Leap_lor","DarkCloud+1"],"picked":"WillBeTasty+1","floor":31.0},{"not_picked":["NakedNest","Variant"],"picked":"QueenOfHatred","floor":33.0},{"not_picked":["DistortedBlade","Transpierce"],"picked":"Castigation","floor":33.0},{"not_picked":["NakedNest","WhitesApple","Variant"],"picked":"Singing Bowl","floor":35.0},{"not_picked":["DesperateStruggle+1","DestructiveImpact+1","StrikeDown+1","SkitterAway+1","Leap_lor+1","RapidGashes+1","HiddenBlade+1","AGoldenOpportunity"],"picked":"InkOver","floor":35.0},{"not_picked":["LongBird","GalaxyChild","BlackSwan"],"picked":"Singing Bowl","floor":36.0},{"not_picked":["GuidanceOfTheGears+1","AutonomousRush","HighSpeedStabbing","VioletBlade+1","HandleRequest","VenomousFangs+1","BindingArms+1","ViolentFlame"],"picked":"Commandeering","floor":36.0},{"not_picked":["WhiteNight","LittlePrince","BodiesMountain"],"picked":"Singing Bowl","floor":39.0},{"not_picked":["PinpointShot+1","ForcefulGesture","UpbeatPerformance+1","AsThePrescriptOrders","StartinOutLightly+1","Parry2","ElectricShock","SerpentSwordTechnique+1","HiddenBlade+1"],"picked":"SKIP","floor":39.0},{"not_picked":["BigBird","FieryBird","RedShoes"],"picked":"Singing Bowl","floor":40.0},{"not_picked":["ForcefulGesture+1","WillProduceFineSilk","Overpower","LossOfSenses+1","ButterflySlash","UpbeatPerformance","Decapitation","Track"],"picked":"ChiWen","floor":40.0},{"not_picked":["SnowQueen","Scorched","Laetitia"],"picked":"Singing Bowl","floor":41.0},{"not_picked":["Reload","GrazeTheGrass","DesperateStruggle","Unlock1","PreparedMind","EndlessBattle+1","SharpSwipe","JiaoTu"],"picked":"GroundSmash","floor":41.0},{"not_picked":["WallGazer","DespairKnight","Mercenary"],"picked":"Singing Bowl","floor":42.0},{"not_picked":["EnergyShield","FrontalAssault","HiddenBlade+1","HandleRequest+1","GreatSerpentsImpact+1","Brawl+1","Creak","UnavoidableGaze"],"picked":"Observe","floor":42.0},{"not_picked":["Retaliate+1","BurningFlash+1","EnergyStrike+1","ShockingBlow","NightInTheBackstreets","ExtremeEdge+1","SpearedSweep","SilentNight"],"picked":"EnergyCycle","floor":44.0},{"not_picked":["LongBird","Porccubus","DreamingCurrent"],"picked":"Singing Bowl","floor":44.0},{"not_picked":["Scarecrow","SnowQueen","DreamingCurrent"],"picked":"Singing Bowl","floor":46.0},{"not_picked":["GatherIntel","SilentMist","Unlock1","AutonomousRush","FrontalAssault+1","SnakesPrey","SharpSwipe+1","Thrust+1"],"picked":"RepressedFlesh","floor":46.0},{"not_picked":["ShyLook","Yin","SnowQueen"],"picked":"Singing Bowl","floor":47.0},{"not_picked":["QuickAttack+1","Ripple+1","FleetEdge+1","EndlessBattle","IllEndYou+1","BurningFlash+1","PinpointShot","MultiHit+1"],"picked":"TheWillOfTheCity","floor":47.0},{"not_picked":["SnakesPrey","ViolentFlame","EnergyShield+1","PreemptiveStrike","Quickness","Collision","GuardingStance+1","Castigation"],"picked":"SwordOfVolition","floor":48},{"not_picked":["Funeral","MeltingLove","BlueStar"],"picked":"Singing Bowl","floor":56},{"not_picked":["Freischutz","BlackArmy"],"picked":"BlueStar","floor":56},{"not_picked":["BlazingStrike","UnavoidableGaze","HandleRequest","ClassAndRespect","OpportunitySpotted+1","Bvapour+1","UncannyStrike+1","GuardingStance"],"picked":"RipSpace","floor":56}],"player_experience":679745,"relics_obtained":[{"floor":1.0,"key":"LetterFromLob"},{"floor":6.0,"key":"testmod-Acrobat"},{"floor":8.0,"key":"PageOfBloodbath"},{"floor":13.0,"key":"SSSystem"},{"floor":21.0,"key":"Necronomicon"},{"floor":25.0,"key":"testmod-AssaultLearning"},{"floor":26.0,"key":"Mastiff:ReiMu"},{"floor":27.0,"key":"MagicDraw1"},{"floor":30.0,"key":"Art of War"},{"floor":31.0,"key":"AtMidnight"},{"floor":40.0,"key":"Bronze Scales"},{"floor":43.0,"key":"PageOfJudgementBird"},{"floor":44.0,"key":"Centennial Puzzle"},{"floor":46.0,"key":"Whetstone"},{"floor":48,"key":"Ancient Tea Set"},{"floor":56,"key":"PageOfApocalypseBird"}],"event_choices":[{"damage_healed":0.0,"max_hp_gain":0.0,"max_hp_loss":0.0,"gold_gain":0.0,"event_name":"Shining Light","player_choice":"Entered Light","floor":2.0,"gold_loss":0.0,"damage_taken":12.0,"cards_upgraded":["ChargeAndCover","LoosenUp"]},{"damage_healed":0.0,"max_hp_gain":0.0,"max_hp_loss":0.0,"gold_gain":75.0,"event_name":"World of Goop","player_choice":"Gather Gold","floor":4.0,"gold_loss":0.0,"damage_taken":11.0},{"damage_healed":0.0,"max_hp_gain":0.0,"max_hp_loss":0.0,"gold_gain":0.0,"cards_transformed":["LightDefense"],"event_name":"Transmorgrifier","player_choice":"Transformed","floor":5.0,"gold_loss":0.0,"damage_taken":0.0,"cards_obtained":["SkitterAway"]},{"damage_healed":0.0,"max_hp_gain":0.0,"max_hp_loss":0.0,"gold_gain":0.0,"event_name":"The Mausoleum","player_choice":"Opened","floor":19.0,"gold_loss":0.0,"damage_taken":0.0,"relics_obtained":["Bag of Marbles"]},{"damage_healed":0.0,"max_hp_gain":0.0,"max_hp_loss":0.0,"gold_gain":0.0,"event_name":"Cursed Tome","player_choice":"Obtained Book","floor":21.0,"gold_loss":0.0,"damage_taken":16.0},{"damage_healed":0.0,"max_hp_gain":0.0,"max_hp_loss":0.0,"gold_gain":0.0,"event_name":"Winding Halls","player_choice":"Embrace Madness","floor":37.0,"gold_loss":0.0,"damage_taken":19.0,"cards_obtained":["Madness","Madness"]},{"damage_healed":0.0,"max_hp_gain":0.0,"max_hp_loss":0.0,"gold_gain":0.0,"cards_transformed":["Madness"],"event_name":"Transmorgrifier","player_choice":"Transformed","floor":45.0,"gold_loss":0.0,"damage_taken":0.0,"cards_obtained":["testmod-Reverberation"]}],"is_beta":false,"boss_relics":[{"not_picked":["testmod-Prudence","testmod-BatchProcessingSystem"],"picked":"Philosopher\u0027s Stone"},{"not_picked":["Busted Crown","SlaversCollar"],"picked":"testmod-DeterminationOfClimber"}],"items_purged_floors":[],"is_endless":false,"potions_floor_spawned":[3,6,10,13,25,28,30,31,33,35,36,39,42,46,48,56],"ascension_level":2}}