{"host":"dapjhzz8gxmkyyt6","time":1614320567,"event":{"mods":["BaseMod","BetterRewards","Hubris","Infinite Spire","Minty Spire (QoL Compilation)","Replay The Spire","Somnambulant","StSLib","The Blackbeard","The Jungle","The Necromancer"],"gold_per_floor":[109,121,121,1,1,37,1,1,27,44,44,87,87,109,109,235,235,279,279,327,369,374,374,374],"floor_reached":22,"language":"ENG","playtime":684,"items_purged":[],"score":236,"play_id":"73c548c9-c717-4744-963f-eb7e97d9eab5","local_time":"20210226012247","is_ascension_mode":false,"campfire_choices":[{"data":"blackbeard:Bandana","floor":11,"key":"SMITH"},{"floor":13,"key":"RECALL"},{"floor":15,"key":"REST"}],"circlet_count":0,"master_deck":["blackbeard:BlackbeardStrike","blackbeard:BlackbeardStrike","blackbeard:BlackbeardStrike","blackbeard:BlackbeardStrike","blackbeard:IntimidatingStrike","blackbeard:BlackbeardDefend","blackbeard:BlackbeardDefend","blackbeard:BlackbeardDefend","blackbeard:Cutlass","blackbeard:Spear","blackbeard:Sharpening","blackbeard:Murder+1","blackbeard:Bandana+1","blackbeard:BlindAttacks+1","blackbeard:CannonballSupply","blackbeard:FieryDefense+1","blackbeard:Boarding","blackbeard:HumongousCannonball","blackbeard:WiseDefense","blackbeard:FinalBarrage","blackbeard:DelayedPain","blackbeard:Cutlass","blackbeard:CaptainsHat","blackbeard:DoubleBottom","ReplayTheSpireMod:Restless Dread","blackbeard:CannonballSupply","blackbeard:CloakAndCannonball"],"relics":["blackbeard:LoadTheCannons","Replay:Wax Seal","SlaversCollar"],"acts_visited":["Exordium","Exordium"],"potions_floor_usage":[6,22],"damage_taken":[{"damage":2,"enemies":"2 Louse","floor":1,"turns":2},{"damage":6,"enemies":"Jaw Worm","floor":2,"turns":2},{"damage":28,"enemies":"Gremlin Nob","floor":6,"turns":4},{"damage":0,"enemies":"Small Slimes","floor":10,"turns":2},{"damage":15,"enemies":"Looter","floor":12,"turns":3},{"damage":0,"enemies":"Large Slime","floor":14,"turns":3},{"damage":0,"enemies":"Slime Boss","floor":16,"turns":7},{"damage":35,"enemies":"theJungle:GiantWrat","floor":18,"turns":5},{"damage":14,"enemies":"theJungle:MUSHROOMGANG","floor":20,"turns":5},{"damage":13,"enemies":"theJungle:JungleHuntersEncounter","floor":21,"turns":9},{"damage":24,"enemies":"theJungle:2_Flameangoes","floor":22,"turns":4}],"seed_played":"4842626671667952478","potions_obtained":[{"floor":1,"key":"GamblersBrew"},{"floor":2,"key":"FearPotion"}],"is_trial":false,"path_per_floor":["M","M","?","$","?","E","$","?","T","M","R","M","R","M","R","B",null,"M","?","M","M","M"],"character_chosen":"BLACKBEARD_CLASS","items_purchased":["blackbeard:Bandana","blackbeard:BlindAttacks+1","blackbeard:FieryDefense+1"],"campfire_rested":1,"item_purchase_floors":[4,4,7],"current_hp_per_floor":[80,74,74,74,74,46,46,49,49,49,49,34,34,34,59,59,85,50,50,36,23,0,0,0],"gold":374,"neow_bonus":"TEN_PERCENT_HP_BONUS","is_daily":false,"chose_seed":false,"campfire_upgraded":1,"win_rate":0.0,"timestamp":1614320567,"path_taken":["M","M","?","$","?","E","?","?","T","M","R","M","R","M","R","BOSS","M","?","?","M","M"],"items_purchased_type":["Card","Card","Card"],"build_version":"2020-12-22","purchased_purges":0,"victory":false,"max_hp_per_floor":[82,82,82,82,82,82,82,85,85,85,85,85,85,85,85,85,85,85,85,85,85,85,85,85],"card_choices":[{"not_picked":["blackbeard:ArmorUp","blackbeard:PowderKeg"],"picked":"blackbeard:Spear","floor":1},{"not_picked":["blackbeard:Scrap","blackbeard:Dagger"],"picked":"blackbeard:Sharpening","floor":2},{"not_picked":["blackbeard:VengefulSpirit","blackbeard:Fencing"],"picked":"blackbeard:CannonballSupply","floor":6},{"not_picked":["blackbeard:FieryDefense","blackbeard:AgileStrike"],"picked":"blackbeard:Boarding","floor":10},{"not_picked":["blackbeard:GoldenDefense","blackbeard:BeatUp"],"picked":"blackbeard:HumongousCannonball","floor":12},{"not_picked":["blackbeard:WeaponProficiency","blackbeard:Dagger"],"picked":"blackbeard:WiseDefense","floor":14},{"not_picked":["blackbeard:MegaUpgrade","blackbeard:Murder"],"picked":"blackbeard:FinalBarrage","floor":16},{"not_picked":["blackbeard:SwordDance+1","blackbeard:DeadlyArsenal"],"picked":"blackbeard:DelayedPain","floor":18},{"not_picked":["blackbeard:Toast+1","blackbeard:GhostInTheRum"],"picked":"blackbeard:CannonballSupply","floor":20},{"not_picked":["blackbeard:FieryDefense","blackbeard:Toast+1"],"picked":"blackbeard:CloakAndCannonball","floor":21}],"player_experience":7355054,"relics_obtained":[{"floor":6,"key":"Replay:Wax Seal"}],"event_choices":[{"damage_healed":0,"gold_gain":0,"player_choice":"4 cards matched","damage_taken":0,"max_hp_gain":0,"max_hp_loss":0,"event_name":"Match and Keep!","floor":19,"gold_loss":0,"cards_obtained":["blackbeard:Cutlass","blackbeard:CaptainsHat","blackbeard:DoubleBottom","ReplayTheSpireMod:Restless Dread"]}],"is_beta":false,"boss_relics":[{"not_picked":["hubris:HollowSoul","Ring of Chaos"],"picked":"SlaversCollar"}],"items_purged_floors":[],"is_endless":false,"potions_floor_spawned":[1,2,12],"killed_by":"theJungle:2_Flameangoes","ascension_level":0}}