{"host":"seyebgsfkenzddlz","time":1614345039,"event":{"mods":["AchievementEnabler","BaseMod","Bestiary","Block Reminder","Colored Powertips","Minty Spire (QoL Compilation)","Practice Mode","Relic Stats"],"gold_per_floor":[117,131,131,146,146,190,190,206,276,276,276],"floor_reached":10,"language":"RUS","playtime":610,"items_purged":[],"score":78,"play_id":"62e28a6b-0254-491e-bd6b-4ed45773c4b1","local_time":"20210226231039","is_ascension_mode":true,"campfire_choices":[{"floor":7,"key":"REST"}],"circlet_count":0,"master_deck":["Strike_R","Strike_R","Strike_R","Strike_R","Strike_R","Defend_R","Defend_R","Defend_R","Defend_R+1","Bash","Injury","Body Slam+1","Pommel Strike","Injury","Disarm","Heavy Blade"],"relics":["Burning Blood","Turnip","Golden Idol","Ginger","Darkstone Periapt"],"acts_visited":[],"potions_floor_usage":[6],"damage_taken":[{"damage":9.0,"enemies":"2 Louse","floor":1.0,"turns":2.0},{"damage":8.0,"enemies":"Jaw Worm","floor":2.0,"turns":5.0},{"damage":1.0,"enemies":"Cultist","floor":4.0,"turns":3.0},{"damage":38,"enemies":"Lagavulin","floor":6,"turns":9},{"damage":7,"enemies":"Red Slaver","floor":8,"turns":4},{"damage":55,"enemies":"3 Sentries","floor":10,"turns":7}],"seed_played":"5613775647196955817","potions_obtained":[{"floor":1.0,"key":"DistilledChaos"},{"floor":8,"key":"BlessingOfTheForge"}],"is_trial":false,"path_per_floor":["M","M","?","M","?","E","R","M","T","E"],"character_chosen":"IRONCLAD","items_purchased":[],"campfire_rested":1,"item_purchase_floors":[],"current_hp_per_floor":[77,75,75,80,64,32,56,55,55,0,0],"gold":276,"neow_bonus":"ONE_RARE_RELIC","is_daily":false,"chose_seed":false,"campfire_upgraded":0,"win_rate":0.0,"timestamp":1614345039,"path_taken":["M","M","?","M","?","E","R","M","T","E"],"items_purchased_type":[],"build_version":"2020-12-22","purchased_purges":0,"victory":false,"max_hp_per_floor":[80,80,80,80,80,80,80,80,80,80,80],"relic_stats":{"Darkstone Periapt":0,"counters":[6,30],"Golden Idol":15,"Turnip":[0],"Ginger":[0],"obtain_stats":[{"Darkstone Periapt":9,"Golden Idol":3,"Turnip":0,"Ginger":6,"Burning Blood":0},{"Darkstone Periapt":5,"Golden Idol":2,"Turnip":0,"Ginger":4,"Burning Blood":0},{"Darkstone Periapt":23,"Golden Idol":7,"Turnip":0,"Ginger":19,"Burning Blood":0}],"Burning Blood":30},"card_choices":[{"not_picked":["Pommel Strike","Flex"],"picked":"Body Slam","floor":1.0},{"not_picked":["Heavy Blade","Dropkick"],"picked":"Pommel Strike","floor":2.0},{"not_picked":["Anger","Searing Blow","Clothesline"],"picked":"SKIP","floor":4.0},{"not_picked":["Feel No Pain","Combust"],"picked":"Disarm","floor":6},{"not_picked":["Perfected Strike","Havoc"],"picked":"Heavy Blade","floor":8}],"player_experience":137676,"relics_obtained":[{"floor":6,"key":"Ginger"},{"floor":9,"key":"Darkstone Periapt"}],"event_choices":[{"damage_healed":0.0,"max_hp_gain":0.0,"max_hp_loss":0.0,"gold_gain":0.0,"event_name":"Golden Idol","player_choice":"Take Wound","floor":3.0,"gold_loss":0.0,"damage_taken":0.0,"relics_obtained":["Golden Idol"],"cards_obtained":["Injury"]},{"damage_healed":0.0,"max_hp_gain":0.0,"max_hp_loss":0.0,"gold_gain":0.0,"event_name":"Shining Light","player_choice":"Entered Light","floor":5.0,"gold_loss":0.0,"damage_taken":16.0,"cards_upgraded":["Body Slam","Defend_R"]}],"is_beta":false,"boss_relics":[],"items_purged_floors":[],"is_endless":false,"potions_floor_spawned":[1,8],"killed_by":"3 Sentries","ascension_level":3}}