{"host":"9gxprskaw0c5jpbt","time":1614379070,"event":{"mods":["AchievementEnabler","BaseMod","Colored Map","Highlight Path","KOR Keyword Fix","Minty Spire (QoL Compilation)","Rare Cards Sparkle","StSLib","SuperFastMode","everything is the same but u backflip on backflip"],"gold_per_floor":[114,128,128,41,41,66,66,98,133,145,168,180,192,204,204],"floor_reached":14,"language":"KOR","playtime":170,"items_purged":[],"score":230,"play_id":"5815f559-1ab9-461f-a00f-f8dd3a79cf96","local_time":"20210227073750","is_ascension_mode":true,"campfire_choices":[{"floor":7,"key":"REST"},{"floor":10,"key":"REST"},{"floor":13,"key":"REST"}],"circlet_count":0,"master_deck":["AscendersBane","Strike_B+1","Strike_B+1","Strike_B","Strike_B+1","Defend_B","Defend_B","Defend_B","Defend_B","Zap","Dualcast+1","Skim","Defragment+1","Loop","Turbo","Self Repair","Regret"],"relics":["Cracked Core","NeowsBlessing","Whetstone","MawBank","Pen Nib","Mercury Hourglass"],"acts_visited":["Exordium"],"potions_floor_usage":[8,14],"damage_taken":[{"damage":0,"enemies":"Cultist","floor":1,"turns":1},{"damage":0,"enemies":"Jaw Worm","floor":2,"turns":1},{"damage":0,"enemies":"3 Sentries","floor":6,"turns":1},{"damage":30,"enemies":"Lagavulin","floor":8,"turns":5},{"damage":8,"enemies":"2 Louse","floor":11,"turns":3},{"damage":92,"enemies":"Gremlin Nob","floor":14,"turns":4}],"seed_played":"2487598621238908952","potions_obtained":[{"floor":1,"key":"FearPotion"},{"floor":11,"key":"ColorlessPotion"}],"is_trial":false,"path_per_floor":["M","M","?","$","?","E","R","E","T","R","M","?","R","E"],"character_chosen":"DEFECT","items_purchased":["Loop"],"campfire_rested":3,"item_purchase_floors":[4],"current_hp_per_floor":[64,64,43,43,43,43,64,34,34,55,47,47,68,0,0],"gold":204,"neow_bonus":"THREE_ENEMY_KILL","is_daily":false,"chose_seed":false,"campfire_upgraded":0,"win_rate":0.0,"timestamp":1614379070,"path_taken":["M","M","?","$","?","E","R","E","T","R","M","?","R","E"],"items_purchased_type":["Card"],"build_version":"2020-12-22","purchased_purges":0,"victory":false,"max_hp_per_floor":[71,71,71,71,71,71,71,71,71,71,71,71,71,71,71],"card_choices":[{"not_picked":["Stack","Reinforced Body"],"picked":"Skim","floor":1},{"not_picked":["Recycle","Beam Cell"],"picked":"Defragment","floor":2},{"not_picked":["Compile Driver","Fission","Consume"],"picked":"SKIP","floor":6},{"not_picked":["Compile Driver","Loop"],"picked":"Turbo","floor":8},{"not_picked":["Compile Driver","Reinforced Body"],"picked":"Self Repair","floor":11}],"player_experience":994634,"relics_obtained":[{"floor":6,"key":"Whetstone"},{"floor":8,"key":"MawBank"},{"floor":9,"key":"Pen Nib"}],"event_choices":[{"damage_healed":0,"gold_gain":0,"player_choice":"Entered Light","damage_taken":21,"max_hp_gain":0,"max_hp_loss":0,"event_name":"Shining Light","floor":3,"gold_loss":0,"cards_upgraded":["Strike_B","Defragment"]},{"damage_healed":0,"gold_gain":0,"player_choice":"Grow","damage_taken":0,"max_hp_gain":0,"max_hp_loss":0,"event_name":"Living Wall","floor":5,"gold_loss":0,"cards_upgraded":["Dualcast"]},{"damage_healed":0,"gold_gain":0,"player_choice":"Box","damage_taken":0,"relics_obtained":["Mercury Hourglass"],"max_hp_gain":0,"max_hp_loss":0,"event_name":"Big Fish","floor":12,"gold_loss":0,"cards_obtained":["Regret"]}],"is_beta":false,"boss_relics":[],"items_purged_floors":[],"is_endless":false,"potions_floor_spawned":[1,11],"killed_by":"Gremlin Nob","ascension_level":18}}