{"host":"95opfxp0quumjm7q","time":1614341714,"event":{"mods":["2.2 Compatiblity","BaseMod","Minty Spire (QoL Compilation)","StSLib","The Jungle","The Marked"],"gold_per_floor":[117,134,84,100,100,25,25,51,78,78,94,109,109,109],"floor_reached":13,"language":"DEU","playtime":702,"items_purged":["theMarked:Defend"],"score":85,"play_id":"0a5d4ba6-11c3-4e78-9a6c-5ba57df77b26","local_time":"20210226131514","is_ascension_mode":false,"campfire_choices":[{"data":"theMarked:Maelstrom","floor":7,"key":"SMITH"},{"data":"theMarked:Challenge","floor":10,"key":"SMITH"}],"circlet_count":0,"master_deck":["theMarked:Strike","theMarked:Strike","theMarked:Strike","theMarked:Strike","theMarked:Defend","theMarked:Defend","theMarked:Defend","theMarked:SoldierOfQuellstein","theMarked:Maelstrom+1","theMarked:Memento","theMarked:RepellingDischarge","theMarked:Challenge+1","theMarked:GodGivenPower"],"relics":["theMarked:ArtifactOfAir","NlothsMask","Ancient Tea Set"],"acts_visited":["Exordium"],"potions_floor_usage":[],"damage_taken":[{"damage":1.0,"enemies":"Cultist","floor":1.0,"turns":3.0},{"damage":7.0,"enemies":"2 Louse","floor":2.0,"turns":2.0},{"damage":1.0,"enemies":"Jaw Worm","floor":4.0,"turns":4.0},{"damage":25,"enemies":"Lagavulin","floor":8,"turns":9},{"damage":1,"enemies":"Exordium Wildlife","floor":11,"turns":3},{"damage":6,"enemies":"3 Louse","floor":12,"turns":3},{"damage":39,"enemies":"Gremlin Nob","floor":13,"turns":4}],"seed_played":"-2729915155634696607","potions_obtained":[{"floor":8,"key":"Strength Potion"}],"is_trial":false,"path_per_floor":["M","M","?","M","?","$","R","E","T","R","M","M","E"],"character_chosen":"THE_DEFAULT","items_purchased":[],"campfire_rested":0,"item_purchase_floors":[],"current_hp_per_floor":[78,71,71,70,70,70,70,45,45,45,44,38,0,0],"gold":109,"neow_bonus":"TEN_PERCENT_HP_BONUS","is_daily":false,"chose_seed":false,"campfire_upgraded":2,"win_rate":0.0,"timestamp":1614341714,"path_taken":["M","M","?","M","?","$","R","E","T","R","?","M","E"],"items_purchased_type":[],"build_version":"2020-12-22","purchased_purges":1,"victory":false,"max_hp_per_floor":[79,79,79,79,79,79,79,79,79,79,79,79,79,79],"card_choices":[{"not_picked":["theMarked:ResourceFulStrike","theMarked:EmpowerWeapon"],"picked":"theMarked:Maelstrom","floor":1.0},{"not_picked":["theMarked:TunnelVision","theMarked:WardOff"],"picked":"theMarked:Memento","floor":2.0},{"not_picked":["theMarked:ElectricStrings","theMarked:TakeCover"],"picked":"theMarked:RepellingDischarge","floor":4},{"not_picked":["theMarked:HeightenedSenses","theMarked:TwofoldDefense"],"picked":"theMarked:Challenge","floor":8},{"not_picked":["theMarked:TakeCover","theMarked:MuscleMemory"],"picked":"theMarked:GodGivenPower","floor":11},{"not_picked":["theMarked:TakeCover","theMarked:TwofoldDefense","theMarked:Improvise"],"picked":"SKIP","floor":12}],"player_experience":585183,"relics_obtained":[{"floor":8,"key":"Ancient Tea Set"}],"event_choices":[{"cards_removed":["theMarked:Strike"],"damage_healed":0.0,"max_hp_gain":0.0,"max_hp_loss":0.0,"gold_gain":0.0,"event_name":"The Cleric","player_choice":"Card Removal","floor":3.0,"gold_loss":50.0,"damage_taken":0.0},{"damage_healed":0,"gold_gain":0,"player_choice":"Trade","damage_taken":0,"relics_obtained":["NlothsMask"],"max_hp_gain":0,"max_hp_loss":0,"event_name":"FaceTrader","floor":5,"gold_loss":0}],"is_beta":false,"boss_relics":[],"items_purged_floors":[6],"is_endless":false,"potions_floor_spawned":[8],"killed_by":"Gremlin Nob","ascension_level":0}}