{"host":"xw709scqdmsx7obr","time":1614306694,"event":{"mods":["BaseMod","Colored Map","Downfall","Minty Spire (QoL Compilation)","Replay The Spire","StSLib"],"gold_per_floor":[115,115,215,233,258,258,38,62,85,101,141,141,41,61,61,61,61],"floor_reached":16,"language":"ENG","playtime":1253,"items_purged":["Strike_R","Hemogenesis"],"score":102,"play_id":"4a8458b2-bc5c-478c-869e-9bc111bdbb1a","local_time":"20210225213134","is_ascension_mode":false,"campfire_choices":[{"data":"Massacre","floor":6,"key":"SMITH"},{"data":"Anger","floor":12,"key":"SMITH"}],"circlet_count":0,"master_deck":["Strike_R","Strike_R","Strike_R","Strike_R","Defend_R","Defend_R","Defend_R","Defend_R","Bash","Massacre+1","Injury","Pommel Strike","Shrug It Off","Feed","Anger+1","True Grit"],"relics":["Burning Blood","NeowsBlessing","Golden Idol","Potion Belt","Blood Vial"],"acts_visited":["Exordium"],"potions_floor_usage":[11,11,16],"damage_taken":[{"damage":0,"enemies":"Jaw Worm","floor":1,"turns":1},{"damage":0,"enemies":"2 Louse","floor":4,"turns":1},{"damage":0,"enemies":"Cultist","floor":5,"turns":1},{"damage":2,"enemies":"3 Louse","floor":8,"turns":5},{"damage":21,"enemies":"Red Slaver","floor":10,"turns":5},{"damage":23,"enemies":"Gremlin Nob","floor":11,"turns":4},{"damage":9,"enemies":"Lots of Slimes","floor":14,"turns":4},{"damage":68,"enemies":"Fading Forest","floor":16,"turns":8}],"seed_played":"4030227486355827836","potions_obtained":[{"floor":1,"key":"LiquidMemories"},{"floor":5,"key":"AttackPotion"},{"floor":10,"key":"Weak Potion"}],"is_trial":false,"path_per_floor":["M","?","?","M","M","R","$","M","T","M","E","R","$","M","R_BF","B"],"character_chosen":"IRONCLAD","items_purchased":["Feed"],"campfire_rested":0,"item_purchase_floors":[7],"current_hp_per_floor":[80,80,80,80,80,80,80,80,80,65,48,48,48,50,50,0,0],"gold":61,"neow_bonus":"THREE_ENEMY_KILL","is_daily":false,"chose_seed":false,"campfire_upgraded":2,"win_rate":0.0,"timestamp":1614306694,"path_taken":["M","?","?","?","M","R","$","M","T","M","E","R","$","M","R_BF","BOSS"],"items_purchased_type":["Card"],"build_version":"2020-12-22","purchased_purges":2,"victory":false,"max_hp_per_floor":[80,80,80,80,80,80,80,80,80,80,80,80,80,83,83,83,83],"card_choices":[{"not_picked":["Metallicize","Twin Strike"],"picked":"Massacre","floor":1},{"not_picked":["Iron Wave","Perfected Strike"],"picked":"Pommel Strike","floor":4},{"not_picked":["Thunderclap","ReplayTheSpireMod:Strike From Hell"],"picked":"Shrug It Off","floor":5},{"not_picked":["Sever Soul","Headbutt"],"picked":"Hemogenesis","floor":8},{"not_picked":["Body Slam","Uppercut"],"picked":"Anger","floor":10},{"not_picked":["Body Slam","Power Through"],"picked":"True Grit","floor":11},{"not_picked":["Whirlwind","Clothesline","Uppercut"],"picked":"SKIP","floor":14}],"player_experience":121939,"relics_obtained":[{"floor":9,"key":"Potion Belt"},{"floor":11,"key":"Blood Vial"}],"event_choices":[{"damage_healed":0,"gold_gain":0,"player_choice":"Take Wound","damage_taken":0,"relics_obtained":["Golden Idol"],"max_hp_gain":0,"max_hp_loss":0,"event_name":"Golden Idol","floor":2,"gold_loss":0,"cards_obtained":["Injury"]},{"damage_healed":0,"gold_gain":100,"player_choice":"Pray","damage_taken":0,"max_hp_gain":0,"max_hp_loss":0,"event_name":"Golden Shrine","floor":3,"gold_loss":0}],"is_beta":false,"boss_relics":[],"items_purged_floors":[7,13],"is_endless":false,"potions_floor_spawned":[1,5,10],"killed_by":"Fading Forest","ascension_level":0}}