{"host":"742iv5syyyu8a2dy","time":1614308277,"event":{"mods":["BaseMod","Bestiary","Block Reminder","Colored Powertips","Downfall","Minty Spire (QoL Compilation)","Practice Mode","Quick Restart","Relic Stats","StSLib"],"gold_per_floor":[110,128,140,215,215,242,242,276,325,325,337,337,337],"floor_reached":12,"language":"ENG","playtime":451,"items_purged":[],"score":92,"play_id":"0d473028-fc8d-4be9-a1d9-1dd5379e052b","local_time":"20210225215757","is_ascension_mode":true,"campfire_choices":[{"floor":7,"key":"REST"},{"floor":10,"key":"REST"}],"circlet_count":0,"master_deck":["Strike_P","Strike_P","Strike_P","Strike_P","Defend_P","Defend_P","Defend_P","Eruption","Vigilance","Wireheading","TalkToTheHand","Crescendo","SandsOfTime"],"relics":["PureWater","HornCleat","Bag of Marbles","Ancient Tea Set"],"acts_visited":["Exordium"],"potions_floor_usage":[8],"damage_taken":[{"damage":0.0,"enemies":"Small Slimes","floor":1.0,"turns":2.0},{"damage":3.0,"enemies":"Jaw Worm","floor":2.0,"turns":3.0},{"damage":0.0,"enemies":"2 Louse","floor":3.0,"turns":1.0},{"damage":46,"enemies":"Lagavulin","floor":6,"turns":6},{"damage":38,"enemies":"Gremlin Nob","floor":8,"turns":6},{"damage":3,"enemies":"2 Fungi Beasts","floor":11,"turns":3},{"damage":0,"enemies":"3 Sentries","floor":12,"turns":1}],"seed_played":"5801667058768519385","potions_obtained":[{"floor":1.0,"key":"PowerPotion"},{"floor":2.0,"key":"Energy Potion"},{"floor":11,"key":"FairyPotion"}],"is_trial":false,"path_per_floor":["M","M","M","?","?","E","R","E","T","R","M","E"],"character_chosen":"WATCHER","items_purchased":[],"campfire_rested":2,"item_purchase_floors":[],"current_hp_per_floor":[72,69,69,58,63,17,40,2,2,25,22,22,22],"gold":337,"neow_bonus":"REMOVE_CARD","is_daily":false,"chose_seed":false,"campfire_upgraded":0,"win_rate":0.0,"timestamp":1614308277,"path_taken":["M","M","M","?","?","E","R","E","T","R","M","E"],"items_purchased_type":[],"build_version":"2020-12-22","purchased_purges":0,"victory":false,"max_hp_per_floor":[72,72,72,72,77,77,77,77,77,77,77,77,77],"relic_stats":{"counters":[7,22],"obtain_stats":[{"HornCleat":6,"Bag of Marbles":8,"PureWater":0,"Ancient Tea Set":9},{"HornCleat":4,"Bag of Marbles":5,"PureWater":0,"Ancient Tea Set":5},{"HornCleat":12,"Bag of Marbles":18,"PureWater":0,"Ancient Tea Set":18}]},"card_choices":[{"not_picked":["EmptyMind","SignatureMove","SashWhip"],"picked":"SKIP","floor":1.0},{"not_picked":["Conclude","FlurryOfBlows"],"picked":"Wireheading","floor":2.0},{"not_picked":["WheelKick","MentalFortress","Swivel"],"picked":"SKIP","floor":3.0},{"not_picked":["InnerPeace","EmptyFist"],"picked":"TalkToTheHand","floor":6},{"not_picked":["Halt","ClearTheMind"],"picked":"Crescendo","floor":8},{"not_picked":["PathToVictory","Consecrate"],"picked":"SandsOfTime","floor":11}],"player_experience":263751,"relics_obtained":[{"floor":6,"key":"HornCleat"},{"floor":8,"key":"Bag of Marbles"},{"floor":9,"key":"Ancient Tea Set"}],"event_choices":[{"damage_healed":0.0,"max_hp_gain":0.0,"max_hp_loss":0.0,"gold_gain":75.0,"event_name":"World of Goop","player_choice":"Gather Gold","floor":4.0,"gold_loss":0.0,"damage_taken":11.0},{"damage_healed":0.0,"max_hp_gain":5.0,"max_hp_loss":0.0,"gold_gain":0.0,"event_name":"Big Fish","player_choice":"Donut","floor":5.0,"gold_loss":0.0,"damage_taken":0.0}],"is_beta":false,"boss_relics":[],"items_purged_floors":[],"is_endless":false,"potions_floor_spawned":[1,2,11],"killed_by":"3 Sentries","ascension_level":1}}