{"host":"wqwfknj40rilnol1","time":1614342460,"event":{"mods":["AchievementEnabler","Aspiration","BaseMod","BetterRewards","Block Reminder","Colored Map","Conspire","Highlight Path","Hubris","Minty Spire (QoL Compilation)","Permanent Neow","Quick Restart","Relic Stats","Replay The Spire","Shop Mod","StSLib","The Cursed"],"gold_per_floor":[112,126,126,140,150,180,180,212,290,309,342,360,360,370,370,443,443,462,377,49,49,61,91,91,106,106,106,126,126,65,83,83,158,158,169,444,457,470,355,355,355,355,355,106,134,134,150,169,169,169,169],"floor_reached":50,"language":"ENG","playtime":1757,"items_purged":["Regret","Writhe"],"score":1001,"play_id":"3b1f361a-8e71-4588-9dec-26720c0183a8","local_time":"20210226132740","is_ascension_mode":true,"campfire_choices":[{"floor":7,"key":"REST"},{"data":"Bludgeon","floor":15,"key":"SMITH"},{"floor":24,"key":"REST"},{"floor":27,"key":"REST"},{"floor":32,"key":"REST"},{"floor":40,"key":"REST"},{"floor":46,"key":"REST"},{"floor":49,"key":"REST"}],"circlet_count":0,"master_deck":["AscendersBane","Strike_R","Strike_R","Strike_R","Defend_R","Defend_R","Defend_R","Defend_R","Bash+1","Headbutt","Shrug It Off","Inflame","Run Through","Bludgeon+1","Seeing Red","Pommel Strike","Warcry","Fiend Fire","Shrug It Off","J.A.X.","Inflame","Ghostly Armor","Shrug It Off+1","Carnage","Carnage","Clothesline+1","Run Through","Double Tap","Armaments+1","Spot Weakness","Impervious","Immolate","Carnage"],"relics":["Burning Blood","aspiration:Nostalgia","Cracked Core","Replay:Accelerometer","Shuriken","Pantograph","hubris:ToyBattleship","Replay:WaspNest","hubris:RunicObelisk","Replay:PocketPolymizer","aspiration:KaomsHeart"],"acts_visited":["Exordium","TheCity","TheBeyond"],"potions_floor_usage":[6,11,11,16,16,50,50],"damage_taken":[{"damage":6,"enemies":"conspire:RoseBush","floor":1,"turns":3},{"damage":6,"enemies":"Cultist","floor":2,"turns":3},{"damage":9,"enemies":"Jaw Worm","floor":4,"turns":3},{"damage":9,"enemies":"2 Fungi Beasts","floor":5,"turns":3},{"damage":16,"enemies":"Gremlin Nob","floor":6,"turns":3},{"damage":32,"enemies":"Lagavulin","floor":8,"turns":5},{"damage":7,"enemies":"3 Louse","floor":10,"turns":4},{"damage":15,"enemies":"3 Sentries","floor":11,"turns":7},{"damage":23,"enemies":"Exordium Wildlife","floor":12,"turns":3},{"damage":11,"enemies":"Large Slime","floor":14,"turns":4},{"damage":35,"enemies":"Hexaghost","floor":16,"turns":6},{"damage":25,"enemies":"2 Thieves","floor":18,"turns":4},{"damage":8,"enemies":"conspire:FuzzyDice","floor":22,"turns":4},{"damage":77,"enemies":"conspire:SneckoGhost","floor":23,"turns":6},{"damage":45,"enemies":"Shelled Parasite and Fungi","floor":25,"turns":3},{"damage":30,"enemies":"conspire:HollyBat","floor":28,"turns":7},{"damage":13,"enemies":"Snecko","floor":31,"turns":3},{"damage":83,"enemies":"Automaton","floor":33,"turns":9},{"damage":39,"enemies":"Orb Walker","floor":35,"turns":4},{"damage":58,"enemies":"3 Darklings","floor":37,"turns":4},{"damage":38,"enemies":"4 Shapes","floor":38,"turns":6},{"damage":84,"enemies":"Reptomancer","floor":45,"turns":6},{"damage":60,"enemies":"Spire Growth","floor":47,"turns":5},{"damage":51,"enemies":"Maw","floor":48,"turns":7},{"damage":96,"enemies":"Donu and Deca","floor":50,"turns":6}],"seed_played":"-8008722021284691832","potions_obtained":[{"floor":2,"key":"Fire Potion"},{"floor":6,"key":"Block Potion"},{"floor":10,"key":"BloodPotion"},{"floor":11,"key":"Fruit Juice"},{"floor":12,"key":"SkillPotion"},{"floor":25,"key":"Dexterity Potion"},{"floor":28,"key":"Swift Potion"},{"floor":37,"key":"Strength Potion"}],"is_trial":false,"path_per_floor":["M","M","?","M","M","E","R","E","T","M","E","M","T","M","R","B",null,"M","?","$","?","M","E","R","M","T","R","M","?","$","M","R","B",null,"M","?","M","M","$","R","?","?","T","$","E","R","M","M","R","B"],"character_chosen":"IRONCLAD","items_purchased":["aspiration:KaomsHeart","Carnage","Armaments+1","aspiration:KMNothing","aspiration:KMNothing","aspiration:KMNothing","Impervious","aspiration:KMNothing","aspiration:KMNothing","aspiration:KMNothing"],"campfire_rested":7,"item_purchase_floors":[20,30,39,39,39,39,44,44,44,44],"current_hp_per_floor":[68,68,68,65,62,52,74,48,48,47,58,41,41,36,36,32,68,49,49,149,149,147,76,130,91,91,145,121,100,100,93,147,95,159,126,126,74,42,42,96,132,132,132,132,54,108,54,9,63,0,0],"gold":169,"neow_bonus":"NOSTALGIA","is_daily":false,"chose_seed":false,"campfire_upgraded":1,"win_rate":0.0,"timestamp":1614342460,"path_taken":["M","M","?","?","M","E","R","E","T","?","E","M","?","M","R","BOSS","M","?","$","?","M","E","R","M","T","R","?","?","$","M","R","BOSS","M","?","M","?","$","R","?","?","T","$","E","R","M","M","R","BOSS"],"items_purchased_type":["Relic","Card","Card","Relic","Relic","Relic","Card","Relic","Relic","Relic"],"build_version":"2020-12-22","purchased_purges":2,"victory":false,"max_hp_per_floor":[75,75,75,75,75,75,75,75,75,75,80,80,80,80,80,80,80,80,80,180,180,180,180,180,180,180,180,180,180,180,180,180,180,180,180,180,180,180,180,180,180,180,180,180,180,180,180,180,180,180,180],"relic_stats":{"counters":[25,118],"Shuriken":[12],"Pantograph":75,"obtain_stats":[{"Replay:Accelerometer":6,"Replay:PocketPolymizer":19,"aspiration:Nostalgia":0,"Shuriken":8,"Pantograph":9,"aspiration:KaomsHeart":20,"Replay:WaspNest":13,"hubris:ToyBattleship":11,"hubris:RunicObelisk":17,"Cracked Core":0,"Burning Blood":0},{"Replay:Accelerometer":5,"Replay:PocketPolymizer":12,"aspiration:Nostalgia":0,"Shuriken":6,"Pantograph":6,"aspiration:KaomsHeart":12,"Replay:WaspNest":9,"hubris:ToyBattleship":8,"hubris:RunicObelisk":11,"Cracked Core":0,"Burning Blood":0},{"Replay:Accelerometer":15,"Replay:PocketPolymizer":48,"aspiration:Nostalgia":0,"Shuriken":20,"Pantograph":20,"aspiration:KaomsHeart":48,"Replay:WaspNest":34,"hubris:ToyBattleship":31,"hubris:RunicObelisk":44,"Cracked Core":0,"Burning Blood":0}],"Burning Blood":144},"card_choices":[{"not_picked":["Iron Wave","hubris:ReadiedAction","Evolve"],"picked":"SKIP","floor":1},{"not_picked":["Havoc","Wild Strike"],"picked":"Headbutt","floor":2},{"not_picked":["Armaments","Evolve"],"picked":"Shrug It Off","floor":4},{"not_picked":["Thunderclap","Warcry"],"picked":"Inflame","floor":5},{"not_picked":["Twin Strike","Life Link"],"picked":"Run Through","floor":6},{"not_picked":["Clothesline","Feel No Pain"],"picked":"Bludgeon","floor":8},{"not_picked":["Sword Boomerang","Flex","Feel No Pain"],"picked":"SKIP","floor":10},{"not_picked":["Brutality","Second Wind"],"picked":"Seeing Red","floor":11},{"not_picked":["Sword Boomerang","Perfected Strike"],"picked":"Pommel Strike","floor":12},{"not_picked":["Battle Trance","Armaments"],"picked":"Warcry","floor":14},{"not_picked":["Corruption","Juggernaut"],"picked":"Fiend Fire","floor":16},{"not_picked":["Armaments","Rage"],"picked":"Shrug It Off","floor":18},{"not_picked":["Dropkick","Anger"],"picked":"Inflame","floor":22},{"not_picked":["ReplayTheSpireMod:Limb From Limb+1","Body Slam+1"],"picked":"Ghostly Armor","floor":23},{"not_picked":["Perfected Strike","Replay:Undeath\u0027s Touch+1","Wild Strike+1"],"picked":"SKIP","floor":25},{"not_picked":["Dark Embrace+1","Sever Soul"],"picked":"Shrug It Off+1","floor":28},{"not_picked":["Dropkick","Armaments"],"picked":"Clothesline+1","floor":31},{"not_picked":["Offering","hubris:StunningStrike"],"picked":"Double Tap","floor":33},{"not_picked":["Pommel Strike","Warcry","Clothesline"],"picked":"SKIP","floor":35},{"not_picked":["ReplayTheSpireMod:Muscle Training","Heavy Blade","conspire:Charge"],"picked":"SKIP","floor":37},{"not_picked":["Sword Boomerang","Warcry","Iron Wave"],"picked":"SKIP","floor":38},{"not_picked":["Reckless Charge","ReplayTheSpireMod:Limb From Limb"],"picked":"Immolate","floor":45},{"not_picked":["Wild Strike+1","Inflame","Fire Breathing+1"],"picked":"SKIP","floor":47},{"not_picked":["ReplayTheSpireMod:Strike From Hell","Pummel+1","Heavy Blade"],"picked":"SKIP","floor":48}],"player_experience":329491,"relics_obtained":[{"floor":6,"key":"Replay:Accelerometer"},{"floor":8,"key":"Shuriken"},{"floor":9,"key":"Pantograph"},{"floor":11,"key":"hubris:ToyBattleship"},{"floor":13,"key":"Replay:WaspNest"},{"floor":23,"key":"aspiration:KMNothing"},{"floor":29,"key":"Nilry\u0027s Codex"},{"floor":43,"key":"aspiration:KMNothing"},{"floor":45,"key":"aspiration:KMNothing"}],"event_choices":[{"damage_healed":0,"gold_gain":0,"player_choice":"Upgraded","damage_taken":0,"max_hp_gain":0,"max_hp_loss":0,"event_name":"Upgrade Shrine","floor":3,"gold_loss":0,"cards_upgraded":["Bash"]},{"damage_healed":0,"gold_gain":0,"player_choice":"Obtained Relic","damage_taken":0,"relics_obtained":["Replay:PocketPolymizer"],"max_hp_gain":0,"max_hp_loss":0,"event_name":"Addict","floor":19,"gold_loss":85},{"damage_healed":0,"gold_gain":0,"player_choice":"Obtain J.A.X.","damage_taken":0,"max_hp_gain":0,"max_hp_loss":0,"event_name":"Drug Dealer","floor":21,"gold_loss":0,"cards_obtained":["J.A.X."]},{"damage_healed":0,"gold_gain":0,"player_choice":"Obtained Book","damage_taken":21,"max_hp_gain":0,"max_hp_loss":0,"event_name":"Cursed Tome","floor":29,"gold_loss":0},{"damage_healed":0,"gold_gain":275,"player_choice":"Desecrate","damage_taken":0,"max_hp_gain":0,"max_hp_loss":0,"event_name":"Golden Shrine","floor":36,"gold_loss":0,"cards_obtained":["Regret"]},{"damage_healed":36,"gold_gain":0,"player_choice":"Writhe","damage_taken":0,"max_hp_gain":0,"max_hp_loss":0,"event_name":"Winding Halls","floor":41,"gold_loss":0,"cards_obtained":["Writhe"]}],"is_beta":false,"boss_relics":[{"not_picked":["SacredBark","Ooze Armor"],"picked":"hubris:RunicObelisk"},{"not_picked":["aspiration:KMNothing","aspiration:KMNothing"],"picked":"aspiration:KMNothing"}],"items_purged_floors":[39,44],"is_endless":false,"potions_floor_spawned":[2,6,10,11,12,25,28,33,35,37,47],"killed_by":"Donu and Deca","ascension_level":17}}