{"host":"np4f5reu8f2vit8r","time":1614378404,"event":{"mods":["BaseMod","Bestiary","Curses Come First","Minty Spire (QoL Compilation)","Permanent Neow","Relic Stats","StSLib"],"gold_per_floor":[113,132,144,144,144,178,196,196,249,41,41,68,68,83,83,157,157,173,189,207,219,232,232,232,259,259,285,299,314,344,344,344,423,423,441,456,64,64,64],"floor_reached":38,"language":"ENG","playtime":2660,"items_purged":["Strike_R","Anger"],"score":896,"play_id":"b4065bf7-df06-4dc4-ab49-fb8c94a717b4","local_time":"20210227112643","is_ascension_mode":true,"campfire_choices":[{"data":"Apotheosis","floor":8.0,"key":"SMITH"},{"data":"Battle Trance","floor":11.0,"key":"SMITH"},{"floor":13.0,"key":"REST"},{"data":"Brutality","floor":15.0,"key":"SMITH"},{"data":"Rupture","floor":23.0,"key":"SMITH"},{"floor":32.0,"key":"REST"}],"circlet_count":0,"master_deck":["AscendersBane","Strike_R+1","Strike_R+1","Strike_R+1","Strike_R+1","Defend_R+1","Defend_R+1","Defend_R+1","Defend_R+1","Bash","Apotheosis+1","Battle Trance+1","Headbutt+1","Pommel Strike","Reaper","Brutality+1","Uppercut","Reaper","Headbutt","Rupture+1","Battle Trance+1","Flex+1","Dual Wield+1","Reaper","Dark Embrace+1","True Grit+1","True Grit+1","Sword Boomerang","Limit Break+1","Warcry+1","Burning Pact+1","Dropkick"],"relics":["Burning Blood","Toxic Egg 2","Orichalcum","Anchor","Lantern","Philosopher\u0027s Stone","Question Card","Potion Belt","Bag of Preparation","White Beast Statue","Akabeko","Black Star","Frozen Eye"],"acts_visited":["Exordium","TheCity","TheBeyond"],"potions_floor_usage":[38],"damage_taken":[{"damage":10.0,"enemies":"Small Slimes","floor":1.0,"turns":4.0},{"damage":11.0,"enemies":"Jaw Worm","floor":2.0,"turns":3.0},{"damage":0.0,"enemies":"Cultist","floor":3.0,"turns":3.0},{"damage":39.0,"enemies":"Gremlin Nob","floor":6.0,"turns":4.0},{"damage":12.0,"enemies":"Large Slime","floor":7.0,"turns":10.0},{"damage":28.0,"enemies":"Lagavulin","floor":12.0,"turns":5.0},{"damage":0.0,"enemies":"Exordium Wildlife","floor":14.0,"turns":3.0},{"damage":37.0,"enemies":"Hexaghost","floor":16.0,"turns":9.0},{"damage":14.0,"enemies":"2 Thieves","floor":18.0,"turns":4.0},{"damage":21.0,"enemies":"Spheric Guardian","floor":19.0,"turns":4.0},{"damage":38.0,"enemies":"Chosen and Byrds","floor":20.0,"turns":5.0},{"damage":40.0,"enemies":"Shelled Parasite and Fungi","floor":21.0,"turns":5.0},{"damage":5.0,"enemies":"Snake Plant","floor":22.0,"turns":3.0},{"damage":32.0,"enemies":"Book of Stabbing","floor":25.0,"turns":4.0},{"damage":15.0,"enemies":"Gremlin Leader","floor":27.0,"turns":5.0},{"damage":1.0,"enemies":"Snecko","floor":28.0,"turns":2.0},{"damage":27.0,"enemies":"Shelled Parasite and Fungi","floor":29.0,"turns":3.0},{"damage":116.0,"enemies":"Slavers","floor":30.0,"turns":9.0},{"damage":95,"enemies":"Champ","floor":33,"turns":17},{"damage":46,"enemies":"3 Darklings","floor":35,"turns":7},{"damage":2,"enemies":"3 Shapes","floor":36,"turns":3},{"damage":81,"enemies":"2 Orb Walkers","floor":38,"turns":4}],"seed_played":"6020730461739936148","potions_obtained":[{"floor":6.0,"key":"Regen Potion"},{"floor":21.0,"key":"Explosive Potion"},{"floor":27.0,"key":"Weak Potion"},{"floor":33,"key":"Regen Potion"},{"floor":35,"key":"BloodPotion"}],"is_trial":false,"path_per_floor":["M","M","M","?","T","E","M","R","T","$","R","E","R","M","R","B",null,"M","M","M","M","M","R","?","E","T","E","M","M","E","T","R","B",null,"M","M","$","?"],"character_chosen":"IRONCLAD","items_purchased":["Block Potion","LiquidMemories","Burning Pact+1","Dropkick","Frozen Eye"],"campfire_rested":2,"item_purchase_floors":[10,10,37,37,37],"current_hp_per_floor":[64,59,65,45,45,12,26,26,26,26,26,11,31,42,42,18,56,55,45,30,16,25,25,25,15,15,68,68,68,33,33,53,68,68,68,68,68,0,0],"gold":64,"neow_bonus":"RANDOM_COLORLESS_2","is_daily":false,"chose_seed":false,"campfire_upgraded":4,"win_rate":0.0,"timestamp":1614378403,"path_taken":["M","M","M","?","?","E","M","R","T","?","R","E","R","M","R","BOSS","M","M","M","?","M","R","?","E","T","E","M","M","E","?","R","BOSS","M","M","$","?"],"items_purchased_type":["Potion","Potion","Card","Card","Relic"],"build_version":"2020-12-22","purchased_purges":2,"victory":false,"max_hp_per_floor":[68,68,68,68,68,68,68,68,68,68,68,68,68,68,68,68,68,68,68,68,68,68,68,68,68,68,68,68,68,68,68,68,68,68,68,68,68,68,68],"relic_stats":{"counters":[22,115],"Bag of Preparation":[14],"Black Star":0,"Orichalcum":[198],"Question Card":7,"obtain_stats":[{"Potion Belt":26,"Lantern":12,"Bag of Preparation":27,"Orichalcum":6,"Question Card":25,"Burning Blood":0,"White Beast Statue":30,"Akabeko":31,"Frozen Eye":37,"Anchor":9,"Philosopher\u0027s Stone":17,"Black Star":34,"Toxic Egg 2":5},{"Potion Belt":14,"Lantern":6,"Bag of Preparation":15,"Orichalcum":4,"Question Card":14,"Burning Blood":0,"White Beast Statue":18,"Akabeko":18,"Frozen Eye":21,"Anchor":5,"Philosopher\u0027s Stone":8,"Black Star":19,"Toxic Egg 2":3},{"Potion Belt":66,"Lantern":29,"Bag of Preparation":71,"Orichalcum":14,"Question Card":66,"Burning Blood":0,"White Beast Statue":85,"Akabeko":85,"Frozen Eye":112,"Anchor":24,"Philosopher\u0027s Stone":41,"Black Star":102,"Toxic Egg 2":10}],"Burning Blood":98},"card_choices":[{"not_picked":["Transmutation","The Bomb"],"picked":"Apotheosis","floor":0.0},{"not_picked":["Power Through","Clothesline"],"picked":"Battle Trance","floor":1.0},{"not_picked":["Uppercut","Burning Pact"],"picked":"Headbutt","floor":2.0},{"not_picked":["Shrug It Off","Headbutt"],"picked":"Pommel Strike","floor":3.0},{"not_picked":["Armaments+1","True Grit+1"],"picked":"Reaper","floor":6.0},{"not_picked":["Pommel Strike","Iron Wave"],"picked":"Anger","floor":7.0},{"not_picked":["Searing Blow","Clash"],"picked":"Brutality","floor":12.0},{"not_picked":["Anger","Iron Wave"],"picked":"Uppercut","floor":14.0},{"not_picked":["Juggernaut","Berserk"],"picked":"Reaper","floor":16.0},{"not_picked":["Anger","Sword Boomerang+1"],"picked":"Headbutt","floor":18.0},{"not_picked":["Headbutt","Wild Strike"],"picked":"Rupture","floor":19.0},{"not_picked":["Body Slam","Uppercut"],"picked":"Battle Trance+1","floor":20.0},{"not_picked":["Heavy Blade+1","Second Wind+1"],"picked":"Flex+1","floor":21.0},{"not_picked":["True Grit+1","Dropkick"],"picked":"Dual Wield+1","floor":22.0},{"not_picked":["Searing Blow+1","Pummel"],"picked":"Reaper","floor":25.0},{"not_picked":["Heavy Blade","Pummel","Clash"],"picked":"Dark Embrace+1","floor":27.0},{"not_picked":["Inflame","Evolve","Second Wind+1"],"picked":"True Grit+1","floor":28.0},{"not_picked":["Body Slam","Iron Wave+1","Heavy Blade"],"picked":"True Grit+1","floor":29.0},{"not_picked":["True Grit+1","Rampage","Shrug It Off+1"],"picked":"Sword Boomerang","floor":30.0},{"not_picked":["Fiend Fire","Corruption","Brutality"],"picked":"Limit Break+1","floor":33},{"not_picked":["Flex+1","Uppercut","Dropkick"],"picked":"Warcry+1","floor":35},{"not_picked":["Cleave","Headbutt","Infernal Blade+1","Armaments+1"],"picked":"SKIP","floor":36}],"player_experience":978626,"relics_obtained":[{"floor":5.0,"key":"Toxic Egg 2"},{"floor":6.0,"key":"Orichalcum"},{"floor":9.0,"key":"Anchor"},{"floor":12.0,"key":"Lantern"},{"floor":25.0,"key":"Question Card"},{"floor":26.0,"key":"Potion Belt"},{"floor":27.0,"key":"Bag of Preparation"},{"floor":30.0,"key":"White Beast Statue"},{"floor":31.0,"key":"Akabeko"}],"event_choices":[{"damage_healed":0.0,"max_hp_gain":0.0,"max_hp_loss":0.0,"gold_gain":0.0,"event_name":"Shining Light","player_choice":"Entered Light","floor":4.0,"gold_loss":0.0,"damage_taken":20.0,"cards_upgraded":["Defend_R","Headbutt"]},{"damage_healed":0.0,"max_hp_gain":0.0,"max_hp_loss":0.0,"gold_gain":0.0,"event_name":"Back to Basics","player_choice":"Simplicity","floor":24.0,"gold_loss":0.0,"damage_taken":0.0,"cards_upgraded":["Strike_R","Strike_R","Strike_R","Strike_R","Defend_R","Defend_R","Defend_R"]},{"damage_healed":0,"gold_gain":0,"player_choice":"Fight","damage_taken":0,"max_hp_gain":0,"max_hp_loss":0,"event_name":"Mysterious Sphere","floor":38,"gold_loss":0}],"is_beta":false,"boss_relics":[{"not_picked":["Mark of Pain","SacredBark"],"picked":"Philosopher\u0027s Stone"},{"not_picked":["Tiny House","Empty Cage"],"picked":"Black Star"}],"items_purged_floors":[10,37],"is_endless":false,"potions_floor_spawned":[6,14,18,21,22,27,33,35,36],"killed_by":"2 Orb Walkers","ascension_level":20}}