{"host":"ul3z8ex5o8l5j7mh","time":1614369932,"event":{"mods":["2.2 Compatiblity","AchievementEnabler","BaseMod","Bestiary","Colored Map","Colored Powertips","Curses Come First","DeckTracker","Highlight Path","Keyboard Shortcuts","Minty Spire (QoL Compilation)","Relic Sorter","Relic Stats","StSLib","SuperFastMode"],"gold_per_floor":[109,125,75,90,105,105,135,145,170,184,259,259,4,4,4,103,103,83,96,106,106,106],"floor_reached":21,"language":"ENG","playtime":881,"items_purged":[],"score":238,"play_id":"90f87fe0-5498-416d-b5d4-716073727606","local_time":"20210226210532","is_ascension_mode":true,"campfire_choices":[{"data":"Clothesline","floor":6,"key":"SMITH"},{"floor":12,"key":"REST"},{"floor":15,"key":"REST"}],"circlet_count":0,"master_deck":["Strike_R","Strike_R+1","Strike_R","Strike_R+1","Strike_R","Defend_R","Defend_R","Defend_R","Defend_R","Cleave","Clothesline+1","Iron Wave","Rupture","Sword Boomerang","Shockwave","Apotheosis","Brutality","Entrench","Uppercut","Heavy Blade"],"relics":["Burning Blood","The Courier","Whetstone","HandDrill","PreservedInsect","Snecko Eye"],"acts_visited":["Exordium","TheCity"],"potions_floor_usage":[7,8,16],"damage_taken":[{"damage":14,"enemies":"2 Louse","floor":1,"turns":3},{"damage":7,"enemies":"Jaw Worm","floor":2,"turns":3},{"damage":4,"enemies":"Cultist","floor":4,"turns":3},{"damage":11,"enemies":"Red Slaver","floor":5,"turns":3},{"damage":25,"enemies":"3 Sentries","floor":7,"turns":9},{"damage":17,"enemies":"Blue Slaver","floor":8,"turns":4},{"damage":26,"enemies":"Gremlin Gang","floor":10,"turns":5},{"damage":50,"enemies":"Hexaghost","floor":16,"turns":11},{"damage":29,"enemies":"2 Thieves","floor":18,"turns":4},{"damage":23,"enemies":"Spheric Guardian","floor":19,"turns":4},{"damage":32,"enemies":"Chosen and Byrds","floor":20,"turns":6},{"damage":37,"enemies":"Sentry and Sphere","floor":21,"turns":5}],"seed_played":"-5203928693315418902","potions_obtained":[{"floor":2,"key":"SteroidPotion"},{"floor":7,"key":"Dexterity Potion"},{"floor":10,"key":"BlessingOfTheForge"},{"floor":18,"key":"FairyPotion"},{"floor":20,"key":"SpeedPotion"}],"is_trial":false,"path_per_floor":["M","M","?","M","M","R","E","M","T","M","?","R","$","?","R","B",null,"M","M","M","M"],"character_chosen":"IRONCLAD","items_purchased":["Apotheosis","HandDrill"],"campfire_rested":2,"item_purchase_floors":[13,13],"current_hp_per_floor":[72,71,71,73,68,68,49,38,38,18,7,33,33,33,59,15,70,47,30,32,0,0],"gold":106,"neow_bonus":"TEN_PERCENT_HP_BONUS","is_daily":false,"chose_seed":false,"campfire_upgraded":1,"win_rate":0.0,"timestamp":1614369932,"path_taken":["M","M","?","M","M","R","E","M","T","M","?","R","$","?","R","BOSS","M","?","M","M"],"items_purchased_type":["Card","Relic"],"build_version":"2020-12-22","purchased_purges":0,"victory":false,"max_hp_per_floor":[88,88,88,88,88,88,88,88,88,88,88,88,88,88,88,88,88,88,88,88,88,88],"relic_stats":{"counters":[12,60],"Snecko Eye":[30,35,37,32],"PreservedInsect":0,"HandDrill":[8],"Whetstone":["Strike_R","Strike_R"],"obtain_stats":[{"Snecko Eye":17,"The Courier":7,"PreservedInsect":14,"HandDrill":13,"Whetstone":9,"Burning Blood":0},{"Snecko Eye":8,"The Courier":5,"PreservedInsect":7,"HandDrill":7,"Whetstone":6,"Burning Blood":0},{"Snecko Eye":41,"The Courier":21,"PreservedInsect":30,"HandDrill":30,"Whetstone":25,"Burning Blood":0}],"Burning Blood":66},"card_choices":[{"not_picked":["Havoc","Warcry"],"picked":"Cleave","floor":1},{"not_picked":["Feel No Pain","Burning Pact"],"picked":"Clothesline","floor":2},{"not_picked":["Power Through","True Grit","Dark Embrace"],"picked":"SKIP","floor":4},{"not_picked":["Cleave","True Grit"],"picked":"Iron Wave","floor":5},{"not_picked":["Fire Breathing","Wild Strike"],"picked":"Rupture","floor":7},{"not_picked":["Pummel","Disarm"],"picked":"Sword Boomerang","floor":8},{"not_picked":["Double Tap","Wild Strike"],"picked":"Shockwave","floor":10},{"not_picked":["Limit Break","Barricade"],"picked":"Brutality","floor":16},{"not_picked":["Anger","Warcry"],"picked":"Entrench","floor":18},{"not_picked":["True Grit+1","Sword Boomerang"],"picked":"Uppercut","floor":19},{"not_picked":["True Grit","Warcry"],"picked":"Heavy Blade","floor":20}],"player_experience":446623,"relics_obtained":[{"floor":7,"key":"The Courier"},{"floor":9,"key":"Whetstone"},{"floor":14,"key":"PreservedInsect"}],"event_choices":[{"cards_removed":["Bash"],"damage_healed":0,"gold_gain":0,"player_choice":"Card Removal","damage_taken":0,"max_hp_gain":0,"max_hp_loss":0,"event_name":"The Cleric","floor":3,"gold_loss":50},{"damage_healed":0,"gold_gain":75,"player_choice":"Gather Gold","damage_taken":11,"max_hp_gain":0,"max_hp_loss":0,"event_name":"World of Goop","floor":11,"gold_loss":0},{"damage_healed":0,"gold_gain":0,"player_choice":"Relic","damage_taken":0,"max_hp_gain":0,"max_hp_loss":0,"event_name":"Wheel of Change","floor":14,"gold_loss":0}],"is_beta":false,"boss_relics":[{"not_picked":["Sozu","Black Star"],"picked":"Snecko Eye"}],"items_purged_floors":[],"is_endless":false,"potions_floor_spawned":[2,7,10,18,20],"killed_by":"Sentry and Sphere","ascension_level":6}}