{"host":"dvz52zoduqbx9zr0","time":1614330856,"event":{"mods":["AchievementEnabler","Always Whale","Aspiration","BaseMod","BetterRewards","Colored Map","Conspire","Custom Start","Downfall","Halation","Hubris","Jedi Mod","Minty Spire (QoL Compilation)","Relic Sorter","Replay The Spire","Shop Mod","StSLib","SuperFastMode"],"gold_per_floor":[0,20,37,37,51,66,111,111,127,127,176,187,87,87,87,118,130,228,228,228,238,252,252,115,115,115,115,0,17,34,63,63,82,92,190,190,90,102,113,113,318,334,381,83,83,96,96,127,27,46,63,63,63,96,48,48,48,48,48,48],"floor_reached":58,"language":"ENG","playtime":4299,"items_purged":["Writhe","Slimebound:AcidTongue","Slimebound:Recollect","Slimebound:Split"],"score":863,"play_id":"654efccd-e304-4624-9876-486e5b8a548e","local_time":"20210226191416","is_ascension_mode":false,"campfire_choices":[{"data":"Slimebound:CorrosiveSpit","floor":1,"key":"SMITH"},{"data":"Slimebound:TagTeam","floor":8,"key":"SMITH"},{"data":"Slimebound:Prepare","floor":10,"key":"SMITH"},{"data":"Slimebound:GoopSpray","floor":13,"key":"SMITH"},{"data":"Slimebound:RainOfGoop","floor":20,"key":"SMITH"},{"data":"Slimebound:ForwardTackle","floor":25,"key":"SMITH"},{"data":"Slimebound:ForwardTackle","floor":32,"key":"SMITH"},{"floor":37,"key":"RECALL"},{"data":"Slimebound:SplitBruiser","floor":45,"key":"SMITH"},{"data":"Slimebound:SamplingLick","floor":47,"key":"SMITH"},{"data":"Slimebound:Schlurp","floor":49,"key":"SMITH"},{"data":"Slimebound:Schlurp","floor":56,"key":"SMITH"}],"circlet_count":0,"master_deck":["Slimebound:Strike_Slimebound","Slimebound:Strike_Slimebound","Slimebound:Tackle","Slimebound:Defend_Slimebound","Slimebound:Defend_Slimebound","Slimebound:Defend_Slimebound","Slimebound:CorrosiveSpit+1","Slimebound:SlimeTap","Slimebound:Prepare+1","Slimebound:Schlurp+1","Slimebound:TagTeam+1","Slimebound:Schlurp+1","Slimebound:GoopSpray+1","Slimebound:SplitBruiser+1","Slimebound:RainOfGoop+1","Slimebound:Schlurp","Slimebound:GoopTackle+1","Slimebound:ForwardTackle+1","Slimebound:ComboTackle","Slimebound:ForwardTackle+1","Slimebound:ComboTackle","Slimebound:SamplingLick+1","Slimebound:ComboTackle+1","Slimebound:SlimeSpikes+1","Slimebound:HauntingLick+1","Slimebound:Schlurp","Slimebound:LeechLife","Slimebound:SlimeSpikes+1","Slimebound:TongueLash","Slimebound:HauntingLick","Slimebound:SamplingLick","Slimebound:LeechLife","Slimebound:HungryTackle","Slimebound:Dissolve+1"],"relics":["Slimebound:AbsorbEndCombat","hubris:Towel","Slimebound:AggressiveSlimeRelic","downfall:HeartBlessingBlue","Quantum Egg","hubris:Backtick","hubris:Potato","InkBottle","aspiration:FrozenJewel","StoneCalendar","halation:ForbiddenBikini","downfall:HeartBlessingGreen","ReplayTheSpireMod:TigerMarble","hubris:EmptyBottle","ReplayFunnel","downfall:HeartBlessingRed","jedi:HeartOfTheCards"],"acts_visited":["Exordium","TheCity","TheBeyond","TheEnding"],"potions_floor_usage":[18,35,35,46,46,54,54,57,58,58,58,58],"damage_taken":[{"damage":2,"enemies":"Small Slimes","floor":2,"turns":5},{"damage":1,"enemies":"Jaw Worm","floor":3,"turns":3},{"damage":0,"enemies":"2 Louse","floor":5,"turns":1},{"damage":0,"enemies":"Blue Slaver","floor":6,"turns":2},{"damage":2,"enemies":"Gremlin Gang","floor":9,"turns":3},{"damage":0,"enemies":"Exordium Wildlife","floor":12,"turns":3},{"damage":2,"enemies":"Gremlin Nob","floor":16,"turns":3},{"damage":2,"enemies":"3 Louse","floor":17,"turns":2},{"damage":0,"enemies":"WA_ARCHETYPE_RETAIN","floor":18,"turns":4},{"damage":14,"enemies":"downfall:LooterAlt2","floor":21,"turns":3},{"damage":0,"enemies":"Chosen","floor":22,"turns":3},{"damage":0,"enemies":"downfall:FleeingMerchant","floor":24,"turns":4},{"damage":8,"enemies":"downfall:FleeingMerchant","floor":28,"turns":4},{"damage":11,"enemies":"3 Cultists","floor":29,"turns":5},{"damage":13,"enemies":"Snake Plant","floor":30,"turns":3},{"damage":5,"enemies":"Gremlin Leader","floor":31,"turns":5},{"damage":0,"enemies":"Shelled Parasite and Fungi","floor":33,"turns":3},{"damage":0,"enemies":"Cultist and Chosen","floor":34,"turns":4},{"damage":57,"enemies":"IC_MUSHROOM_ARCHETYPE","floor":35,"turns":8},{"damage":0,"enemies":"Orb Walker","floor":38,"turns":2},{"damage":0,"enemies":"3 Shapes","floor":39,"turns":2},{"damage":0,"enemies":"downfall:FleeingMerchant","floor":41,"turns":1},{"damage":0,"enemies":"Transient","floor":42,"turns":5},{"damage":0,"enemies":"Writhing Mass","floor":46,"turns":3},{"damage":0,"enemies":"Giant Head","floor":48,"turns":7},{"damage":0,"enemies":"4 Shapes","floor":50,"turns":4},{"damage":0,"enemies":"Maw","floor":51,"turns":3},{"damage":59,"enemies":"DF_ARCHETYPE_ORBS","floor":52,"turns":11},{"damage":44,"enemies":"downfall:CharBossMerchant","floor":54,"turns":6},{"damage":71,"enemies":"downfall:NeowBoss","floor":57,"turns":18},{"damage":56,"enemies":"downfall:NeowBossFinal","floor":58,"turns":3}],"seed_played":"5862850167614291076","potions_obtained":[{"floor":5,"key":"Languid Potion"},{"floor":6,"key":"Slimebound:SlimedPotion"},{"floor":9,"key":"Slimebound:SlimedPotion"},{"floor":12,"key":"EssenceOfSteel"},{"floor":21,"key":"SmokeBomb"},{"floor":35,"key":"AttackPotion"},{"floor":42,"key":"Death Potion"},{"floor":46,"key":"Toxic Potion"},{"floor":50,"key":"AttackPotion"}],"is_trial":false,"path_per_floor":["R","M","M","?","M","M","T","R","M","R","T","M","R","PTL","PTL","E","M","B",null,"R","M","M","?","$","R","T","?","$","M","M","E","R","M","M","B",null,"R","M","M","?","$","M","T","$","R","M","R","E","R","M","M","B",null,"E","$","R","B","B"],"character_chosen":"SLIMEBOUND","items_purchased":["Slimebound:ComboTackle","hubris:EmptyBottle","SkillPotion"],"campfire_rested":0,"item_purchase_floors":[24,44,55],"current_hp_per_floor":[65,65,65,65,65,65,65,65,65,65,65,65,75,75,75,75,75,75,75,75,65,69,69,75,75,75,75,71,65,54,57,57,63,71,18,75,75,75,75,85,85,85,85,85,85,85,85,85,85,85,85,83,85,71,71,71,14,0,0,0],"gold":48,"neow_bonus":"TRANSFORM_TWO_CARDS","is_daily":false,"chose_seed":false,"campfire_upgraded":11,"win_rate":0.0,"timestamp":1614330856,"path_taken":["R","M","M","?","M","M","T","R","M","R","?","M","R","PTL","PTL","E","M","BOSS","R","M","M","?","$","R","T","?","$","M","M","E","R","M","M","BOSS","R","M","M","?","$","?","T","$","R","M","R","E","R","M","M","BOSS","E","$","R","BOSS","BOSS"],"items_purchased_type":["Card","Relic","Potion"],"build_version":"2020-12-22","purchased_purges":4,"victory":false,"max_hp_per_floor":[65,65,65,65,65,65,65,65,65,65,65,65,75,75,75,75,75,75,75,75,75,75,75,75,75,75,75,75,75,75,75,75,75,75,75,75,75,75,75,85,85,85,85,85,85,85,85,85,85,85,85,85,85,85,85,85,85,85,85,85],"card_choices":[{"not_picked":["Slimebound:Repurpose","Slimebound:LeechEnergy"],"picked":"Slimebound:Prepare","floor":2},{"not_picked":["Slimebound:BestDefense","Slimebound:SplitBruiser"],"picked":"Slimebound:Schlurp","floor":3},{"not_picked":["Slimebound:ViciousTackle","Slimebound:Equalize"],"picked":"Slimebound:TagTeam","floor":5},{"not_picked":["Slimebound:SplitBruiser","Slimebound:ServeAndProtect"],"picked":"Slimebound:Schlurp","floor":6},{"not_picked":["Slimebound:ForwardTackle","Slimebound:SlimeTap"],"picked":"Slimebound:GoopSpray","floor":9},{"not_picked":["Slimebound:ItLooksTasty","Slimebound:SlimeBrawl"],"picked":"Slimebound:SplitBruiser","floor":12},{"not_picked":["Slimebound:SlimeBrawl","Slimebound:SplitAcid"],"picked":"Slimebound:RainOfGoop","floor":16},{"not_picked":["Slimebound:GoopTackle","Slimebound:LivingWall"],"picked":"Slimebound:Schlurp","floor":17},{"not_picked":["Slimebound:WasteNot","Slimebound:Overexert"],"picked":"Slimebound:OneTwoCombo","floor":18},{"not_picked":["Slimebound:Gluttony","Slimebound:PressTheAttack+1"],"picked":"Slimebound:Recollect","floor":21},{"not_picked":["Slimebound:DisruptingSlam+1","Slimebound:SplitAcid"],"picked":"Slimebound:GoopTackle+1","floor":22},{"not_picked":["Slimebound:ServeAndProtect","Slimebound:GoopTackle+1"],"picked":"Slimebound:ForwardTackle","floor":24},{"not_picked":["Slimebound:SplitBruiser","Slimebound:PressTheAttack"],"picked":"Slimebound:ComboTackle","floor":28},{"not_picked":["Slimebound:RollThrough","Slimebound:ComboTackle+1"],"picked":"Slimebound:SamplingLick","floor":29},{"not_picked":["Slimebound:ServeAndProtect","Slimebound:GrowthPunch+1"],"picked":"Slimebound:ComboTackle+1","floor":30},{"not_picked":["Slimebound:LivingWall+1","Slimebound:GoopTackle"],"picked":"Slimebound:SlimeSpikes+1","floor":31},{"not_picked":["Slimebound:SlimeBrawl","Slimebound:Grow+1"],"picked":"Slimebound:HauntingLick+1","floor":33},{"not_picked":["Slimebound:Teamwork","Slimebound:SplitMire"],"picked":"Slimebound:Schlurp","floor":34},{"not_picked":["Slimebound:DuplicatedForm","Slimebound:SlimeSlap"],"picked":"Slimebound:LeechLife","floor":35},{"not_picked":["Slimebound:AcidTongue","Slimebound:LeechEnergy","Slimebound:RollThrough+1"],"picked":"SKIP","floor":38},{"not_picked":["Slimebound:SlimeTap+1","Slimebound:Chomp+1"],"picked":"Slimebound:SlimeSpikes+1","floor":39},{"not_picked":["Slimebound:DouseInSlime","Slimebound:RainOfGoop"],"picked":"Slimebound:TongueLash","floor":41},{"not_picked":["Slimebound:FirmFortitude","Slimebound:PressTheAttack+1"],"picked":"Slimebound:HauntingLick","floor":42},{"not_picked":["Slimebound:LeechEnergy+1","Slimebound:ItLooksTasty"],"picked":"Slimebound:SamplingLick","floor":46},{"not_picked":["Slimebound:SplitAcid+1","Slimebound:DivideAndConquer","Slimebound:OneTwoCombo"],"picked":"SKIP","floor":48},{"not_picked":["Slimebound:SplitLeeching","Slimebound:ItLooksTasty+1"],"picked":"Slimebound:LeechLife","floor":50},{"not_picked":["Slimebound:ComboTackle","Slimebound:RollThrough+1"],"picked":"Slimebound:HungryTackle","floor":51},{"not_picked":["Slimebound:SplitBruiser+1","Slimebound:SpikyOuterGoop+1"],"picked":"Slimebound:Dissolve+1","floor":54}],"player_experience":244336,"relics_obtained":[{"floor":7,"key":"Slimebound:AggressiveSlimeRelic"},{"floor":16,"key":"Quantum Egg"},{"floor":26,"key":"aspiration:FrozenJewel"},{"floor":31,"key":"StoneCalendar"},{"floor":43,"key":"ReplayTheSpireMod:TigerMarble"},{"floor":48,"key":"ReplayFunnel"},{"floor":54,"key":"jedi:HeartOfTheCards"}],"event_choices":[{"damage_healed":0,"gold_gain":0,"player_choice":"Read","damage_taken":0,"max_hp_gain":0,"max_hp_loss":0,"event_name":"The Library","floor":27,"gold_loss":0,"cards_obtained":["Slimebound:ForwardTackle"]},{"cards_removed":["Slimebound:OneTwoCombo"],"damage_healed":0,"gold_gain":0,"player_choice":"Offered Rare","damage_taken":0,"max_hp_gain":10,"max_hp_loss":0,"event_name":"Bonfire Elementals","floor":40,"gold_loss":0}],"is_beta":false,"boss_relics":[{"not_picked":["halation:SmartPhone","halation:LoveArrow"],"picked":"hubris:Backtick"},{"not_picked":["halation:HeavySnake","aspiration:RunicSpoon"],"picked":"halation:ForbiddenBikini"}],"items_purged_floors":[24,28,41,44],"is_endless":false,"potions_floor_spawned":[5,6,9,12,21,29,31,33,35,42,46,50],"killed_by":"downfall:NeowBossFinal","ascension_level":0}}