{"host":"9oysz4knkucnjyyz","time":1614377117,"event":{"mods":["100% Spire Juice","2.2 Compatiblity","A Penny For Your Troubles","Act Like it!","BaseMod","Better Altar","Better Match","Better Note","Better Sensory Stone","Better Skull","Better Third Choice","BetterRewards","Displayed Cursed Tome","Downfall","Friendly Minions","Googly Eyes","GungeonMod","Hallownest","Hermit","Library of Ruina","Library of Ruina Extra","Lobotomy","LobotomyExtend","Minty Spire (QoL Compilation)","Reliquary","Spicy Shops","Spire Arcade","Spire Birthday Party","StSLib","The Bug Knight","Wide Potions","everything is the same but u backflip on backflip","slay the spire mod where everything is the same but ironclad has a cowboy hat"],"gold_per_floor":[117,117,127,142,159,186,186,197,278,289,302,302,337,353,353,453,453,465,475,190,210,230,230,244,279,279,279,295,329,329,364,364,461,461,472,482,497,497,529,563,563,613,638,638,638,656,656,670,670,671,671],"floor_reached":52,"language":"ENG","playtime":2951,"items_purged":[],"score":1760,"play_id":"db81bf8b-e62a-4038-a03f-90f5a1ae1454","local_time":"20210226170517","is_ascension_mode":true,"campfire_choices":[{"data":"SharpenedBlade","floor":7,"key":"SMITH"},{"data":"DegradedShockwave","floor":15,"key":"SMITH"},{"data":"FrontalAssault","floor":23,"key":"SMITH"},{"data":"Faith","floor":32,"key":"SMITH"},{"floor":41,"key":"RECALL"},{"floor":44,"key":"DIG"},{"floor":49,"key":"DIG"}],"circlet_count":0,"master_deck":["DegradedFairy","DegradedFairy","DegradedFairy","DegradedChain","DegradedChain","DegradedLock","DegradedPillar","DegradedShockwave+1","WallGazer","SilentMist","OSAHOGD","Parry2","Wellcheers","FrontalAssault+1","Bloodbath","BindingChains","Scorched","SharpenedBlade+1","BigBird","Faith+1","GreedKing","Mercenary","GoinFirst","Tttonst","QueenBee","SharpenedBlade","LaLuna","UnforgettableMelody","MeltingLove","TendonChords","SilentMist+1","RedShoes","NothingThere","LeRegole","BigBadWolf","Observe","Insight+1","GoinFirst","MHz","BlackArmy","BodiesMountain","TendonChords+1","SilentOrchestra","PreemptiveStrike+1","PunishingBird","Faith+1","CENSORED","SenseQuarry","Freischutz"],"relics":["PageOfLibrarian","CogitoBucket","RabbitCall","LetterFromLob","PageOfScorchedGirl","SkinProphecy","Question Card","Centennial Puzzle","reliquary:WritOfMandamus","HellTrain","PageOfSnowWhitesApple","PageOfQueenBee","Potion Belt","Art of War","MutagenicStrength","AtMidnight","HollowMod:PaleOreRelic","Pen Nib","Busted Crown","reliquary:Knoch","Shovel","Strawberry","Blood Vial","HonorFeather","Gaze_r","reliquary:Stiletto","LuminousBracelet"],"acts_visited":["Exordium","TheCity","TheBeyond"],"potions_floor_usage":[16,28,50,50,50,50,52],"damage_taken":[{"damage":0,"enemies":"Jaw Worm","floor":1,"turns":1},{"damage":0,"enemies":"2 Louse","floor":3,"turns":1},{"damage":2,"enemies":"Cultist","floor":4,"turns":2},{"damage":2,"enemies":"Looter","floor":5,"turns":2},{"damage":4,"enemies":"3 Sentries","floor":6,"turns":3},{"damage":9,"enemies":"Exordium Wildlife","floor":8,"turns":2},{"damage":0,"enemies":"Blue Slaver","floor":10,"turns":1},{"damage":6,"enemies":"2 Fungi Beasts","floor":11,"turns":3},{"damage":0,"enemies":"Lagavulin","floor":13,"turns":2},{"damage":0,"enemies":"3 Louse","floor":14,"turns":1},{"damage":17,"enemies":"The Guardian","floor":16,"turns":3},{"damage":9,"enemies":"2 Thieves","floor":18,"turns":2},{"damage":2,"enemies":"Spheric Guardian","floor":19,"turns":1},{"damage":6,"enemies":"Centurion and Healer","floor":21,"turns":3},{"damage":2,"enemies":"Sentry and Sphere","floor":22,"turns":1},{"damage":0,"enemies":"Cultist and Chosen","floor":24,"turns":2},{"damage":15,"enemies":"Book of Stabbing","floor":25,"turns":3},{"damage":64,"enemies":"Chosen and Byrds","floor":28,"turns":7},{"damage":6,"enemies":"Gremlin Leader","floor":29,"turns":3},{"damage":2,"enemies":"Book of Stabbing","floor":31,"turns":2},{"damage":71,"enemies":"KingOfGreed","floor":33,"turns":5},{"damage":2,"enemies":"3 Shapes","floor":35,"turns":2},{"damage":0,"enemies":"3 Darklings","floor":36,"turns":2},{"damage":19,"enemies":"Spire Growth","floor":37,"turns":3},{"damage":34,"enemies":"Jaw Worm Horde","floor":39,"turns":4},{"damage":33,"enemies":"Nemesis","floor":40,"turns":3},{"damage":4,"enemies":"Mind Bloom Boss Battle","floor":42,"turns":2},{"damage":35,"enemies":"Jaw Worm Horde","floor":46,"turns":2},{"damage":126,"enemies":"Jaw Worm Horde","floor":47,"turns":3},{"damage":0,"enemies":"Jaw Worm Horde","floor":47,"turns":1},{"damage":2,"enemies":"3 Darklings","floor":48,"turns":1},{"damage":129,"enemies":"Awakened One","floor":50,"turns":6},{"damage":68,"enemies":"Malkuth","floor":52,"turns":6},{"damage":24,"enemies":"Netzach","floor":52,"turns":4},{"damage":322,"enemies":"Geburah","floor":52,"turns":9},{"damage":334,"enemies":"Binah","floor":52,"turns":13},{"damage":156,"enemies":"Angela","floor":52,"turns":5}],"seed_played":"-5073219554061929165","potions_obtained":[{"floor":3,"key":"SteroidPotion"},{"floor":11,"key":"champ:CounterPotion"},{"floor":18,"key":"DuplicationPotion"},{"floor":21,"key":"Regen Potion"},{"floor":25,"key":"bronze:BurnAndBuffPotion"},{"floor":28,"key":"FearPotion"},{"floor":40,"key":"ColorlessPotion"},{"floor":42,"key":"Explosive Potion"}],"is_trial":false,"path_per_floor":["M","?","M","M","M","E","R","M","T","M","M","M","E","M","R","B",null,"M","M","$","M","M","R","M","E","T","?","M","E","?","E","R","B",null,"M","M","M","?","?","E","R","?","T","R","?","M","?","M","R","B",null,null],"character_chosen":"Librarian","items_purchased":["PageOfSnowWhitesApple","PageOfQueenBee"],"campfire_rested":0,"item_purchase_floors":[20,20],"current_hp_per_floor":[60,65,65,63,61,58,58,49,49,45,35,35,34,30,30,12,105,89,84,84,74,71,71,70,83,83,83,64,98,98,124,124,126,126,128,130,128,128,96,100,100,135,142,142,142,124,140,147,147,166,166],"gold":291,"neow_bonus":"","is_daily":false,"chose_seed":false,"campfire_upgraded":4,"win_rate":0.0,"timestamp":1614377117,"path_taken":["M","?","M","M","M","E","R","M","T","?","M","M","E","M","R","BOSS","M","M","$","M","M","R","M","E","T","?","M","E","?","E","R","BOSS","M","M","M","?","?","E","R","?","T","R","?","?","?","M","R","BOSS"],"items_purchased_type":["Relic","Relic"],"build_version":"2020-12-22","purchased_purges":0,"victory":true,"max_hp_per_floor":[90,95,95,95,95,95,95,95,95,97,99,99,101,103,103,105,105,109,111,111,113,115,115,117,119,119,119,120,122,122,124,124,126,126,128,130,132,132,134,133,133,135,142,142,142,141,145,147,147,166,166],"card_choices":[{"not_picked":["Bloodbath","BeautyBeast"],"picked":"WallGazer","floor":1},{"not_picked":["YouOnlyLiveOnce","DirtyBlow","BackAttack","BlazingStrike","Standoff","Outburst","SetFire","DestructiveImpact"],"picked":"SilentMist","floor":1},{"not_picked":["Scarecrow","VoidDream"],"picked":"OSAHOGD","floor":3},{"not_picked":["EnergyCycle","EnergyShield","FormingStorm","CircusKnives","SmokingPipe","Reload","SerpentSwordTechnique","HandleRequest"],"picked":"Parry2","floor":3},{"not_picked":["DespairKnight","VoidDream"],"picked":"Wellcheers","floor":4},{"not_picked":["MindWhip","UnforgettableMelody","HighKick","FeelinGood","WillOfThePrescript","EndlessBattle","InnerArdor","FierceCharge"],"picked":"FrontalAssault","floor":4},{"not_picked":["VoidDream","Funeral"],"picked":"Bloodbath","floor":5},{"not_picked":["BiAn","EnergyConversion","Unlock1","BlazingStrike","Rewind","EnergyShield","FocusFire","Standoff"],"picked":"BindingChains","floor":5},{"not_picked":["SpiderBud","ShyLook"],"picked":"Scorched","floor":6},{"not_picked":["FierceCharge","Outburst","ViolentFlame","StartinOutLightly","Leap_lor","StrikeDown","HeavyPeaks","Rewind"],"picked":"SharpenedBlade","floor":6},{"not_picked":["Freischutz","MeatLantern","VoidDream"],"picked":"Singing Bowl","floor":8},{"not_picked":["BigBadWolf","HappyTeddy"],"picked":"BigBird","floor":8},{"not_picked":["FleetEdge","DefenseOrder","GuardingStance","ToWhereThePrescriptPoints","BiXi","ShockRound","QuickSuppression","BlazingStrike"],"picked":"Faith","floor":8},{"not_picked":["CherryBlossoms","HeroicMonk"],"picked":"GreedKing","floor":10},{"not_picked":["JiaoTu","GuardingStance","CookingPrep","Reload","AssaultOrder","Pound","FleetFootsteps","RagingStormLove","BackAttack","ShockingBlow"],"picked":"SKIP","floor":10},{"not_picked":["Murderer","OldLady","VoidDream"],"picked":"Singing Bowl","floor":11},{"not_picked":["OldLady","FairyFestival"],"picked":"Mercenary","floor":11},{"not_picked":["Clone","MultiBlock","Parry2","EnergyStrike","MindPrepared","BlowItUp","BladeWhirl","Endure","Reload"],"picked":"GoinFirst","floor":11},{"not_picked":["HappyTeddy","MHz","OldLady"],"picked":"Singing Bowl","floor":13},{"not_picked":["Slice_lor","FleshFillet","FlowOfTheSword","LossOfSenses","SpearedSweep","Eliminate","Overpower","Execute_lor","BurningFlash"],"picked":"Tttonst","floor":13},{"not_picked":["NakedNest","BeautyBeast","UniverseFragment"],"picked":"Singing Bowl","floor":14},{"not_picked":["Murderer","Yin"],"picked":"QueenBee","floor":14},{"not_picked":["Suppress","SpearedSweep","GuardingStance","AlloutWar","LawAndOrder","SharpSwipe","Faith","ElectricShock","AbsorbImpact"],"picked":"SharpenedBlade","floor":14},{"not_picked":["FairyFestival","CherryBlossoms"],"picked":"LaLuna","floor":16},{"not_picked":["ScratchThat","BoundaryOfDeath","FormingStorm"],"picked":"UnforgettableMelody","floor":16},{"not_picked":["FairyFestival","Variant","UniverseFragment"],"picked":"Singing Bowl","floor":18},{"not_picked":["SpiderBud","FieryBird"],"picked":"MeltingLove","floor":18},{"not_picked":["SuppressingShot","BurningFlash+1","Parry2","IronWall","Laceration+1","Preparation","MultiHit","YoureAHindrance","Parry"],"picked":"TendonChords","floor":18},{"not_picked":["SnowQueen","SpiderBud","BeautyBeast"],"picked":"Singing Bowl","floor":19},{"not_picked":["EnergyShield+1","SharpSwipe+1","SkyClearingCut","Thrust","MindPrepared","QuickAttack","RagingStormLove","UpbeatPerformance","StayCalm+1"],"picked":"SilentMist+1","floor":19},{"not_picked":["Murderer","DespairKnight","SpiderBud"],"picked":"Singing Bowl","floor":21},{"not_picked":["UnavoidableGaze","ElectricShock","ShockingBlow","AGoldenOpportunity","EnergyBeam","ToWhereThePrescriptPoints","GuidanceOfTheGears","Preparation","KeepItFresh","Rewind"],"picked":"SKIP","floor":21},{"not_picked":["DreamingCurrent","SpiderBud","Alriune"],"picked":"Singing Bowl","floor":22},{"not_picked":["DreamingCurrent","Laetitia"],"picked":"RedShoes","floor":22},{"not_picked":["Rewind","NightInTheBackstreets","Outburst","Guardian_lor","WillOfThePrescript","IronWall","SerpentSwordTechnique","Punishment","EnergyShield","SetFire+1"],"picked":"SKIP","floor":22},{"not_picked":["BlackSwan","DreamingCurrent"],"picked":"NothingThere","floor":24},{"not_picked":["Feast","FocusFire","IllEndYou","EnergyShield+1","TendonChords+1","SerpentSwordTechnique","Unlock1","Multislash","GuardingStance"],"picked":"LeRegole","floor":24},{"not_picked":["Murderer","GalaxyChild"],"picked":"BigBadWolf","floor":25},{"not_picked":["Castigation","ClassAndRespect","NightInTheBackstreets","FlyingSword+1","SpearedSweep","GreatSerpentsImpact","ForcefulGesture","HandlingWork","Unlock1","IdentifyWeakpoint"],"picked":"SKIP","floor":25},{"not_picked":["TreeSapRelic","ChangeAnythingRelic","ResearcherNoteRelic"],"picked":"Singing Bowl","floor":28},{"not_picked":["PinpointShot","SnakesPrey+1","HighKick","SteelKnuckles","KeepItFresh+1","ICanCookAnything+1","FierceCharge","EnergyStrike","GuardingStance","Standoff"],"picked":"SKIP","floor":28},{"not_picked":["Rudolta","CherryBlossoms","Porccubus"],"picked":"Singing Bowl","floor":29},{"not_picked":["MindPrepared","TrashDisposal","RushDown","ForTheFamily","FaintMemories","Diversion","Brawl","Eject","HighSpeedStabbing"],"picked":"Observe","floor":29},{"not_picked":["SnowQueen","ShyLook","HappyTeddy"],"picked":"Singing Bowl","floor":31},{"not_picked":["Endure+1","BackAttack","AsThePrescriptOrders","Guardian_lor+1","StructuralAnalysis+1","ICanCookAnything","GrazeTheGrass","HighSpeedStabbing","EnergyBeam","Preparation"],"picked":"SKIP","floor":31},{"not_picked":["DreamingCurrent","Yin","MeatLantern"],"picked":"Singing Bowl","floor":33},{"not_picked":["WillProduceFineSilk","Observe","Cruelty"],"picked":"GoinFirst","floor":33},{"not_picked":["Woodsman","Scarecrow","Yin"],"picked":"Singing Bowl","floor":35},{"not_picked":["Parry2+1","SinglePointStab","WillOfThePrescript","DesperateStruggle+1","SmokingPipe+1","DimensionalRift","Standoff+1","Parry+1"],"picked":"SKIP","floor":35},{"not_picked":["SpiderBud","CherryBlossoms","MeatLantern"],"picked":"Singing Bowl","floor":36},{"not_picked":["SnowQueen","LittleHelper"],"picked":"MHz","floor":36},{"not_picked":["Diversion+1","QuickSuppression+1","RhinoRam+1","SavageMode","DirtyBlow","Unlock1+1","FendThisOffIfYouCan+1","HeavyPeaks"],"picked":"SKIP","floor":36},{"not_picked":["BeautyBeast","HappyTeddy","SpiderBud"],"picked":"Singing Bowl","floor":37},{"not_picked":["Retaliate","DefenseOrder+1","MultiHit+1","WillOfThePrescript","BiteOff+1","Outburst","UncannyStrike+1","CutIn+1"],"picked":"SKIP","floor":37},{"not_picked":["CherryBlossoms","Woodsman"],"picked":"BlackArmy","floor":39},{"not_picked":["EnergyStrike","Pound","Leap_lor","SpearedSweep","SilentNight","YouOnlyLiveOnce+1","UnavoidableGaze","HighSpeedStabbing+1"],"picked":"SKIP","floor":39},{"not_picked":["OldLady","WhitesApple","MeatLantern"],"picked":"Singing Bowl","floor":40},{"not_picked":["HeroicMonk","LittlePrince"],"picked":"BodiesMountain","floor":40},{"not_picked":["BlowItUp","StructuralAnalysis","ClassAndRespect+1","MindWhip","BurningFlash+1","Guardian_lor+1","SpearedSweep"],"picked":"TendonChords+1","floor":40},{"not_picked":["HeroicMonk","GalaxyChild"],"picked":"SilentOrchestra","floor":42},{"not_picked":["Juggling","FeelinGood","Pound+1","TieShanKao","VenomousFangs","MultiHit+1","SparkingSpear"],"picked":"PreemptiveStrike+1","floor":42},{"not_picked":["WhitesApple","SpiderBud"],"picked":"PunishingBird","floor":46},{"not_picked":["Thrust+1","MultiHit","EnergyStrike","HighKick","PreemptiveStrike","BackstreetsDash","QuickAttack+1"],"picked":"Faith+1","floor":46},{"not_picked":["FairyFestival","Alriune","CrumblingArmor"],"picked":"Singing Bowl","floor":48},{"not_picked":["DespairKnight","Freischutz"],"picked":"CENSORED","floor":48},{"not_picked":["PreemptiveStrike+1","ClassAndRespect","RhinoRam+1","Eliminate","Rewind+1","HandleRequest+1","Standoff+1"],"picked":"SenseQuarry","floor":48},{"not_picked":["LittleHelper","DespairKnight"],"picked":"Freischutz","floor":50}],"player_experience":397470,"relics_obtained":[{"floor":1,"key":"LetterFromLob"},{"floor":6,"key":"PageOfScorchedGirl"},{"floor":9,"key":"Question Card"},{"floor":13,"key":"Centennial Puzzle"},{"floor":25,"key":"Potion Belt"},{"floor":26,"key":"Art of War"},{"floor":28,"key":"AtMidnight"},{"floor":29,"key":"HollowMod:PaleOreRelic"},{"floor":31,"key":"Pen Nib"},{"floor":40,"key":"reliquary:Knoch"},{"floor":42,"key":"Shovel"},{"floor":43,"key":"Strawberry"},{"floor":44,"key":"Blood Vial"},{"floor":49,"key":"reliquary:Stiletto"}],"event_choices":[{"damage_healed":0,"gold_gain":0,"player_choice":"Donut","damage_taken":0,"max_hp_gain":5,"max_hp_loss":0,"event_name":"Big Fish","floor":2,"gold_loss":0},{"damage_healed":0,"gold_gain":0,"player_choice":"Inject Mutagens","damage_taken":0,"relics_obtained":["MutagenicStrength"],"max_hp_gain":0,"max_hp_loss":0,"event_name":"Drug Dealer","floor":27,"gold_loss":0},{"damage_healed":0,"gold_gain":0,"player_choice":"Insight","damage_taken":1,"max_hp_gain":0,"max_hp_loss":0,"event_name":"betterThird:BetterWriting","floor":30,"gold_loss":0,"cards_obtained":["Insight"]},{"damage_healed":0,"gold_gain":0,"player_choice":"Ignored","damage_taken":0,"max_hp_gain":0,"max_hp_loss":0,"event_name":"Tomb of Lord Red Mask","floor":38,"gold_loss":0},{"damage_healed":0,"gold_gain":0,"player_choice":"Fight","damage_taken":0,"max_hp_gain":0,"max_hp_loss":0,"event_name":"MindBloom","floor":42,"gold_loss":0}],"is_beta":false,"boss_relics":[{"not_picked":["Cursed Key","Black Star"],"picked":"reliquary:WritOfMandamus"},{"not_picked":["Fusion Hammer","reliquary:RedPaperclip"],"picked":"Busted Crown"}],"items_purged_floors":[],"is_endless":false,"potions_floor_spawned":[3,5,10,11,14,18,21,25,28,40,42,47],"ascension_level":1}}