{"host":"rw1trt79hfpl7pom","time":1614300948,"event":{"mods":["BaseMod","Bestiary","Colored Map","Jorbs\u0027s Wanderer Trilogy","Minty Spire (QoL Compilation)","Relic Stats","StSLib","SuperFastMode"],"gold_per_floor":[116,41,41,52,52,81,81,116,116,116,142,153,163,188,188,265,265,275,275,291,216,216,216,231,265,311,311,325,352,366,383,383,459,459,470,133,149,149,163,189,204,216,263,263,15,47,64,91,91,91,91,91,91,1,36,36,36],"floor_reached":56,"language":"ENG","playtime":4440,"items_purged":["Anger","Defend_R"],"score":2094,"play_id":"b45c60d0-0260-4c66-b2a9-55a3793389f3","local_time":"20210225165548","is_ascension_mode":true,"campfire_choices":[{"floor":7.0,"key":"REST"},{"floor":10.0,"key":"REST"},{"data":"Bludgeon","floor":15.0,"key":"SMITH"},{"floor":23.0,"key":"REST"},{"data":"Pommel Strike","floor":27.0,"key":"SMITH"},{"data":"Demon Form","floor":32.0,"key":"SMITH"},{"data":"True Grit","floor":44.0,"key":"SMITH"},{"floor":49,"key":"RECALL"},{"data":"Brutality","floor":53,"key":"SMITH"}],"circlet_count":0,"master_deck":["AscendersBane","Defend_R+1","Defend_R+1","Bash","Body Slam+1","Hemokinesis+1","Havoc+1","Dropkick","Pommel Strike+1","Brutality+1","Shrug It Off","Bludgeon+1","Reaper","Headbutt","Shrug It Off","Spot Weakness","Reaper","Sentinel+1","Demon Form+1","True Grit+1","Shockwave","Brutality","Whirlwind","Evolve","Shrug It Off","Flame Barrier+1","Dark Embrace","Headbutt+1","Battle Trance+1","Havoc","Pummel","Disarm"],"relics":["Astrolabe","Happy Flower","MealTicket","Matryoshka","InkBottle","War Paint","Omamori","Sozu","Paper Frog","Smiling Mask","Bag of Marbles","Art of War","Philosopher\u0027s Stone","Frozen Eye","Mummified Hand","Medical Kit","Ancient Tea Set","Question Card","Lantern"],"acts_visited":["Exordium","TheCity","TheBeyond","TheEnding"],"potions_floor_usage":[56,56],"damage_taken":[{"damage":5.0,"enemies":"2 Louse","floor":1.0,"turns":3.0},{"damage":2.0,"enemies":"Small Slimes","floor":4.0,"turns":3.0},{"damage":29.0,"enemies":"3 Sentries","floor":6.0,"turns":8.0},{"damage":12.0,"enemies":"Gremlin Nob","floor":8.0,"turns":3.0},{"damage":4.0,"enemies":"Jaw Worm","floor":12.0,"turns":3.0},{"damage":3.0,"enemies":"Blue Slaver","floor":13.0,"turns":2.0},{"damage":13.0,"enemies":"3 Sentries","floor":14.0,"turns":6.0},{"damage":6.0,"enemies":"Slime Boss","floor":16.0,"turns":4.0},{"damage":3.0,"enemies":"Spheric Guardian","floor":18.0,"turns":2.0},{"damage":22.0,"enemies":"Shell Parasite","floor":20.0,"turns":2.0},{"damage":6.0,"enemies":"3 Cultists","floor":24.0,"turns":4.0},{"damage":46.0,"enemies":"Gremlin Leader","floor":25.0,"turns":5.0},{"damage":19.0,"enemies":"Snake Plant","floor":28.0,"turns":2.0},{"damage":34.0,"enemies":"Slavers","floor":29.0,"turns":5.0},{"damage":20.0,"enemies":"Centurion and Healer","floor":30.0,"turns":10.0},{"damage":28.0,"enemies":"Shelled Parasite and Fungi","floor":31.0,"turns":6.0},{"damage":64.0,"enemies":"Automaton","floor":33.0,"turns":8.0},{"damage":15.0,"enemies":"Orb Walker","floor":35.0,"turns":4.0},{"damage":9.0,"enemies":"3 Shapes","floor":37.0,"turns":4.0},{"damage":33.0,"enemies":"Transient","floor":39.0,"turns":6.0},{"damage":67.0,"enemies":"Reptomancer","floor":40.0,"turns":8.0},{"damage":34.0,"enemies":"Writhing Mass","floor":41.0,"turns":6.0},{"damage":25.0,"enemies":"Jaw Worm Horde","floor":42.0,"turns":5.0},{"damage":52.0,"enemies":"Nemesis","floor":46.0,"turns":7.0},{"damage":26.0,"enemies":"Transient","floor":47.0,"turns":6.0},{"damage":59,"enemies":"Reptomancer","floor":48,"turns":8},{"damage":98,"enemies":"Awakened One","floor":50,"turns":10},{"damage":124,"enemies":"Donu and Deca","floor":51,"turns":8},{"damage":72,"enemies":"Shield and Spear","floor":55,"turns":5},{"damage":94,"enemies":"The Heart","floor":56,"turns":3}],"seed_played":"-7028827164507919622","potions_obtained":[{"floor":4.0,"key":"Weak Potion"},{"floor":8.0,"key":"Dexterity Potion"}],"is_trial":false,"path_per_floor":["M","?","?","M","$","E","R","E","T","R","T","M","M","E","R","B",null,"M","?","M","?","?","R","M","E","T","R","M","E","M","M","R","B",null,"M","$","M","?","M","E","M","M","T","R","$","E","M","E","R","B","B",null,"R","$","E","B"],"character_chosen":"IRONCLAD","items_purchased":["Frozen Eye","Whirlwind","Evolve","Medical Kit","Dark Embrace","Pummel"],"campfire_rested":3,"item_purchase_floors":[36,36,36,45,45,54],"current_hp_per_floor":[63,63,40,38,38,9,31,19,19,41,41,37,34,21,21,15,60,57,57,35,35,35,57,59,48,48,48,29,13,43,70,70,47,68,68,75,75,75,73,68,51,43,43,43,58,47,64,75,75,75,37,66,66,75,75,0,0],"gold":36,"neow_bonus":"BOSS_RELIC","is_daily":false,"chose_seed":false,"campfire_upgraded":5,"win_rate":0.0,"timestamp":1614300948,"path_taken":["M","?","?","M","?","E","R","E","T","R","?","?","M","E","R","BOSS","M","?","M","?","?","R","M","E","T","R","M","E","M","M","R","BOSS","M","$","M","?","M","E","M","?","T","R","$","E","M","E","R","BOSS","BOSS","R","$","E","BOSS"],"items_purchased_type":["Relic","Card","Card","Relic","Card","Card"],"build_version":"2020-12-22","purchased_purges":2,"victory":false,"max_hp_per_floor":[75,75,75,75,75,75,75,75,75,75,75,75,75,75,75,75,75,75,75,75,75,75,75,75,75,75,75,75,75,75,75,75,75,75,75,75,75,75,75,75,75,75,75,75,75,75,75,75,75,75,75,75,75,75,75,75,75],"relic_stats":{"Happy Flower":[47],"counters":[30,156],"Astrolabe":["Body Slam","Hemokinesis","Havoc"],"War Paint":["Defend_R","Defend_R"],"Smiling Mask":75,"Medical Kit":[11],"Question Card":1,"Sozu":10,"Mummified Hand":[49],"MealTicket":31,"Art of War":[17],"obtain_stats":[{"Lantern":55,"Happy Flower":6,"Astrolabe":0,"Omamori":14,"War Paint":11,"Smiling Mask":26,"Medical Kit":45,"Ancient Tea Set":46,"Question Card":48,"Burning Blood":0,"Sozu":17,"Frozen Eye":36,"Matryoshka":9,"Mummified Hand":40,"MealTicket":8,"Philosopher\u0027s Stone":34,"Bag of Marbles":26,"Art of War":29,"InkBottle":11,"Paper Frog":25},{"Lantern":29,"Happy Flower":3,"Astrolabe":0,"Omamori":7,"War Paint":4,"Smiling Mask":12,"Medical Kit":23,"Ancient Tea Set":24,"Question Card":26,"Burning Blood":0,"Sozu":8,"Frozen Eye":18,"Matryoshka":4,"Mummified Hand":21,"MealTicket":4,"Philosopher\u0027s Stone":17,"Bag of Marbles":12,"Art of War":14,"InkBottle":4,"Paper Frog":12},{"Lantern":153,"Happy Flower":14,"Astrolabe":0,"Omamori":28,"War Paint":17,"Smiling Mask":45,"Medical Kit":109,"Ancient Tea Set":116,"Question Card":130,"Burning Blood":0,"Sozu":32,"Frozen Eye":80,"Matryoshka":17,"Mummified Hand":98,"MealTicket":17,"Philosopher\u0027s Stone":76,"Bag of Marbles":45,"Art of War":52,"InkBottle":17,"Paper Frog":45}],"InkBottle":[63]},"card_choices":[{"not_picked":["Combust","Twin Strike"],"picked":"Anger","floor":1.0},{"not_picked":["Heavy Blade","Evolve"],"picked":"Dropkick","floor":4.0},{"not_picked":["Twin Strike","Wild Strike"],"picked":"Pommel Strike","floor":6.0},{"not_picked":["Armaments","Seeing Red"],"picked":"Brutality","floor":8.0},{"not_picked":["Cleave","Hemokinesis"],"picked":"Shrug It Off","floor":12.0},{"not_picked":["Twin Strike","Heavy Blade","Infernal Blade"],"picked":"SKIP","floor":13.0},{"not_picked":["Body Slam","Twin Strike"],"picked":"Bludgeon","floor":14.0},{"not_picked":["Double Tap","Juggernaut"],"picked":"Reaper","floor":16.0},{"not_picked":["Combust","Heavy Blade"],"picked":"Headbutt","floor":18.0},{"not_picked":["Fire Breathing","Sword Boomerang"],"picked":"Shrug It Off","floor":20.0},{"not_picked":["Perfected Strike","Sentinel"],"picked":"Spot Weakness","floor":24.0},{"not_picked":["Dropkick","Flex"],"picked":"Reaper","floor":25.0},{"not_picked":["Twin Strike","Havoc"],"picked":"Sentinel+1","floor":28.0},{"not_picked":["Twin Strike","Shrug It Off"],"picked":"Demon Form","floor":29.0},{"not_picked":["Sentinel","Hemokinesis"],"picked":"True Grit","floor":30.0},{"not_picked":["Wild Strike","Sentinel+1"],"picked":"Shockwave","floor":31.0},{"not_picked":["Bludgeon","Demon Form"],"picked":"Brutality","floor":33.0},{"not_picked":["Iron Wave+1","Headbutt","Havoc"],"picked":"SKIP","floor":35.0},{"not_picked":["Evolve","Rage","Reckless Charge"],"picked":"SKIP","floor":37.0},{"not_picked":["Warcry+1","True Grit"],"picked":"Shrug It Off","floor":39.0},{"not_picked":["Wild Strike","Anger"],"picked":"Flame Barrier+1","floor":40.0},{"not_picked":["Clash+1","Iron Wave+1","Warcry"],"picked":"SKIP","floor":41.0},{"not_picked":["Clothesline","Intimidate","Infernal Blade"],"picked":"SKIP","floor":42.0},{"not_picked":["Carnage+1","Thunderclap+1"],"picked":"Headbutt+1","floor":46.0},{"not_picked":["Perfected Strike","Immolate"],"picked":"Battle Trance+1","floor":47.0},{"not_picked":["Twin Strike","Infernal Blade"],"picked":"Havoc","floor":48},{"not_picked":["Clothesline","Warcry+1","Thunderclap+1"],"picked":"Disarm","floor":55}],"player_experience":2919295,"relics_obtained":[{"floor":6.0,"key":"Happy Flower"},{"floor":8.0,"key":"MealTicket"},{"floor":9.0,"key":"Matryoshka"},{"floor":11.0,"key":"InkBottle"},{"floor":11.0,"key":"War Paint"},{"floor":14.0,"key":"Omamori"},{"floor":25.0,"key":"Paper Frog"},{"floor":26.0,"key":"Smiling Mask"},{"floor":26.0,"key":"Bag of Marbles"},{"floor":29.0,"key":"Art of War"},{"floor":40.0,"key":"Mummified Hand"},{"floor":46.0,"key":"Ancient Tea Set"},{"floor":48,"key":"Question Card"},{"floor":55,"key":"Lantern"}],"event_choices":[{"cards_removed":["Strike_R"],"damage_healed":0.0,"max_hp_gain":0.0,"max_hp_loss":0.0,"gold_gain":0.0,"event_name":"The Cleric","player_choice":"Card Removal","floor":2.0,"gold_loss":75.0,"damage_taken":0.0},{"damage_healed":0.0,"max_hp_gain":0.0,"max_hp_loss":0.0,"gold_gain":0.0,"event_name":"Shining Light","player_choice":"Entered Light","floor":3.0,"gold_loss":0.0,"damage_taken":23.0,"cards_upgraded":["Strike_R","Strike_R"]},{"cards_removed":["Strike_R"],"damage_healed":0.0,"max_hp_gain":0.0,"max_hp_loss":0.0,"gold_gain":0.0,"event_name":"Back to Basics","player_choice":"Elegance","floor":19.0,"gold_loss":0.0,"damage_taken":0.0},{"cards_removed":["Strike_R"],"damage_healed":0.0,"max_hp_gain":0.0,"max_hp_loss":0.0,"gold_gain":0.0,"event_name":"Beggar","player_choice":"Gave Gold","floor":21.0,"gold_loss":75.0,"damage_taken":0.0},{"damage_healed":0.0,"max_hp_gain":0.0,"max_hp_loss":0.0,"gold_gain":0.0,"event_name":"Vampires","player_choice":"Ignored","floor":22.0,"gold_loss":0.0,"damage_taken":0.0},{"damage_healed":0.0,"max_hp_gain":0.0,"max_hp_loss":0.0,"gold_gain":0.0,"event_name":"SecretPortal","player_choice":"Ignored","floor":38.0,"gold_loss":0.0,"damage_taken":0.0}],"is_beta":false,"boss_relics":[{"not_picked":["Empty Cage","Pandora\u0027s Box"],"picked":"Sozu"},{"not_picked":["Black Star","Busted Crown"],"picked":"Philosopher\u0027s Stone"}],"items_purged_floors":[36,54],"is_endless":false,"potions_floor_spawned":[4,8,14,18,29,30,31,35,37,41,46,47,55],"killed_by":"The Heart","ascension_level":20}}