{"host":"ukx402utdi8v8522","time":1614330527,"event":{"mods":["AchievementEnabler","BaseMod","Colored Map","Colored Powertips","Downfall","Minty Spire (QoL Compilation)","StSLib"],"gold_per_floor":[99,99,99,99,99,99,99,125,25,59,70,94,194,205,216,319,319,319,333,344,357,357,373,373,383,383,383,415,180,194,220,232,232,232,232],"floor_reached":33,"language":"ENG","playtime":2034,"items_purged":["Guardian:Defend_Guardian"],"score":414,"play_id":"4b835e79-d074-4f54-8404-35147ef10d3f","local_time":"20210226200847","is_ascension_mode":true,"campfire_choices":[{"floor":1,"key":"RECALL"},{"data":"Guardian:PiercingHide","floor":9,"key":"SMITH"},{"data":"Guardian:CompilePackage","floor":18,"key":"SMITH"},{"data":"RitualDagger","floor":26,"key":"SMITH"}],"circlet_count":0,"master_deck":["Guardian:Strike_Guardian","Guardian:Strike_Guardian","Guardian:Strike_Guardian","Guardian:Defend_Guardian","Guardian:Defend_Guardian","Guardian:CurlUp","Guardian:TwinSlam","Guardian:PiercingHide+1","Guardian:Reroute","Guardian:Recover","Guardian:Orbwalk+1","Guardian:BronzeArmor","Guardian:EvasiveProtocol","Guardian:ChargeCore","Guardian:CompilePackage+1","Guardian:Emergency","Guardian:Gem_White","RitualDagger+1","Guardian:Suspension","Guardian:TemporalStrike","Guardian:Gem_White","Guardian:Gem_Synthetic"],"relics":["Guardian:ModeShifter","downfall:HeartsMalice","WarpedTongs","Mercury Hourglass","Centennial Puzzle","downfall:HeartBlessingRed","Anchor","hexamod:BolsterEngine","Busted Crown","Guardian:StasisCodex","Regal Pillow","Bag of Preparation","Sundial"],"acts_visited":["Exordium","TheCity"],"potions_floor_usage":[16,28,31,32],"damage_taken":[{"damage":0,"enemies":"Small Slimes","floor":2,"turns":1},{"damage":0,"enemies":"2 Louse","floor":3,"turns":1},{"damage":0,"enemies":"Cultist","floor":4,"turns":1},{"damage":21,"enemies":"Lagavulin","floor":8,"turns":6},{"damage":12,"enemies":"Gremlin Nob","floor":10,"turns":3},{"damage":3,"enemies":"Exordium Thugs","floor":11,"turns":3},{"damage":11,"enemies":"downfall:Heads","floor":13,"turns":5},{"damage":0,"enemies":"3 Louse","floor":14,"turns":2},{"damage":0,"enemies":"Large Slime","floor":15,"turns":4},{"damage":0,"enemies":"SI_SHIV_ARCHETYPE","floor":16,"turns":6},{"damage":0,"enemies":"downfall:LooterAlt2","floor":19,"turns":4},{"damage":2,"enemies":"3 Byrds","floor":20,"turns":3},{"damage":5,"enemies":"3 Cultists","floor":21,"turns":4},{"damage":14,"enemies":"Centurion and Healer","floor":23,"turns":5},{"damage":4,"enemies":"Snecko","floor":25,"turns":5},{"damage":4,"enemies":"Book of Stabbing","floor":28,"turns":4},{"damage":0,"enemies":"downfall:FleeingMerchant","floor":29,"turns":4},{"damage":0,"enemies":"Snake Plant","floor":30,"turns":2},{"damage":18,"enemies":"Gremlin Leader","floor":31,"turns":4},{"damage":3,"enemies":"Centurion and Healer","floor":32,"turns":4},{"damage":13,"enemies":"DF_ARCHETYPE_CLAW","floor":33,"turns":3}],"seed_played":"-7553114688673676354","potions_obtained":[{"floor":10,"key":"SteroidPotion"},{"floor":11,"key":"Energy Potion"},{"floor":14,"key":"FearPotion"},{"floor":15,"key":"PowerPotion"},{"floor":21,"key":"Guardian:AcceleratePotion"},{"floor":28,"key":"bronze:BurnAndBuffPotion"},{"floor":31,"key":"Dexterity Potion"}],"is_trial":false,"path_per_floor":["R","M","M","M","?","?","T","E","R","E","M","T","?","M","M","B",null,"R","M","M","M","?","M","T","M","R","?","E","$","M","E","M","B"],"character_chosen":"GUARDIAN","items_purchased":["Bag of Preparation"],"campfire_rested":0,"item_purchase_floors":[29],"current_hp_per_floor":[80,80,80,80,80,80,80,59,59,47,44,44,33,33,33,33,80,80,80,78,73,67,53,53,49,49,37,33,33,33,15,12,0,0,0],"gold":232,"neow_bonus":"THREE_ENEMY_KILL","is_daily":false,"chose_seed":false,"campfire_upgraded":3,"win_rate":0.0,"timestamp":1614330527,"path_taken":["R","M","M","M","?","?","T","E","R","E","?","?","?","M","M","BOSS","R","M","M","M","?","M","T","M","R","?","E","$","M","E","M","BOSS"],"items_purchased_type":["Relic"],"build_version":"2020-12-22","purchased_purges":1,"victory":false,"max_hp_per_floor":[80,80,80,80,80,80,80,80,80,80,80,80,80,80,80,80,80,80,80,80,80,80,80,80,80,80,80,80,80,80,80,80,80,80,80],"card_choices":[{"not_picked":["Guardian:Gem_Green","Guardian:RollAttack"],"picked":"Guardian:PiercingHide","floor":2},{"not_picked":["Guardian:CrystalBeam","Guardian:TemporalShield"],"picked":"Guardian:Reroute","floor":3},{"not_picked":["Guardian:WalkerClaw","Guardian:ChargeUp"],"picked":"Guardian:Gem_Synthetic","floor":4},{"not_picked":["Guardian:Gem_Red","Guardian:Gem_Purple"],"picked":"Guardian:Recover","floor":8},{"not_picked":["Guardian:TimeCapacitor","Guardian:PiercingHide"],"picked":"Guardian:Orbwalk","floor":10},{"not_picked":["Guardian:ChargeUp","Guardian:WalkerClaw"],"picked":"Guardian:Gem_Red","floor":11},{"not_picked":["Guardian:Gem_Fragmented","Guardian:Gem_Lightblue"],"picked":"Guardian:EvasiveProtocol","floor":14},{"not_picked":["Guardian:Gem_Cyan","Guardian:Gem_Red"],"picked":"Guardian:ChargeCore","floor":15},{"not_picked":["Guardian:SphericShield","Guardian:HyperBeam_Guardian"],"picked":"Guardian:CompilePackage","floor":16},{"not_picked":[],"picked":"Guardian:Emergency","floor":19},{"not_picked":[],"picked":"Guardian:Gem_White","floor":20},{"not_picked":["Guardian:Gem_Cyan"],"picked":"SKIP","floor":21},{"not_picked":["Guardian:PrimingBeam+1"],"picked":"SKIP","floor":23},{"not_picked":[],"picked":"Guardian:Gem_Yellow","floor":25},{"not_picked":[],"picked":"Guardian:Suspension","floor":28},{"not_picked":[],"picked":"Guardian:TemporalStrike","floor":29},{"not_picked":[],"picked":"Guardian:Gem_White","floor":30},{"not_picked":[],"picked":"Guardian:Gem_Synthetic","floor":31},{"not_picked":["Guardian:Reroute"],"picked":"SKIP","floor":32}],"player_experience":543437,"relics_obtained":[{"floor":7,"key":"Mercury Hourglass"},{"floor":8,"key":"Centennial Puzzle"},{"floor":10,"key":"Anchor"},{"floor":12,"key":"hexamod:BolsterEngine"},{"floor":24,"key":"Guardian:StasisCodex"},{"floor":28,"key":"Regal Pillow"},{"floor":31,"key":"Sundial"}],"event_choices":[],"is_beta":false,"boss_relics":[{"not_picked":["bronze:MakeshiftBattery","Empty Cage"],"picked":"Busted Crown"}],"items_purged_floors":[29],"is_endless":false,"potions_floor_spawned":[10,11,14,15,21,25,28,31],"killed_by":"DF_ARCHETYPE_CLAW","ascension_level":4}}