{"host":"jsd6g3c2vo13e69c","time":1614368311,"event":{"mods":["2.2 Compatiblity","Act Like it!","BaseMod","Better Altar","Better Match","Better Note","Better Sensory Stone","Better Third Choice","BetterRewards","Colored Map","Colored Powertips","Downfall","Friendly Minions","GifTheSpireLib","Googly Eyes","Gremlin Mod","Hermit","Hubris","Infinite Spire","Melee Mod","Minty Spire (QoL Compilation)","Permanent Neow","Quick Restart","Random Character Button","Replay The Spire","Shop Mod","Spire Arcade","StSLib","The Cursed","The Disciple","The Forsaken","thorton"],"gold_per_floor":[0,12,12,187,21,61,61,81,103,103,128,152,52,202,214,326,326,326,349,374,389,414,414,414,314,337,357,357,123,144,170,170,170,170],"floor_reached":32,"language":"ENG","playtime":2256,"items_purged":["Doubt"],"score":281,"play_id":"3ea9a5f0-cff5-4164-ac5a-bd13c0660fdd","local_time":"20210226143831","is_ascension_mode":false,"campfire_choices":[{"floor":13,"key":"REST"},{"floor":18,"key":"DIG"},{"data":"hexamod:SoulSteal","floor":23,"key":"SMITH"},{"data":"hexamod:SoulSteal","floor":25,"key":"SMITH"},{"data":"hexamod:ForkedFlame","floor":28,"key":"SMITH"}],"circlet_count":0,"master_deck":["hexamod:Strike+1","hexamod:Strike","hexamod:Strike+1","hexamod:Defend","hexamod:Defend+1","hexamod:Defend+1","hexamod:Sear+1","hexamod:Float+1","hexamod:GhostLash","hexamod:StepThrough","hexamod:SecondSeal","hexamod:Hexaguard+1","hexamod:SpectersWail+1","hexamod:FirstSeal","hexamod:ThirdSeal","hexamod:FourthSeal","hexamod:StepThrough+1","hexamod:SixthSeal","hexamod:NightmareGuise","hexamod:SoulSteal+1","hexamod:DynamicBlow","hexamod:ForkedFlame+1","hexamod:ForkedFlame+1","hexamod:FlamesFromBeyond","hexamod:FlamesFromBeyond","hexamod:NightmareGuise","hexamod:NightmareGuise+1","hexamod:SoulSteal+1","hexamod:Again+1","hexamod:ForkedFlame","hexamod:BurningTouch+1","hexamod:SoulSteal","expansioncontent:StudyTheSpire","hexamod:FlamesFromBeyond","hexamod:EmpoweredFlame","hexamod:WildfireWeapon"],"relics":["hexamod:SpiritBrand","downfall:TeleportStone","infinitespire:Lucky Rock","Bottled Lightning","downfall:HeartBlessingGreen","infinitespire:Lychee Nut","downfall:HeartBlessingBlue"],"acts_visited":["Exordium","TheCity"],"potions_floor_usage":[11,19,20,21,22,22,29,31,32,32],"damage_taken":[{"damage":1,"enemies":"Cultist","floor":2,"turns":3},{"damage":0,"enemies":"downfall:FleeingMerchant","floor":5,"turns":4},{"damage":21,"enemies":"Lagavulin","floor":6,"turns":8},{"damage":2,"enemies":"Jaw Worm","floor":8,"turns":3},{"damage":0,"enemies":"2 Louse","floor":9,"turns":2},{"damage":13,"enemies":"Gremlin Nob","floor":11,"turns":4},{"damage":25,"enemies":"Exordium Wildlife","floor":12,"turns":4},{"damage":1,"enemies":"Blue Slaver","floor":15,"turns":3},{"damage":26,"enemies":"SI_SHIV_ARCHETYPE","floor":16,"turns":9},{"damage":10,"enemies":"Spheric Guardian","floor":19,"turns":4},{"damage":15,"enemies":"downfall:LooterAlt2","floor":20,"turns":3},{"damage":13,"enemies":"Centurion and Healer","floor":21,"turns":6},{"damage":4,"enemies":"Sentry and Sphere","floor":22,"turns":5},{"damage":37,"enemies":"Snake Plant","floor":26,"turns":5},{"damage":10,"enemies":"Cultist and Chosen","floor":27,"turns":7},{"damage":6,"enemies":"downfall:FleeingMerchant","floor":29,"turns":4},{"damage":35,"enemies":"Snecko","floor":30,"turns":5},{"damage":32,"enemies":"Chosen and Byrds","floor":31,"turns":6},{"damage":20,"enemies":"Shelled Parasite and Fungi","floor":32,"turns":2}],"seed_played":"-5652415197800557237","potions_obtained":[{"floor":2,"key":"Adrenaline Potion"},{"floor":6,"key":"PowerPotion"},{"floor":8,"key":"PowerPotion"},{"floor":12,"key":"SpeedPotion"},{"floor":16,"key":"Guardian:BlockOnCardUsePotion"},{"floor":19,"key":"Languid Potion"},{"floor":19,"key":"Regen Potion"},{"floor":20,"key":"LiquidMemories"},{"floor":21,"key":"Explosive Potion"},{"floor":22,"key":"FairyPotion"},{"floor":26,"key":"Dexterity Potion"},{"floor":27,"key":"Slimebound:ThreeZeroPotion"},{"floor":29,"key":"CultistPotion"},{"floor":31,"key":"champ:CounterPotion"}],"is_trial":false,"path_per_floor":["R_BF","M","?","?","$","E","T","M","M","?","E","M","R","?","M","B",null,"R_BF","M","M","M","M","R","T","R","M","M","R","$","M","M","M"],"character_chosen":"THE_SPIRIT","items_purchased":["hexamod:SecondSeal","expansioncontent:StudyTheSpire","hexamod:FlamesFromBeyond"],"campfire_rested":1,"item_purchase_floors":[5,29,29],"current_hp_per_floor":[70,69,69,69,69,48,48,46,46,39,33,15,36,36,42,16,70,52,50,50,49,49,49,49,59,35,31,31,38,9,11,0,0,0],"gold":170,"neow_bonus":"TRANSFORM_TWO_CARDS","is_daily":false,"chose_seed":false,"campfire_upgraded":3,"win_rate":0.0,"timestamp":1614368311,"path_taken":["R_BF","M","?","?","?","E","T","?","M","?","E","M","R","?","M","BOSS","R_BF","M","M","M","M","R","T","R","M","M","R","$","M","M","M"],"items_purchased_type":["Card","Card","Card"],"build_version":"2020-12-22","purchased_purges":1,"victory":false,"max_hp_per_floor":[70,70,70,70,70,70,70,70,70,70,70,70,70,70,70,70,70,52,52,52,52,52,52,52,62,62,62,62,62,62,62,62,62,62],"card_choices":[{"not_picked":["hexamod:GhostShield","hexamod:Firestarter"],"picked":"hexamod:StepThrough","floor":2},{"not_picked":["hexamod:Incineration","hexamod:HeatMetal","hexamod:UnlimitedPower"],"picked":"SKIP","floor":5},{"not_picked":["hexamod:RecurringNightmare","hexamod:SpectersWail"],"picked":"hexamod:Hexaguard","floor":6},{"not_picked":["hexamod:RadiantFlame","hexamod:InspiringFlames"],"picked":"hexamod:SpectersWail","floor":8},{"not_picked":["hexamod:PhantomCloak","hexamod:SecondSeal","hexamod:InspiringFlames"],"picked":"SKIP","floor":9},{"not_picked":["hexamod:GhostLash","hexamod:NightmareGuise"],"picked":"hexamod:StepThrough","floor":11},{"not_picked":["hexamod:SuperheatedStrike","hexamod:SpectersWail"],"picked":"hexamod:SixthSeal","floor":11},{"not_picked":["hexamod:SwordOfDarkness","hexamod:SuperheatedStrike"],"picked":"hexamod:NightmareGuise","floor":12},{"not_picked":["hexamod:HeatMetal","hexamod:HeatCrush","hexamod:GhostflameBarrier"],"picked":"SKIP","floor":12},{"not_picked":["hexamod:RecurringNightmare","hexamod:ThermalTransfer"],"picked":"hexamod:SoulSteal","floor":15},{"not_picked":["hexamod:FourthSeal","hexamod:InspiringFlames"],"picked":"hexamod:DynamicBlow","floor":15},{"not_picked":["hexamod:SearingWound","hexamod:Toasty"],"picked":"hexamod:ForkedFlame","floor":16},{"not_picked":["hexamod:TurnItUp","hexamod:Toasty"],"picked":"hexamod:ForkedFlame","floor":16},{"not_picked":["hexamod:SwordOfDarkness","hexamod:HauntingEcho"],"picked":"hexamod:FlamesFromBeyond","floor":19},{"not_picked":["hexamod:GhostLash","hexamod:SpectersWail"],"picked":"hexamod:FlamesFromBeyond","floor":19},{"not_picked":["hexamod:InspiringFlames","hexamod:HeatMetal"],"picked":"hexamod:NightmareGuise","floor":20},{"not_picked":["hexamod:ShieldOfDarkness","hexamod:SwordOfDarkness"],"picked":"hexamod:NightmareGuise+1","floor":20},{"not_picked":["hexamod:GhostShield","hexamod:BurningTouch"],"picked":"hexamod:SoulSteal","floor":21},{"not_picked":["hexamod:CatchUp","hexamod:NightmareStrike"],"picked":"hexamod:Again+1","floor":21},{"not_picked":["hexamod:RecurringNightmare+1","hexamod:SwordOfDarkness"],"picked":"hexamod:ForkedFlame","floor":22},{"not_picked":["hexamod:HauntingEcho+1","hexamod:HeatMetal"],"picked":"hexamod:BurningTouch+1","floor":22},{"not_picked":["hexamod:FastForward","hexamod:SecondSeal"],"picked":"hexamod:SoulSteal","floor":26},{"not_picked":["hexamod:ChargedBarrage","hexamod:BacktrackSmack+1","hexamod:AdvancingGuard"],"picked":"SKIP","floor":26},{"not_picked":["hexamod:FastForward+1","hexamod:InspiringFlames","hexamod:GhostShield"],"picked":"SKIP","floor":27},{"not_picked":["hexamod:SwordOfDarkness","hexamod:GhostShield","hexamod:ThermalTransfer"],"picked":"SKIP","floor":27},{"not_picked":["hexamod:HexaLevel","hexamod:SpectralSpark","hexamod:ShieldOfDarkness"],"picked":"SKIP","floor":29},{"not_picked":["hexamod:SuperheatedStrike","hexamod:NecessarySacrifice+1","hexamod:SwordOfDarkness+1"],"picked":"SKIP","floor":30},{"not_picked":["hexamod:RadiantFlame","hexamod:ShieldOfDarkness+1"],"picked":"hexamod:EmpoweredFlame","floor":31},{"not_picked":["hexamod:GhostflameBarrier","hexamod:Firestarter+1"],"picked":"hexamod:WildfireWeapon","floor":31}],"player_experience":502221,"relics_obtained":[{"floor":6,"key":"infinitespire:Lucky Rock"},{"floor":7,"key":"Bottled Lightning"},{"floor":11,"key":"hubris:Metronome"},{"floor":18,"key":"infinitespire:Lychee Nut"}],"event_choices":[],"is_beta":false,"boss_relics":[{"not_picked":["ChewingGum","bronze:MakeshiftBattery","Coffee Dripper"]}],"items_purged_floors":[5],"is_endless":false,"potions_floor_spawned":[2,6,8,19,20,27,30],"killed_by":"Shelled Parasite and Fungi","ascension_level":0}}