{"host":"4qp30tywltrhkmjj","time":1614371943,"event":{"mods":["2.2 Compatiblity","AchievementEnabler","Act Like it!","Ascension Unlocker","Aspiration","BaseMod","Beaked The Cultist","Bestiary","Better Altar","Better Match","Better Note","Better Skull","Better Third Choice","BetterRewards","CCEM2","CapriCore","Challenge The Spire","Colored Map","Colored Powertips","Conjunction","Conspire","Defuse TimeMaze Blight","Displayed Cursed Tome","Downfall","EXCEPTION","Emptier Cage","Energized Spire","Exacting","Gold Saver","Halation","Highlight Path","Hubris","Infinite Spire","Jedi Mod","Library of Ruina","Library of Ruina Extra","Lobotomy","LobotomyExtend","Minty Spire (QoL Compilation)","Poor People Problems","Replay The Spire","Reworked Bosses","Ruina","SacredBarkPlus","Shop Mod","Spicy Shops","Spire Arcade","StSLib","The Animator","The Blue Laboratory","Transform Curses","Uncapped","Unceasing Turn Reminder","Wandering Minibosses","Yuri Mod"],"gold_per_floor":[117,129,129,129,144,144,177,177,226,226,94,154,112,147,147,272,272,287,287,287,28,28,62,62,98,121,165,10,145,236,294,392,633,633,697,791,791,950,1001,1082,1147,1198,1198,675,775,775,775,804,804,934,1029,1029,1029,1464,3127,3232],"floor_reached":57,"language":"ENG","playtime":3696,"items_purged":[],"score":2167,"play_id":"d99cb4a3-3e29-46b3-91c7-6ee290057f1f","local_time":"20210226213903","is_ascension_mode":true,"campfire_choices":[{"floor":6,"key":"RECALL"},{"data":"MirageStorm","floor":8,"key":"SMITH"},{"floor":24,"key":"REST"},{"data":"EmotionalTurbulence","floor":24,"key":"SMITH"},{"data":"SunsetBlade","floor":46,"key":"SMITH"},{"floor":49,"key":"DIG"},{"data":"OminousPower","floor":53,"key":"SMITH"}],"circlet_count":0,"master_deck":["Dodge","LightDefense","LightAttack+1","LightAttack+1","LightAttack","LightDefense","LightDefense","LightDefense","ChargeAndCover","MirageStorm+1","FieryDragonSlash+1","RapidGashes","OminousPower+1","Unlock1","TheWillOfTheCity","EmotionalTurbulence+1","TheWillOfTheCity","GoldRush","YoureAHindrance","Tttonst","Parry2","FrontalAssault","FrontalAssault","SwordOfVolition","SuanNi","SunsetBlade+1","ToOvercomeCrisis+1","SunsetBlade+1","ToOvercomeCrisis+1","Parry2","Pot Of Greed","Pot Of Greed","Pot Of Greed","ViolentFlame","FervidEmotions","Tttonst","SunsetBlade+1","Pot Of Greed+1","Swift Strike+1","Violence+1","ViolentFlame"],"relics":["PageOfLibrarian","CogitoBucket","infinitespire:Magic Flask","PageOfApocalypseBird","infinitespire:Lucky Rock","LetterFromLob","hubris:Towel","SolemnVow_r","White Beast Statue","Golden Idol","MerchantsRug","jedi:crownofsimplicity","aspiration:EmptySkull","Ring of Chaos","AspirationHeart","Enchiridion","Chemical X","PageOfAspirationHeart","conspire:DeflatedDodgeball","PageOfBloodbath","conspire:Dentures","Omamori","Blood Vial","Replay:Bandana","InTheNameOfLoveAndHate_r","TheSmile_r","ChangeAnything","CCEMRelics:TransientCore","conspire:InfiniteJournal","aspiration:DefectSkillbook","AtMidnight","AdjustmentMirror","Happy Flower","Molten Egg 2","Grinning Jar","Medical Kit","infinitespire:ShieldingShard","Replay:Rubber Ducky","Turnip","hubris:NiceRug","halation:PrussianBluePaint","halation:Sosunser","Golden Egg","aspiration:ChemicalBlood","TheAbacus","PageOfWizard","Whetstone"],"acts_visited":["Exordium","TheCity","TheBeyond","TheEnding"],"potions_floor_usage":[7,18,29,50,50,55,56,56],"damage_taken":[{"damage":0,"enemies":"2 Louse","floor":1,"turns":3},{"damage":0,"enemies":"Jaw Worm","floor":2,"turns":2},{"damage":0,"enemies":"Small Slimes","floor":5,"turns":2},{"damage":14,"enemies":"Lagavulin","floor":7,"turns":5},{"damage":8,"enemies":"Gremlin Nob","floor":12,"turns":3},{"damage":0,"enemies":"3 Sentries","floor":14,"turns":2},{"damage":0,"enemies":"The Guardian","floor":16,"turns":3},{"damage":10,"enemies":"Chosen","floor":18,"turns":2},{"damage":0,"enemies":"Slavers","floor":23,"turns":2},{"damage":0,"enemies":"Replay:Snechameleon","floor":25,"turns":1},{"damage":0,"enemies":"Gremlin Leader","floor":27,"turns":3},{"damage":0,"enemies":"conspire:FuzzyDice","floor":29,"turns":3},{"damage":0,"enemies":"Snake Plant","floor":30,"turns":3},{"damage":0,"enemies":"Shelled Parasite and Fungi","floor":31,"turns":2},{"damage":0,"enemies":"bossMod:newCollector","floor":33,"turns":3},{"damage":0,"enemies":"3 Shapes","floor":35,"turns":1},{"damage":0,"enemies":"3 Darklings","floor":36,"turns":2},{"damage":0,"enemies":"Jaw Worm Horde","floor":38,"turns":4},{"damage":0,"enemies":"4 Shapes","floor":39,"turns":2},{"damage":0,"enemies":"Reptomancer","floor":40,"turns":2},{"damage":0,"enemies":"3 Darklings","floor":41,"turns":2},{"damage":0,"enemies":"Jaw Worm Horde","floor":42,"turns":1},{"damage":0,"enemies":"R_Hoarder","floor":45,"turns":3},{"damage":35,"enemies":"Time Eater","floor":50,"turns":4},{"damage":0,"enemies":"Time Eater","floor":51,"turns":4},{"damage":0,"enemies":"hubris:Merchant","floor":54,"turns":3},{"damage":0,"enemies":"Shield and Spear","floor":55,"turns":3},{"damage":0,"enemies":"The Heart","floor":56,"turns":4}],"seed_played":"-6429494693333352773","potions_obtained":[{"floor":5,"key":"Adrenaline Potion"},{"floor":7,"key":"blueLaboratory:BubblePotion"},{"floor":12,"key":"Flashbang"},{"floor":14,"key":"Venom Potion"},{"floor":16,"key":"ColorlessPotion"},{"floor":18,"key":"blueLaboratory:HummingbirdPotion"},{"floor":23,"key":"blueLaboratory:TrueEctoplasm"},{"floor":25,"key":"Energy Potion"},{"floor":27,"key":"hexamod:SoulburnPotion"},{"floor":29,"key":"blueLaboratory:ImpenetrablePotion"},{"floor":30,"key":"blueLaboratory:BottledHope"},{"floor":31,"key":"blueLaboratory:FrostheartPotion"},{"floor":38,"key":"DistilledChaos"},{"floor":54,"key":"ColorlessPotion"},{"floor":54,"key":"blueLaboratory:EnragingPotion"},{"floor":55,"key":"blueLaboratory:Moonshine"}],"is_trial":false,"path_per_floor":["M","M","?","?","M","R","E","R","T","?","$","E","$","E","R_BF","B",null,"M","?","?","$","?","E","R","E","T","E","$","M","M","M","R_BF","B",null,"M","M","AVR","M","M","E","M","M","T","$","E","R","?","?","R_BF","B",null,null,"R","$","E","B",null],"character_chosen":"Librarian","items_purchased":["PageOfApocalypseBird","infinitespire:Lucky Rock","MerchantsRug","Unlock1","TheWillOfTheCity","Chemical X","PageOfAspirationHeart","conspire:DeflatedDodgeball","Replay:Bandana","Grinning Jar","Medical Kit","infinitespire:ShieldingShard","ViolentFlame","FervidEmotions"],"campfire_rested":1,"item_purchase_floors":[0,0,11,13,13,21,21,21,28,44,44,44,44,44],"current_hp_per_floor":[60,55,55,55,55,55,42,42,42,42,42,34,34,34,55,55,72,72,72,56,67,67,67,90,90,90,90,90,90,90,99,99,99,99,105,110,110,119,124,129,134,140,140,140,144,144,144,108,108,109,120,155,155,159,162,165],"gold":3232,"neow_bonus":"","is_daily":false,"chose_seed":false,"campfire_upgraded":4,"win_rate":0.0,"timestamp":1614371943,"path_taken":["M","M","?","?","M","R","E","R","T","?","?","E","$","E","R_BF","BOSS","M","?","?","$","?","E","R","E","T","E","$","?","?","M","R_BF","BOSS","M","M","AVR","M","?","E","M","M","T","$","E","R","?","?","R_BF","BOSS","R","$","E","BOSS"],"items_purchased_type":["Relic","Relic","Relic","Card","Card","Relic","Relic","Relic","Relic","Relic","Relic","Relic","Card","Card"],"build_version":"2020-12-22","purchased_purges":0,"victory":true,"max_hp_per_floor":[223,223,223,223,223,223,223,223,223,206,206,72,72,72,72,72,72,79,79,79,90,90,90,90,90,90,90,90,90,99,99,99,99,99,105,110,110,119,124,129,134,140,140,140,144,144,144,144,144,152,155,155,155,159,162,165],"card_choices":[{"not_picked":["CherryBlossoms","Wellcheers","MHz"],"picked":"Singing Bowl","floor":1},{"not_picked":["RatsGuideToSurvival","SkitterAway","Parry2","SharpSwipe","FlyingSword","Wallop_lor","SharpNails","FlashingStrike"],"picked":"MirageStorm","floor":1},{"not_picked":["CrumblingArmor","MeatLantern","SpiderBud"],"picked":"Singing Bowl","floor":2},{"not_picked":["InhaleSmoke","BlindFaith","SharpSwipe","OminousPower","SkitterAway","FrontalAssault","Quickness","Thrust"],"picked":"FieryDragonSlash","floor":2},{"not_picked":["VoidDream","Wellcheers","MHz"],"picked":"Singing Bowl","floor":5},{"not_picked":["MHz","LittlePrince"],"picked":"Funeral","floor":5},{"not_picked":["Reload","SinglePointStab","TheArtOfRapidSteps","Suppress","GuidanceOfTheGears","DefenseOrder","AsThePrescriptOrders","TendonChords","GuardingStance"],"picked":"SKIP","floor":5},{"not_picked":["CherryBlossoms","OSAHOGD","Murderer"],"picked":"Singing Bowl","floor":7},{"not_picked":["PinpointShot","SerpentineBarrier","DefenseOrder","MultiBlock","BackAttack","SinglePointStab","ClassAndRespect","Slice_lor"],"picked":"RapidGashes","floor":7},{"not_picked":["OldLady","VoidDream","CrumblingArmor"],"picked":"Singing Bowl","floor":12},{"not_picked":["Deflect_lor","SinglePointStab","GuardingStance","DefenseOrder","UnavoidableGaze","ScratchThat","PinpointShot","EnergyStrike"],"picked":"OminousPower","floor":12},{"not_picked":["NakedNest","UniverseFragment"],"picked":"QueenOfHatred","floor":14},{"not_picked":["SinglePointStab","ICanCookAnything","SturdyDefense","Diversion","QuickAttack","WillBeTasty","StrikeDown","Bvapour","RushDown"],"picked":"SKIP","floor":14},{"not_picked":["Bloodbath","CherryBlossoms","PunishingBird"],"picked":"Singing Bowl","floor":16},{"not_picked":["RepressedFlesh","DistortedBlade"],"picked":"EmotionalTurbulence","floor":16},{"not_picked":["YoureTooSlow","ProselytesBlade","FieryWaltz+1","Suppress","Reload+1","ShrineToMusic","SmokingPipe","PreemptiveStrike"],"picked":"TheWillOfTheCity","floor":18},{"not_picked":["GalaxyChild","Murderer","OSAHOGD"],"picked":"Singing Bowl","floor":18},{"not_picked":["CherryBlossoms","WhitesApple"],"picked":"Woodsman","floor":18},{"not_picked":["Scorched","FieryBird","Wellcheers"],"picked":"Singing Bowl","floor":23},{"not_picked":["FleetFootsteps","OpportunitySpotted","PreemptiveStrike","DarkCloud","GuardingStance","ProselytesBlade","HighKick","Thrust"],"picked":"Tttonst","floor":23},{"not_picked":["ClassAndRespect","CutIn","Concentration","WillProduceFineSilk","BlindFaith+1","Thrust","UncannyStrike","GrazeTheGrass"],"picked":"Parry2","floor":25},{"not_picked":["VoidDream","BeautyBeast","MHz"],"picked":"Singing Bowl","floor":25},{"not_picked":["PunishingBird","RedShoes"],"picked":"Funeral","floor":25},{"not_picked":["SunsetBlade","YoureAHindrance","InhaleSmoke","Gigigig+1","LeRegole","FieryWaltz","Wallop_lor+1","EndlessBattle"],"picked":"FrontalAssault","floor":27},{"not_picked":["CherryBlossoms","Wellcheers"],"picked":"BodiesMountain","floor":27},{"not_picked":["SnowQueen","NothingThere","WhiteNight"],"picked":"Singing Bowl","floor":29},{"not_picked":["EndlessBattle+1","QuickAttack","Quickness","BattleCommand","SetFire+1","Gigigig+1","Retaliate","Leap_lor+1","FendThisOffIfYouCan"],"picked":"SKIP","floor":29},{"not_picked":["VoidDream","MeatLantern","OSAHOGD"],"picked":"Singing Bowl","floor":30},{"not_picked":["YoureAHindrance+1","StrongStrike","DimensionalRift+1","PreemptiveStrike","CoordinatedAssault+1","AssaultOrder","Unlock1","Outburst"],"picked":"FrontalAssault","floor":30},{"not_picked":["DesperateStruggle","EndlessBattle","Wallop_lor","BiAn","Laceration","SnakeSlit","TraceOfFumes","Outburst+1"],"picked":"SwordOfVolition","floor":31},{"not_picked":["VoidDream","ShyLook","FairyFestival"],"picked":"Singing Bowl","floor":31},{"not_picked":["Funeral","BigBadWolf","HeroicMonk"],"picked":"Singing Bowl","floor":33},{"not_picked":["WillProduceFineSilk","Suppress"],"picked":"SuanNi","floor":33},{"not_picked":["Thrust","BoundaryOfDeath","CookingPrep+1","SpearedSweep","YoureTooSlow+1","Parry2","ToWhereThePrescriptPoints+1","SmokingPipe+1"],"picked":"SunsetBlade","floor":35},{"not_picked":["QueenOfHatred","BigBird","SilentOrchestra"],"picked":"Singing Bowl","floor":36},{"not_picked":["ElectricShock+1","HeavyPeaks","FleetEdge","UpbeatPerformance","Quickness+1","InkOver","StructuralAnalysis+1","Unlock1+1"],"picked":"ToOvercomeCrisis+1","floor":36},{"not_picked":["RedShoes","SnowQueen","Woodsman"],"picked":"Singing Bowl","floor":38},{"not_picked":["Struggle+1","AsThePrescriptOrders+1","Creak+1","ClassAndRespect","RepressedFlesh","HandleRequest","AssaultOrder","ExtremeEdge","Diversion","WrathOfTorment+1"],"picked":"SKIP","floor":38},{"not_picked":["SilentOrchestra","BeautyBeast"],"picked":"BlueStar","floor":39},{"not_picked":["HighKick","SavageMode","Leap_lor+1","UpbeatPerformance+1","EnergyStrike+1","MultiBlock","Thirst","Creak","SinglePointStab"],"picked":"SunsetBlade+1","floor":39},{"not_picked":["LittlePrince","Scorched","LongBird"],"picked":"Singing Bowl","floor":40},{"not_picked":["SavageMode","Faith+1","Pound","Rewind","PreemptiveStrike+1","FleetEdge+1","Standoff","WillOfThePrescript","Diversion","YourShield+1"],"picked":"SKIP","floor":40},{"not_picked":["BodiesMountain","Bloodbath","LaLuna"],"picked":"Singing Bowl","floor":41},{"not_picked":["FieryDragonSlash+1","Brawl+1","Tailoring+1","Quickness","Slice_lor","CombatPreparation","SerpentSwordTechnique","UndertakePrescript+1","EnergyCycle"],"picked":"ToOvercomeCrisis+1","floor":41},{"not_picked":["SunsetBlade","Rewind","TheWillOfTheCity","IngredientHunt+1","TasteMyFlamingBat","GuidanceOfTheGears","FrontalAssault","EnergyStrike+1","PreemptiveStrike"],"picked":"Parry2","floor":42},{"not_picked":["LittleHelper","BodiesMountain","Variant"],"picked":"Singing Bowl","floor":42},{"not_picked":["Rudolta","MeltingLove","BigBird"],"picked":"Singing Bowl","floor":45},{"not_picked":["Yin","WhiteNight"],"picked":"DespairKnight","floor":45},{"not_picked":["Outburst+1","Standoff+1","SkyClearingCut+1","MultiHit+1","Castigation+1","ToOvercomeCrisis","Reload","CoordinatedAssault+1","FervidEmotions+1"],"picked":"Tttonst","floor":45},{"not_picked":[],"picked":"SunsetBlade","floor":54},{"not_picked":[],"picked":"Swift Strike+1","floor":54},{"not_picked":[],"picked":"Violence","floor":54},{"not_picked":["WhiteNight","BlackArmy","SilentOrchestra"],"picked":"Singing Bowl","floor":54},{"not_picked":["Bvapour+1"],"picked":"SKIP","floor":54},{"not_picked":["SteelKnuckles+1"],"picked":"SKIP","floor":54},{"not_picked":["BalefulBrand"],"picked":"SKIP","floor":54},{"not_picked":["Deflect_lor"],"picked":"SKIP","floor":54},{"not_picked":["GuardingStance","SerpentineBarrier+1","CircusKnives+1","SparkingSpear+1","BackAttack+1","Diversion+1","BladeWhirl+1","Execute_lor+1","WillOfThePrescript+1"],"picked":"ViolentFlame","floor":55},{"not_picked":["Rudolta","SingingMachine","CENSORED"],"picked":"Singing Bowl","floor":55}],"player_experience":593558,"relics_obtained":[{"floor":1,"key":"LetterFromLob"},{"floor":7,"key":"White Beast Statue"},{"floor":12,"key":"aspiration:SeaSaltIceCream"},{"floor":14,"key":"aspiration:EmptySkull"},{"floor":23,"key":"PageOfBloodbath"},{"floor":25,"key":"conspire:Dentures"},{"floor":26,"key":"Omamori"},{"floor":27,"key":"Blood Vial"},{"floor":38,"key":"AtMidnight"},{"floor":40,"key":"Happy Flower"},{"floor":43,"key":"Molten Egg 2"},{"floor":45,"key":"Replay:Rubber Ducky"},{"floor":48,"key":"Turnip"},{"floor":54,"key":"halation:PrussianBluePaint"},{"floor":54,"key":"halation:Sosunser"},{"floor":54,"key":"Golden Egg"},{"floor":54,"key":"aspiration:ChemicalBlood"},{"floor":54,"key":"TheAbacus"},{"floor":54,"key":"PageOfWizard"},{"floor":55,"key":"Whetstone"}],"event_choices":[{"damage_healed":0,"gold_gain":0,"player_choice":"Disagree","damage_taken":0,"max_hp_gain":0,"max_hp_loss":0,"event_name":"conspire:LoneGhost","floor":3,"gold_loss":0},{"damage_healed":0,"gold_gain":0,"player_choice":"Lose Max HP","damage_taken":0,"relics_obtained":["Golden Idol"],"max_hp_gain":0,"max_hp_loss":17,"event_name":"Golden Idol","floor":10,"gold_loss":0},{"cards_removed":["GoldRush"],"damage_healed":0,"gold_gain":0,"player_choice":"Take \u0026 Give","damage_taken":0,"max_hp_gain":0,"max_hp_loss":0,"event_name":"betterNote:BetterNote","floor":19,"gold_loss":0,"cards_obtained":["GoldRush"]},{"damage_healed":0,"gold_gain":0,"player_choice":"Obtained Book","damage_taken":16,"max_hp_gain":0,"max_hp_loss":0,"event_name":"Cursed Tome","floor":20,"gold_loss":0},{"damage_healed":0,"gold_gain":0,"cards_transformed":["Woodsman"],"player_choice":"Transformed","damage_taken":0,"max_hp_gain":0,"max_hp_loss":0,"event_name":"Transmorgrifier","floor":22,"gold_loss":0,"cards_obtained":["YoureAHindrance"]},{"cards_removed":["FocusedStrikes"],"damage_healed":0,"gold_gain":0,"player_choice":"Removed Attack","damage_taken":0,"max_hp_gain":0,"max_hp_loss":0,"event_name":"Falling","floor":47,"gold_loss":0}],"is_beta":false,"boss_relics":[{"not_picked":["halation:CatFaceCupcake","jedi:battlestandard"],"picked":"Ring of Chaos"},{"not_picked":["halation:MonkeysPaw","Cursed Key"],"picked":"CCEMRelics:TransientCore"}],"items_purged_floors":[],"is_endless":false,"potions_floor_spawned":[5,7,12,14,16,18,23,25,27,29,30,31,33,35,36,38,39,40,41,42,45,51,54,55],"ascension_level":1}}