{"host":"uj9w4ppfbvfw2v3t","time":1614346771,"event":{"mods":["AchievementEnabler","BaseMod","Colored Map","Colored Powertips","Keyboard Shortcuts","Marisa£¨Ùöéë¡¡Øª×âÞÞ£©","Minty Spire (QoL Compilation)","Quick Restart","Say the Spire","StSLib","SuperFastMode","WarShipGirlsR/??á´Ò³R mod"],"gold_per_floor":[114,128,141,167,184,184,210,229,229,190,34,68,68,79,79,174,174,188,203,203,203,220,220,246,246,246,47,47,78,78,104,104,205,205,223,223,48,61,11,11,23,23,23,23,34,46,46,77,77,77,77,77,2,35,35,35],"floor_reached":55,"language":"KOR","playtime":2494,"items_purged":["rmod:strick","Normality","rmod:strick+1","rmod:defend+1"],"score":1021,"play_id":"7363b02f-0a7d-4549-a319-9bcb4be645ab","local_time":"20210226223931","is_ascension_mode":true,"campfire_choices":[{"data":"rmod:chargemoney","floor":6.0,"key":"SMITH"},{"data":"rmod:circuitoustactics","floor":15.0,"key":"SMITH"},{"floor":23.0,"key":"REST"},{"data":"rmod:abidefaith","floor":25.0,"key":"SMITH"},{"data":"rmod:secretscript","floor":30.0,"key":"SMITH"},{"data":"rmod:circuitoustactics","floor":32.0,"key":"SMITH"},{"floor":40.0,"key":"RECALL"},{"data":"rmod:secretscript","floor":44.0,"key":"SMITH"},{"floor":47.0,"key":"REST"},{"data":"rmod:circuitoustactics","floor":49.0,"key":"SMITH"},{"data":"rmod:sl","floor":52.0,"key":"SMITH"}],"circlet_count":0,"master_deck":["rmod:strick+1","rmod:strick+1","rmod:defend+1","rmod:defend+1","rmod:defend+1","rmod:basicallowance","rmod:maingunfire+1","rmod:chargemoney+1","rmod:circuitoustactics+1","rmod:intelligenceanalysis","rmod:ammunitionsupply","rmod:firesupport","rmod:guardianhero","rmod:firesupport","rmod:steelsupply","rmod:steelsupply","rmod:abidefaith+1","rmod:circuitoustactics+1","rmod:luckystar","rmod:secretscript","rmod:secretscript+1","rmod:circuitoustactics+1","rmod:secretscript+1","rmod:supportescort+1","rmod:sl+1","rmod:tearstotiara","rmod:highspeedshooting+1","rmod:combined+1","Madness","Madness","Injury","rmod:combined","rmod:tearstotiara+1","rmod:acesubmarine","rmod:mineteam"],"relics":["Oddly Smooth Stone","PreservedInsect","Eternal Feather","Smiling Mask","Cursed Key","rmod:extraamm","Matryoshka","Gambling Chip","Pantograph","rmod:mogul","Boot","Omamori","Torii"],"acts_visited":["Exordium","TheCity","TheBeyond","TheEnding"],"potions_floor_usage":[],"damage_taken":[{"damage":0.0,"enemies":"Cultist","floor":1.0,"turns":2.0},{"damage":6.0,"enemies":"Jaw Worm","floor":2.0,"turns":3.0},{"damage":0.0,"enemies":"Small Slimes","floor":3.0,"turns":4.0},{"damage":11.0,"enemies":"Looter","floor":5.0,"turns":3.0},{"damage":24.0,"enemies":"3 Sentries","floor":7.0,"turns":6.0},{"damage":12.0,"enemies":"3 Louse","floor":8.0,"turns":3.0},{"damage":0.0,"enemies":"Lagavulin","floor":12.0,"turns":5.0},{"damage":0.0,"enemies":"Large Slime","floor":14.0,"turns":5.0},{"damage":3.0,"enemies":"The Guardian","floor":16.0,"turns":9.0},{"damage":18.0,"enemies":"Chosen","floor":18.0,"turns":5.0},{"damage":16.0,"enemies":"3 Byrds","floor":19.0,"turns":5.0},{"damage":0.0,"enemies":"Centurion and Healer","floor":22.0,"turns":6.0},{"damage":12.0,"enemies":"Book of Stabbing","floor":24.0,"turns":4.0},{"damage":9.0,"enemies":"Slavers","floor":29.0,"turns":4.0},{"damage":40.0,"enemies":"Book of Stabbing","floor":31.0,"turns":6.0},{"damage":28.0,"enemies":"Champ","floor":33.0,"turns":9.0},{"damage":44.0,"enemies":"3 Shapes","floor":35.0,"turns":5.0},{"damage":3.0,"enemies":"Orb Walker","floor":38.0,"turns":4.0},{"damage":0.0,"enemies":"Maw","floor":41.0,"turns":5.0},{"damage":39.0,"enemies":"Jaw Worm Horde","floor":45.0,"turns":4.0},{"damage":19.0,"enemies":"Transient","floor":46.0,"turns":5.0},{"damage":13.0,"enemies":"Giant Head","floor":48.0,"turns":5.0},{"damage":72.0,"enemies":"Donu and Deca","floor":50.0,"turns":6.0},{"damage":56.0,"enemies":"Shield and Spear","floor":54.0,"turns":6.0},{"damage":89,"enemies":"The Heart","floor":55,"turns":3}],"seed_played":"-1224425040141820403","potions_obtained":[{"floor":3.0,"key":"Explosive Potion"},{"floor":5.0,"key":"DuplicationPotion"},{"floor":22.0,"key":"SteroidPotion"},{"floor":24.0,"key":"Fruit Juice"},{"floor":33.0,"key":"Strength Potion"},{"floor":45.0,"key":"GamblersBrew"},{"floor":48.0,"key":"DistilledChaos"}],"is_trial":false,"path_per_floor":["M","M","M","T","M","R","E","M","T","?","$","E","?","M","R","B",null,"M","M","?","?","M","R","E","R","T","$","?","E","R","E","R","B",null,"M","?","$","M","$","R","M","?","T","R","M","M","R","E","R","B",null,"R","$","E","B"],"character_chosen":"PRAEFECT","items_purchased":["rmod:guardianhero","rmod:secretscript","rmod:sl","rmod:tearstotiara","rmod:mineteam"],"campfire_rested":2,"item_purchase_floors":[11,27,37,37,53],"current_hp_per_floor":[68,62,62,62,51,51,27,15,15,15,15,15,15,15,24,21,62,44,28,14,14,14,50,43,55,55,55,55,46,58,18,30,27,71,27,74,74,71,71,74,74,65,65,74,35,16,56,43,61,2,56,74,74,18,0,0],"gold":35,"neow_bonus":"UPGRADE_CARD","is_daily":false,"chose_seed":false,"campfire_upgraded":8,"win_rate":0.0,"timestamp":1614346771,"path_taken":["M","M","M","?","M","R","E","M","T","?","$","E","?","M","R","BOSS","M","M","?","?","M","R","E","R","T","$","?","E","R","E","R","BOSS","M","?","$","M","$","R","M","?","T","R","M","M","R","E","R","BOSS","R","$","E","BOSS"],"items_purchased_type":["Card","Card","Card","Card","Card"],"build_version":"2020-12-22","purchased_purges":4,"victory":false,"max_hp_per_floor":[75,75,75,75,75,75,75,75,75,75,75,75,75,75,75,75,75,75,75,80,80,80,80,85,85,85,85,85,85,85,85,85,85,85,85,74,74,74,74,74,74,74,74,74,74,74,74,74,74,74,74,74,74,74,74,74],"card_choices":[{"not_picked":["rmod:firesupport","rmod:ammunitionsupply"],"picked":"rmod:chargemoney","floor":1.0},{"not_picked":["rmod:steelsupply","rmod:luckystar"],"picked":"rmod:circuitoustactics","floor":2.0},{"not_picked":["rmod:luckystar","rmod:wasp","rmod:fletcher"],"picked":"SKIP","floor":3.0},{"not_picked":["rmod:aviationdawn","rmod:selfconfidence"],"picked":"rmod:intelligenceanalysis","floor":5.0},{"not_picked":["rmod:gendarmerie","rmod:luckystar"],"picked":"rmod:ammunitionsupply","floor":7.0},{"not_picked":["rmod:luckystar","rmod:fletcherpendant"],"picked":"rmod:firesupport","floor":8.0},{"not_picked":["rmod:aviationdawn","rmod:aluminumsupply"],"picked":"rmod:firesupport","floor":12.0},{"not_picked":[],"picked":"rmod:steelsupply","floor":13.0},{"not_picked":["rmod:diamondstrike","rmod:aluminumsupply"],"picked":"rmod:steelsupply","floor":14.0},{"not_picked":["rmod:seals","rmod:fletcher"],"picked":"rmod:abidefaith","floor":16.0},{"not_picked":["rmod:combined","rmod:aviationdawn"],"picked":"rmod:circuitoustactics","floor":18.0},{"not_picked":["rmod:heivgo","rmod:luckystar","rmod:mineteam"],"picked":"SKIP","floor":19.0},{"not_picked":["rmod:aviationdawn","rmod:supportescort"],"picked":"rmod:luckystar","floor":22.0},{"not_picked":["rmod:capitalist","rmod:gendarmerie","rmod:fuelsupply"],"picked":"SKIP","floor":24.0},{"not_picked":["rmod:firesupport","rmod:unsinkable"],"picked":"rmod:secretscript","floor":29.0},{"not_picked":["rmod:mineteam","rmod:firesupport"],"picked":"rmod:circuitoustactics","floor":31.0},{"not_picked":["rmod:highspeedmaneuver","rmod:seals"],"picked":"rmod:secretscript","floor":33.0},{"not_picked":["rmod:overbreakdown+1","rmod:ammunitionsupply+1"],"picked":"rmod:supportescort+1","floor":35.0},{"not_picked":["rmod:aggressivemary","rmod:goodfighter"],"picked":"rmod:highspeedshooting+1","floor":38.0},{"not_picked":["rmod:luckystar+1","rmod:spoils+1"],"picked":"rmod:combined+1","floor":41.0},{"not_picked":["rmod:steelsupply+1","rmod:mineteam"],"picked":"rmod:combined","floor":45.0},{"not_picked":["rmod:victimresponsibility","rmod:stealaluminum"],"picked":"rmod:tearstotiara+1","floor":46.0},{"not_picked":["rmod:openingtorpedo+1","rmod:luckystar"],"picked":"rmod:acesubmarine","floor":48.0},{"not_picked":["rmod:ammunitionsupply+1","rmod:steelsupply+1","rmod:intelligenceanalysis+1"],"picked":"SKIP","floor":54.0}],"player_experience":339482,"relics_obtained":[{"floor":4.0,"key":"Oddly Smooth Stone"},{"floor":7.0,"key":"PreservedInsect"},{"floor":9.0,"key":"Eternal Feather"},{"floor":12.0,"key":"Smiling Mask"},{"floor":24.0,"key":"rmod:extraamm"},{"floor":26.0,"key":"Matryoshka"},{"floor":29.0,"key":"Gambling Chip"},{"floor":31.0,"key":"Pantograph"},{"floor":43.0,"key":"Boot"},{"floor":48.0,"key":"Omamori"},{"floor":54.0,"key":"Torii"}],"event_choices":[{"damage_healed":0.0,"max_hp_gain":0.0,"max_hp_loss":0.0,"gold_gain":0.0,"event_name":"World of Goop","player_choice":"Left Gold","floor":10.0,"gold_loss":39.0,"damage_taken":0.0},{"damage_healed":0.0,"max_hp_gain":5.0,"max_hp_loss":0.0,"gold_gain":0.0,"event_name":"Forgotten Altar","player_choice":"Shed Blood","floor":20.0,"gold_loss":0.0,"damage_taken":19.0},{"damage_healed":0.0,"max_hp_gain":0.0,"max_hp_loss":0.0,"gold_gain":0.0,"event_name":"Back to Basics","player_choice":"Simplicity","floor":21.0,"gold_loss":0.0,"damage_taken":0.0,"cards_upgraded":["rmod:strick","rmod:strick","rmod:strick","rmod:defend","rmod:defend","rmod:defend","rmod:defend"]},{"damage_healed":0.0,"max_hp_gain":0.0,"max_hp_loss":0.0,"gold_gain":0.0,"event_name":"Ghosts","player_choice":"Ignored","floor":28.0,"gold_loss":0.0,"damage_taken":0.0},{"damage_healed":74.0,"max_hp_gain":0.0,"max_hp_loss":11.0,"gold_gain":0.0,"event_name":"The Moai Head","player_choice":"Heal","floor":36.0,"gold_loss":0.0,"damage_taken":0.0},{"damage_healed":0.0,"max_hp_gain":0.0,"max_hp_loss":0.0,"gold_gain":0.0,"event_name":"Winding Halls","player_choice":"Embrace Madness","floor":42.0,"gold_loss":0.0,"damage_taken":9.0,"cards_obtained":["Madness","Madness"]}],"is_beta":false,"boss_relics":[{"not_picked":["Black Star","rmod:monthlycard"],"picked":"Cursed Key"},{"not_picked":["Runic Dome","SacredBark"],"picked":"rmod:mogul"}],"items_purged_floors":[11,27,37,39],"is_endless":false,"potions_floor_spawned":[3,5,22,24,33,45,48],"killed_by":"The Heart","ascension_level":7}}