{"host":"by8i6f8xc0ywpsd5","time":1614328796,"event":{"mods":["BaseMod","Colored Map","Minty Spire (QoL Compilation)","Relic Stats"],"gold_per_floor":[166,166,50,61,78,78,109,109,134,169,191,203,215,257,269,281,281],"floor_reached":16,"language":"ENG","playtime":547,"items_purged":["Strike_R"],"score":236,"play_id":"f369b87d-91d3-4a9c-8413-94d9d0bebf43","local_time":"20210226103956","is_ascension_mode":true,"campfire_choices":[{"data":"Iron Wave","floor":6.0,"key":"SMITH"},{"data":"Iron Wave","floor":8.0,"key":"SMITH"},{"floor":13,"key":"REST"},{"data":"Spot Weakness","floor":15,"key":"SMITH"}],"circlet_count":0,"master_deck":["AscendersBane","Strike_R+1","Strike_R","Strike_R","Strike_R","Defend_R","Defend_R","Defend_R+1","Defend_R","Bash","Iron Wave+1","Iron Wave+1","Battle Trance+1","Pommel Strike","Spot Weakness+1","Feed","Pummel","Evolve","Twin Strike"],"relics":["Tiny House","GremlinMask","Juzu Bracelet","Smiling Mask","MawBank","Eternal Feather"],"acts_visited":["Exordium"],"potions_floor_usage":[16],"damage_taken":[{"damage":2.0,"enemies":"Cultist","floor":1.0,"turns":4.0},{"damage":0.0,"enemies":"2 Louse","floor":4.0,"turns":3.0},{"damage":0.0,"enemies":"Jaw Worm","floor":5.0,"turns":3.0},{"damage":20.0,"enemies":"Gremlin Nob","floor":7.0,"turns":4.0},{"damage":21.0,"enemies":"3 Sentries","floor":10.0,"turns":8.0},{"damage":8,"enemies":"Blue Slaver","floor":11,"turns":5},{"damage":18,"enemies":"Lagavulin","floor":14,"turns":7},{"damage":38,"enemies":"Slime Boss","floor":16,"turns":3}],"seed_played":"1356409709354784780","potions_obtained":[{"floor":0.0,"key":"SneckoOil"},{"floor":1.0,"key":"Explosive Potion"},{"floor":5.0,"key":"DistilledChaos"},{"floor":10.0,"key":"SmokeBomb"},{"floor":14,"key":"PowerPotion"}],"is_trial":false,"path_per_floor":["M","?","$","M","M","R","E","R","T","E","M","?","R","E","R","B"],"character_chosen":"IRONCLAD","items_purchased":["Battle Trance"],"campfire_rested":1,"item_purchase_floors":[3],"current_hp_per_floor":[71,71,71,71,71,71,51,51,51,33,28,2,27,9,18,0,0],"gold":281,"neow_bonus":"BOSS_RELIC","is_daily":false,"chose_seed":false,"campfire_upgraded":3,"win_rate":0.0,"timestamp":1614328796,"path_taken":["M","?","?","M","M","R","E","R","T","E","M","?","R","E","R","BOSS"],"items_purchased_type":["Card"],"build_version":"2020-12-22","purchased_purges":1,"victory":false,"max_hp_per_floor":[80,80,80,80,80,80,80,80,80,83,86,86,86,86,86,86,86],"relic_stats":{"counters":[8,37],"Eternal Feather":9,"Juzu Bracelet":0,"Smiling Mask":0,"MawBank":72,"obtain_stats":[{"Tiny House":0,"GremlinMask":2,"Eternal Feather":14,"Juzu Bracelet":7,"Smiling Mask":9,"MawBank":10,"Burning Blood":0},{"Tiny House":0,"GremlinMask":1,"Eternal Feather":7,"Juzu Bracelet":4,"Smiling Mask":4,"MawBank":5,"Burning Blood":0},{"Tiny House":0,"GremlinMask":4,"Eternal Feather":34,"Juzu Bracelet":14,"Smiling Mask":14,"MawBank":22,"Burning Blood":0}]},"card_choices":[{"not_picked":["Power Through","Flex"],"picked":"Iron Wave","floor":0.0},{"not_picked":["Cleave","Thunderclap"],"picked":"Iron Wave","floor":1.0},{"not_picked":["Dual Wield","Rupture"],"picked":"Pommel Strike","floor":4.0},{"not_picked":["Iron Wave","Bloodletting"],"picked":"Spot Weakness","floor":5.0},{"not_picked":["True Grit","Flex"],"picked":"Feed","floor":7.0},{"not_picked":["Feel No Pain","Flex"],"picked":"Pummel","floor":10.0},{"not_picked":["Pummel","Headbutt"],"picked":"Evolve","floor":11},{"not_picked":["Hemokinesis","Pommel Strike"],"picked":"Twin Strike","floor":14}],"player_experience":1798455,"relics_obtained":[{"floor":7.0,"key":"Juzu Bracelet"},{"floor":9.0,"key":"Smiling Mask"},{"floor":10.0,"key":"MawBank"},{"floor":14,"key":"Eternal Feather"}],"event_choices":[{"damage_healed":0.0,"max_hp_gain":0.0,"max_hp_loss":0.0,"gold_gain":0.0,"event_name":"FaceTrader","player_choice":"Trade","floor":2.0,"gold_loss":0.0,"damage_taken":0.0,"relics_obtained":["GremlinMask"]},{"damage_healed":0,"gold_gain":0,"player_choice":"Entered Light","damage_taken":26,"max_hp_gain":0,"max_hp_loss":0,"event_name":"Shining Light","floor":12,"gold_loss":0,"cards_upgraded":["Battle Trance","Strike_R"]}],"is_beta":false,"boss_relics":[],"items_purged_floors":[3],"is_endless":false,"potions_floor_spawned":[1,5,10,14],"killed_by":"Slime Boss","ascension_level":20}}