{"host":"mydft8i2zzydgggw","time":1614353287,"event":{"mods":["AchievementEnabler","BaseMod","Colored Map","Colored Powertips","DeckTracker","Keyboard Shortcuts","Minty Spire (QoL Compilation)","Rare Cards Sparkle","Relic Stats","StSLib","SuperFastMode","Together in Spire","everything is the same but u backflip on backflip"],"gold_per_floor":[114,114,129,139,154,179,179,205,205,277,277,13,30,30,30,30,30],"floor_reached":16,"language":"KOR","playtime":309,"items_purged":[],"score":209,"play_id":"9f536df7-6154-40ca-9d6f-ed7e272320d1","local_time":"20210227002807","is_ascension_mode":true,"campfire_choices":[{"data":"Defragment","floor":7.0,"key":"SMITH"},{"data":"Go for the Eyes","floor":15,"key":"SMITH"}],"circlet_count":0,"master_deck":["AscendersBane","Strike_B","Strike_B","Strike_B","Strike_B","Defend_B","Defend_B","Defend_B","Defend_B","Zap","Dualcast","Core Surge","Coolheaded","Sweeping Beam","Loop","Defragment+1","Skim","Parasite","Go for the Eyes+1","Pain"],"relics":["Cracked Core","Regal Pillow","Bronze Scales","Tiny Chest","Eternal Feather","WarpedTongs"],"acts_visited":["Exordium"],"potions_floor_usage":[16],"damage_taken":[{"damage":2.0,"enemies":"Jaw Worm","floor":1.0,"turns":3.0},{"damage":1.0,"enemies":"2 Louse","floor":3.0,"turns":3.0},{"damage":0.0,"enemies":"Small Slimes","floor":4.0,"turns":2.0},{"damage":13.0,"enemies":"Gremlin Gang","floor":5.0,"turns":3.0},{"damage":37.0,"enemies":"Lagavulin","floor":6.0,"turns":8.0},{"damage":22.0,"enemies":"Gremlin Nob","floor":8.0,"turns":4.0},{"damage":19.0,"enemies":"Lots of Slimes","floor":13.0,"turns":3.0},{"damage":27,"enemies":"Hexaghost","floor":16,"turns":9}],"seed_played":"-3696213241119348216","potions_obtained":[{"floor":3.0,"key":"Regen Potion"},{"floor":6.0,"key":"Regen Potion"},{"floor":8.0,"key":"Block Potion"}],"is_trial":false,"path_per_floor":["M","?","M","M","M","E","R","E","T","?","?","$","M","?","R","B"],"character_chosen":"DEFECT","items_purchased":["Eternal Feather"],"campfire_rested":0,"item_purchase_floors":[12],"current_hp_per_floor":[62,67,66,66,60,23,23,13,13,13,30,30,11,11,23,0,0],"gold":30,"neow_bonus":"THREE_RARE_CARDS","is_daily":false,"chose_seed":false,"campfire_upgraded":2,"win_rate":0.0,"timestamp":1614353287,"path_taken":["M","?","M","M","M","E","R","E","T","?","?","$","M","?","R","BOSS"],"items_purchased_type":["Relic"],"build_version":"2020-12-22","purchased_purges":0,"victory":false,"max_hp_per_floor":[64,69,69,69,69,69,69,69,69,69,69,69,69,69,69,69,69],"relic_stats":{"Regal Pillow":0,"counters":[8,35],"Bronze Scales":[70],"Tiny Chest":0,"Eternal Feather":12,"obtain_stats":[{"Regal Pillow":6,"Bronze Scales":8,"Tiny Chest":9,"Eternal Feather":12,"Cracked Core":0,"WarpedTongs":14},{"Regal Pillow":5,"Bronze Scales":6,"Tiny Chest":6,"Eternal Feather":6,"Cracked Core":0,"WarpedTongs":7},{"Regal Pillow":19,"Bronze Scales":23,"Tiny Chest":23,"Eternal Feather":23,"Cracked Core":0,"WarpedTongs":26}],"WarpedTongs":[9]},"card_choices":[{"not_picked":["Thunder Strike","Amplify"],"picked":"Core Surge","floor":0.0},{"not_picked":["Beam Cell","Conserve Battery"],"picked":"Coolheaded","floor":1.0},{"not_picked":["Melter","Reprogram"],"picked":"Sweeping Beam","floor":3.0},{"not_picked":["Barrage","Leap"],"picked":"Loop","floor":4.0},{"not_picked":["Compile Driver","Streamline"],"picked":"Defragment","floor":5.0},{"not_picked":["Steam","Sunder","Melter"],"picked":"SKIP","floor":6.0},{"not_picked":["Hyperbeam","Aggregate"],"picked":"Skim","floor":8.0},{"not_picked":["Gash","Beam Cell"],"picked":"Go for the Eyes","floor":13.0}],"player_experience":308258,"relics_obtained":[{"floor":6.0,"key":"Regal Pillow"},{"floor":8.0,"key":"Bronze Scales"},{"floor":9.0,"key":"Tiny Chest"}],"event_choices":[{"damage_healed":0.0,"max_hp_gain":5.0,"max_hp_loss":0.0,"gold_gain":0.0,"event_name":"Big Fish","player_choice":"Donut","floor":2.0,"gold_loss":0.0,"damage_taken":0.0},{"damage_healed":0.0,"max_hp_gain":0.0,"max_hp_loss":0.0,"gold_gain":72.0,"event_name":"Golden Wing","player_choice":"Gained Gold","floor":10.0,"gold_loss":0.0,"damage_taken":0.0},{"damage_healed":17.0,"max_hp_gain":0.0,"max_hp_loss":0.0,"gold_gain":0.0,"event_name":"Mushrooms","player_choice":"Healed and dodged fight","floor":11.0,"gold_loss":0.0,"damage_taken":0.0,"cards_obtained":["Parasite"]},{"damage_healed":0,"gold_gain":0,"player_choice":"Rummage","damage_taken":0,"relics_obtained":["WarpedTongs"],"max_hp_gain":0,"max_hp_loss":0,"event_name":"Accursed Blacksmith","floor":14,"gold_loss":0,"cards_obtained":["Pain"]}],"is_beta":false,"boss_relics":[],"items_purged_floors":[],"is_endless":false,"potions_floor_spawned":[3,6,8],"killed_by":"Hexaghost","ascension_level":18}}