{"host":"4epvxsx6d4oxmc67","time":1614367531,"event":{"mods":["AchievementEnabler","BaseMod","Colored Map","Highlight Path","Minty Spire (QoL Compilation)"],"gold_per_floor":[110,60,79,79,95,95,110,110,186,203,236,253,283,294,294,392,392,406,0,0,17,17,17,32,32,32,63,11,27,27,39,39,39,39],"floor_reached":33,"language":"ENG","playtime":1561,"items_purged":[],"score":444,"play_id":"68e1f9c0-79ed-4caf-b7d6-ec4bc2a477ed","local_time":"20210226192531","is_ascension_mode":true,"campfire_choices":[{"data":"Bash","floor":6.0,"key":"SMITH"},{"data":"Feed","floor":8.0,"key":"SMITH"},{"floor":15.0,"key":"REST"},{"data":"Cleave","floor":23.0,"key":"SMITH"},{"data":"True Grit","floor":25.0,"key":"SMITH"},{"floor":30.0,"key":"REST"},{"floor":32.0,"key":"REST"}],"circlet_count":0,"master_deck":["AscendersBane","Strike_R","Strike_R","Strike_R","Defend_R","Defend_R","Defend_R","Defend_R","Bash+1","Sword Boomerang","Ghostly Armor","True Grit+1","Feed+1","Cleave+1","Dropkick","Seeing Red","Inflame+1","Flame Barrier","Fiend Fire","Twin Strike+1","Evolve+1","Headbutt+1","Body Slam+1"],"relics":["Burning Blood","NeowsBlessing","Sundial","Pen Nib","Frozen Egg 2","Busted Crown","Molten Egg 2","Orichalcum","Paper Frog","MealTicket"],"acts_visited":["Exordium","TheCity"],"potions_floor_usage":[33,33],"damage_taken":[{"damage":0.0,"enemies":"2 Louse","floor":1.0,"turns":1.0},{"damage":0.0,"enemies":"Cultist","floor":3.0,"turns":1.0},{"damage":0.0,"enemies":"Small Slimes","floor":5.0,"turns":1.0},{"damage":11.0,"enemies":"Looter","floor":7.0,"turns":3.0},{"damage":28.0,"enemies":"Lots of Slimes","floor":10.0,"turns":8.0},{"damage":24.0,"enemies":"Gremlin Nob","floor":11.0,"turns":4.0},{"damage":17.0,"enemies":"Large Slime","floor":12.0,"turns":9.0},{"damage":23.0,"enemies":"Lagavulin","floor":13.0,"turns":5.0},{"damage":6.0,"enemies":"Blue Slaver","floor":14.0,"turns":5.0},{"damage":28.0,"enemies":"Slime Boss","floor":16.0,"turns":9.0},{"damage":4.0,"enemies":"Spheric Guardian","floor":18.0,"turns":5.0},{"damage":32.0,"enemies":"Shell Parasite","floor":21.0,"turns":7.0},{"damage":18.0,"enemies":"Chosen and Byrds","floor":24.0,"turns":5.0},{"damage":28.0,"enemies":"Book of Stabbing","floor":27.0,"turns":5.0},{"damage":4.0,"enemies":"Centurion and Healer","floor":29.0,"turns":6.0},{"damage":12.0,"enemies":"Snecko","floor":31.0,"turns":3.0},{"damage":121,"enemies":"Collector","floor":33,"turns":7}],"seed_played":"3120441336873677490","potions_obtained":[{"floor":7.0,"key":"Regen Potion"},{"floor":11.0,"key":"Fire Potion"},{"floor":13.0,"key":"SpeedPotion"},{"floor":16.0,"key":"HeartOfIron"},{"floor":21.0,"key":"Block Potion"},{"floor":24.0,"key":"Fire Potion"},{"floor":31.0,"key":"Dexterity Potion"}],"is_trial":false,"path_per_floor":["M","?","M","?","M","R","M","R","T","M","E","M","E","M","R","B",null,"M","$","?","M","?","R","M","R","T","E","$","M","R","M","R","B"],"character_chosen":"IRONCLAD","items_purchased":["Molten Egg 2","Orichalcum","Strength Potion"],"campfire_rested":3,"item_purchase_floors":[19,19,28],"current_hp_per_floor":[78,78,80,80,80,80,75,75,75,57,55,48,31,31,58,36,78,80,80,80,54,54,54,46,46,46,24,39,41,69,67,97,0,0],"gold":39,"neow_bonus":"THREE_ENEMY_KILL","is_daily":false,"chose_seed":false,"campfire_upgraded":4,"win_rate":0.0,"timestamp":1614367531,"path_taken":["M","?","M","?","M","R","M","R","T","M","E","M","E","?","R","BOSS","M","$","?","M","?","R","M","R","T","E","$","M","R","M","R","BOSS"],"items_purchased_type":["Relic","Relic","Potion"],"build_version":"2020-12-22","purchased_purges":0,"victory":false,"max_hp_per_floor":[80,80,80,80,80,80,80,80,80,84,88,92,92,92,92,92,92,92,92,92,92,92,92,96,96,96,96,96,96,96,100,100,100,100],"card_choices":[{"not_picked":["Body Slam","Shrug It Off"],"picked":"Sword Boomerang","floor":1.0},{"not_picked":["Perfected Strike","Anger"],"picked":"Ghostly Armor","floor":3.0},{"not_picked":["Wild Strike","Sword Boomerang"],"picked":"True Grit","floor":5.0},{"not_picked":["Thunderclap","Sentinel"],"picked":"Feed","floor":7.0},{"not_picked":["Clash","Anger"],"picked":"Cleave","floor":10.0},{"not_picked":["Shrug It Off","Ghostly Armor"],"picked":"Dropkick","floor":11.0},{"not_picked":["Wild Strike","Havoc"],"picked":"Seeing Red","floor":12.0},{"not_picked":["Dual Wield","Armaments"],"picked":"Inflame+1","floor":13.0},{"not_picked":["Clash","Havoc"],"picked":"Flame Barrier","floor":14.0},{"not_picked":["Feed","Brutality+1"],"picked":"Fiend Fire","floor":16.0},{"not_picked":[],"picked":"Twin Strike+1","floor":18.0},{"not_picked":["Rupture+1"],"picked":"SKIP","floor":21.0},{"not_picked":[],"picked":"Headbutt+1","floor":24.0},{"not_picked":["Seeing Red"],"picked":"SKIP","floor":27.0},{"not_picked":[],"picked":"Body Slam+1","floor":29.0},{"not_picked":["Clash+1"],"picked":"SKIP","floor":31.0}],"player_experience":159385,"relics_obtained":[{"floor":9.0,"key":"Sundial"},{"floor":11.0,"key":"Pen Nib"},{"floor":13.0,"key":"Frozen Egg 2"},{"floor":26.0,"key":"Paper Frog"},{"floor":27.0,"key":"MealTicket"}],"event_choices":[{"cards_removed":["Strike_R"],"damage_healed":0.0,"max_hp_gain":0.0,"max_hp_loss":0.0,"gold_gain":0.0,"event_name":"The Cleric","player_choice":"Card Removal","floor":2.0,"gold_loss":50.0,"damage_taken":0.0},{"cards_removed":["Strike_R"],"damage_healed":0.0,"max_hp_gain":0.0,"max_hp_loss":0.0,"gold_gain":0.0,"event_name":"Bonfire Elementals","player_choice":"Offered Basic","floor":4.0,"gold_loss":0.0,"damage_taken":0.0},{"damage_healed":0.0,"max_hp_gain":0.0,"max_hp_loss":0.0,"gold_gain":0.0,"event_name":"The Library","player_choice":"Read","floor":20.0,"gold_loss":0.0,"damage_taken":0.0,"cards_obtained":["Evolve"]},{"damage_healed":0.0,"max_hp_gain":0.0,"max_hp_loss":0.0,"gold_gain":0.0,"event_name":"Ghosts","player_choice":"Ignored","floor":22.0,"gold_loss":0.0,"damage_taken":0.0}],"is_beta":false,"boss_relics":[{"not_picked":["Coffee Dripper","Runic Cube"],"picked":"Busted Crown"}],"items_purged_floors":[],"is_endless":false,"potions_floor_spawned":[7,11,13,16,21,24,31],"killed_by":"Collector","ascension_level":10}}