{"host":"spd19cimorv47raq","time":1614350312,"event":{"mods":["AchievementEnabler","BaseMod","Colored Map","DeckTracker","Keyboard Shortcuts","Minty Spire (QoL Compilation)","Quick Restart","StSLib","SuperFastMode"],"gold_per_floor":[360,13,28,47,59,59,93,108,108,108,128,140,169,181,181,283,283,301,301,2,22,22,51,51,81,81,95,115,146,163,182,182,277,277,289,303,323,37,52,52,52,52,75,75,88,0,50,101,101,101],"floor_reached":51,"language":"KOR","playtime":2405,"items_purged":["Strike_B","Writhe"],"score":748,"play_id":"0fff35d6-5d04-41ac-81a9-2ed1816ac246","local_time":"20210226233832","is_ascension_mode":false,"campfire_choices":[{"data":"Apotheosis","floor":6.0,"key":"SMITH"},{"floor":15.0,"key":"REST"},{"data":"Defragment","floor":32.0,"key":"SMITH"},{"data":"1","floor":40.0,"key":"LIFT"},{"data":"2","floor":42.0,"key":"LIFT"},{"data":"3","floor":49,"key":"LIFT"}],"circlet_count":0,"master_deck":["Strike_B","Defend_B","Defend_B","Defend_B","Defend_B","Zap","Dualcast","Apotheosis+1","Defragment+1","Ball Lightning","Steam","Lockon","Leap","Reinforced Body","Conserve Battery","Static Discharge","Reboot","Machine Learning","Stack+1","Double Energy+1","Redo","Biased Cognition+1","Self Repair+1","Buffer+1","Loop+1","Capacitor+1","Machine Learning+1"],"relics":["Cracked Core","Art of War","Pantograph","Mercury Hourglass","Lantern","Empty Cage","Frozen Egg 2","Orichalcum","Singing Bowl","Girya","FossilizedHelix","Question Card","Meat on the Bone","Torii","Fusion Hammer","Mummified Hand","Anchor","Red Mask","Ice Cream","Gambling Chip"],"acts_visited":["Exordium","TheCity","TheBeyond"],"potions_floor_usage":[50,50],"damage_taken":[{"damage":6.0,"enemies":"Small Slimes","floor":1.0,"turns":3.0},{"damage":8.0,"enemies":"Jaw Worm","floor":3.0,"turns":3.0},{"damage":0.0,"enemies":"Cultist","floor":4.0,"turns":2.0},{"damage":3.0,"enemies":"3 Louse","floor":5.0,"turns":3.0},{"damage":22.0,"enemies":"3 Sentries","floor":7.0,"turns":8.0},{"damage":0.0,"enemies":"Large Slime","floor":8.0,"turns":5.0},{"damage":2.0,"enemies":"Looter","floor":11.0,"turns":2.0},{"damage":2.0,"enemies":"Blue Slaver","floor":12.0,"turns":3.0},{"damage":13.0,"enemies":"Lagavulin","floor":13.0,"turns":6.0},{"damage":3.0,"enemies":"Exordium Thugs","floor":14.0,"turns":4.0},{"damage":16.0,"enemies":"Hexaghost","floor":16.0,"turns":8.0},{"damage":0.0,"enemies":"Shell Parasite","floor":18.0,"turns":4.0},{"damage":0.0,"enemies":"Chosen","floor":21.0,"turns":4.0},{"damage":2.0,"enemies":"Book of Stabbing","floor":23.0,"turns":6.0},{"damage":26.0,"enemies":"Slavers","floor":25.0,"turns":6.0},{"damage":0.0,"enemies":"Snecko","floor":27.0,"turns":5.0},{"damage":12.0,"enemies":"Snake Plant","floor":28.0,"turns":4.0},{"damage":14.0,"enemies":"Book of Stabbing","floor":29.0,"turns":7.0},{"damage":0.0,"enemies":"Centurion and Healer","floor":30.0,"turns":7.0},{"damage":0.0,"enemies":"Snecko","floor":31.0,"turns":4.0},{"damage":1.0,"enemies":"Automaton","floor":33.0,"turns":12.0},{"damage":0.0,"enemies":"3 Darklings","floor":35.0,"turns":6.0},{"damage":11.0,"enemies":"3 Shapes","floor":36.0,"turns":4.0},{"damage":26.0,"enemies":"Jaw Worm Horde","floor":37.0,"turns":5.0},{"damage":0.0,"enemies":"Sphere and 2 Shapes","floor":39.0,"turns":4.0},{"damage":0,"enemies":"Transient","floor":45,"turns":5},{"damage":14,"enemies":"Mind Bloom Boss Battle","floor":47,"turns":5},{"damage":39,"enemies":"2 Orb Walkers","floor":48,"turns":5},{"damage":26,"enemies":"Time Eater","floor":50,"turns":10}],"seed_played":"198530212824356339","potions_obtained":[{"floor":3.0,"key":"SpeedPotion"},{"floor":11.0,"key":"Ancient Potion"},{"floor":13.0,"key":"Block Potion"},{"floor":16.0,"key":"Dexterity Potion"},{"floor":23.0,"key":"PowerPotion"},{"floor":25.0,"key":"Ancient Potion"},{"floor":31.0,"key":"LiquidBronze"},{"floor":33.0,"key":"SteroidPotion"},{"floor":35.0,"key":"Explosive Potion"},{"floor":37.0,"key":"SteroidPotion"},{"floor":45,"key":"FearPotion"},{"floor":47,"key":"DuplicationPotion"}],"is_trial":false,"path_per_floor":["M","$","M","M","M","R","E","M","T","?","M","M","E","M","R","B",null,"M","?","$","M","T","E","T","E","T","M","M","E","M","M","R","B",null,"M","M","M","$","M","R","?","R","T","?","M","?","?","?","R","B",null],"character_chosen":"DEFECT","items_purchased":["Apotheosis","Defragment","Ball Lightning","Orichalcum","FocusPotion","Loop+1","Mummified Hand"],"campfire_rested":1,"item_purchase_floors":[2,2,2,20,20,38,38],"current_hp_per_floor":[62,62,54,54,51,51,29,29,29,26,24,22,9,6,26,35,68,68,68,68,68,68,66,66,40,40,42,42,40,42,42,42,72,72,74,75,61,61,71,71,71,71,71,71,80,80,78,63,63,68],"gold":101,"neow_bonus":"TWO_FIFTY_GOLD","is_daily":false,"chose_seed":false,"campfire_upgraded":2,"win_rate":0.0,"timestamp":1614350312,"path_taken":["M","$","M","M","M","R","E","M","T","?","M","M","E","M","R","BOSS","M","?","$","M","?","E","?","E","T","M","M","E","M","M","R","BOSS","M","M","M","$","M","R","?","R","T","?","?","?","?","?","R","BOSS"],"items_purchased_type":["Card","Card","Card","Relic","Potion","Card","Relic"],"build_version":"2020-12-22","purchased_purges":2,"victory":true,"max_hp_per_floor":[68,68,68,68,68,68,68,68,68,68,68,68,68,68,68,68,68,68,68,68,68,68,68,68,68,68,70,70,70,72,72,72,72,72,74,76,78,78,78,78,78,78,78,78,80,80,82,84,84,84],"card_choices":[{"not_picked":["Streamline","Chaos"],"picked":"Cold Snap","floor":1.0},{"not_picked":["Coolheaded","Gash"],"picked":"Steam","floor":3.0},{"not_picked":["Sweeping Beam","Cold Snap"],"picked":"Lockon","floor":4.0},{"not_picked":["Ball Lightning","Double Energy"],"picked":"Leap","floor":5.0},{"not_picked":["Steam","Thunder Strike"],"picked":"Reinforced Body","floor":7.0},{"not_picked":["Steam","Beam Cell"],"picked":"Conserve Battery","floor":8.0},{"not_picked":["Steam","Gash","Beam Cell"],"picked":"SKIP","floor":11.0},{"not_picked":["FTL","Coolheaded"],"picked":"Static Discharge","floor":12.0},{"not_picked":["Beam Cell","Steam","Barrage"],"picked":"SKIP","floor":13.0},{"not_picked":["Melter","Streamline"],"picked":"Reboot","floor":14.0},{"not_picked":["Thunder Strike","All For One"],"picked":"Machine Learning","floor":16.0},{"not_picked":["Blizzard+1","Tempest","Rebound"],"picked":"SKIP","floor":18.0},{"not_picked":["Rip and Tear","Turbo","Cold Snap"],"picked":"SKIP","floor":21.0},{"not_picked":["Chaos+1","Rebound"],"picked":"Stack+1","floor":23.0},{"not_picked":["Gash","Recycle+1"],"picked":"Double Energy+1","floor":25.0},{"not_picked":["Stack","Streamline","Hologram","Steam"],"picked":"Singing Bowl","floor":27.0},{"not_picked":["Cold Snap","Darkness","Gash+1"],"picked":"Redo","floor":28.0},{"not_picked":["BootSequence","Self Repair+1","Cold Snap"],"picked":"Biased Cognition+1","floor":29.0},{"not_picked":["Chill","Consume+1","Beam Cell+1","BootSequence"],"picked":"Singing Bowl","floor":30.0},{"not_picked":["Beam Cell+1","Tempest","Darkness"],"picked":"Self Repair+1","floor":31.0},{"not_picked":["All For One","Creative AI+1","Multi-Cast"],"picked":"Buffer+1","floor":33.0},{"not_picked":["Sunder+1","Steam Power+1","Genetic Algorithm+1","Sweeping Beam"],"picked":"Singing Bowl","floor":35.0},{"not_picked":["Fusion","Steam+1","Ball Lightning","Rebound"],"picked":"Singing Bowl","floor":36.0},{"not_picked":["Ball Lightning","Sweeping Beam","Beam Cell+1","Go for the Eyes"],"picked":"Singing Bowl","floor":37.0},{"not_picked":["Compile Driver","Static Discharge+1","Aggregate+1"],"picked":"Capacitor+1","floor":39.0},{"not_picked":["Compile Driver+1","BootSequence+1","Coolheaded","Beam Cell"],"picked":"Singing Bowl","floor":45},{"not_picked":["Hologram+1","Self Repair+1","Barrage+1","Steam Power"],"picked":"Singing Bowl","floor":47},{"not_picked":["Conserve Battery+1","Gash+1","Stack+1","Steam"],"picked":"Singing Bowl","floor":48}],"player_experience":918512,"relics_obtained":[{"floor":7.0,"key":"Art of War"},{"floor":9.0,"key":"Pantograph"},{"floor":13.0,"key":"Lantern"},{"floor":22.0,"key":"Singing Bowl"},{"floor":23.0,"key":"Girya"},{"floor":24.0,"key":"FossilizedHelix"},{"floor":25.0,"key":"Question Card"},{"floor":26.0,"key":"Meat on the Bone"},{"floor":29.0,"key":"Torii"},{"floor":43.0,"key":"Anchor"},{"floor":47,"key":"Ice Cream"},{"floor":48,"key":"Gambling Chip"}],"event_choices":[{"damage_healed":0.0,"max_hp_gain":0.0,"max_hp_loss":0.0,"gold_gain":0.0,"event_name":"Scrap Ooze","player_choice":"Success","floor":10.0,"gold_loss":0.0,"damage_taken":3.0,"relics_obtained":["Mercury Hourglass"]},{"damage_healed":0.0,"max_hp_gain":0.0,"max_hp_loss":0.0,"gold_gain":0.0,"event_name":"The Mausoleum","player_choice":"Opened","floor":19.0,"gold_loss":0.0,"damage_taken":0.0,"relics_obtained":["Frozen Egg 2"],"cards_obtained":["Writhe"]},{"cards_removed":["Cold Snap"],"damage_healed":0.0,"max_hp_gain":0.0,"max_hp_loss":0.0,"gold_gain":0.0,"event_name":"Falling","player_choice":"Removed Attack","floor":41.0,"gold_loss":0.0,"damage_taken":0.0},{"damage_healed":0,"gold_gain":0,"player_choice":"1 cards matched","damage_taken":0,"max_hp_gain":0,"max_hp_loss":0,"event_name":"Match and Keep!","floor":44,"gold_loss":0,"cards_obtained":["Machine Learning"]},{"damage_healed":0,"gold_gain":0,"player_choice":"1 cards matched","damage_taken":0,"max_hp_gain":0,"max_hp_loss":0,"event_name":"Match and Keep!","floor":44,"gold_loss":0,"cards_obtained":["Machine Learning"]},{"damage_healed":0,"gold_gain":0,"player_choice":"Paid","damage_taken":0,"relics_obtained":["Red Mask"],"max_hp_gain":0,"max_hp_loss":0,"event_name":"Tomb of Lord Red Mask","floor":46,"gold_loss":88},{"damage_healed":0,"gold_gain":0,"player_choice":"Fight","damage_taken":0,"max_hp_gain":0,"max_hp_loss":0,"event_name":"MindBloom","floor":47,"gold_loss":0},{"damage_healed":0,"gold_gain":0,"player_choice":"Fight","damage_taken":0,"max_hp_gain":0,"max_hp_loss":0,"event_name":"Mysterious Sphere","floor":48,"gold_loss":0}],"is_beta":false,"boss_relics":[{"not_picked":["Philosopher\u0027s Stone","Coffee Dripper"],"picked":"Empty Cage"},{"not_picked":["Astrolabe","Pandora\u0027s Box"],"picked":"Fusion Hammer"}],"items_purged_floors":[2,20],"is_endless":false,"potions_floor_spawned":[3,11,13,16,23,25,31,33,35,37,45,47],"ascension_level":0}}