{"host":"ve9aztkoyqeblvav","time":1614343027,"event":{"mods":["Act Like it!","Aspiration","BaseMod","Colored Map","Colored Powertips","Highlight Path","Marked Mod","Minty Spire (QoL Compilation)","Pale of the Ancients","Quick Restart","Reorder Act Four","StSLib","The Hierophant","Waifu the Spire","[IsaacMod]ÒÔÈö¼âËþ"],"gold_per_floor":[114,39,50,60,71,71,102,102,102,130,150,150,170,197,197,271,271,286,302,44,44,94,94,113,113,113,160,85,111,127,160,160,231,231,246,246,266,97,114,114,114,114,114,131,131,149,161,202,202,202,217,217,11,11,58,58],"floor_reached":57,"language":"ZHS","playtime":5178,"items_purged":["Strike_G","Strike_G","Strike_G","Strike_G","Dash+1"],"score":3022,"play_id":"bc6673a5-1584-4026-bc00-4c919d0dc8d9","local_time":"20210226203707","is_ascension_mode":true,"campfire_choices":[{"data":"Corpse Explosion","floor":6.0,"key":"SMITH"},{"data":"Bouncing Flask","floor":8.0,"key":"SMITH"},{"data":"Neutralize","floor":12.0,"key":"SMITH"},{"data":"Well Laid Plans","floor":15.0,"key":"SMITH"},{"data":"Adrenaline","floor":23.0,"key":"SMITH"},{"data":"Tactician","floor":25.0,"key":"SMITH"},{"data":"Acrobatics","floor":32.0,"key":"SMITH"},{"data":"Venomology","floor":40.0,"key":"SMITH"},{"data":"Purity","floor":42.0,"key":"SMITH"},{"data":"Terror","floor":45.0,"key":"SMITH"},{"floor":49.0,"key":"RECALL"},{"data":"Acrobatics","floor":54,"key":"SMITH"}],"circlet_count":0,"master_deck":["AscendersBane","Defend_G","Defend_G","Defend_G+1","Defend_G","Defend_G","Survivor","Neutralize+1","BettingIsNotGood+1","Corpse Explosion+1","Blade Dance","Bouncing Flask+1","Acrobatics+1","Tactician+1","Well Laid Plans+1","Adrenaline+1","PiercingWail","Backflip","Impatience","Acrobatics+1","Venomology+1","Terror+1","After Image+1","Purity+1","Calculated Gamble","Tools of the Trade+1","Calculated Gamble"],"relics":["Ring of the Snake","HushsDoor","TheBean","Blue Candle","BookofShadows","Dream Catcher","Black Star","NineLifeCat","PreservedInsect","BlankCard","Turnip","Eternal Feather","GuppysPaw","InkBottle","HornCleat","Regal Pillow","Frozen Egg 2","Ancient Tea Set","Runic Dome","aspiration:ChemicalBlood","Nunchaku","Kunai","Void","Oddly Smooth Stone","The Specimen","TuHaoJin","Torii","Pocketwatch","War Paint"],"acts_visited":["TheCity","TheBeyond","TheEnding"],"potions_floor_usage":[50,50,50,51,51,51,51,55,56,56,56,56,56,56,56,56,56,56,56,56,56,56,56,56],"damage_taken":[{"damage":0.0,"enemies":"Cultist","floor":1.0,"turns":1.0},{"damage":0.0,"enemies":"Small Slimes","floor":3.0,"turns":1.0},{"damage":0.0,"enemies":"Jaw Worm","floor":4.0,"turns":1.0},{"damage":4.0,"enemies":"Blue Slaver","floor":5.0,"turns":4.0},{"damage":18.0,"enemies":"Lagavulin","floor":7.0,"turns":6.0},{"damage":5.0,"enemies":"3 Sentries","floor":10.0,"turns":4.0},{"damage":4.0,"enemies":"Large Slime","floor":11.0,"turns":4.0},{"damage":0.0,"enemies":"2 Fungi Beasts","floor":13.0,"turns":1.0},{"damage":0.0,"enemies":"3 Louse","floor":14.0,"turns":1.0},{"damage":15.0,"enemies":"Hexaghost","floor":16.0,"turns":9.0},{"damage":0.0,"enemies":"Spheric Guardian","floor":18.0,"turns":2.0},{"damage":0.0,"enemies":"2 Thieves","floor":19.0,"turns":2.0},{"damage":0.0,"enemies":"Snake Plant","floor":24.0,"turns":3.0},{"damage":2.0,"enemies":"Book of Stabbing","floor":27.0,"turns":7.0},{"damage":0.0,"enemies":"Slavers","floor":29.0,"turns":2.0},{"damage":0.0,"enemies":"Snecko","floor":30.0,"turns":5.0},{"damage":0.0,"enemies":"3 Cultists","floor":31.0,"turns":2.0},{"damage":0.0,"enemies":"Collector","floor":33.0,"turns":5.0},{"damage":3.0,"enemies":"Orb Walker","floor":35.0,"turns":4.0},{"damage":0.0,"enemies":"3 Darklings","floor":37.0,"turns":1.0},{"damage":0.0,"enemies":"Spire Growth","floor":39.0,"turns":4.0},{"damage":3.0,"enemies":"Transient","floor":44.0,"turns":6.0},{"damage":0.0,"enemies":"3 Darklings","floor":46.0,"turns":1.0},{"damage":0.0,"enemies":"Maw","floor":47.0,"turns":5.0},{"damage":3.0,"enemies":"Reptomancer","floor":48.0,"turns":4.0},{"damage":2,"enemies":"Awakened One","floor":50,"turns":7},{"damage":37,"enemies":"Donu and Deca","floor":51,"turns":7},{"damage":0,"enemies":"Shield and Spear","floor":55,"turns":3},{"damage":31,"enemies":"The Heart","floor":56,"turns":7}],"seed_played":"3042171731577948201","potions_obtained":[{"floor":1.0,"key":"EssenceOfSteel"},{"floor":5.0,"key":"FairyPotion"},{"floor":11.0,"key":"Regen Potion"},{"floor":18.0,"key":"SteroidPotion"},{"floor":29.0,"key":"LiquidBronze"},{"floor":33.0,"key":"SpeedPotion"},{"floor":39.0,"key":"LiquidMemories"},{"floor":44.0,"key":"EssenceOfSteel"},{"floor":48.0,"key":"Swift Potion"},{"floor":51,"key":"GhostInAJar"},{"floor":51,"key":"DistilledChaos"},{"floor":56,"key":"DuplicationPotion"},{"floor":56,"key":"PowerPotion"},{"floor":56,"key":"PowerPotion"},{"floor":56,"key":"Block Potion"},{"floor":56,"key":"EssenceOfSteel"},{"floor":56,"key":"EntropicBrew"},{"floor":56,"key":"LiquidMemories"},{"floor":56,"key":"Swift Potion"},{"floor":56,"key":"SpeedPotion"},{"floor":56,"key":"BlessingOfTheForge"},{"floor":56,"key":"Energy Potion"},{"floor":56,"key":"GamblersBrew"}],"is_trial":false,"path_per_floor":["M","$","M","M","M","R","E","R","T","E","M","R","M","M","R","B",null,"M","M","$","?","?","R","M","R","T","E","?","E","M","M","R","B",null,"M","?","M","$","M","R","$","R","T","M","R","M","M","E","R","B","B",null,"$","R","E","B",null],"character_chosen":"THE_SILENT","items_purchased":["Damocles","NineLifeCat","Backflip","Impatience","Calculated Gamble","ColorlessPotion"],"campfire_rested":0,"item_purchase_floors":[17,17,20,20,38,53],"current_hp_per_floor":[59,59,59,59,55,55,37,37,37,32,28,28,28,28,28,28,6,6,6,6,6,6,6,6,6,6,4,4,4,6,6,6,6,6,3,6,6,6,6,6,6,6,6,3,6,6,6,3,6,5,6,6,6,6,6,6],"gold":58,"neow_bonus":"THREE_ENEMY_KILL","is_daily":false,"chose_seed":false,"campfire_upgraded":11,"win_rate":0.0,"timestamp":1614343027,"path_taken":["M","$","M","M","?","R","E","R","T","E","M","R","M","M","R","BOSS","M","M","$","?","?","R","M","R","T","E","?","E","M","M","R","BOSS","M","?","M","$","M","R","$","R","T","?","R","M","M","E","R","BOSS","BOSS","$","R","E","BOSS"],"items_purchased_type":["Relic","Relic","Card","Card","Card","Potion"],"build_version":"2020-12-22","purchased_purges":5,"victory":true,"max_hp_per_floor":[66,66,66,66,66,66,66,66,66,66,66,66,66,66,66,66,6,6,6,6,6,6,6,6,6,6,6,6,6,6,6,6,6,6,6,6,6,6,6,6,6,6,6,6,6,6,6,6,6,6,6,6,6,6,6,6],"card_choices":[{"not_picked":[],"picked":"BettingIsNotGood","floor":0.0},{"not_picked":["Deadly Poison","Deflect"],"picked":"Corpse Explosion","floor":1.0},{"not_picked":["Bane","Heel Hook","Dodge and Roll"],"picked":"SKIP","floor":3.0},{"not_picked":["Quick Slash","Caltrops"],"picked":"Blade Dance","floor":4.0},{"not_picked":["Prepared","Backstab"],"picked":"Dash","floor":5.0},{"not_picked":["Dodge and Roll","Crippling Poison"],"picked":"Bouncing Flask","floor":7.0},{"not_picked":["Underhanded Strike","Slice"],"picked":"Acrobatics","floor":10.0},{"not_picked":["Dash","Distraction","Blur"],"picked":"SKIP","floor":11.0},{"not_picked":["Setup","Dagger Throw"],"picked":"Tactician","floor":13.0},{"not_picked":["Underhanded Strike","Heel Hook"],"picked":"Well Laid Plans","floor":14.0},{"not_picked":["Unload","Storm of Steel"],"picked":"Adrenaline","floor":16.0},{"not_picked":["Underhanded Strike+1","Bane","Outmaneuver"],"picked":"SKIP","floor":18.0},{"not_picked":["Deflect","Prepared"],"picked":"PiercingWail","floor":19.0},{"not_picked":["Dodge and Roll+1","PiercingWail","Acrobatics"],"picked":"SKIP","floor":24.0},{"not_picked":["Slice","Dodge and Roll"],"picked":"Venomology","floor":27.0},{"not_picked":["Bane","Predator"],"picked":"Terror","floor":29.0},{"not_picked":["Flying Knee","Underhanded Strike","Deadly Poison"],"picked":"SKIP","floor":30.0},{"not_picked":["Flying Knee","Skewer","Dagger Throw"],"picked":"SKIP","floor":31.0},{"not_picked":["Corpse Explosion","Doppelganger"],"picked":"After Image+1","floor":33.0},{"not_picked":["Prepared","Flying Knee+1","Outmaneuver"],"picked":"SKIP","floor":35.0},{"not_picked":["Swift Strike","HandOfGreed"],"picked":"Purity","floor":36.0},{"not_picked":["Mind Blast","Finesse"],"picked":"Bomb","floor":36.0},{"not_picked":["Poisoned Stab","Flying Knee","Endless Agony+1"],"picked":"SKIP","floor":37.0},{"not_picked":["Storm of Steel","Blade Dance+1","Poisoned Stab"],"picked":"SKIP","floor":39.0},{"not_picked":["Poisoned Stab","Blade Dance","Riddle With Holes"],"picked":"SKIP","floor":44.0},{"not_picked":["Dagger Throw","Backflip"],"picked":"Tools of the Trade+1","floor":46.0},{"not_picked":["Acrobatics","Predator+1"],"picked":"Calculated Gamble","floor":47.0},{"not_picked":["Dodge and Roll","Dash+1","Bane"],"picked":"SKIP","floor":48.0},{"not_picked":["Dagger Spray","Underhanded Strike","Deadly Poison"],"picked":"SKIP","floor":55}],"player_experience":1718295,"relics_obtained":[{"floor":7.0,"key":"Blue Candle"},{"floor":9.0,"key":"BookofShadows"},{"floor":10.0,"key":"Dream Catcher"},{"floor":18.0,"key":"PreservedInsect"},{"floor":19.0,"key":"BlankCard"},{"floor":24.0,"key":"Turnip"},{"floor":27.0,"key":"aspiration:VileToxins"},{"floor":27.0,"key":"Eternal Feather"},{"floor":27.0,"key":"GuppysPaw"},{"floor":29.0,"key":"InkBottle"},{"floor":29.0,"key":"HornCleat"},{"floor":29.0,"key":"Regal Pillow"},{"floor":30.0,"key":"Frozen Egg 2"},{"floor":31.0,"key":"Ancient Tea Set"},{"floor":35.0,"key":"aspiration:ChemicalBlood"},{"floor":37.0,"key":"Nunchaku"},{"floor":39.0,"key":"Kunai"},{"floor":43.0,"key":"Void"},{"floor":44.0,"key":"Oddly Smooth Stone"},{"floor":46.0,"key":"YumHeart"},{"floor":47.0,"key":"Whetstone"},{"floor":48.0,"key":"The Specimen"},{"floor":48.0,"key":"TuHaoJin"},{"floor":48.0,"key":"Torii"},{"floor":55,"key":"Pocketwatch"},{"floor":55,"key":"War Paint"}],"event_choices":[{"damage_healed":0.0,"max_hp_gain":0.0,"max_hp_loss":0.0,"gold_gain":0.0,"event_name":"The Library","player_choice":"Read","floor":21.0,"gold_loss":0.0,"damage_taken":0.0,"cards_obtained":["Acrobatics"]},{"damage_healed":0.0,"max_hp_gain":0.0,"max_hp_loss":0.0,"gold_gain":50.0,"event_name":"Nest","player_choice":"Stole From Cult","floor":22.0,"gold_loss":0.0,"damage_taken":0.0},{"cards_removed":["Strike_G"],"damage_healed":0.0,"max_hp_gain":0.0,"max_hp_loss":0.0,"gold_gain":0.0,"event_name":"Beggar","player_choice":"Gave Gold","floor":28.0,"gold_loss":75.0,"damage_taken":0.0},{"damage_healed":0.0,"max_hp_gain":0.0,"max_hp_loss":0.0,"gold_gain":0.0,"event_name":"SensoryStone","player_choice":"Memory 3","floor":36.0,"gold_loss":0.0,"damage_taken":10.0}],"is_beta":false,"boss_relics":[{"not_picked":["aspiration:RitualDagger","aspiration:PoetsPen_weak"],"picked":"Black Star"},{"not_picked":[]},{"not_picked":["aspiration:SecretTechniqueScroll","Ring of the Serpent"],"picked":"Runic Dome"},{"not_picked":[]}],"items_purged_floors":[2,17,20,38,53],"is_endless":false,"potions_floor_spawned":[1,5,11,13,18,29,31,33,39,44,46,48],"ascension_level":20}}