{"host":"ve9aztkoyqeblvav","time":1614353520,"event":{"mods":["Act Like it!","Aspiration","BaseMod","Colored Map","Colored Powertips","Highlight Path","Marked Mod","Minty Spire (QoL Compilation)","Pale of the Ancients","Quick Restart","Reorder Act Four","StSLib","The Hierophant","Waifu the Spire","[IsaacMod]ÒÔÈö¼âËþ"],"gold_per_floor":[117,117,132,222,240,240,266,281,281,281,294,294,21,21,21,21,21],"floor_reached":16,"language":"ZHS","playtime":239,"items_purged":["Strike_G"],"score":180,"play_id":"5c8a3716-8866-4975-863a-65de98ff843c","local_time":"20210226233200","is_ascension_mode":true,"campfire_choices":[{"floor":6.0,"key":"REST"},{"data":"Dash","floor":15.0,"key":"SMITH"}],"circlet_count":0,"master_deck":["AscendersBane","Strike_G","Strike_G+1","Strike_G","Strike_G","Defend_G","Defend_G","Defend_G","Defend_G","Defend_G","Survivor","Neutralize+1","Crippling Poison","Infinite Blades","Dash+1","Sadistic Nature"],"relics":["Ring of the Snake","HushsDoor","TungstenRod","GuppysHead","NeowsBlessing","Odd Mushroom","HowToJump","Shovel","Lantern"],"acts_visited":["Exordium"],"potions_floor_usage":[16],"damage_taken":[{"damage":0.0,"enemies":"2 Louse","floor":1.0,"turns":1.0},{"damage":0.0,"enemies":"Cultist","floor":3.0,"turns":1.0},{"damage":0.0,"enemies":"Small Slimes","floor":5.0,"turns":1.0},{"damage":3.0,"enemies":"The Mushroom Lair","floor":7.0,"turns":4.0},{"damage":0.0,"enemies":"Gremlin Gang","floor":8.0,"turns":1.0},{"damage":6.0,"enemies":"Large Slime","floor":11.0,"turns":4.0},{"damage":9,"enemies":"Slime Boss","floor":16,"turns":5}],"seed_played":"5895402239674885307","potions_obtained":[{"floor":1.0,"key":"Swift Potion"},{"floor":11.0,"key":"PowerPotion"}],"is_trial":false,"path_per_floor":["M","?","M","?","M","R","?","M","T","?","M","T","$","?","R","B"],"character_chosen":"THE_SILENT","items_purchased":["Sadistic Nature"],"campfire_rested":1,"item_purchase_floors":[13],"current_hp_per_floor":[59,40,40,26,26,45,42,42,42,42,36,36,36,32,32,23,23],"gold":21,"neow_bonus":"THREE_ENEMY_KILL","is_daily":false,"chose_seed":false,"campfire_upgraded":1,"win_rate":0.0,"timestamp":1614353520,"path_taken":["M","?","?","?","M","R","?","?","T","?","M","?","$","?","R","BOSS"],"items_purchased_type":["Card"],"build_version":"2020-12-22","purchased_purges":1,"victory":false,"max_hp_per_floor":[66,66,66,66,66,66,66,66,66,66,66,66,66,66,66,66,66],"card_choices":[{"not_picked":["Setup","Bane"],"picked":"Bomb","floor":1.0},{"not_picked":["Bane","Cloak And Dagger"],"picked":"Crippling Poison","floor":3.0},{"not_picked":["Heel Hook","Quick Slash","Flying Knee"],"picked":"SKIP","floor":5.0},{"not_picked":["Prepared","Quick Slash"],"picked":"Infinite Blades","floor":7.0},{"not_picked":["Quick Slash","Backstab"],"picked":"Dash","floor":8.0},{"not_picked":["Sucker Punch","Bane","Deflect"],"picked":"SKIP","floor":11.0}],"player_experience":1730029,"relics_obtained":[{"floor":7.0,"key":"Odd Mushroom"},{"floor":9.0,"key":"HowToJump"},{"floor":12.0,"key":"Shovel"}],"event_choices":[{"damage_healed":0.0,"max_hp_gain":0.0,"max_hp_loss":0.0,"gold_gain":0.0,"event_name":"Shining Light","player_choice":"Entered Light","floor":2.0,"gold_loss":0.0,"damage_taken":20.0,"cards_upgraded":["Neutralize","Strike_G"]},{"damage_healed":0.0,"max_hp_gain":0.0,"max_hp_loss":0.0,"gold_gain":0.0,"event_name":"Mushrooms","player_choice":"Fought Mushrooms","floor":7.0,"gold_loss":0.0,"damage_taken":0.0},{"damage_healed":0.0,"max_hp_gain":0.0,"max_hp_loss":0.0,"gold_gain":0.0,"event_name":"Liars Game","player_choice":"Ignored","floor":10.0,"gold_loss":0.0,"damage_taken":0.0},{"damage_healed":0.0,"max_hp_gain":0.0,"max_hp_loss":0.0,"gold_gain":0.0,"event_name":"Scrap Ooze","player_choice":"Success","floor":14.0,"gold_loss":0.0,"damage_taken":5.0,"relics_obtained":["Lantern"]}],"is_beta":false,"boss_relics":[],"items_purged_floors":[13],"is_endless":false,"potions_floor_spawned":[1,11],"killed_by":"Slime Boss","ascension_level":20}}