{"host":"5h6e4l6hpn0p5lap","time":1614372766,"event":{"mods":["AchievementEnabler","BaseMod","Better Altar","Better Match","Better Sensory Stone","Better Skull","Better Third Choice","Colored Map","Filter the Spire","Minty Spire (QoL Compilation)","StSLib"],"gold_per_floor":[116,135,147,157,208,236,236,236,236,411,134,151,151,165,165,266,266,281,380,380,396,396,396],"floor_reached":22,"language":"ENG","playtime":938,"items_purged":["Doubt"],"score":279,"play_id":"0474c9c8-fada-4d70-89ad-2ad805144be2","local_time":"20210226155246","is_ascension_mode":true,"campfire_choices":[{"floor":7.0,"key":"REST"},{"data":"Capacitor","floor":13,"key":"SMITH"},{"data":"Electrodynamics","floor":15,"key":"SMITH"}],"circlet_count":0,"master_deck":["AscendersBane","Strike_B","Strike_B","Defend_B+1","Defend_B","Defend_B+1","Zap","Dualcast","Leap","Coolheaded","Beam Cell","Gash","Cold Snap","Capacitor+1","Electrodynamics+1","Consume","Skim","Rebound","White Noise","Turbo","Steam","Coolheaded","Core Surge","Hologram+1","Reprogram","Multi-Cast","Conserve Battery"],"relics":["Cracked Core","Centennial Puzzle","War Paint","Happy Flower","MealTicket","Orrery","Black Star"],"acts_visited":["Exordium","TheCity"],"potions_floor_usage":[],"damage_taken":[{"damage":0.0,"enemies":"Cultist","floor":1.0,"turns":3.0},{"damage":5.0,"enemies":"Small Slimes","floor":2.0,"turns":3.0},{"damage":1.0,"enemies":"Jaw Worm","floor":3.0,"turns":4.0},{"damage":18.0,"enemies":"Exordium Thugs","floor":4.0,"turns":3.0},{"damage":27.0,"enemies":"3 Sentries","floor":6.0,"turns":13.0},{"damage":2,"enemies":"Large Slime","floor":12,"turns":5},{"damage":6,"enemies":"Red Slaver","floor":14,"turns":3},{"damage":32,"enemies":"Slime Boss","floor":16,"turns":8},{"damage":22,"enemies":"Shell Parasite","floor":18,"turns":7},{"damage":14,"enemies":"Chosen","floor":21,"turns":4},{"damage":32,"enemies":"Snecko","floor":22,"turns":7}],"seed_played":"-7652114289058165416","potions_obtained":[{"floor":1.0,"key":"PowerPotion"},{"floor":4.0,"key":"SpeedPotion"},{"floor":14,"key":"Dexterity Potion"},{"floor":16,"key":"DuplicationPotion"},{"floor":18,"key":"Fire Potion"},{"floor":21,"key":"PotionOfCapacity"}],"is_trial":false,"path_per_floor":["M","M","M","M","T","E","R","?","T","?","$","M","R","M","R","B",null,"M","?","?","M","M"],"character_chosen":"DEFECT","items_purchased":["Orrery","Turbo"],"campfire_rested":1,"item_purchase_floors":[11,11],"current_hp_per_floor":[68,63,62,44,44,17,39,39,39,39,54,52,52,46,46,14,60,38,38,38,24,0,0],"gold":396,"neow_bonus":"RANDOM_COMMON_RELIC","is_daily":false,"chose_seed":false,"campfire_upgraded":2,"win_rate":0.0,"timestamp":1614372766,"path_taken":["M","M","?","M","?","E","R","?","T","?","$","?","R","M","R","BOSS","M","?","?","M","M"],"items_purchased_type":["Relic","Card"],"build_version":"2020-12-22","purchased_purges":1,"victory":false,"max_hp_per_floor":[75,75,75,75,75,75,75,75,75,75,75,75,75,75,75,75,75,75,75,75,75,75,75],"card_choices":[{"not_picked":["Capacitor","Heatsinks"],"picked":"Leap","floor":1.0},{"not_picked":["Fusion","Hologram"],"picked":"Coolheaded","floor":2.0},{"not_picked":["Double Energy","Stack"],"picked":"Beam Cell","floor":3.0},{"not_picked":["Heatsinks","Recycle"],"picked":"Gash","floor":4.0},{"not_picked":["Chill","Go for the Eyes"],"picked":"Cold Snap","floor":6.0},{"not_picked":["Capacitor","Steam"],"picked":"Electrodynamics","floor":11},{"not_picked":["Hologram","Glacier"],"picked":"Consume","floor":11},{"not_picked":["Stack","Hologram"],"picked":"Skim","floor":11},{"not_picked":["Go for the Eyes","Redo"],"picked":"Rebound","floor":11},{"not_picked":["Self Repair","Gash"],"picked":"White Noise","floor":11},{"not_picked":["Rebound","Aggregate"],"picked":"Steam","floor":12},{"not_picked":["Double Energy","Lockon"],"picked":"Coolheaded","floor":14},{"not_picked":["Reboot","Echo Form"],"picked":"Core Surge","floor":16},{"not_picked":["Storm","Go for the Eyes"],"picked":"Hologram+1","floor":18},{"not_picked":["Streamline","Doom and Gloom"],"picked":"Conserve Battery","floor":21}],"player_experience":1182135,"relics_obtained":[{"floor":5.0,"key":"War Paint"},{"floor":6.0,"key":"Happy Flower"},{"floor":9.0,"key":"MealTicket"}],"event_choices":[{"damage_healed":0.0,"max_hp_gain":0.0,"max_hp_loss":0.0,"gold_gain":0.0,"cards_transformed":["Defend_B"],"event_name":"Living Wall","player_choice":"Change","floor":8.0,"gold_loss":0.0,"damage_taken":0.0,"cards_obtained":["Capacitor"]},{"damage_healed":0.0,"max_hp_gain":0.0,"max_hp_loss":0.0,"gold_gain":175.0,"event_name":"betterThird:BetterSerpent","player_choice":"AGREE","floor":10.0,"gold_loss":0.0,"damage_taken":236.0},{"damage_healed":0,"gold_gain":99,"player_choice":"Steal","damage_taken":0,"max_hp_gain":0,"max_hp_loss":0,"event_name":"betterThird:BetterNest","floor":19,"gold_loss":0},{"damage_healed":0,"gold_gain":0,"cards_transformed":["Strike_B","Strike_B"],"player_choice":"Became Test Subject","damage_taken":0,"max_hp_gain":0,"max_hp_loss":0,"event_name":"Drug Dealer","floor":20,"gold_loss":0,"cards_obtained":["Reprogram","Multi-Cast"]}],"is_beta":false,"boss_relics":[{"not_picked":["Coffee Dripper","Pandora\u0027s Box"],"picked":"Black Star"}],"items_purged_floors":[11],"is_endless":false,"potions_floor_spawned":[1,4,14,16,18,21],"killed_by":"Snecko","ascension_level":10}}