{"host":"jsd6g3c2vo13e69c","time":1614366026,"event":{"mods":["2.2 Compatiblity","Act Like it!","BaseMod","Better Altar","Better Match","Better Note","Better Sensory Stone","Better Third Choice","BetterRewards","Colored Map","Colored Powertips","Downfall","Friendly Minions","GifTheSpireLib","Googly Eyes","Gremlin Mod","Hermit","Hubris","Infinite Spire","Melee Mod","Minty Spire (QoL Compilation)","Permanent Neow","Quick Restart","Random Character Button","Replay The Spire","Shop Mod","Spire Arcade","StSLib","The Cursed","The Disciple","The Forsaken","thorton"],"gold_per_floor":[99,549,565,740,758,758,758,658,678,713,613,613,613,688,703,798,798,798,811,824,836,836,836,836,736,748,748,748,748],"floor_reached":27,"language":"ENG","playtime":1448,"items_purged":[],"score":261,"play_id":"ec49138a-2fd7-4887-aabd-3fba8b43f1f2","local_time":"20210226140026","is_ascension_mode":false,"campfire_choices":[{"data":"hexamod:Float","floor":1,"key":"SMITH"},{"data":"ReplayTheSpireMod:??????????????????????","floor":8,"key":"SMITH"},{"data":"hexamod:SoulSteal","floor":11,"key":"SMITH"},{"data":"hexamod:Sear","floor":13,"key":"SMITH"},{"floor":18,"key":"RECALL"},{"data":"hexamod:SkipABeat","floor":25,"key":"SMITH"}],"circlet_count":0,"master_deck":["hexamod:Strike","hexamod:Strike","hexamod:Strike","hexamod:Defend","hexamod:Defend","hexamod:Defend","hexamod:Defend","hexamod:Sear+1","hexamod:Float+1","downfall:Icky","downfall:Icky","downfall:Icky","hexamod:SoulSteal+1","Doubt","hexamod:DynamicBlow","ReplayTheSpireMod:??????????????????????+1","hexamod:Rewind+1","hexamod:TimeOfNeed","hexamod:VolcanoVisage","hexamod:NightmareStrike+1","hexamod:FirstSeal","hexamod:RainOfEmbers","hexamod:SkipABeat+1","hexamod:Sear","hexamod:ExtraCrispy+1"],"relics":["hexamod:UnbrokenSoul","downfall:HeartBlessingBlue","Gambling Chip","downfall:HeartBlessingGreen","hubris:CrystalStatue","Calipers","downfall:HeartBlessingRed"],"acts_visited":["Exordium","TheCity"],"potions_floor_usage":[21],"damage_taken":[{"damage":0,"enemies":"2 Louse","floor":3,"turns":3},{"damage":2,"enemies":"Jaw Worm","floor":5,"turns":5},{"damage":2,"enemies":"Small Slimes","floor":9,"turns":2},{"damage":0,"enemies":"Lagavulin","floor":10,"turns":6},{"damage":1,"enemies":"3 Louse","floor":15,"turns":3},{"damage":56,"enemies":"DF_ARCHETYPE_STREAMLINE","floor":16,"turns":10},{"damage":22,"enemies":"Spheric Guardian","floor":19,"turns":4},{"damage":10,"enemies":"Shell Parasite","floor":20,"turns":3},{"damage":18,"enemies":"Centurion and Healer","floor":21,"turns":3},{"damage":0,"enemies":"Snecko","floor":26,"turns":4},{"damage":51,"enemies":"Slavers","floor":27,"turns":2}],"seed_played":"3762036750175867051","potions_obtained":[{"floor":16,"key":"Venom Potion"},{"floor":20,"key":"ColorlessPotion"}],"is_trial":false,"path_per_floor":["R","?","M","?","M","?","T","R","M","E","R","?","R","T","M","B",null,"R","M","M","M","?","?","T","R","M","E"],"character_chosen":"THE_SPIRIT","items_purchased":[],"campfire_rested":0,"item_purchase_floors":[],"current_hp_per_floor":[77,77,77,77,75,55,55,65,63,63,63,63,63,63,62,6,87,87,65,55,44,44,44,44,44,51,0,0,0],"gold":748,"neow_bonus":"TEN_PERCENT_HP_BONUS","is_daily":false,"chose_seed":false,"campfire_upgraded":5,"win_rate":0.0,"timestamp":1614366026,"path_taken":["R","?","M","?","M","?","T","R","M","E","R","?","R","?","M","BOSS","R","M","M","?","?","?","T","R","?","E"],"items_purchased_type":[],"build_version":"2020-12-22","purchased_purges":0,"victory":false,"max_hp_per_floor":[77,77,77,77,77,77,77,87,87,87,87,87,87,87,87,87,87,87,87,87,87,87,87,87,87,87,87,87,87],"card_choices":[{"not_picked":["hexamod:SuperheatedStrike","hexamod:GhostShield"],"picked":"hexamod:SoulSteal","floor":3},{"not_picked":["hexamod:PhantomCloak","hexamod:SuperheatedStrike"],"picked":"hexamod:DynamicBlow","floor":5},{"not_picked":["infinitespire:SealOfDarkness+","ReplayTheSpireMod:Black Plague"],"picked":"ReplayTheSpireMod:??????????????????????","floor":6},{"not_picked":["hexamod:NightmareGuise","hexamod:RecurringNightmare"],"picked":"hexamod:Rewind","floor":9},{"not_picked":["hexamod:AdvancingGuard","hexamod:FastForward","hexamod:HeatShield"],"picked":"SKIP","floor":10},{"not_picked":["hexamod:GhostLash","hexamod:ChargedBarrage"],"picked":"hexamod:TimeOfNeed","floor":15},{"not_picked":["hexamod:Toasty","hexamod:TimeWarp"],"picked":"hexamod:VolcanoVisage","floor":16},{"not_picked":["hexamod:ThermalTransfer","hexamod:SwordOfDarkness"],"picked":"hexamod:NightmareStrike+1","floor":19},{"not_picked":["hexamod:BacktrackSmack","hexamod:GhostShield"],"picked":"hexamod:FirstSeal","floor":20},{"not_picked":["hexamod:NightmareGuise","hexamod:PhantomCloak+1"],"picked":"hexamod:RainOfEmbers","floor":21},{"not_picked":["hexamod:GhostShield","hexamod:FlamesFromBeyond"],"picked":"hexamod:ExtraCrispy+1","floor":26}],"player_experience":500773,"relics_obtained":[{"floor":10,"key":"Gambling Chip"},{"floor":14,"key":"hubris:CrystalStatue"},{"floor":24,"key":"Calipers"}],"event_choices":[],"is_beta":false,"boss_relics":[{"not_picked":["Replay:Wanted Poster","hubris:BlackHole"],"picked":"hexamod:UnbrokenSoul"}],"items_purged_floors":[],"is_endless":false,"potions_floor_spawned":[16,20],"killed_by":"Slavers","ascension_level":0}}