{"host":"xsuxkwaivmtd234a","time":1614358064,"event":{"mods":["BaseMod","Bestiary","Colored Map","Minty Spire (QoL Compilation)","Relic Stats","StSLib"],"gold_per_floor":[109,127,145,1,101,129,129,158,158,170,200,27,0,0,0,101,101,74,74,74,74,33,65,65,78,102,135,155,155,155,33,33,136,136,150,150,162,162,177,177,205,216,216,0,100,131,131,131,131,131,131,131,12,41,41,41],"floor_reached":55,"language":"ENG","playtime":2804,"items_purged":["Strike_G"],"score":1184,"play_id":"564e1cfe-3be3-4ea6-ba4d-0b24073c1614","local_time":"20210226114744","is_ascension_mode":true,"campfire_choices":[{"data":"Blade Dance","floor":7.0,"key":"SMITH"},{"data":"Catalyst","floor":15.0,"key":"SMITH"},{"floor":24.0,"key":"REST"},{"data":"Bullet Time","floor":30.0,"key":"SMITH"},{"floor":32.0,"key":"REST"},{"floor":40.0,"key":"REST"},{"floor":47.0,"key":"REST"},{"floor":49.0,"key":"RECALL"},{"data":"Burst","floor":52,"key":"SMITH"}],"circlet_count":0,"master_deck":["AscendersBane","Survivor","Neutralize","Dagger Spray","Cloak And Dagger","Blade Dance+1","Accuracy","Deadly Poison+1","Leg Sweep","Blur","Catalyst+1","Footwork+1","Deadly Poison","Bullet Time+1","Venomology+1","Acrobatics+1","Doppelganger","Infinite Blades","Shame","Necronomicurse","Noxious Fumes","Accuracy","Acrobatics+1","Burst+1","Well Laid Plans","Dagger Spray","Heel Hook","Prepared","Backflip","PiercingWail+1","Backflip+1","Tactician+1","Catalyst+1","Noxious Fumes+1","Caltrops","Caltrops+1","Leg Sweep"],"relics":["SacredBark","Meat on the Bone","Pear","Singing Bowl","Art of War","Astrolabe","Nunchaku","Necronomicon","The Courier","Bag of Preparation","Pocketwatch","Bag of Marbles","Pandora\u0027s Box","StoneCalendar","Oddly Smooth Stone","Anchor","Strange Spoon","War Paint"],"acts_visited":["Exordium","TheCity","TheBeyond","TheEnding"],"potions_floor_usage":[50,50,54,55,55],"damage_taken":[{"damage":0.0,"enemies":"Jaw Worm","floor":1.0,"turns":5.0},{"damage":3.0,"enemies":"Cultist","floor":2.0,"turns":4.0},{"damage":3.0,"enemies":"Small Slimes","floor":3.0,"turns":3.0},{"damage":10.0,"enemies":"Gremlin Nob","floor":6.0,"turns":4.0},{"damage":10.0,"enemies":"3 Sentries","floor":8.0,"turns":6.0},{"damage":2.0,"enemies":"2 Fungi Beasts","floor":10.0,"turns":4.0},{"damage":23.0,"enemies":"Gremlin Nob","floor":11.0,"turns":5.0},{"damage":14.0,"enemies":"Hexaghost","floor":16.0,"turns":12.0},{"damage":16.0,"enemies":"2 Thieves","floor":18.0,"turns":5.0},{"damage":27.0,"enemies":"Book of Stabbing","floor":23.0,"turns":7.0},{"damage":0.0,"enemies":"3 Byrds","floor":25.0,"turns":1.0},{"damage":45.0,"enemies":"Slavers","floor":27.0,"turns":7.0},{"damage":33.0,"enemies":"Snake Plant","floor":28.0,"turns":8.0},{"damage":49.0,"enemies":"Collector","floor":33.0,"turns":9.0},{"damage":21.0,"enemies":"3 Shapes","floor":35.0,"turns":5.0},{"damage":39.0,"enemies":"3 Darklings","floor":37.0,"turns":6.0},{"damage":0.0,"enemies":"Spire Growth","floor":38.0,"turns":1.0},{"damage":18.0,"enemies":"Jaw Worm Horde","floor":39.0,"turns":5.0},{"damage":12.0,"enemies":"Reptomancer","floor":41.0,"turns":3.0},{"damage":22.0,"enemies":"Maw","floor":42.0,"turns":5.0},{"damage":7.0,"enemies":"Giant Head","floor":46.0,"turns":6.0},{"damage":0.0,"enemies":"Transient","floor":48.0,"turns":2.0},{"damage":32,"enemies":"Time Eater","floor":50,"turns":7},{"damage":41,"enemies":"Shield and Spear","floor":54,"turns":5},{"damage":48,"enemies":"The Heart","floor":55,"turns":6}],"seed_played":"-3964061086614582256","potions_obtained":[{"floor":1.0,"key":"PowerPotion"},{"floor":2.0,"key":"DistilledChaos"},{"floor":3.0,"key":"Block Potion"},{"floor":23.0,"key":"LiquidBronze"},{"floor":27.0,"key":"Ancient Potion"},{"floor":37.0,"key":"GamblersBrew"},{"floor":39.0,"key":"Explosive Potion"},{"floor":41.0,"key":"SmokeBomb"}],"is_trial":false,"path_per_floor":["M","M","M","$","?","E","R","E","T","M","E","$","?","?","R","B",null,"M","?","?","?","$","E","R","M","T","E","M","?","R","$","R","B",null,"M","?","M","M","M","R","E","M","T","$","?","E","R","M","R","B",null,"R","$","E","B"],"character_chosen":"THE_SILENT","items_purchased":["Accuracy","Catalyst","Footwork","Deadly Poison","Noxious Fumes","Bag of Marbles","Oddly Smooth Stone","Caltrops","Block Potion","Strange Spoon"],"campfire_rested":4,"item_purchase_floors":[4,12,12,12,22,31,44,44,44,53],"current_hp_per_floor":[63,60,57,57,57,47,47,47,47,45,34,34,34,34,34,32,68,54,54,54,38,38,25,50,50,50,17,52,52,52,52,77,40,75,54,54,27,39,33,58,46,36,36,36,36,41,66,66,66,46,76,76,76,47,0,0],"gold":41,"neow_bonus":"BOSS_RELIC","is_daily":false,"chose_seed":false,"campfire_upgraded":4,"win_rate":0.0,"timestamp":1614358064,"path_taken":["M","M","M","$","?","E","R","E","T","M","E","?","?","?","R","BOSS","M","?","?","?","?","E","R","M","T","E","?","?","R","$","R","BOSS","M","?","M","M","M","R","E","M","T","$","?","E","R","?","R","BOSS","R","$","E","BOSS"],"items_purchased_type":["Card","Card","Card","Card","Card","Relic","Relic","Card","Potion","Relic"],"build_version":"2020-12-22","purchased_purges":1,"victory":false,"max_hp_per_floor":[70,70,70,70,70,70,70,80,80,80,80,80,80,80,80,80,80,82,82,82,82,82,84,84,84,84,84,86,86,86,86,86,86,86,86,86,86,86,86,86,86,86,86,86,86,86,86,86,86,86,86,86,86,86,86,86],"relic_stats":{"Singing Bowl":6,"counters":[25,131],"Astrolabe":["Venomology","Grand Finale","Acrobatics"],"StoneCalendar":[52],"Bag of Preparation":[28],"War Paint":["Tactician","Deadly Poison"],"Strange Spoon":[7],"Nunchaku":[15],"Pandora\u0027s Box":["Well Laid Plans","Dagger Spray","Heel Hook","Prepared","Backflip"],"Art of War":[22],"Necronomicon":[0],"obtain_stats":[{"Pear":8,"Singing Bowl":9,"SacredBark":0,"Astrolabe":17,"Oddly Smooth Stone":44,"StoneCalendar":41,"The Courier":23,"Bag of Preparation":26,"War Paint":54,"Strange Spoon":53,"Nunchaku":20,"Anchor":46,"Pandora\u0027s Box":34,"Art of War":11,"Necronomicon":21,"Bag of Marbles":31,"Ring of the Snake":0,"Meat on the Bone":6,"Pocketwatch":27},{"Pear":5,"Singing Bowl":5,"SacredBark":0,"Astrolabe":8,"Oddly Smooth Stone":20,"StoneCalendar":19,"The Courier":10,"Bag of Preparation":11,"War Paint":24,"Strange Spoon":23,"Nunchaku":9,"Anchor":21,"Pandora\u0027s Box":14,"Art of War":7,"Necronomicon":9,"Bag of Marbles":13,"Ring of the Snake":0,"Meat on the Bone":4,"Pocketwatch":12},{"Pear":22,"Singing Bowl":22,"SacredBark":0,"Astrolabe":43,"Oddly Smooth Stone":105,"StoneCalendar":100,"The Courier":55,"Bag of Preparation":56,"War Paint":125,"Strange Spoon":120,"Nunchaku":48,"Anchor":111,"Pandora\u0027s Box":80,"Art of War":31,"Necronomicon":48,"Bag of Marbles":71,"Ring of the Snake":0,"Meat on the Bone":16,"Pocketwatch":63}],"Meat on the Bone":156,"Pocketwatch":[27]},"card_choices":[{"not_picked":["Setup","Tactician"],"picked":"Dagger Spray","floor":1.0},{"not_picked":["Slice","Tactician"],"picked":"Cloak And Dagger","floor":2.0},{"not_picked":["Deadly Poison","Outmaneuver"],"picked":"Blade Dance","floor":3.0},{"not_picked":["Slice","Flying Knee"],"picked":"Deadly Poison","floor":6.0},{"not_picked":["Flying Knee","Quick Slash","Dagger Spray"],"picked":"SKIP","floor":8.0},{"not_picked":["Deadly Poison","Distraction"],"picked":"Leg Sweep","floor":10.0},{"not_picked":["Underhanded Strike","Well Laid Plans"],"picked":"Blur","floor":11.0},{"not_picked":["Burst","Venomology"],"picked":"Bullet Time","floor":16.0},{"not_picked":["Slice","Cloak And Dagger","Bane"],"picked":"Singing Bowl","floor":18.0},{"not_picked":["Infinite Blades","Underhanded Strike","Backstab"],"picked":"Singing Bowl","floor":23.0},{"not_picked":["Slice","All Out Attack"],"picked":"Accuracy","floor":25.0},{"not_picked":["Quick Slash+1","Setup"],"picked":"Acrobatics+1","floor":27.0},{"not_picked":["Deadly Poison","Dodge and Roll","Sucker Punch"],"picked":"Singing Bowl","floor":28.0},{"not_picked":["Unload","Malaise"],"picked":"Burst","floor":33.0},{"not_picked":["Outmaneuver","Cloak And Dagger"],"picked":"PiercingWail+1","floor":35.0},{"not_picked":["Slice+1","Quick Slash+1"],"picked":"Backflip+1","floor":37.0},{"not_picked":["Prepared","Poisoned Stab"],"picked":"Tactician","floor":39.0},{"not_picked":["Storm of Steel","Poisoned Stab+1"],"picked":"Catalyst+1","floor":41.0},{"not_picked":["Flying Knee","Poisoned Stab"],"picked":"Noxious Fumes+1","floor":42.0},{"not_picked":["Deflect","Tactician+1"],"picked":"Caltrops+1","floor":46.0},{"not_picked":["Escape Plan","Masterful Stab"],"picked":"Leg Sweep","floor":54}],"player_experience":1387731,"relics_obtained":[{"floor":6.0,"key":"Meat on the Bone"},{"floor":8.0,"key":"Pear"},{"floor":9.0,"key":"Singing Bowl"},{"floor":11.0,"key":"Art of War"},{"floor":21.0,"key":"Necronomicon"},{"floor":23.0,"key":"The Courier"},{"floor":26.0,"key":"Bag of Preparation"},{"floor":27.0,"key":"Pocketwatch"},{"floor":41.0,"key":"StoneCalendar"},{"floor":46.0,"key":"Anchor"},{"floor":54,"key":"War Paint"}],"event_choices":[{"damage_healed":0.0,"max_hp_gain":0.0,"max_hp_loss":0.0,"gold_gain":100.0,"event_name":"Golden Shrine","player_choice":"Pray","floor":5.0,"gold_loss":0.0,"damage_taken":0.0},{"damage_healed":0.0,"max_hp_gain":0.0,"max_hp_loss":0.0,"gold_gain":0.0,"event_name":"World of Goop","player_choice":"Left Gold","floor":13.0,"gold_loss":27.0,"damage_taken":0.0},{"damage_healed":0.0,"max_hp_gain":0.0,"max_hp_loss":0.0,"gold_gain":0.0,"event_name":"Upgrade Shrine","player_choice":"Upgraded","floor":14.0,"gold_loss":0.0,"damage_taken":0.0,"cards_upgraded":["Footwork"]},{"damage_healed":0.0,"max_hp_gain":0.0,"max_hp_loss":0.0,"gold_gain":0.0,"cards_transformed":["Grand Finale","Strike_G"],"event_name":"Drug Dealer","player_choice":"Became Test Subject","floor":19.0,"gold_loss":0.0,"damage_taken":0.0,"cards_obtained":["Doppelganger","Infinite Blades"]},{"damage_healed":0.0,"max_hp_gain":0.0,"max_hp_loss":0.0,"gold_gain":0.0,"event_name":"Addict","player_choice":"Stole Relic","floor":20.0,"gold_loss":0.0,"damage_taken":0.0,"relics_obtained":["Nunchaku"],"cards_obtained":["Shame"]},{"damage_healed":0.0,"max_hp_gain":0.0,"max_hp_loss":0.0,"gold_gain":0.0,"event_name":"Cursed Tome","player_choice":"Obtained Book","floor":21.0,"gold_loss":0.0,"damage_taken":16.0},{"damage_healed":0.0,"max_hp_gain":0.0,"max_hp_loss":0.0,"gold_gain":0.0,"event_name":"Ghosts","player_choice":"Ignored","floor":29.0,"gold_loss":0.0,"damage_taken":0.0},{"damage_healed":0.0,"max_hp_gain":0.0,"max_hp_loss":0.0,"gold_gain":0.0,"event_name":"Tomb of Lord Red Mask","player_choice":"Ignored","floor":36.0,"gold_loss":0.0,"damage_taken":0.0},{"damage_healed":0.0,"max_hp_gain":0.0,"max_hp_loss":0.0,"gold_gain":100.0,"event_name":"Golden Shrine","player_choice":"Pray","floor":45.0,"gold_loss":0.0,"damage_taken":0.0}],"is_beta":false,"boss_relics":[{"not_picked":["Empty Cage","Velvet Choker"],"picked":"Astrolabe"},{"not_picked":["Runic Pyramid","Cursed Key"],"picked":"Pandora\u0027s Box"}],"items_purged_floors":[4],"is_endless":false,"potions_floor_spawned":[1,2,3,23,27,37,39,41],"killed_by":"The Heart","ascension_level":10}}