{"host":"4x21erqt93zf5k99","time":1614301447,"event":{"mods":["BaseMod","Colored Map","Highlight Path","Minty Spire (QoL Compilation)","StSLib"],"gold_per_floor":[109,123,143,109,119,119,19,19,71,90,90,119,119,151,151,249,249,263,263,97,115,115,149,149,149,172,185,185,185,185],"floor_reached":29,"language":"ENG","playtime":1985,"items_purged":["Strike_R"],"score":268,"play_id":"7da4bda1-a555-431d-9e5b-6f5cbf6b4708","local_time":"20210225190407","is_ascension_mode":false,"campfire_choices":[{"data":"Rupture","floor":6,"key":"SMITH"},{"floor":15,"key":"REST"},{"data":"Rupture","floor":25,"key":"SMITH"}],"circlet_count":0,"master_deck":["Strike_R","Strike_R","Strike_R","Strike_R","Defend_R","Defend_R","Defend_R","Defend_R","Bash","Rupture+1","Rupture+1","Battle Trance","True Grit","Pain","Regret","Rupture","Blood for Blood","Cleave","Hemokinesis","Dark Shackles","Headbutt","Ghostly","Ghostly","Ghostly","Ghostly","Ghostly","RitualDagger"],"relics":["Burning Blood","WarpedTongs","MealTicket","Pantograph","Toy Ornithopter","Runic Cube","Nloth\u0027s Gift","Pen Nib","Potion Belt"],"acts_visited":["Exordium","TheCity"],"potions_floor_usage":[12,12,12,21,27,27],"damage_taken":[{"damage":11,"enemies":"Jaw Worm","floor":1,"turns":5},{"damage":10,"enemies":"Cultist","floor":2,"turns":5},{"damage":0,"enemies":"2 Louse","floor":3,"turns":2},{"damage":17,"enemies":"Exordium Thugs","floor":4,"turns":5},{"damage":39,"enemies":"Gremlin Gang","floor":5,"turns":6},{"damage":14,"enemies":"2 Fungi Beasts","floor":10,"turns":5},{"damage":32,"enemies":"The Mushroom Lair","floor":12,"turns":5},{"damage":26,"enemies":"3 Sentries","floor":14,"turns":10},{"damage":34,"enemies":"The Guardian","floor":16,"turns":8},{"damage":16,"enemies":"Spheric Guardian","floor":18,"turns":4},{"damage":16,"enemies":"3 Byrds","floor":21,"turns":3},{"damage":18,"enemies":"Slavers","floor":23,"turns":6},{"damage":30,"enemies":"Snecko","floor":27,"turns":7},{"damage":18,"enemies":"Chosen and Byrds","floor":29,"turns":5}],"seed_played":"7770165881582353820","potions_obtained":[{"floor":1,"key":"BloodPotion"},{"floor":3,"key":"Swift Potion"},{"floor":10,"key":"Explosive Potion"},{"floor":16,"key":"SteroidPotion"},{"floor":21,"key":"PowerPotion"},{"floor":23,"key":"BlessingOfTheForge"}],"is_trial":false,"path_per_floor":["M","M","M","M","M","R","$","?","T","M","?","?","$","E","R","B",null,"M","?","$","M","?","E","?","R","T","M","?","M"],"character_chosen":"IRONCLAD","items_purchased":["True Grit","Hemokinesis","Dark Shackles"],"campfire_rested":1,"item_purchase_floors":[7,20,20],"current_hp_per_floor":[75,71,77,66,33,33,33,33,33,25,25,15,30,10,34,31,80,70,70,80,70,40,28,22,22,22,8,8,0,0],"gold":185,"neow_bonus":"","is_daily":false,"chose_seed":false,"campfire_upgraded":2,"win_rate":0.0,"timestamp":1614301447,"path_taken":["M","M","M","M","M","R","$","?","T","?","?","?","$","E","R","BOSS","M","?","$","?","?","E","?","R","T","M","?","?"],"items_purchased_type":["Card","Card","Card"],"build_version":"2020-12-22","purchased_purges":1,"victory":false,"max_hp_per_floor":[80,80,80,80,80,80,80,80,80,80,80,80,80,80,80,80,80,80,80,80,80,40,40,40,40,40,40,40,40,40],"card_choices":[{"not_picked":["Battle Trance","Metallicize"],"picked":"Rupture","floor":1},{"not_picked":["Body Slam","Perfected Strike"],"picked":"Rupture","floor":2},{"not_picked":["Burning Pact","Inflame"],"picked":"Battle Trance","floor":3},{"not_picked":["Fire Breathing","Rage","Blood for Blood"],"picked":"SKIP","floor":4},{"not_picked":["Anger","Sword Boomerang","Pommel Strike"],"picked":"SKIP","floor":5},{"not_picked":["Sever Soul","Feel No Pain","Carnage"],"picked":"SKIP","floor":10},{"not_picked":["Second Wind","Flex"],"picked":"Rupture","floor":12},{"not_picked":["Rampage","Uppercut"],"picked":"Blood for Blood","floor":14},{"not_picked":["Warcry+1","True Grit"],"picked":"Cleave","floor":18},{"not_picked":["Perfected Strike","Clothesline"],"picked":"Headbutt","floor":21},{"not_picked":["Sword Boomerang","Demon Form","Anger+1"],"picked":"SKIP","floor":23},{"not_picked":["Twin Strike","Perfected Strike","Body Slam"],"picked":"SKIP","floor":27}],"player_experience":0,"relics_obtained":[{"floor":9,"key":"MealTicket"},{"floor":12,"key":"Odd Mushroom"},{"floor":14,"key":"Toy Ornithopter"},{"floor":23,"key":"Pen Nib"},{"floor":26,"key":"Potion Belt"}],"event_choices":[{"damage_healed":0,"gold_gain":0,"player_choice":"Rummage","damage_taken":0,"relics_obtained":["WarpedTongs"],"max_hp_gain":0,"max_hp_loss":0,"event_name":"Accursed Blacksmith","floor":8,"gold_loss":0,"cards_obtained":["Pain"]},{"damage_healed":0,"gold_gain":0,"player_choice":"Box","damage_taken":0,"relics_obtained":["Pantograph"],"max_hp_gain":0,"max_hp_loss":0,"event_name":"Big Fish","floor":11,"gold_loss":0,"cards_obtained":["Regret"]},{"damage_healed":0,"gold_gain":0,"player_choice":"Fought Mushrooms","damage_taken":0,"max_hp_gain":0,"max_hp_loss":0,"event_name":"Mushrooms","floor":12,"gold_loss":0},{"damage_healed":0,"gold_gain":0,"player_choice":"Traded Relic","damage_taken":0,"relics_obtained":["Nloth\u0027s Gift"],"max_hp_gain":0,"max_hp_loss":0,"event_name":"N\u0027loth","floor":19,"relics_lost":["Odd Mushroom"],"gold_loss":0},{"damage_healed":0,"gold_gain":0,"player_choice":"Became a Ghost","damage_taken":0,"max_hp_gain":0,"max_hp_loss":40,"event_name":"Ghosts","floor":22,"gold_loss":0,"cards_obtained":["Ghostly","Ghostly","Ghostly","Ghostly","Ghostly"]},{"damage_healed":0,"gold_gain":0,"player_choice":"Joined the Cult","damage_taken":6,"max_hp_gain":0,"max_hp_loss":0,"event_name":"Nest","floor":24,"gold_loss":0,"cards_obtained":["RitualDagger"]},{"damage_healed":0,"gold_gain":0,"player_choice":"Ignored","damage_taken":0,"max_hp_gain":0,"max_hp_loss":0,"event_name":"Cursed Tome","floor":28,"gold_loss":0}],"is_beta":false,"boss_relics":[{"not_picked":["Sozu","Ectoplasm"],"picked":"Runic Cube"}],"items_purged_floors":[7],"is_endless":false,"potions_floor_spawned":[1,3,10,16,21,23],"killed_by":"Chosen and Byrds","ascension_level":0}}