{"host":"r1w5o5rhvc53l1z6","time":1614351772,"event":{"mods":["BaseMod","Colored Map","DeckTracker","Minty Spire (QoL Compilation)","Permanent Neow","Quick Restart","SuperFastMode","everything is the same but u backflip on backflip"],"gold_per_floor":[109,109,109,129,129,129,142,154,154,186,205,223,235,40,40,139,139,155,166,166,18,36,66,66,77,156,156,175,175,204,224,224,328,328,347,361,361,361,261,295,92,121,169,169,217,217,244,319,319,319,319,319,17,47,47],"floor_reached":56,"language":"KOR","playtime":2657,"items_purged":["Defend_G","Grand Finale","Strike_G","Defend_G"],"score":1500,"play_id":"19e788ce-bfb4-4b4c-a9ac-632c26b151d5","local_time":"20210227000252","is_ascension_mode":false,"campfire_choices":[{"data":"Survivor","floor":6.0,"key":"SMITH"},{"data":"Blade Dance","floor":15,"key":"SMITH"},{"floor":27,"key":"REST"},{"data":"Adrenaline","floor":32,"key":"SMITH"},{"data":"Blade Dance","floor":44,"key":"SMITH"},{"data":"Accuracy","floor":46,"key":"SMITH"},{"floor":49,"key":"RECALL"},{"data":"After Image","floor":52,"key":"SMITH"}],"circlet_count":0,"master_deck":["Strike_G","Strike_G","Strike_G","Defend_G","Defend_G","Survivor+1","Neutralize+1","Cloak And Dagger+1","Blade Dance+1","Backflip","Escape Plan","Finisher","Blade Dance+1","Burst","Blade Dance","Burst","Terror","Adrenaline+1","PiercingWail","Poisoned Stab","After Image+1","Accuracy+1","Prepared+1","Backflip+1","Acrobatics+1","Venomology+1"],"relics":["Ring of the Serpent","NeowsBlessing","Shuriken","Snake Skull","Bag of Preparation","Happy Flower","Enchiridion","Ornamental Fan","InkBottle","SlaversCollar","Incense Burner","Toxic Egg 2","Boot","Ginger","PreservedInsect","StrikeDummy","Nunchaku","Lantern"],"acts_visited":["Exordium","TheCity","TheBeyond","TheEnding"],"potions_floor_usage":[18],"damage_taken":[{"damage":0.0,"enemies":"2 Louse","floor":1.0,"turns":1.0},{"damage":0.0,"enemies":"Jaw Worm","floor":4.0,"turns":1.0},{"damage":0.0,"enemies":"Cultist","floor":7.0,"turns":1.0},{"damage":0.0,"enemies":"Blue Slaver","floor":8.0,"turns":3.0},{"damage":26,"enemies":"Lagavulin","floor":10,"turns":7},{"damage":8,"enemies":"Lots of Slimes","floor":11,"turns":3},{"damage":0,"enemies":"Large Slime","floor":12,"turns":4},{"damage":0,"enemies":"2 Fungi Beasts","floor":13,"turns":3},{"damage":7,"enemies":"The Guardian","floor":16,"turns":11},{"damage":14,"enemies":"2 Thieves","floor":18,"turns":4},{"damage":3,"enemies":"Shell Parasite","floor":19,"turns":4},{"damage":1,"enemies":"Cultist and Chosen","floor":22,"turns":4},{"damage":13,"enemies":"Book of Stabbing","floor":23,"turns":4},{"damage":0,"enemies":"Snecko","floor":25,"turns":1},{"damage":0,"enemies":"3 Cultists","floor":28,"turns":3},{"damage":0,"enemies":"Gremlin Leader","floor":30,"turns":5},{"damage":7,"enemies":"Centurion and Healer","floor":31,"turns":4},{"damage":0,"enemies":"Champ","floor":33,"turns":5},{"damage":0,"enemies":"Orb Walker","floor":35,"turns":3},{"damage":0,"enemies":"3 Darklings","floor":36,"turns":2},{"damage":0,"enemies":"Reptomancer","floor":40,"turns":3},{"damage":0,"enemies":"Nemesis","floor":42,"turns":3},{"damage":0,"enemies":"2 Orb Walkers","floor":45,"turns":3},{"damage":0,"enemies":"Giant Head","floor":47,"turns":2},{"damage":0,"enemies":"Donu and Deca","floor":50,"turns":3},{"damage":0,"enemies":"Shield and Spear","floor":54,"turns":2},{"damage":34,"enemies":"The Heart","floor":55,"turns":4}],"seed_played":"3552888549846333572","potions_obtained":[{"floor":1.0,"key":"Ancient Potion"},{"floor":7.0,"key":"SkillPotion"},{"floor":10,"key":"Energy Potion"},{"floor":13,"key":"Swift Potion"},{"floor":19,"key":"DuplicationPotion"}],"is_trial":false,"path_per_floor":["M","?","?","M","?","R","M","M","T","E","M","M","M","$","R","B",null,"M","M","?","$","M","E","?","M","T","R","M","?","E","M","R","B",null,"M","M","?","?","$","E","$","E","T","R","?","R","E","T","R","B",null,"R","$","E","B",null],"character_chosen":"THE_SILENT","items_purchased":["Blade Dance","GhostInAJar","Bag of Preparation","Accuracy","Nunchaku"],"campfire_rested":1,"item_purchase_floors":[14,14,21,41,53],"current_hp_per_floor":[70,70,63,63,63,63,63,63,63,37,29,29,29,29,29,22,70,56,53,53,53,52,39,23,23,23,44,44,44,44,37,37,37,70,70,70,70,66,66,66,66,66,66,66,66,66,66,66,66,66,66,66,66,66,32],"gold":47,"neow_bonus":"THREE_ENEMY_KILL","is_daily":false,"chose_seed":false,"campfire_upgraded":6,"win_rate":0.0,"timestamp":1614351772,"path_taken":["M","?","?","?","?","R","M","M","T","E","?","M","M","$","R","BOSS","M","M","?","$","?","E","?","M","T","R","M","?","E","M","R","BOSS","M","M","?","?","$","E","$","E","T","R","?","R","E","?","R","BOSS","R","$","E","BOSS"],"items_purchased_type":["Card","Potion","Relic","Card","Relic"],"build_version":"2020-12-22","purchased_purges":4,"victory":true,"max_hp_per_floor":[70,70,70,70,70,70,70,70,70,70,70,70,70,70,70,70,70,70,70,70,70,70,70,70,70,70,70,70,70,70,70,70,70,70,70,70,70,66,66,66,66,66,66,66,66,66,66,66,66,66,66,66,66,66,66],"card_choices":[{"not_picked":["Eviscerate","Sucker Punch","Deadly Poison"],"picked":"SKIP","floor":1.0},{"not_picked":["Underhanded Strike","Distraction"],"picked":"Cloak And Dagger","floor":4.0},{"not_picked":["Bane","Quick Slash"],"picked":"Blade Dance","floor":7.0},{"not_picked":["Sucker Punch","Deflect"],"picked":"Backflip","floor":8.0},{"not_picked":["Bouncing Flask","Outmaneuver"],"picked":"Escape Plan","floor":10},{"not_picked":["Deadly Poison","Quick Slash","Envenom"],"picked":"SKIP","floor":11},{"not_picked":["Flying Knee","Riddle With Holes","Quick Slash"],"picked":"SKIP","floor":12},{"not_picked":["Deflect","Heel Hook"],"picked":"Finisher","floor":13},{"not_picked":["Night Terror","A Thousand Cuts"],"picked":"Burst","floor":16},{"not_picked":["Catalyst","Infinite Blades"],"picked":"Blade Dance","floor":18},{"not_picked":["Flying Knee","Dagger Spray","Bane"],"picked":"SKIP","floor":19},{"not_picked":["Outmaneuver","Footwork"],"picked":"Terror","floor":22},{"not_picked":["Expertise","Slice"],"picked":"Adrenaline","floor":23},{"not_picked":["Flying Knee+1","Deadly Poison"],"picked":"PiercingWail","floor":25},{"not_picked":["Blade Dance","Bane","Outmaneuver"],"picked":"SKIP","floor":28},{"not_picked":["Slice","Blade Dance","Concentrate"],"picked":"SKIP","floor":30},{"not_picked":["Dagger Throw+1","Blade Dance+1","Distraction"],"picked":"SKIP","floor":31},{"not_picked":["Dagger Throw+1","Blade Dance+1","Distraction"],"picked":"SKIP","floor":31},{"not_picked":["Die Die Die","Malaise"],"picked":"After Image","floor":33},{"not_picked":["Terror+1","Dagger Throw+1","Backstab+1"],"picked":"SKIP","floor":35},{"not_picked":["Quick Slash","Eviscerate","Deadly Poison+1"],"picked":"SKIP","floor":36},{"not_picked":["Cloak And Dagger","Riddle With Holes","Deflect"],"picked":"SKIP","floor":40},{"not_picked":["Flying Knee","Acrobatics+1"],"picked":"Prepared+1","floor":42},{"not_picked":["Dagger Spray+1","Dodge and Roll+1"],"picked":"Backflip+1","floor":45},{"not_picked":["Bouncing Flask+1","Slice+1"],"picked":"Acrobatics+1","floor":47},{"not_picked":["Envenom","Poisoned Stab"],"picked":"Venomology+1","floor":54}],"player_experience":294913,"relics_obtained":[{"floor":10,"key":"Snake Skull"},{"floor":23,"key":"Happy Flower"},{"floor":24,"key":"Enchiridion"},{"floor":26,"key":"Ornamental Fan"},{"floor":30,"key":"InkBottle"},{"floor":40,"key":"Incense Burner"},{"floor":42,"key":"Toxic Egg 2"},{"floor":43,"key":"Boot"},{"floor":45,"key":"Ginger"},{"floor":47,"key":"PreservedInsect"},{"floor":48,"key":"StrikeDummy"},{"floor":54,"key":"Lantern"}],"event_choices":[{"damage_healed":0.0,"max_hp_gain":0.0,"max_hp_loss":0.0,"gold_gain":0.0,"event_name":"Living Wall","player_choice":"Grow","floor":2.0,"gold_loss":0.0,"damage_taken":0.0,"cards_upgraded":["Neutralize"]},{"damage_healed":0.0,"max_hp_gain":0.0,"max_hp_loss":0.0,"gold_gain":0.0,"event_name":"Scrap Ooze","player_choice":"Success","floor":3.0,"gold_loss":0.0,"damage_taken":7.0,"relics_obtained":["Shuriken"]},{"damage_healed":0.0,"max_hp_gain":0.0,"max_hp_loss":0.0,"gold_gain":0.0,"event_name":"Upgrade Shrine","player_choice":"Upgraded","floor":5.0,"gold_loss":0.0,"damage_taken":0.0,"cards_upgraded":["Cloak And Dagger"]},{"damage_healed":0,"gold_gain":0,"player_choice":"Copied","damage_taken":0,"max_hp_gain":0,"max_hp_loss":0,"event_name":"Duplicator","floor":20,"gold_loss":0,"cards_obtained":["Burst"]},{"damage_healed":0,"gold_gain":0,"player_choice":"Obtained Book","damage_taken":16,"max_hp_gain":0,"max_hp_loss":0,"event_name":"Cursed Tome","floor":24,"gold_loss":0},{"damage_healed":0,"gold_gain":0,"cards_transformed":["Strike_G","Defend_G"],"player_choice":"Became Test Subject","damage_taken":0,"max_hp_gain":0,"max_hp_loss":0,"event_name":"Drug Dealer","floor":29,"gold_loss":0,"cards_obtained":["Grand Finale","Poisoned Stab"]},{"damage_healed":0,"gold_gain":0,"player_choice":"Ignored","damage_taken":0,"max_hp_gain":0,"max_hp_loss":0,"event_name":"Tomb of Lord Red Mask","floor":37,"gold_loss":0},{"damage_healed":0,"gold_gain":0,"player_choice":"Max HP","damage_taken":0,"max_hp_gain":0,"max_hp_loss":4,"event_name":"Winding Halls","floor":38,"gold_loss":0},{"damage_healed":0,"gold_gain":0,"player_choice":"Fight","damage_taken":0,"max_hp_gain":0,"max_hp_loss":0,"event_name":"Mysterious Sphere","floor":45,"gold_loss":0}],"is_beta":false,"boss_relics":[{"not_picked":["Philosopher\u0027s Stone","Black Star"],"picked":"Ring of the Serpent"},{"not_picked":["Tiny House","Runic Pyramid"],"picked":"SlaversCollar"}],"items_purged_floors":[14,39,41,53],"is_endless":false,"potions_floor_spawned":[1,7,10,13,16,19,25,31,33,35,36,42,54],"ascension_level":0}}