{"host":"ve9aztkoyqeblvav","time":1614356023,"event":{"mods":["Act Like it!","Aspiration","BaseMod","Colored Map","Colored Powertips","Highlight Path","Marked Mod","Minty Spire (QoL Compilation)","Pale of the Ancients","Quick Restart","Reorder Act Four","StSLib","The Hierophant","Waifu the Spire","[IsaacMod]ÒÔÈö¼âËþ"],"gold_per_floor":[115,129,221,221,201,201,228,228,306,306,332,343,363,383,383,455,455,470,482,496,511,523,523,537,556,556,556,576,576,576,576,576,655,655,655,655],"floor_reached":35,"language":"ZHS","playtime":1357,"items_purged":[],"score":842,"play_id":"3f4b7e06-3867-4c75-8ae6-d0f74f03d712","local_time":"20210227001343","is_ascension_mode":true,"campfire_choices":[{"data":"Acrobatics","floor":6.0,"key":"SMITH"},{"data":"Neutralize","floor":10.0,"key":"SMITH"},{"data":"Skewer","floor":15.0,"key":"SMITH"},{"floor":23.0,"key":"REST"},{"floor":27.0,"key":"DIG"},{"floor":29.0,"key":"DIG"},{"floor":32.0,"key":"REST"}],"circlet_count":0,"master_deck":["AscendersBane","Strike_G","Strike_G","Defend_G","Defend_G","Defend_G","Defend_G","Defend_G","Survivor","Neutralize+1","Acrobatics+1","Accuracy","Acrobatics","Skewer+1","Slice","Caltrops+1","Terror","Blade Dance","Defragment","PiercingWail","Escape Plan+1","Offering","Dagger Spray+1","Storm of Steel+1","Concentrate+1"],"relics":["Ring of the Snake","HushsDoor","GuppysTail","NeowsBlessing","DeadEye","Anchor","Bag of Preparation","PillsDrop","Bottled Tornado","aspiration:DefectSkillbook","Shovel","Happy Flower","Kunai","PrismaticShard","aspiration:RitualStick","Astrolabe"],"acts_visited":["Exordium","TheCity","TheBeyond"],"potions_floor_usage":[],"damage_taken":[{"damage":0.0,"enemies":"Jaw Worm","floor":1.0,"turns":1.0},{"damage":0.0,"enemies":"Cultist","floor":2.0,"turns":1.0},{"damage":0.0,"enemies":"Lagavulin","floor":7.0,"turns":1.0},{"damage":0.0,"enemies":"3 Sentries","floor":11.0,"turns":1.0},{"damage":0.0,"enemies":"2 Louse","floor":12.0,"turns":2.0},{"damage":1.0,"enemies":"Blue Slaver","floor":13.0,"turns":4.0},{"damage":0.0,"enemies":"Exordium Thugs","floor":14.0,"turns":3.0},{"damage":16.0,"enemies":"The Guardian","floor":16.0,"turns":13.0},{"damage":0.0,"enemies":"Chosen","floor":18.0,"turns":3.0},{"damage":5.0,"enemies":"Shell Parasite","floor":19.0,"turns":3.0},{"damage":0.0,"enemies":"Snake Plant","floor":20.0,"turns":3.0},{"damage":2.0,"enemies":"Centurion and Healer","floor":21.0,"turns":5.0},{"damage":12.0,"enemies":"Shelled Parasite and Fungi","floor":22.0,"turns":5.0},{"damage":11.0,"enemies":"3 Cultists","floor":24.0,"turns":4.0},{"damage":0.0,"enemies":"Snake Plant","floor":25.0,"turns":3.0},{"damage":0.0,"enemies":"Shelled Parasite and Fungi","floor":28.0,"turns":2.0},{"damage":31.0,"enemies":"Champ","floor":33.0,"turns":8.0},{"damage":0,"enemies":"3 Shapes","floor":35,"turns":1}],"seed_played":"4304351857977035714","potions_obtained":[{"floor":1.0,"key":"EntropicBrew"},{"floor":5.0,"key":"CultistPotion"},{"floor":20.0,"key":"CultistPotion"},{"floor":24.0,"key":"SteroidPotion"},{"floor":25.0,"key":"FearPotion"}],"is_trial":false,"path_per_floor":["M","M","?","?","?","R","E","?","T","R","E","M","M","M","R","B",null,"M","M","M","M","M","R","M","M","T","R","M","R","?","?","R","B",null,"M"],"character_chosen":"THE_SILENT","items_purchased":[],"campfire_rested":2,"item_purchase_floors":[],"current_hp_per_floor":[59,59,44,33,33,33,33,33,33,33,33,33,32,32,32,16,54,54,49,49,47,38,55,44,44,44,44,44,44,32,17,34,3,45,45,45],"gold":655,"neow_bonus":"THREE_ENEMY_KILL","is_daily":false,"chose_seed":false,"campfire_upgraded":3,"win_rate":0.0,"timestamp":1614356023,"path_taken":["M","M","?","?","?","R","E","?","T","R","E","M","M","M","R","BOSS","M","M","?","M","M","R","M","M","T","R","M","R","?","?","R","BOSS","M"],"items_purchased_type":[],"build_version":"2020-12-22","purchased_purges":0,"victory":false,"max_hp_per_floor":[66,66,66,66,66,66,66,66,66,66,66,66,66,66,66,66,66,66,61,56,56,59,59,59,59,59,59,59,59,59,59,59,59,59,59,59],"card_choices":[{"not_picked":[],"picked":"Bomb","floor":0.0},{"not_picked":["Slice","Cloak And Dagger"],"picked":"Acrobatics","floor":1.0},{"not_picked":["Masterful Stab","Outmaneuver","Dagger Throw"],"picked":"SKIP","floor":2.0},{"not_picked":["Doppelganger","Underhanded Strike"],"picked":"Accuracy","floor":7.0},{"not_picked":["Distraction","Deflect"],"picked":"Acrobatics","floor":11.0},{"not_picked":["Catalyst","Choke"],"picked":"Skewer","floor":12.0},{"not_picked":["Eviscerate","Accuracy"],"picked":"Slice","floor":13.0},{"not_picked":["Deadly Poison","Quick Slash","Outmaneuver"],"picked":"SKIP","floor":14.0},{"not_picked":["Cold Snap","Sunder","Accuracy"],"picked":"Caltrops+1","floor":18.0},{"not_picked":["Slice","Leap","PiercingWail"],"picked":"Terror","floor":19.0},{"not_picked":["Acrobatics","Dagger Spray","Outmaneuver"],"picked":"Blade Dance","floor":20.0},{"not_picked":["Sweeping Beam","Fusion","Conserve Battery"],"picked":"Defragment","floor":21.0},{"not_picked":["Slice","Conserve Battery","Reprogram"],"picked":"PiercingWail","floor":22.0},{"not_picked":["Outmaneuver","Cold Snap","Flying Knee","Beam Cell+1"],"picked":"SKIP","floor":24.0},{"not_picked":["Deadly Poison+1","Storm","Biased Cognition"],"picked":"Escape Plan+1","floor":25.0},{"not_picked":["Backstab","Streamline","Hologram","Prepared"],"picked":"SKIP","floor":28.0},{"not_picked":["hierophant:MintersHammer","LessonLearned","Glass Knife"],"picked":"Offering","floor":33.0}],"player_experience":1731027,"relics_obtained":[{"floor":7.0,"key":"Anchor"},{"floor":9.0,"key":"PillsDrop"},{"floor":11.0,"key":"Bottled Tornado"},{"floor":26.0,"key":"Shovel"},{"floor":27.0,"key":"Happy Flower"},{"floor":29.0,"key":"Kunai"},{"floor":30.0,"key":"PrismaticShard"}],"event_choices":[{"damage_healed":0.0,"max_hp_gain":0.0,"max_hp_loss":0.0,"gold_gain":0.0,"event_name":"Scrap Ooze","player_choice":"Success","floor":4.0,"gold_loss":0.0,"damage_taken":11.0,"relics_obtained":["DeadEye"]},{"damage_healed":0.0,"max_hp_gain":0.0,"max_hp_loss":0.0,"gold_gain":0.0,"event_name":"The Woman in Blue","player_choice":"Bought 1 Potion","floor":5.0,"gold_loss":0.0,"damage_taken":0.0},{"damage_healed":0.0,"max_hp_gain":0.0,"max_hp_loss":0.0,"gold_gain":0.0,"event_name":"Dead Adventurer","player_choice":"Searched \u00271\u0027 times","floor":8.0,"gold_loss":0.0,"damage_taken":0.0,"relics_obtained":["Bag of Preparation"]}],"is_beta":false,"boss_relics":[{"not_picked":["SlaversCollar","Cursed Key"],"picked":"aspiration:DefectSkillbook"},{"not_picked":[]},{"not_picked":["Fusion Hammer","Tiny House"],"picked":"Astrolabe"},{"not_picked":[]}],"items_purged_floors":[],"is_endless":false,"potions_floor_spawned":[1,14,20,24,25],"killed_by":"3 Shapes","ascension_level":20}}