{"host":"j4js999tahsli5mc","time":1614317578,"event":{"mods":["AchievementEnabler","Act Like it!","Aspiration","BaseMod","Better Note","Better Silent Start","Energized Spire","GifTheSpireLib","Halation","Hermit","Hubris","Library of Ruina","Library of Ruina Extra","Lobotomy","LobotomyExtend","Marked Mod","Minty Spire (QoL Compilation)","Rare Cards Sparkle","Reliquary","Replay The Spire","Ruina","StSLib","The Blue Laboratory"],"gold_per_floor":[119,129,141,192,192,192,192,205,205,36,47,47,82,97,97,198,198,198,212,212,212,228,228,263,263,315,315,315,326,346,346,346,451,451,451,325,338,352,187,187,207,207,256,269,269,269,281,307,307,307,307,307,307,307,307,307],"floor_reached":57,"language":"ENG","playtime":4202,"items_purged":[],"score":600,"play_id":"707c87ef-aa60-4b82-a490-f79a7008aa45","local_time":"20210226003258","is_ascension_mode":false,"campfire_choices":[{"floor":6.0,"key":"RECALL"},{"floor":12.0,"key":"REST"},{"floor":15.0,"key":"REST"},{"floor":23.0,"key":"REST"},{"floor":27.0,"key":"REST"},{"data":"ruina:CobaltScar","floor":32.0,"key":"SMITH"},{"data":"Unlock1","floor":40.0,"key":"SMITH"},{"data":"WillBeTasty","floor":49.0,"key":"SMITH"}],"circlet_count":0,"master_deck":["WhiteNight","Dodge","LightAttack","LightAttack","LightAttack","LightDefense","LightDefense","LightDefense","ChargeAndCover","HereticApostle","PreemptiveStrike","GreedKing","DarkCloud","OldLady","TheArtOfRapidSteps","Unlock1+1","WillBeTasty+1","ShyLook","ClassAndRespect","SnakesPrey","ChopItOff","GoinFirst","BlueStar","RulesOfTheBackstreets","ruina:CobaltScar+1","UpbeatPerformance+1","GrazeTheGrass+1","Writhe","InkOver","NightInTheBackstreets+1","SenseQuarry","FrontalAssault","SpearedSweep","GuardingStance+1","Parry2","Trip","GrazeTheGrass","SnakesPrey+1","QueenOfHatred","QuickSuppression+1","FrontalAssault","FieryBird","TendonChords+1"],"relics":["PageOfLibrarian","CogitoBucket","LetterFromLob","halation:WeightlessCrab","ReplayTheSpireMod:Lightbulb","energizedSpire:MagnifyingGlass","ruina:PrescriptsGrace","reliquary:Knoch","ruina:Goodbye","PageOfSnowWhitesApple","AspirationHeart","Busted Crown","DeathAngel","AdjustmentMirror","AtMidnight","Ancient Tea Set","Replay:Bottled Steam"],"acts_visited":["Exordium","ruina:Briah","TheBeyond"],"potions_floor_usage":[57],"damage_taken":[{"damage":0.0,"enemies":"Cultist","floor":1.0,"turns":3.0},{"damage":4.0,"enemies":"Small Slimes","floor":2.0,"turns":3.0},{"damage":0.0,"enemies":"2 Louse","floor":3.0,"turns":3.0},{"damage":0.0,"enemies":"Looter","floor":8.0,"turns":3.0},{"damage":8.0,"enemies":"Large Slime","floor":11.0,"turns":6.0},{"damage":11.0,"enemies":"3 Sentries","floor":13.0,"turns":4.0},{"damage":52.0,"enemies":"Exordium Wildlife","floor":14.0,"turns":5.0},{"damage":35.0,"enemies":"Slime Boss","floor":16.0,"turns":8.0},{"damage":15.0,"enemies":"ruina:2_Scarecrows","floor":19.0,"turns":5.0},{"damage":22.0,"enemies":"ruina:3_Bats","floor":22.0,"turns":3.0},{"damage":54.0,"enemies":"ruina:Mountain","floor":24.0,"turns":6.0},{"damage":24.0,"enemies":"ruina:KingOfGreed","floor":29.0,"turns":5.0},{"damage":0.0,"enemies":"ruina:3_Scarecrows","floor":30.0,"turns":4.0},{"damage":21.0,"enemies":"ruina:Ozma","floor":33.0,"turns":8.0},{"damage":90.0,"enemies":"3 Darklings","floor":35.0,"turns":13.0},{"damage":0.0,"enemies":"3 Darklings","floor":37.0,"turns":5.0},{"damage":11.0,"enemies":"3 Shapes","floor":38.0,"turns":3.0},{"damage":18.0,"enemies":"Maw","floor":41.0,"turns":4.0},{"damage":0.0,"enemies":"Transient","floor":44.0,"turns":5.0},{"damage":0.0,"enemies":"Sphere and 2 Shapes","floor":47.0,"turns":3.0},{"damage":4.0,"enemies":"Giant Head","floor":48.0,"turns":4.0},{"damage":16.0,"enemies":"Time Eater","floor":50.0,"turns":7.0},{"damage":48.0,"enemies":"Malkuth","floor":52.0,"turns":5.0},{"damage":68.0,"enemies":"Netzach","floor":52.0,"turns":8.0}],"seed_played":"-1036193633599357110","potions_obtained":[{"floor":2.0,"key":"blueLaboratory:Moonshine"},{"floor":3.0,"key":"Toxic Potion"},{"floor":11.0,"key":"Strength Potion"},{"floor":16.0,"key":"ColorlessPotion"},{"floor":30.0,"key":"blueLaboratory:TrueEctoplasm"},{"floor":37.0,"key":"blueLaboratory:FruitPunch"},{"floor":44.0,"key":"Energy Potion"}],"is_trial":false,"path_per_floor":["M","M","M","T","?","R","?","M","T","$","M","R","E","M","R","B",null,"M","M","?","?","M","R","E","?","T","R","?","M","M","$","R","B",null,"M","$","M","M","$","R","M","?","T","M","?","?","M","E","R","B",null,null,null,null,null,null,null,null],"character_chosen":"Librarian","items_purchased":["Fruit Juice","WillBeTasty","SpearedSweep","BlessingOfTheForge","SteroidPotion","Parry2","Trip","GrazeTheGrass"],"campfire_rested":4,"item_purchase_floors":[10,10,36,36,36,39,39,39],"current_hp_per_floor":[60,62,67,67,75,75,75,76,76,76,75,81,81,48,72,79,81,81,80,80,80,70,81,71,71,71,81,81,83,91,91,91,85,91,76,76,85,85,85,85,82,82,82,85,85,85,85,85,85,74,74,42,42,42,42,42],"gold":307,"neow_bonus":"","is_daily":false,"chose_seed":false,"campfire_upgraded":3,"win_rate":0.0,"timestamp":1614317578,"path_taken":["M","M","?","?","?","R","?","M","T","$","M","R","E","M","R","BOSS","M","M","?","?","M","R","E","?","T","R","?","?","M","?","R","BOSS","M","$","M","M","$","R","M","?","T","M","?","?","M","E","R","BOSS"],"items_purchased_type":["Potion","Card","Card","Potion","Potion","Card","Card","Card"],"build_version":"2020-12-22","purchased_purges":0,"victory":true,"max_hp_per_floor":[76,76,76,76,76,76,76,76,76,76,81,81,81,81,81,81,81,81,81,81,81,81,81,81,81,81,81,81,91,91,91,91,91,91,85,85,85,85,85,85,85,85,85,85,85,85,85,85,85,85,85,87,87,87,87,87],"card_choices":[{"not_picked":["BlackSwan","MHz","OSAHOGD"],"picked":"Singing Bowl","floor":1.0},{"not_picked":["BiXi","PinpointShot","Transpierce","PuppetBlockade","Thrust","Parry","EnergyStrike","FleetEdge"],"picked":"PreemptiveStrike","floor":1.0},{"not_picked":["UniverseFragment","SpiderBud","Woodsman"],"picked":"Singing Bowl","floor":2.0},{"not_picked":["Scorched","SpiderBud"],"picked":"GreedKing","floor":2.0},{"not_picked":["Faith","ReadyUp","Pound","Mutilate","Execute_lor","SinglePointStab","Leap_lor","SunsetBlade"],"picked":"DarkCloud","floor":2.0},{"not_picked":["UniverseFragment","DespairKnight"],"picked":"OldLady","floor":3.0},{"not_picked":["NightInTheBackstreets","YouOnlyLiveOnce","SharpSwipe","Eject","PinpointShot","UpbeatPerformance","BiAn","EnergyStrike"],"picked":"TheArtOfRapidSteps","floor":3.0},{"not_picked":["ShyLook","Murderer"],"picked":"QueenOfHatred","floor":8.0},{"not_picked":["Creak","PinpointShot","Laceration","CookingPrep","NonstopAssault","SuppressingShot","CombatPreparation","ToWhereThePrescriptPoints"],"picked":"Unlock1","floor":8.0},{"not_picked":["Scorched","CrumblingArmor","Woodsman"],"picked":"Singing Bowl","floor":11.0},{"not_picked":["CherryBlossoms","FairyFestival"],"picked":"ShyLook","floor":11.0},{"not_picked":["TheArtOfRapidSteps","HardRehearsal","IdentifyWeakpoint","InkOver","RepressedFlesh","Parry","IllEndYou","GrazeTheGrass"],"picked":"ClassAndRespect","floor":11.0},{"not_picked":["SingingMachine","UniverseFragment","SpiderBud"],"picked":"Singing Bowl","floor":13.0},{"not_picked":["Thirst","GuardingStance","Parry2","Clone","TheRedNotes","ClassAndRespect","UnavoidableGaze","SteelKnuckles"],"picked":"SnakesPrey","floor":13.0},{"not_picked":["UniverseFragment","HappyTeddy","MHz"],"picked":"Singing Bowl","floor":14.0},{"not_picked":["DefenseOrder","IngredientHunt","Slice_lor","StrongStrike","Leap_lor","Ripple","SummaryJudgment","StructuralAnalysis"],"picked":"ChopItOff","floor":14.0},{"not_picked":["PunishingBird","FairyFestival","CrumblingArmor"],"picked":"Singing Bowl","floor":16.0},{"not_picked":["MirageStorm","WillProduceFineSilk"],"picked":"GoinFirst","floor":16.0},{"not_picked":["BeautyBeast","NakedNest"],"picked":"BlueStar","floor":19.0},{"not_picked":["FleetEdge+1","HiddenBlade","InhaleSmoke+1","NightInTheBackstreets+1","Thrust","GreatSerpentsImpact","Juggling","SharpSwipe"],"picked":"RulesOfTheBackstreets","floor":19.0},{"not_picked":["SpiderBud","UniverseFragment","Woodsman"],"picked":"Singing Bowl","floor":22.0},{"not_picked":["Thrust","SunsetBlade","EndlessBattle+1","ForcefulGesture","Pound","Leap_lor+1","DesperateStruggle+1","Reload"],"picked":"UpbeatPerformance+1","floor":22.0},{"not_picked":["DespairKnight","Murderer","Variant"],"picked":"Singing Bowl","floor":24.0},{"not_picked":["SearingSword","Slice_lor","Multislash","StrongStrike+1","ExtractFuel","QuickSuppression","StayCalm","BiAn"],"picked":"GrazeTheGrass+1","floor":24.0},{"not_picked":["UniverseFragment","Scarecrow","NakedNest"],"picked":"Singing Bowl","floor":29.0},{"not_picked":["SunsetBlade","PreemptiveStrike","MultiHit","FleetEdge","Zzzzzap","EnergyShield+1","Commandeering","Multislash"],"picked":"InkOver","floor":29.0},{"not_picked":["MeltingLove","VoidDream"],"picked":"PlagueDoctor","floor":30.0},{"not_picked":["GatherIntel","Faith","FleetFootsteps","IllEndYou+1","PinpointShot","Outburst+1","StrongStrike","RepressedFlesh"],"picked":"NightInTheBackstreets+1","floor":30.0},{"not_picked":["RedShoes","UniverseFragment","Scarecrow"],"picked":"Singing Bowl","floor":33.0},{"not_picked":["Decapitation","MindCrush"],"picked":"SenseQuarry","floor":33.0},{"not_picked":["Wellcheers","BigBird","CrumblingArmor"],"picked":"Singing Bowl","floor":35.0},{"not_picked":["SparkingSpear+1","Eradication","Parry","Multislash+1","PuppetBlockade+1","HighKick"],"picked":"FrontalAssault","floor":35.0},{"not_picked":["SpiderBud","LittlePrince","Bloodbath"],"picked":"Singing Bowl","floor":37.0},{"not_picked":["HighKick","InnerArdor","ClassAndRespect+1","FierceCharge","Creak","Outburst","Pound+1"],"picked":"SKIP","floor":37.0},{"not_picked":["Freischutz","VoidDream","LaLuna"],"picked":"Singing Bowl","floor":38.0},{"not_picked":["Outburst","StructuralAnalysis","AssaultOrder","EnergyConversion+1","FierceOnslaught+1","InnerArdor"],"picked":"GuardingStance+1","floor":38.0},{"not_picked":["BigBird","RedShoes","Laetitia"],"picked":"Singing Bowl","floor":41.0},{"not_picked":["SinglePointStab+1","AGoldenOpportunity+1","FrontalAssault+1","PreemptiveStrike+1","ProselytesBlade","SpearedSweep"],"picked":"SnakesPrey+1","floor":41.0},{"not_picked":["Murderer","FieryBird"],"picked":"QueenOfHatred","floor":44.0},{"not_picked":["TheRedNotes+1","ClassAndRespect+1","QuickAttack","UndertakePrescript","HiddenBlade","UnforgettableMelody"],"picked":"QuickSuppression+1","floor":44.0},{"not_picked":["Woodsman","Bloodbath","GalaxyChild"],"picked":"Singing Bowl","floor":47.0},{"not_picked":["Pound","MultiBlock+1","Gigigig","ClassAndRespect","YouOnlyLiveOnce","Brawl"],"picked":"FrontalAssault","floor":47.0},{"not_picked":["Alriune","RedShoes"],"picked":"FieryBird","floor":48.0},{"not_picked":["Faith+1","Quickness","Pound+1","CoordinatedAssault","HandleRequest+1","Wallop_lor+1"],"picked":"TendonChords+1","floor":48.0}],"player_experience":501405,"relics_obtained":[{"floor":1.0,"key":"LetterFromLob"},{"floor":9.0,"key":"halation:WeightlessCrab"},{"floor":13.0,"key":"ReplayTheSpireMod:Lightbulb"},{"floor":24.0,"key":"reliquary:Knoch"},{"floor":26.0,"key":"PageOfSnowWhitesApple"},{"floor":35.0,"key":"DeathAngel"},{"floor":37.0,"key":"AtMidnight"},{"floor":43.0,"key":"Ancient Tea Set"},{"floor":48.0,"key":"Replay:Bottled Steam"}],"event_choices":[{"cards_removed":["QueenOfHatred"],"damage_healed":0.0,"max_hp_gain":0.0,"max_hp_loss":0.0,"gold_gain":0.0,"event_name":"Falling","player_choice":"Removed Skill","floor":42.0,"gold_loss":0.0,"damage_taken":0.0},{"damage_healed":0.0,"max_hp_gain":0.0,"max_hp_loss":0.0,"gold_gain":0.0,"event_name":"Tomb of Lord Red Mask","player_choice":"Ignored","floor":45.0,"gold_loss":0.0,"damage_taken":0.0},{"cards_removed":["LightDefense"],"damage_healed":0.0,"max_hp_gain":0.0,"max_hp_loss":0.0,"gold_gain":0.0,"event_name":"Wheel of Change","player_choice":"Card Removal","floor":46.0,"gold_loss":0.0,"damage_taken":0.0}],"is_beta":false,"boss_relics":[{"not_picked":["Honey Jar","halation:CatFaceCupcake"],"picked":"energizedSpire:MagnifyingGlass"},{"not_picked":["SlaversCollar","Replay:Drink Me"],"picked":"Busted Crown"}],"items_purged_floors":[],"is_endless":false,"potions_floor_spawned":[2,3,11,16,24,30,37,38,44],"ascension_level":0}}