{"host":"746m694if73h3gai","time":1614362168,"event":{"mods":["2.2 Compatiblity","AchievementEnabler","Act Like it!","BaseMod","Colored Map","Colored Powertips","Marked Mod","Minty Spire (QoL Compilation)","Morshu Shopkeeper","Quick Restart","Rare Cards Sparkle","Relic Stats","Ruina","StSLib","everything is the same but u backflip on backflip","slay the spire mod where everything is the same but ironclad has a cowboy hat"],"gold_per_floor":[109,129,129,36,53,80,80,109,109,109,165,14,14,27,27,125,125,145,95,111,111,111],"floor_reached":21,"language":"ENG","playtime":842,"items_purged":[],"score":206,"play_id":"8257ebef-8422-4fa8-b030-c9550944889f","local_time":"20210226185608","is_ascension_mode":true,"campfire_choices":[{"data":"PathToVictory","floor":7.0,"key":"SMITH"},{"data":"ClearTheMind","floor":10.0,"key":"SMITH"},{"floor":15.0,"key":"REST"}],"circlet_count":0,"master_deck":["Eruption+1","Vigilance+1","EmptyFist","LikeWater+1","ClearTheMind+1","BattleHymn","CutThroughFate","PathToVictory+1","LessonLearned+1","MarkedMod:ChiBlock","ClearTheMind","MentalFortress","ThirdEye","MentalFortress","Perseverance","BowlingBash","BowlingBash","Clumsy"],"relics":["PureWater","NeowsBlessing","Singing Bowl","White Beast Statue","InkBottle","Membership Card","Pandora\u0027s Box","ruina:FalsePresent"],"acts_visited":["Exordium","ruina:Briah"],"potions_floor_usage":[20],"damage_taken":[{"damage":0.0,"enemies":"2 Louse","floor":1.0,"turns":1.0},{"damage":0.0,"enemies":"Cultist","floor":2.0,"turns":1.0},{"damage":0.0,"enemies":"Small Slimes","floor":5.0,"turns":2.0},{"damage":3.0,"enemies":"Lagavulin","floor":6.0,"turns":5.0},{"damage":36.0,"enemies":"Gremlin Nob","floor":8.0,"turns":4.0},{"damage":0.0,"enemies":"2 Fungi Beasts","floor":14.0,"turns":6.0},{"damage":33.0,"enemies":"The Guardian","floor":16.0,"turns":7.0},{"damage":22.0,"enemies":"ruina:2_Scarecrows","floor":18.0,"turns":3.0},{"damage":43,"enemies":"ruina:BadWolf","floor":20,"turns":4},{"damage":13,"enemies":"ruina:KingOfGreed","floor":21,"turns":2}],"seed_played":"-9134267967259945103","potions_obtained":[{"floor":1.0,"key":"Weak Potion"},{"floor":2.0,"key":"ColorlessPotion"},{"floor":5.0,"key":"LiquidMemories"},{"floor":14.0,"key":"SkillPotion"},{"floor":16.0,"key":"SkillPotion"},{"floor":19.0,"key":"BlessingOfTheForge"},{"floor":20,"key":"Ancient Potion"}],"is_trial":false,"path_per_floor":["M","M","?","$","M","E","R","E","T","R","?","$","?","M","R","B",null,"M","?","M","M"],"character_chosen":"WATCHER","items_purchased":["ClearTheMind","BattleHymn","Membership Card"],"campfire_rested":1,"item_purchase_floors":[4,4,12],"current_hp_per_floor":[72,72,58,58,58,55,55,19,19,19,19,19,19,21,43,10,74,54,50,9,0,0],"gold":111,"neow_bonus":"THREE_ENEMY_KILL","is_daily":false,"chose_seed":false,"campfire_upgraded":2,"win_rate":0.0,"timestamp":1614362168,"path_taken":["M","M","?","$","M","E","R","E","T","R","?","$","?","?","R","BOSS","M","?","M","?"],"items_purchased_type":["Card","Card","Relic"],"build_version":"2020-12-22","purchased_purges":0,"victory":false,"max_hp_per_floor":[72,72,72,72,72,72,72,72,72,72,72,72,72,74,74,74,74,76,71,73,73,73],"relic_stats":{"Singing Bowl":6,"counters":[10,35],"Pandora\u0027s Box":["ClearTheMind","MentalFortress","ThirdEye","FlyingSleeves","MentalFortress","Perseverance","BowlingBash","BowlingBash"],"obtain_stats":[{"Frozen Eye":18,"ruina:FalsePresent":19,"NeowsBlessing":0,"Singing Bowl":6,"Pandora\u0027s Box":17,"Membership Card":12,"PureWater":0,"White Beast Statue":8,"InkBottle":9},{"Frozen Eye":7,"ruina:FalsePresent":8,"NeowsBlessing":0,"Singing Bowl":4,"Pandora\u0027s Box":7,"Membership Card":5,"PureWater":0,"White Beast Statue":5,"InkBottle":5},{"Frozen Eye":26,"ruina:FalsePresent":29,"NeowsBlessing":0,"Singing Bowl":9,"Pandora\u0027s Box":26,"Membership Card":13,"PureWater":0,"White Beast Statue":13,"InkBottle":13}],"InkBottle":[7]},"card_choices":[{"not_picked":["Worship","Halt"],"picked":"EmptyFist","floor":1.0},{"not_picked":["EmptyFist","BattleHymn"],"picked":"LikeWater","floor":2.0},{"not_picked":["Pray","Consecrate"],"picked":"CutThroughFate","floor":5.0},{"not_picked":["SashWhip","WreathOfFlame"],"picked":"PathToVictory","floor":6.0},{"not_picked":["Consecrate","SignatureMove"],"picked":"LessonLearned","floor":8.0},{"not_picked":["Halt","FlyingSleeves","SashWhip"],"picked":"Singing Bowl","floor":14.0},{"not_picked":["Brilliance","Alpha"],"picked":"MarkedMod:ChiBlock","floor":16.0},{"not_picked":["WreathOfFlame","Prostrate","Sanctity"],"picked":"Singing Bowl","floor":18.0},{"not_picked":["CutThroughFate","Protect","EmptyFist"],"picked":"Singing Bowl","floor":20}],"player_experience":96337,"relics_obtained":[{"floor":6.0,"key":"Singing Bowl"},{"floor":8.0,"key":"White Beast Statue"},{"floor":9.0,"key":"InkBottle"}],"event_choices":[{"damage_healed":0.0,"max_hp_gain":0.0,"max_hp_loss":0.0,"gold_gain":0.0,"event_name":"Shining Light","player_choice":"Entered Light","floor":3.0,"gold_loss":0.0,"damage_taken":14.0,"cards_upgraded":["LikeWater","Defend_P"]},{"damage_healed":0.0,"max_hp_gain":0.0,"max_hp_loss":0.0,"gold_gain":56.0,"event_name":"Golden Wing","player_choice":"Gained Gold","floor":11.0,"gold_loss":0.0,"damage_taken":0.0},{"damage_healed":0.0,"max_hp_gain":0.0,"max_hp_loss":0.0,"gold_gain":0.0,"event_name":"Upgrade Shrine","player_choice":"Upgraded","floor":13.0,"gold_loss":0.0,"damage_taken":0.0,"cards_upgraded":["LessonLearned"]}],"is_beta":false,"boss_relics":[{"not_picked":["Empty Cage","Runic Dome"],"picked":"Pandora\u0027s Box"}],"items_purged_floors":[],"is_endless":false,"potions_floor_spawned":[1,2,5,14,16,18,20],"killed_by":"ruina:KingOfGreed","ascension_level":2}}