{"host":"61ejhfsushs0xmcl","time":1614337187,"event":{"mods":["ATMod(阿瑾Mod)","Act Like it!","BaseMod","Colored Map","Gold Saver","Library of Ruina","Library of Ruina Extra","Minty Spire (QoL Compilation)","MostiFishMod","Spicy Shops","StSLib","TestMod","【遗物卡牌】REMEMod","篝火指南"],"gold_per_floor":[6017,6028,6038,5117,5136,5171,5183,5247,5247,5247,5294,4811,3989,4044,3706,3833,3833,3914,3914,3141,3056,3056,3159,2559,1728,1751,1809,1861,1861,1960,1993,1488,1623,1623,1795,1763,1612,1674,1741,1827,1339,1425,1425,1425,1600,1688,1688,1958,1958,2195,2219,2219,2219,1829,1983,2007],"floor_reached":57,"language":"ZHS","playtime":2538,"items_purged":["LightDefense","LightDefense","LightDefense","Dodge","LightAttack","Decay","FocusedStrikes","GutHarvesting","DistortedBlade"],"score":1828,"play_id":"9579e437-fb60-4953-99d4-2f0cfdb8e8db","local_time":"20210226185947","is_ascension_mode":false,"campfire_choices":[{"floor":10.0,"key":"RECALL"},{"data":"GutHarvesting","floor":44.0,"key":"SMITH"},{"data":"TrashDisposal","floor":47.0,"key":"SMITH"},{"data":"Eradication","floor":49,"key":"SMITH"},{"data":"HardRehearsal","floor":53,"key":"SMITH"}],"circlet_count":0,"master_deck":["Observe+1","LeRegole+1","Slice_lor+1","ChopItOff","TheRedNotes+1","HardRehearsal+1","Eradication+1","HardRehearsal+1","UnforgettableMelody+1","UnforgettableMelody+1","GutHarvesting+1","TheArtOfRapidSteps+1","TrashDisposal+1"],"relics":["PageOfLibrarian","AT_ATBox","REME_ComplimentaryCards","testmod-TestBox","testmod-Temperance","SacredBark","SynthV:TestCard","REME_CardOfGreed","PageOfTodaysShyLook","Orrery","War Paint","testmod-Justice","Whetstone","Boot","AT_ChloranthyRing","testmod-Acrobat","Chemical X","PageOfLittleHelper","AT_MibuBalloonWealth","Matryoshka","TheAbacus","PageOfSpiderBud","PageOfWayBackHome","testmod-Charity","AT_TrinityForce","ClockworkSouvenir","PageOfLumberjack","PageOfGalaxyChild","Question Card","CeramicFish","Vajra","PageOfJudgementBird","Potion Belt","testmod-IndustrialRevolution","Technique","PageOfAlriune","DollysMirror","Centennial Puzzle","PageOfSnowWhitesApple","Blood Vial","DaveBox","MealTicket","Membership Card","Bag of Preparation","AT_DeathDance","testmod-NegativeEmotionEnhancer","PageOfFreischutz","Letter Opener","AT_SpeedBoots","Lantern","Art of War","AT_RedTearstoneRing","AT_ArchangelStaff","PageOfNosferatu","PageOfPinocchio","PageOfMountain","PageOfUniverseFragment","PageOfBloodbath"],"acts_visited":["Exordium","TheCity","TheBeyond","TheEnding"],"potions_floor_usage":[56,56,56],"damage_taken":[{"damage":0.0,"enemies":"Small Slimes","floor":1.0,"turns":3.0},{"damage":0.0,"enemies":"Jaw Worm","floor":2.0,"turns":2.0},{"damage":0.0,"enemies":"2 Louse","floor":3.0,"turns":2.0},{"damage":0.0,"enemies":"Exordium Wildlife","floor":5.0,"turns":2.0},{"damage":0.0,"enemies":"Lagavulin","floor":6.0,"turns":5.0},{"damage":0.0,"enemies":"Blue Slaver","floor":7.0,"turns":3.0},{"damage":0.0,"enemies":"Gremlin Nob","floor":8.0,"turns":4.0},{"damage":0.0,"enemies":"Gremlin Nob","floor":14.0,"turns":3.0},{"damage":0.0,"enemies":"Slime Boss","floor":16.0,"turns":3.0},{"damage":0.0,"enemies":"3 Byrds","floor":18.0,"turns":1.0},{"damage":0.0,"enemies":"Slavers","floor":23.0,"turns":1.0},{"damage":0.0,"enemies":"2 Thieves","floor":27.0,"turns":1.0},{"damage":0.0,"enemies":"Book of Stabbing","floor":28.0,"turns":1.0},{"damage":0.0,"enemies":"Slavers","floor":30.0,"turns":1.0},{"damage":0.0,"enemies":"Snake Plant","floor":31.0,"turns":1.0},{"damage":0.0,"enemies":"Collector","floor":33.0,"turns":1.0},{"damage":0.0,"enemies":"3 Darklings","floor":35.0,"turns":1.0},{"damage":0.0,"enemies":"Orb Walker","floor":38.0,"turns":1.0},{"damage":2.0,"enemies":"Transient","floor":39.0,"turns":2.0},{"damage":0.0,"enemies":"Giant Head","floor":40.0,"turns":1.0},{"damage":0.0,"enemies":"Nemesis","floor":42.0,"turns":1.0},{"damage":0.0,"enemies":"3 Darklings","floor":45.0,"turns":1.0},{"damage":0.0,"enemies":"Spire Growth","floor":46.0,"turns":1.0},{"damage":0.0,"enemies":"4 Shapes","floor":48.0,"turns":2.0},{"damage":0,"enemies":"Awakened One","floor":50,"turns":3},{"damage":0,"enemies":"Awakened One","floor":51,"turns":1},{"damage":0,"enemies":"Shield and Spear","floor":55,"turns":1},{"damage":7,"enemies":"The Heart","floor":56,"turns":4}],"seed_played":"1254007599553245934","potions_obtained":[{"floor":2.0,"key":"PowerPotion"},{"floor":3.0,"key":"AttackPotion"},{"floor":6.0,"key":"Block Potion"},{"floor":27.0,"key":"Swift Potion"},{"floor":28.0,"key":"SteroidPotion"},{"floor":31.0,"key":"SpeedPotion"},{"floor":33.0,"key":"PowerPotion"},{"floor":38.0,"key":"GamblersBrew"},{"floor":40.0,"key":"AttackPotion"},{"floor":42.0,"key":"Explosive Potion"},{"floor":45.0,"key":"testmod-TimePotion"}],"is_trial":false,"path_per_floor":["M","M","M","$","M","E","M","?","T","R","T","R","$","E","R","B",null,"M","?","$","?","?","E","$","$","T","M","E","?","E","M","R","B",null,"M","?","$","M","M","E","$","E","T","R","M","M","R","M","R","B",null,null,"R","$","E","B",null],"character_chosen":"Librarian","items_purchased":["REME_CardOfGreed","PageOfTodaysShyLook","Orrery","War Paint","testmod-Justice","testmod-Acrobat","Chemical X","PageOfLittleHelper","AT_MibuBalloonWealth","Matryoshka","TheAbacus","PageOfSpiderBud","testmod-Charity","testmod-SpacePotion","ClockworkSouvenir","UnforgettableMelody","PageOfLumberjack","PageOfGalaxyChild","Vajra","PageOfJudgementBird","Potion Belt","testmod-IndustrialRevolution","Technique","PageOfAlriune","DollysMirror","Membership Card","Bag of Preparation","testmod-SpacePotion","AT_DeathDance","PageOfFreischutz","AT_SpeedBoots","Lantern","Art of War","PageOfPinocchio","PageOfMountain","PageOfUniverseFragment"],"campfire_rested":0,"item_purchase_floors":[4,4,4,4,4,12,12,12,13,13,13,13,15,15,20,20,20,20,24,24,25,25,25,25,25,32,32,32,32,37,41,41,41,54,54,54],"current_hp_per_floor":[60,60,60,60,60,60,60,60,60,60,60,60,60,60,60,62,86,90,74,74,74,74,88,88,89,90,101,104,104,108,112,112,119,124,136,137,137,142,151,119,134,120,24,24,83,134,134,169,169,180,173,471,471,471,179,190],"gold":2007,"neow_bonus":"ONE_RANDOM_RARE_CARD","is_daily":false,"chose_seed":false,"campfire_upgraded":4,"win_rate":0.0,"timestamp":1614337187,"path_taken":["M","M","M","$","M","E","M","?","T","R","?","R","$","E","R","BOSS","M","?","$","?","?","E","?","$","T","?","E","?","E","M","R","BOSS","M","?","$","M","M","E","$","E","T","R","?","M","R","M","R","BOSS","R","$","E","BOSS"],"items_purchased_type":["Relic","Relic","Relic","Relic","Relic","Relic","Relic","Relic","Relic","Relic","Relic","Relic","Relic","Potion","Relic","Card","Relic","Relic","Relic","Relic","Relic","Relic","Relic","Relic","Relic","Relic","Relic","Potion","Relic","Relic","Relic","Relic","Relic","Relic","Relic","Relic"],"build_version":"2020-12-22","purchased_purges":9,"victory":true,"max_hp_per_floor":[84,84,84,84,68,93,93,84,84,84,84,84,84,84,84,86,86,90,90,90,90,90,95,95,96,97,101,104,104,108,112,112,124,124,136,137,137,142,307,317,317,324,420,420,429,435,435,447,447,465,471,471,471,471,482,490],"card_choices":[{"not_picked":["Pound","SerpentSwordTechnique","SunsetBlade","BurningFlash","Rampage_lor","SerpentineBarrier","BackAttack","FendThisOffIfYouCan"],"picked":"LeRegole","floor":1.0},{"not_picked":["FeelinGood","SharpSwipe","Standoff","GrazeTheGrass","ShockRound","Wallop_lor","QuickSuppression","Feast","TendonChords","BurningFlash","VioletBlade"],"picked":"SKIP","floor":2.0},{"not_picked":["WrathOfTorment","CoordinatedAssault","StartinOutLightly","NightInTheBackstreets","Eject","SnakesPrey","FierceOnslaught","StrikeDown","GreatSerpentsImpact","UnavoidableGaze"],"picked":"Slice_lor","floor":3.0},{"not_picked":["TimeForALittleTest","Bvapour","AssaultOrder","BiAn","BiteOff","Standoff","Pound","DimensionalRift","Faith","SearingSword"],"picked":"ChopItOff","floor":4.0},{"not_picked":["MultiBlock","WillOfThePrescript","EnergyStrike","EndlessBattle","Parry2","ViolentFlame","CoordinatedAssault","InkOver","WillBeTasty","NonstopAssault"],"picked":"DistortedBlade","floor":4.0},{"not_picked":["AsThePrescriptOrders","StrongStrike","HeavyPeaks","CoordinatedAssault","Overcharge","ICanCookAnything","FrontalAssault","MultiBlock","Leap_lor","TendonChords"],"picked":"TheRedNotes","floor":4.0},{"not_picked":["FormingStorm","AbsorbImpact","LoosenUp","SmokingPipe","StrikeDown","FocusFire","MultiBlock","TrimTheIngredients","BizarreAttack","Diversion","MultiHit"],"picked":"SKIP","floor":5.0},{"not_picked":["EnergyShield","Struggle","FocusFire","Rewind","ShockingBlow","KeepItFresh","Deflect_lor","Wallop_lor","Outburst","HighKick","ToOvercomeCrisis"],"picked":"SKIP","floor":6.0},{"not_picked":["AutomatedMovement","Thrust","TieShanKao","SnakesPrey","CoordinatedAssault","SpearedSweep","VioletBlade","Leap_lor","HandleRequest","NightInTheBackstreets","DarkCloud"],"picked":"SKIP","floor":7.0},{"not_picked":["FaintMemories","StrikeDown","StructuralAnalysis","CombatPreparation","SharpenedBlade","KeepItFresh","DefenseOrder","Preparation","EndlessBattle","ToWhereThePrescriptPoints"],"picked":"HardRehearsal","floor":14.0},{"not_picked":["Observe","TrashDisposal","FormingStorm","Commandeering"],"picked":"Eradication","floor":16.0},{"not_picked":["Pound","SomberProcuration","ExtremeEdge","WrathOfTorment","SuppressingShot","Quickness","ShrineToMusic","Duel_lor+1","DarkCloud","DefenseOrder"],"picked":"HardRehearsal+1","floor":18.0},{"not_picked":["MindPrepared","ForTheFamily+1","AutomatedMovement+1","EnergyShield","RapidGashes","Eliminate+1","FleetEdge","MultiBlock","QuickSuppression","Laceration","DimensionalRift","AsThePrescriptOrders"],"picked":"SKIP","floor":23.0},{"not_picked":["DistortedBlade","UnavoidableGaze","NonstopAssault","ViolentFlame+1","BlindFaith","HighKick+1","EnergyStrike","BindingChains","Ripple+1","AlloutWar","SetFire","Wallop_lor"],"picked":"SKIP","floor":27.0},{"not_picked":["Rewind","SunsetBlade+1","StructuralAnalysis","Standoff","NonstopAssault","FleetFootsteps","OpportunitySpotted","ForcefulGesture+1","FeelinGood","Thrust","AGoldenOpportunity+1","Multislash"],"picked":"SKIP","floor":28.0},{"not_picked":["GrazeTheGrass","MultiBlock+1","Thirst+1","Quickness","Unlock1","StructuralAnalysis","Collision+1","WildCard","StrongStrike","InkOver","DimensionalRift","BiAn"],"picked":"SKIP","floor":30.0},{"not_picked":["MultiHit","PreemptiveStrike+1","WillOfThePrescript","DarkCloud","AsThePrescriptOrders","GreatSerpentsImpact+1","Clone","RipSpace","FierceCharge","HiddenBlade","Wallop_lor","EnergyStrike"],"picked":"SKIP","floor":31.0},{"not_picked":["RepressedFlesh","GoinFirst","Punishment","Decapitation","Observe"],"picked":"GutHarvesting","floor":33.0},{"not_picked":["TimeForALittleTest","FlashingStrike+1","MultiHit+1","HiddenBlade","StrikeDown+1","HandleRequest+1","BiAn+1","Duel_lor+1","BladeWhirl","VioletBlade","BiteOff"],"picked":"TheArtOfRapidSteps+1","floor":35.0},{"not_picked":["MultiBlock","HiddenBlade","WildCard+1","SuppressingShot+1","QuickSuppression+1","TimeForALittleTest","Reload","ScatteringSlash","DesperateStruggle+1","SharpSwipe+1","EnergyShield","SmokingPipe+1"],"picked":"SKIP","floor":38.0},{"not_picked":["Quickness+1","EnergyCycle+1","Reload","SnakesPrey","Leap_lor+1","FleetFootsteps+1","SkitterAway","SomberProcuration+1","StrongStrike","StrikeDown","DesperateStruggle+1","ShrineToMusic"],"picked":"SKIP","floor":39.0},{"not_picked":["LossOfSenses","Collision+1","Laceration+1","EnergyShield+1","Leap_lor+1","Guardian_lor+1","ReadyUp","PinpointShot+1","ToOvercomeCrisis","BiAn+1","AsThePrescriptOrders+1","GuidanceOfTheGears"],"picked":"SKIP","floor":40.0},{"not_picked":["Castigation","SerpentSwordTechnique","BlindFaith","Parry","HighSpeedStabbing","ClassAndRespect","BackAttack","CoordinatedAssault+1","SmokingPipe+1","DimensionalRift","Commandeering","EnergyCycle"],"picked":"SKIP","floor":42.0},{"not_picked":["SerpentSwordTechnique+1","Rewind+1","GuidanceOfTheGears","SharpSwipe","TimeForALittleTest+1","FrontalAssault+1","SpearedSweep","FlowOfTheSword","SkitterAway+1","CutIn+1","BlowItUp","WillOfThePrescript+1"],"picked":"SKIP","floor":45.0},{"not_picked":["SerpentSwordTechnique+1","Rewind+1","GuidanceOfTheGears","SharpSwipe","TimeForALittleTest+1","FrontalAssault+1","SpearedSweep","FlowOfTheSword","SkitterAway+1","CutIn+1","BlowItUp","WillOfThePrescript+1"],"picked":"SKIP","floor":45.0},{"not_picked":["BindingChains","ChiWen+1","HiddenBlade","Pound","EnergyShield","FlashingStrike","SuppressingShot+1","StructuralAnalysis+1","SunsetBlade","MindWhip+1","TraceOfFumes"],"picked":"TrashDisposal","floor":46.0},{"not_picked":["Reload+1","Faith+1","WillOfThePrescript+1","ConcentratedFire","Parry+1","PreemptiveStrike+1","DarkCloud+1","TendonChords+1","CoordinatedAssault+1","HighSpeedStabbing+1","DefenseOrder+1","SomberProcuration"],"picked":"SKIP","floor":48.0},{"not_picked":["Unlock1","Leap_lor+1","ViolentFlame","Pound+1","CoordinatedAssault+1","Multislash+1","RatsGuideToSurvival+1","SharpSwipe","SavageMode","EnergyConversion+1","GreatSerpentsImpact","AutonomousRush+1"],"picked":"SKIP","floor":55}],"player_experience":888830,"relics_obtained":[{"floor":1.0,"key":"SynthV:TestCard"},{"floor":6.0,"key":"Whetstone"},{"floor":8.0,"key":"Boot"},{"floor":9.0,"key":"AT_ChloranthyRing"},{"floor":14.0,"key":"PageOfWayBackHome"},{"floor":23.0,"key":"CeramicFish"},{"floor":26.0,"key":"Centennial Puzzle"},{"floor":26.0,"key":"PageOfSnowWhitesApple"},{"floor":28.0,"key":"Blood Vial"},{"floor":30.0,"key":"MealTicket"},{"floor":40.0,"key":"Letter Opener"},{"floor":42.0,"key":"AT_RedTearstoneRing"},{"floor":43.0,"key":"AT_ArchangelStaff"},{"floor":43.0,"key":"PageOfNosferatu"},{"floor":55,"key":"PageOfBloodbath"}],"event_choices":[{"damage_healed":0.0,"max_hp_gain":0.0,"max_hp_loss":0.0,"gold_gain":30.0,"event_name":"Dead Adventurer","player_choice":"Searched \u00272\u0027 times","floor":8.0,"gold_loss":0.0,"damage_taken":0.0},{"damage_healed":0.0,"max_hp_gain":0.0,"max_hp_loss":0.0,"gold_gain":0.0,"event_name":"Cursed Tome","player_choice":"Obtained Book","floor":19.0,"gold_loss":0.0,"damage_taken":16.0},{"damage_healed":0.0,"max_hp_gain":0.0,"max_hp_loss":0.0,"gold_gain":0.0,"event_name":"Addict","player_choice":"Obtained Relic","floor":21.0,"gold_loss":85.0,"damage_taken":0.0,"relics_obtained":["Question Card"]},{"damage_healed":0.0,"max_hp_gain":0.0,"max_hp_loss":0.0,"gold_gain":0.0,"event_name":"Ghosts","player_choice":"Ignored","floor":22.0,"gold_loss":0.0,"damage_taken":0.0},{"damage_healed":0.0,"max_hp_gain":0.0,"max_hp_loss":0.0,"gold_gain":0.0,"event_name":"给自己的盒子","player_choice":"Swap Relic","floor":29.0,"relics_lost":["DaveBox"],"gold_loss":0.0,"damage_taken":0.0,"relics_obtained":["DaveBox"]}],"is_beta":false,"boss_relics":[{"not_picked":["Empty Cage","testmod-EnergyCheck"],"picked":"AT_TrinityForce"},{"not_picked":["Snecko Eye","testmod-GoldenSoul"],"picked":"testmod-NegativeEmotionEnhancer"}],"items_purged_floors":[4,12,13,15,20,24,32,41,41],"is_endless":false,"potions_floor_spawned":[2,3,6,8,14,27,28,31,33,38,40,42,45,48],"ascension_level":0}}