{"host":"d52brwsy6af8zvaq","time":1614373193,"event":{"mods":["AchievementEnabler","BaseMod","Bestiary","Highlight Path","Minty Spire (QoL Compilation)","Quick Restart","Relic Stats","ojb\u0027s Better Paths Mod"],"gold_per_floor":[112,25,36,36,48,77,77,90,115,115,40,40,55,87,87,161,161,177,195,207,257,277,277,277],"floor_reached":23,"language":"ENG","playtime":917,"items_purged":["Strike_B"],"score":406,"play_id":"29dcb485-5254-499f-91be-29b65870f838","local_time":"20210226135953","is_ascension_mode":true,"campfire_choices":[{"floor":7.0,"key":"REST"},{"data":"Sunder","floor":10.0,"key":"SMITH"},{"data":"Zap","floor":12.0,"key":"SMITH"},{"data":"Reinforced Body","floor":15.0,"key":"SMITH"}],"circlet_count":0,"master_deck":["AscendersBane","Strike_B","Strike_B","Defend_B","Defend_B","Defend_B","Defend_B","Zap+1","Dualcast","Beam Cell","Sunder+1","Reinforced Body+1","Echo Form","Conserve Battery","Coolheaded","Ball Lightning","Hologram","Meteor Strike","Cold Snap","Coolheaded","Glacier+1"],"relics":["Cracked Core","Regal Pillow","Art of War","Blood Vial","Nuclear Battery"],"acts_visited":["Exordium","TheCity"],"potions_floor_usage":[],"damage_taken":[{"damage":4.0,"enemies":"Small Slimes","floor":1.0,"turns":3.0},{"damage":1.0,"enemies":"Cultist","floor":3.0,"turns":3.0},{"damage":0.0,"enemies":"2 Louse","floor":5.0,"turns":1.0},{"damage":39.0,"enemies":"Gremlin Nob","floor":6.0,"turns":4.0},{"damage":2.0,"enemies":"Red Slaver","floor":8.0,"turns":4.0},{"damage":2.0,"enemies":"Looter","floor":13.0,"turns":2.0},{"damage":13.0,"enemies":"Lagavulin","floor":14.0,"turns":4.0},{"damage":3.0,"enemies":"Slime Boss","floor":16.0,"turns":8.0},{"damage":15.0,"enemies":"2 Thieves","floor":18.0,"turns":4.0},{"damage":0.0,"enemies":"3 Byrds","floor":19.0,"turns":2.0},{"damage":35,"enemies":"Cultist and Chosen","floor":20,"turns":10},{"damage":19,"enemies":"Snake Plant","floor":22,"turns":5},{"damage":15,"enemies":"Gremlin Leader","floor":23,"turns":2}],"seed_played":"-6014716306568856463","potions_obtained":[{"floor":3.0,"key":"SkillPotion"},{"floor":8.0,"key":"LiquidBronze"},{"floor":13.0,"key":"DuplicationPotion"},{"floor":20,"key":"Energy Potion"}],"is_trial":false,"path_per_floor":["M","$","M","?","M","E","R","M","T","R","$","R","M","E","R","B",null,"M","M","M","?","M","E"],"character_chosen":"DEFECT","items_purchased":["Sunder"],"campfire_rested":1,"item_purchase_floors":[2],"current_hp_per_floor":[67,67,66,66,66,27,65,63,63,63,63,63,61,48,48,47,70,57,59,26,26,9,0,0],"gold":277,"neow_bonus":"TEN_PERCENT_HP_BONUS","is_daily":false,"chose_seed":false,"campfire_upgraded":3,"win_rate":0.0,"timestamp":1614373193,"path_taken":["M","$","M","?","M","E","R","?","T","R","$","R","M","E","R","BOSS","M","M","?","?","M","E"],"items_purchased_type":["Card"],"build_version":"2020-12-22","purchased_purges":1,"victory":false,"max_hp_per_floor":[78,78,78,78,78,78,78,78,78,78,78,78,78,78,78,78,78,78,78,78,78,78,78,78],"relic_stats":{"Blood Vial":12,"Regal Pillow":15,"counters":[13,52],"Art of War":[6],"obtain_stats":[{"Blood Vial":14,"Regal Pillow":6,"Art of War":9,"Cracked Core":0,"Nuclear Battery":17},{"Blood Vial":7,"Regal Pillow":4,"Art of War":5,"Cracked Core":0,"Nuclear Battery":8},{"Blood Vial":21,"Regal Pillow":11,"Art of War":15,"Cracked Core":0,"Nuclear Battery":29}]},"card_choices":[{"not_picked":["Conserve Battery","Force Field"],"picked":"Beam Cell","floor":1.0},{"not_picked":["Barrage","Compile Driver"],"picked":"Reinforced Body","floor":3.0},{"not_picked":["Beam Cell","Hologram"],"picked":"Conserve Battery","floor":5.0},{"not_picked":["Reboot","Fusion"],"picked":"Coolheaded","floor":6.0},{"not_picked":["Streamline","Barrage"],"picked":"Ball Lightning","floor":8.0},{"not_picked":["Heatsinks","Beam Cell","Chaos"],"picked":"SKIP","floor":13.0},{"not_picked":["Beam Cell","Echo Form"],"picked":"Hologram","floor":14.0},{"not_picked":["All For One","Rainbow"],"picked":"Meteor Strike","floor":16.0},{"not_picked":["Steam Power+1","Barrage"],"picked":"Cold Snap","floor":18.0},{"not_picked":["Doom and Gloom","Beam Cell","Cold Snap"],"picked":"SKIP","floor":19.0},{"not_picked":["Sunder","Reprogram"],"picked":"Coolheaded","floor":20},{"not_picked":["Force Field","Coolheaded"],"picked":"Glacier+1","floor":22}],"player_experience":2387039,"relics_obtained":[{"floor":6.0,"key":"Regal Pillow"},{"floor":9.0,"key":"Art of War"},{"floor":14.0,"key":"Blood Vial"}],"event_choices":[{"damage_healed":0.0,"max_hp_gain":0.0,"max_hp_loss":0.0,"gold_gain":0.0,"cards_transformed":["Strike_B"],"event_name":"Transmorgrifier","player_choice":"Transformed","floor":4.0,"gold_loss":0.0,"damage_taken":0.0,"cards_obtained":["Echo Form"]},{"damage_healed":0,"gold_gain":50,"player_choice":"Stole From Cult","damage_taken":0,"max_hp_gain":0,"max_hp_loss":0,"event_name":"Nest","floor":21,"gold_loss":0}],"is_beta":false,"boss_relics":[{"not_picked":["Empty Cage","Runic Pyramid"],"picked":"Nuclear Battery"}],"items_purged_floors":[11],"is_endless":false,"potions_floor_spawned":[3,8,13,14,20,22],"killed_by":"Gremlin Leader","ascension_level":20}}