{"host":"tt32keynd3mw9xtf","time":1614340126,"event":{"mods":["100% Spire Juice","Act Like it!","Arknights","BaseMod","Colored Powertips","Gensokyo","Hermit","Koishi","Library of Ruina","Library of Ruina Extra","Lobotomy","LobotomyExtend","Marisa£®ÏF”Í°°ƒß¿Ì…≥£©","Minty Spire (QoL Compilation)","Ruina","Spicy Shops","StSLib","The Alterego","Youmu£®ªÍ∆«—˝√Œ£©"],"gold_per_floor":[211,227,241,259,259,292,311,328,355,374,374,69,69,103,103,205,205,205,221,221,221,238,238,265,293,293,305,305,50,50,83,83,180,180,191,202,202,25,25,55,74,74,74,84,99,129,145,145,145,145,145],"floor_reached":52,"language":"ZHS","playtime":2732,"items_purged":["LightAttack","LightAttack"],"score":1087,"play_id":"073f9a69-9927-4906-a7eb-1b7fca0f3d56","local_time":"20210226194846","is_ascension_mode":false,"campfire_choices":[{"data":"FlashingStrike","floor":11,"key":"SMITH"},{"data":"YoureTooSlow","floor":13,"key":"SMITH"},{"data":"UnforgettableMelody","floor":15,"key":"SMITH"},{"data":"MultiHit","floor":23,"key":"SMITH"},{"floor":28,"key":"RECALL"},{"data":"Dodge","floor":30,"key":"SMITH"},{"data":"EnergyCycle","floor":32,"key":"SMITH"},{"data":"DesperateStruggle","floor":49,"key":"SMITH"}],"circlet_count":0,"master_deck":["Dodge+1","LightDefense","LightAttack","LightDefense+1","ChargeAndCover","FocusedStrikes","RulesOfTheBackstreets","UnforgettableMelody+1","YoureTooSlow+1","SweepTheBackstreets+1","Regret","FlashingStrike+1","EnergyCycle+1","MultiHit+1","FierceOnslaught","Diversion","SenseQuarry+1","OpportunitySpotted","ruina:Harvest","OpportunitySpotted","Gensokyo:AllTheWorldsEvil","SteelKnuckles","Writhe","Unlock1","Eradication","SwordOfVolition+1","FrontalAssault","DesperateStruggle+1","Gensokyo:AllTheWorldsEvil","TrimTheIngredients+1","GrazeTheGrass","Quickness+1","Slice_lor","Injury"],"relics":["PageOfLibrarian","LetterFromLob","Oddly Smooth Stone","PageOfOzma","PageOfPorccubus","PageOfSnowWhitesApple","Tiny Chest","Cursed Key","MagicBullet_r","HonorFeather","Heaven_r","PageOfSpiderBud","Potion Belt","Matryoshka","PageOfJudgementBird","Orichalcum","Coffee Dripper","Gensokyo:DualWield","Toolbox","Question Card","The Courier","Pen Nib","Centennial Puzzle","War Paint","PageOfHappyTeddyBear"],"acts_visited":["Exordium","ruina:Briah","Gensokyo:Gensokyoest"],"potions_floor_usage":[51,51,51],"damage_taken":[{"damage":0,"enemies":"2 Louse","floor":1,"turns":3},{"damage":0,"enemies":"ats:Genji","floor":2,"turns":3},{"damage":0,"enemies":"Cultist","floor":3,"turns":2},{"damage":1,"enemies":"Blue Slaver","floor":4,"turns":3},{"damage":21,"enemies":"Gremlin Nob","floor":6,"turns":5},{"damage":0,"enemies":"Looter","floor":7,"turns":1},{"damage":0,"enemies":"3 Louse","floor":8,"turns":2},{"damage":0,"enemies":"Blue Slaver","floor":10,"turns":1},{"damage":4,"enemies":"Lagavulin","floor":14,"turns":3},{"damage":14,"enemies":"Hexaghost","floor":16,"turns":5},{"damage":39,"enemies":"ruina:3_Bats","floor":18,"turns":2},{"damage":0,"enemies":"ruina:3_Bats","floor":18,"turns":1},{"damage":0,"enemies":"ruina:3_Bats","floor":19,"turns":2},{"damage":0,"enemies":"ruina:2_Scarecrows","floor":22,"turns":2},{"damage":8,"enemies":"ruina:Mountain","floor":25,"turns":3},{"damage":0,"enemies":"ruina:QueenOfHate","floor":27,"turns":1},{"damage":20,"enemies":"ruina:RoadHome","floor":31,"turns":2},{"damage":33,"enemies":"ruina:Red_and_Wolf","floor":33,"turns":6},{"damage":0,"enemies":"Gensokyo:3_Bats","floor":35,"turns":1},{"damage":5,"enemies":"Gensokyo:3_Boulders","floor":36,"turns":2},{"damage":7,"enemies":"Gensokyo:Doremy","floor":40,"turns":2},{"damage":0,"enemies":"Gensokyo:SeedOfUnknown","floor":41,"turns":2},{"damage":6,"enemies":"Gensokyo:Rafflesia","floor":44,"turns":2},{"damage":20,"enemies":"Gensokyo:Dusk_and_Dawn","floor":45,"turns":1},{"damage":0,"enemies":"Gensokyo:Marisa","floor":46,"turns":1},{"damage":0,"enemies":"Gensokyo:3_Boulders","floor":47,"turns":1},{"damage":0,"enemies":"Gensokyo:Yuyuko","floor":50,"turns":3},{"damage":50,"enemies":"Gensokyo:Yuyuko","floor":51,"turns":5}],"seed_played":"-3333455378411416336","potions_obtained":[{"floor":1,"key":"DuplicationPotion"},{"floor":3,"key":"SpeedPotion"},{"floor":4,"key":"Weak Potion"},{"floor":14,"key":"Ancient Potion"},{"floor":19,"key":"LiquidMemories"},{"floor":31,"key":"Block Potion"},{"floor":33,"key":"BlessingOfTheForge"},{"floor":36,"key":"BlessingOfTheForge"},{"floor":41,"key":"FearPotion"}],"is_trial":false,"path_per_floor":["M","M","M","M","?","E","M","M","T","M","R","$","R","E","R","B",null,"M","M","?","?","M","R","T","E","T","M","R","$","R","E","R","B",null,"M","M","?","$","?","E","M","?","T","M","M","E","M","T","R","B",null,null],"character_chosen":"Librarian","items_purchased":["PageOfPorccubus","PageOfSnowWhitesApple","PageOfJudgementBird","Toolbox"],"campfire_rested":0,"item_purchase_floors":[12,12,29,38],"current_hp_per_floor":[60,60,60,59,59,44,47,53,53,56,56,56,56,57,57,54,77,77,77,77,89,89,89,89,84,84,88,89,89,89,74,89,77,89,89,86,86,86,86,83,89,89,89,89,74,74,74,74,100,100,50],"gold":145,"neow_bonus":"HUNDRED_GOLD","is_daily":false,"chose_seed":false,"campfire_upgraded":7,"win_rate":0.0,"timestamp":1614340126,"path_taken":["M","M","M","M","?","E","M","M","T","M","R","$","R","E","R","BOSS","M","?","?","?","M","R","?","E","T","M","R","$","R","E","R","BOSS","M","M","?","$","?","E","M","?","T","M","M","E","M","?","R","BOSS"],"items_purchased_type":["Relic","Relic","Relic","Relic"],"build_version":"2020-12-22","purchased_purges":2,"victory":true,"max_hp_per_floor":[63,63,63,63,63,77,77,77,77,77,77,77,77,77,77,77,77,77,77,77,89,89,89,89,89,89,89,89,89,89,89,89,89,89,89,89,89,89,89,89,89,89,89,89,100,100,100,100,100,100,100],"card_choices":[{"not_picked":["MultiHit","FlashOfSunup","Multislash","EnergyStrike","Rewind","FleetFootsteps","BlazingStrike","EndlessBattle"],"picked":"RulesOfTheBackstreets","floor":1},{"not_picked":["GuardingStance","Gigigig","HiddenBlade","BulkyImpact","ShrineToMusic","UnavoidableGaze","AbsorbImpact","Slice_lor"],"picked":"UnforgettableMelody","floor":2},{"not_picked":["EndlessBattle","IngredientHunt","Diversion","ViolentFlame","GreatSerpentsImpact","PreemptiveStrike","BlindFaith","Leap_lor"],"picked":"YoureTooSlow","floor":3},{"not_picked":["GreatSerpentsImpact","RhinoRam","JiaoTu","DesperateStruggle","StrikeDown","Gigigig","StructuralAnalysis","FleetEdge"],"picked":"SweepTheBackstreets","floor":4},{"not_picked":["FleetFootsteps","Marionette","GuidanceOfTheGears","Deflect_lor","Ripple","TendonChords","Quickness","BiAn"],"picked":"FlashingStrike","floor":6},{"not_picked":["IllEndYou","TendonChords","EnergyStrike","StructuralAnalysis","BackAttack","Tttonst","Tailoring","SuppressingShot"],"picked":"EnergyCycle","floor":7},{"not_picked":["SweepTheBackstreets","TendonChords","StrongStrike","GroundSmash","RulesOfTheBackstreets","Thrust","UpbeatPerformance","TraceOfFumes"],"picked":"MultiHit","floor":8},{"not_picked":["ReadyUp","ToOvercomeCrisis","Castigation","EnergyStrike","UnavoidableGaze","BlindFaith","WillOfThePrescript","MultiHit"],"picked":"FierceOnslaught","floor":10},{"not_picked":["Pound","MultiHit","CircusKnives","ViolentFlame","CutIn","BackAttack","SerpentineBarrier","UpbeatPerformance"],"picked":"Diversion","floor":14},{"not_picked":["FlamingDragonFist","FleshFillet"],"picked":"SenseQuarry","floor":16},{"not_picked":["AsThePrescriptOrders+1","EndlessBattle","Gamble","QuickSuppression","TimeForALittleTest","Thrust","LawAndOrder","Rewind"],"picked":"OpportunitySpotted","floor":19},{"not_picked":["Pound+1","Quickness+1","AlloutWar","GatherIntel+1","Eject","HiddenBlade","DesperateStruggle+1","Rewind"],"picked":"OpportunitySpotted","floor":22},{"not_picked":["FierceOnslaught+1","Thrust","EndlessBattle","FleetFootsteps","CoordinatedAssault","ButterflySlash","UnavoidableGaze","SkyClearingCut+1"],"picked":"SteelKnuckles","floor":25},{"not_picked":["SnakesPrey","Leap_lor","StrikeDown","HandleRequest+1","FeelinGood","BattleCommand","DriedUp+1","BiAn"],"picked":"Unlock1","floor":27},{"not_picked":["BlindFaith","ForTheFamily+1","DimensionalRift","Retaliate+1","BurningFlash","ShrineToMusic","FierceOnslaught+1","FeelinGood","StructuralAnalysis"],"picked":"SKIP","floor":31},{"not_picked":["FormingStorm","BlazingStrike"],"picked":"Eradication","floor":33},{"not_picked":["AssaultOrder","DarkCloud","HandlingWork","SilentMist","Wallop_lor","HighKick","HandleRequest+1","Pound+1"],"picked":"SwordOfVolition","floor":35},{"not_picked":["Reload+1","SinglePointStab","TheWillOfTheCity+1","ViolentFlame+1","ElectricShock","ExtremeEdge+1","AutomatedMovement","Retaliate+1"],"picked":"FrontalAssault","floor":36},{"not_picked":["RagingStormLove","SummaryJudgment","Thirst","MindPrepared+1","TasteMyFlamingBat","SerpentineBarrier+1","Parry+1","Rewind","ExtractFuel"],"picked":"SKIP","floor":40},{"not_picked":["AutonomousRush","UnavoidableGaze","Leap_lor+1","SuppressingShot","ChiWen+1","QuickSuppression","ProselytesBlade","TendonChords","ElectricShock"],"picked":"DesperateStruggle","floor":41},{"not_picked":["BlindFaith","SpearedSweep","Brawl","SunsetBlade","Unlock1","Punishment","Guardian_lor+1","GreatSerpentsImpact","DimensionalRift+1"],"picked":"TrimTheIngredients+1","floor":44},{"not_picked":["FieryWaltz","StrongStrike+1","DeepDrag","Parry+1","Leap_lor+1","ButterflySlash+1","KeepItFresh","AbsorbImpact+1","RapidGashes+1"],"picked":"GrazeTheGrass","floor":45},{"not_picked":["InkOver+1","Faith","Decapitation","Multislash","Concentration+1","TasteMyFlamingBat+1","FleshFillet","SnakesPrey+1","GuardingStance"],"picked":"Quickness+1","floor":46},{"not_picked":["DestructiveImpact+1","Thirst","QuickAttack","Bvapour+1","GreatSerpentsImpact+1","EnergyStrike","MultiHit","EnergyShield+1","FervidEmotions"],"picked":"Slice_lor","floor":47}],"player_experience":312757,"relics_obtained":[{"floor":1,"key":"LetterFromLob"},{"floor":6,"key":"PageOfOzma"},{"floor":14,"key":"Tiny Chest"},{"floor":24,"key":"PageOfSpiderBud"},{"floor":25,"key":"Potion Belt"},{"floor":26,"key":"Matryoshka"},{"floor":31,"key":"Orichalcum"},{"floor":40,"key":"Question Card"},{"floor":43,"key":"The Courier"},{"floor":43,"key":"Pen Nib"},{"floor":46,"key":"Centennial Puzzle"},{"floor":48,"key":"War Paint"},{"floor":48,"key":"PageOfHappyTeddyBear"}],"event_choices":[{"damage_healed":0,"gold_gain":0,"player_choice":"Box","damage_taken":0,"relics_obtained":["Oddly Smooth Stone"],"max_hp_gain":0,"max_hp_loss":0,"event_name":"Big Fish","floor":5,"gold_loss":0,"cards_obtained":["Regret"]}],"is_beta":false,"boss_relics":[{"not_picked":["Runic Dome","Snecko Eye"],"picked":"Cursed Key"},{"not_picked":["Astrolabe","Empty Cage"],"picked":"Coffee Dripper"}],"items_purged_floors":[12,38],"is_endless":false,"potions_floor_spawned":[1,3,4,10,14,19,31,33,36,41,46],"ascension_level":0}}