{"host":"2c84cb4cp1emursg","time":1614378650,"event":{"mods":["Act Like it!","BaseMod","Better Third Choice","Bossed Relics","Hermit","Minty Spire (QoL Compilation)","Permanent Neow","Reliquary","StSLib","The Blue Laboratory"],"gold_per_floor":[116,116,130,149,74,74,107,122,122,155,168,133,133,145,145,145,145],"floor_reached":16,"language":"ENG","playtime":739,"items_purged":["hermit:Strike_Hermit"],"score":129,"play_id":"df97bda3-67f7-49ee-9f64-449ce0eb3fdb","local_time":"20210226153050","is_ascension_mode":true,"campfire_choices":[{"data":"hermit:Snapshot","floor":6,"key":"SMITH"},{"floor":13,"key":"REST"},{"data":"hermit:CursedWeapon","floor":15,"key":"SMITH"}],"circlet_count":0,"master_deck":["hermit:Strike_Hermit","hermit:Strike_Hermit","hermit:Strike_Hermit","hermit:Defend_Hermit","hermit:Defend_Hermit","hermit:Defend_Hermit","hermit:Defend_Hermit","hermit:Snapshot+1","hermit:Covet","hermit:Quickdraw+1","hermit:EyeOfTheStorm","hermit:TrackingShot","hermit:BodyArmor","hermit:ShadowCloak","hermit:CursedWeapon+1"],"relics":["reliquary:RedCape","reliquary:PartyBalloon","reliquary:IridiumChain","Lizard Tail","betterThird:SlimedRelic"],"acts_visited":["Exordium"],"potions_floor_usage":[10,11,16],"damage_taken":[{"damage":1,"enemies":"Small Slimes","floor":1,"turns":3},{"damage":0,"enemies":"Cultist","floor":3,"turns":3},{"damage":0,"enemies":"2 Louse","floor":4,"turns":3},{"damage":31,"enemies":"Gremlin Nob","floor":7,"turns":4},{"damage":10,"enemies":"2 Fungi Beasts","floor":8,"turns":4},{"damage":15,"enemies":"3 Sentries","floor":10,"turns":4},{"damage":2,"enemies":"Exordium Thugs","floor":11,"turns":4},{"damage":4,"enemies":"Blue Slaver","floor":14,"turns":4},{"damage":23,"enemies":"Slime Boss","floor":16,"turns":5}],"seed_played":"-2765306382047778978","potions_obtained":[{"floor":1,"key":"blueLaboratory:NullPotion"},{"floor":7,"key":"blueLaboratory:HorrorPotion"},{"floor":8,"key":"blueLaboratory:HorrorPotion"}],"is_trial":false,"path_per_floor":["M","?","M","M","$","R","E","M","T","E","M","?","R","M","R","B"],"character_chosen":"HERMIT","items_purchased":[],"campfire_rested":1,"item_purchase_floors":[],"current_hp_per_floor":[74,74,74,74,74,74,43,33,33,18,16,5,27,23,23,37,37],"gold":145,"neow_bonus":"BOSS_RELIC","is_daily":false,"chose_seed":false,"campfire_upgraded":2,"win_rate":0.0,"timestamp":1614378650,"path_taken":["M","?","M","?","$","R","E","M","T","E","M","?","R","M","R","BOSS"],"items_purchased_type":[],"build_version":"2020-12-22","purchased_purges":1,"victory":false,"max_hp_per_floor":[75,75,75,75,75,75,75,75,75,75,75,75,75,75,75,75,75],"card_choices":[{"not_picked":["hermit:TakeCover","hermit:Glare"],"picked":"hermit:Quickdraw","floor":1},{"not_picked":["hermit:LowProfile","hermit:Spite"],"picked":"hermit:EyeOfTheStorm","floor":3},{"not_picked":["hermit:ShadowCloak","hermit:HighCaliber"],"picked":"hermit:TrackingShot","floor":4},{"not_picked":["hermit:Manifest","hermit:Malice"],"picked":"hermit:BodyArmor","floor":7},{"not_picked":["hermit:Feint","hermit:Roulette"],"picked":"hermit:ShadowCloak","floor":8},{"not_picked":["hermit:Glare","hermit:LoneWolf","hermit:Ricochet"],"picked":"SKIP","floor":10},{"not_picked":["hermit:HoleUp","hermit:FullyLoaded","hermit:CalledShot"],"picked":"SKIP","floor":11},{"not_picked":["hermit:Shortfuse","hermit:Dive"],"picked":"hermit:CursedWeapon","floor":14}],"player_experience":568568,"relics_obtained":[{"floor":7,"key":"reliquary:PartyBalloon"},{"floor":9,"key":"reliquary:IridiumChain"},{"floor":10,"key":"Lizard Tail"}],"event_choices":[{"damage_healed":0,"gold_gain":0,"player_choice":"Upgraded","damage_taken":0,"max_hp_gain":0,"max_hp_loss":0,"event_name":"Upgrade Shrine","floor":2,"gold_loss":0,"cards_upgraded":["hermit:Quickdraw"]},{"damage_healed":0,"gold_gain":0,"player_choice":"Slimed","damage_taken":11,"max_hp_gain":0,"max_hp_loss":0,"event_name":"betterThird:BetterGoop","floor":12,"gold_loss":35}],"is_beta":false,"boss_relics":[],"items_purged_floors":[5],"is_endless":false,"potions_floor_spawned":[1,7,8],"killed_by":"Slime Boss","ascension_level":3}}