{"host":"onk0sru1v5nf4gev","time":1614345685,"event":{"mods":["AchievementEnabler","BaseMod","Colored Map","Colored Powertips","Downfall","Googly Eyes","Infinite Spire","Minty Spire (QoL Compilation)","Quick Restart","Replay The Spire","StSLib","SuperFastMode","The Cursed"],"gold_per_floor":[114,389,35,54,67,67,67,81,81,81,160,193,193,193,193,298,348,368,399,156,156,169,169,196,196,265,265,265,265,275,302,302,401,401,421,421,8,23,245,276,276,293,293,304,315,315,331,351,351,351,351],"floor_reached":50,"language":"FRA","playtime":2938,"items_purged":["Regret","Defend_G"],"score":658,"play_id":"15ab6a51-88d4-4cab-95c3-434964569290","local_time":"20210226142125","is_ascension_mode":false,"campfire_choices":[{"data":"Accuracy","floor":6.0,"key":"SMITH"},{"data":"Dramatic Entrance","floor":10.0,"key":"SMITH"},{"data":"Blade Dance","floor":15.0,"key":"SMITH"},{"data":"Phantasmal Killer","floor":23.0,"key":"SMITH"},{"floor":25.0,"key":"REST"},{"data":"Accuracy","floor":41.0,"key":"SMITH"},{"floor":46,"key":"REST"},{"floor":49,"key":"REST"}],"circlet_count":0,"master_deck":["Strike_G","Strike_G","Strike_G","Strike_G","Defend_G","Defend_G+1","Defend_G","Defend_G","Survivor","Neutralize","ReplayTheSpireMod:Scrap Shanks","Backstab+1","Dramatic Entrance+1","Accuracy+1","Blade Dance+1","Blade Dance","Flying Knee","Cloak And Dagger+1","Phantasmal Killer+1","ReplayTheSpireMod:Shiv Toss","Outmaneuver","All Out Attack","Acrobatics","Dagger Spray","Dagger Spray","ReplayTheSpireMod:??????????????????????+1","Flechettes","Pot Of Greed","Pot Of Greed","Pot Of Greed","Dodge and Roll+1","infinitespire:NeuralNetwork","Prepared+1","Finisher+1","Hidden Blade+1","Accuracy+1","ReplayTheSpireMod:Scrap Shanks","Pot Of Greed","Quick Slash+1","PiercingWail+1","Blade Dance+1","Setup"],"relics":["Ring of the Snake","infinitespire:Joker Card","infinitespire:FocusingShard","Mirror","Tiny House","Red Mask","Regal Pillow","infinitespire:BottledMercury","Grinning Jar","Mercury Hourglass","Tingsha","Honey Jar","Gambling Chip","Golden Egg","Lizard Tail"],"acts_visited":["Exordium","TheCity","TheBeyond"],"potions_floor_usage":[45,50,50,50],"damage_taken":[{"damage":1.0,"enemies":"Cultist","floor":1.0,"turns":4.0},{"damage":0.0,"enemies":"Small Slimes","floor":4.0,"turns":1.0},{"damage":0.0,"enemies":"2 Louse","floor":5.0,"turns":2.0},{"damage":0.0,"enemies":"2 Fungi Beasts","floor":8.0,"turns":2.0},{"damage":18.0,"enemies":"Lagavulin","floor":12.0,"turns":3.0},{"damage":12.0,"enemies":"Slime Boss","floor":16.0,"turns":2.0},{"damage":5.0,"enemies":"Chosen","floor":18.0,"turns":3.0},{"damage":6.0,"enemies":"Masked Bandits","floor":19.0,"turns":3.0},{"damage":0.0,"enemies":"Spheric Guardian","floor":22.0,"turns":2.0},{"damage":18.0,"enemies":"Nightmare","floor":24.0,"turns":7.0},{"damage":0.0,"enemies":"Cultist and Chosen","floor":30.0,"turns":3.0},{"damage":7.0,"enemies":"Replay:Snechameleon","floor":31.0,"turns":4.0},{"damage":50.0,"enemies":"Collector","floor":33.0,"turns":6.0},{"damage":11.0,"enemies":"Orb Walker","floor":35.0,"turns":2.0},{"damage":0.0,"enemies":"3 Shapes","floor":38.0,"turns":1.0},{"damage":4.0,"enemies":"Nemesis","floor":40.0,"turns":3.0},{"damage":0,"enemies":"Transient","floor":42,"turns":5},{"damage":1,"enemies":"Jaw Worm Horde","floor":44,"turns":2},{"damage":6,"enemies":"Sphere and 2 Shapes","floor":45,"turns":3},{"damage":12,"enemies":"Maw","floor":47,"turns":5},{"damage":12,"enemies":"3 Darklings","floor":48,"turns":2},{"damage":123,"enemies":"infinitespire:MassOfShapes","floor":50,"turns":5}],"seed_played":"431025426733762590","potions_obtained":[{"floor":1.0,"key":"Death Potion"},{"floor":8.0,"key":"Ancient Potion"},{"floor":16.0,"key":"Block Potion"},{"floor":17.0,"key":"EssenceOfSteel"},{"floor":22.0,"key":"PowerPotion"},{"floor":30.0,"key":"Flashbang"},{"floor":31.0,"key":"hexamod:SoulburnPotion"},{"floor":35.0,"key":"EssenceOfSteel"},{"floor":45,"key":"Guardian:BlockOnCardUsePotion"},{"floor":47,"key":"FearPotion"}],"is_trial":false,"path_per_floor":["M","?","$","M","M","R","?","M","T","R","?","E","?","?","R","B",null,"M","?","$","AVR","M","R","NM","R","T","?","?","?","M","E","R_BF","B",null,"M","?","$","M","?","E","R","M","T","M","M","R","M","M","R","B"],"character_chosen":"THE_SILENT","items_purchased":["Backstab+1","Dramatic Entrance","Accuracy","Blade Dance","Regal Pillow","Acrobatics","Dagger Spray","Gambling Chip"],"campfire_rested":3,"item_purchase_floors":[3,3,3,3,20,20,20,37],"current_hp_per_floor":[62,62,62,62,62,62,62,62,62,62,62,44,63,63,63,51,68,63,57,57,57,57,57,39,68,68,68,51,51,51,44,68,18,68,57,57,57,57,57,53,53,53,53,52,46,68,56,44,68,0,0],"gold":351,"neow_bonus":"ONE_RARE_RELIC","is_daily":false,"chose_seed":false,"campfire_upgraded":5,"win_rate":0.0,"timestamp":1614345685,"path_taken":["M","?","$","?","M","R","?","M","T","R","?","E","?","?","R","BOSS","M","?","?","AVR","?","R","NM","R","T","?","?","?","?","E","R_BF","BOSS","M","?","$","M","?","E","R","M","T","M","M","R","M","?","R","BOSS"],"items_purchased_type":["Card","Card","Card","Card","Relic","Card","Card","Relic"],"build_version":"2020-12-22","purchased_purges":2,"victory":false,"max_hp_per_floor":[63,63,63,63,63,63,63,63,63,63,63,63,63,63,63,63,68,68,68,68,68,68,68,68,68,68,68,68,68,68,68,68,68,68,68,68,68,68,68,68,68,68,68,68,68,68,68,68,68,68,68],"card_choices":[{"not_picked":["Prepared","Dagger Throw"],"picked":"ReplayTheSpireMod:Scrap Shanks","floor":1.0},{"not_picked":["Bane","Draining Mist"],"picked":"Blade Dance","floor":4.0},{"not_picked":["Dodge and Roll","Bane"],"picked":"Flying Knee","floor":5.0},{"not_picked":["PiercingWail","ReplayTheSpireMod:Speed Training"],"picked":"Cloak And Dagger","floor":8.0},{"not_picked":["Distraction","Sucker Punch","Atom Bomb"],"picked":"SKIP","floor":12.0},{"not_picked":["Venomology","infinitespire:Neurotoxin"],"picked":"Phantasmal Killer","floor":16.0},{"not_picked":["Caltrops","Blade Dance"],"picked":"ReplayTheSpireMod:Shiv Toss","floor":17.0},{"not_picked":["Sucker Punch+1","ReplayTheSpireMod:Speed Training"],"picked":"Outmaneuver","floor":18.0},{"not_picked":["ReplayTheSpireMod:Tripwire","Crippling Poison"],"picked":"All Out Attack","floor":19.0},{"not_picked":["ReplayTheSpireMod:Tripwire","Setup"],"picked":"Flechettes","floor":22.0},{"not_picked":["Toxin Wave","Tactician"],"picked":"Dodge and Roll+1","floor":24.0},{"not_picked":["infinitespire:Oblivion","infinitespire:SealOfDarkness+"],"picked":"infinitespire:NeuralNetwork","floor":28.0},{"not_picked":["PiercingWail","Riddle With Holes","Envenom"],"picked":"SKIP","floor":30.0},{"not_picked":["Heel Hook","Acrobatics"],"picked":"Prepared+1","floor":31.0},{"not_picked":["Dagger Throw","Deadly Poison+1","Flying Knee+1"],"picked":"Finisher+1","floor":35.0},{"not_picked":["PiercingWail","Prepared","Escape Plan+1"],"picked":"Hidden Blade+1","floor":38.0},{"not_picked":["Catalyst+1","ReplayTheSpireMod:The Works+1","ReplayTheSpireMod:Exploit Weakness+1"],"picked":"Accuracy","floor":40.0},{"not_picked":["Cloak And Dagger","Riddle With Holes+1","Acrobatics"],"picked":"ReplayTheSpireMod:Scrap Shanks","floor":42},{"not_picked":["ReplayTheSpireMod:Tripwire+1","Toxin Wave","Cloak And Dagger"],"picked":"Quick Slash+1","floor":44},{"not_picked":["Predator+1","Blur+1","Outmaneuver+1"],"picked":"PiercingWail+1","floor":45},{"not_picked":["Malaise","Setup","Sneak Up"],"picked":"Blade Dance+1","floor":47},{"not_picked":["Leg Sweep+1","Deadly Poison","Quick Slash+1"],"picked":"Setup","floor":48}],"player_experience":313067,"relics_obtained":[{"floor":9.0,"key":"infinitespire:FocusingShard"},{"floor":12.0,"key":"Mirror"},{"floor":19.0,"key":"Red Mask"},{"floor":24.0,"key":"Grinning Jar"},{"floor":26.0,"key":"Mercury Hourglass"},{"floor":31.0,"key":"Tingsha"},{"floor":40.0,"key":"Golden Egg"},{"floor":43,"key":"Lizard Tail"}],"event_choices":[{"damage_healed":0.0,"max_hp_gain":0.0,"max_hp_loss":0.0,"gold_gain":275.0,"event_name":"Golden Shrine","player_choice":"Desecrate","floor":2.0,"gold_loss":0.0,"damage_taken":0.0,"cards_obtained":["Regret"]},{"damage_healed":0.0,"max_hp_gain":0.0,"max_hp_loss":0.0,"gold_gain":79.0,"event_name":"Golden Wing","player_choice":"Gained Gold","floor":11.0,"gold_loss":0.0,"damage_taken":0.0},{"damage_healed":21.0,"max_hp_gain":0.0,"max_hp_loss":0.0,"gold_gain":0.0,"event_name":"Big Fish","player_choice":"Banana","floor":13.0,"gold_loss":0.0,"damage_taken":0.0},{"damage_healed":0.0,"max_hp_gain":0.0,"max_hp_loss":0.0,"gold_gain":0.0,"event_name":"Masked Bandits","player_choice":"Fought Bandits","floor":19.0,"gold_loss":0.0,"damage_taken":0.0},{"damage_healed":0.0,"max_hp_gain":0.0,"max_hp_loss":0.0,"gold_gain":0.0,"event_name":"FaceTrader","player_choice":"Leave","floor":29.0,"gold_loss":0.0,"damage_taken":0.0},{"cards_removed":["Strike_G"],"damage_healed":0.0,"max_hp_gain":0.0,"max_hp_loss":0.0,"gold_gain":0.0,"event_name":"Falling","player_choice":"Removed Attack","floor":36.0,"gold_loss":0.0,"damage_taken":0.0},{"damage_healed":0.0,"max_hp_gain":0.0,"max_hp_loss":0.0,"gold_gain":222.0,"event_name":"Tomb of Lord Red Mask","player_choice":"Wore Mask","floor":39.0,"gold_loss":0.0,"damage_taken":0.0}],"is_beta":false,"boss_relics":[{"not_picked":["Replay:Ancient Bell","Kintsugi"],"picked":"Tiny House"},{"not_picked":["Replay:Grab Bag","Empty Cage"],"picked":"Honey Jar"}],"items_purged_floors":[3,37],"is_endless":true,"potions_floor_spawned":[1,8,16,22,30,31,35,45,47],"killed_by":"infinitespire:MassOfShapes","ascension_level":0}}