{"host":"g3js2eermvvpeiqn","time":1614326432,"event":{"mods":["BaseMod","DeckTracker","Downfall","Minty Spire (QoL Compilation)","Quick Restart","StSLib"],"gold_per_floor":[116,116,132,144,155,186,186,196,276,301,301,150,165,176,176,248,248,265,280,280,280],"floor_reached":20,"language":"ENG","playtime":2082,"items_purged":["Strike_R"],"score":426,"play_id":"c18fe584-ff51-41e0-be58-229a9115c774","local_time":"20210226020032","is_ascension_mode":true,"campfire_choices":[{"data":"Bludgeon","floor":7.0,"key":"SMITH"},{"data":"Battle Trance","floor":11.0,"key":"SMITH"},{"data":"Bloodletting","floor":15.0,"key":"SMITH"}],"circlet_count":0,"master_deck":["AscendersBane","Strike_R","Strike_R","Strike_R","Strike_R","Defend_R","Defend_R","Defend_R","Bash","Double Tap","Bloodletting+1","Shrug It Off","Battle Trance+1","Bludgeon+1","Immolate","Headbutt","Corruption","Flame Barrier+1","Inflame+1"],"relics":["Burning Blood","Prayer Wheel","Letter Opener","Charon\u0027s Ashes","SlaversCollar"],"acts_visited":["Exordium","TheCity"],"potions_floor_usage":[20],"damage_taken":[{"damage":3.0,"enemies":"Small Slimes","floor":1.0,"turns":4.0},{"damage":3.0,"enemies":"Cultist","floor":3.0,"turns":1.0},{"damage":3.0,"enemies":"Jaw Worm","floor":4.0,"turns":2.0},{"damage":13.0,"enemies":"2 Fungi Beasts","floor":5.0,"turns":3.0},{"damage":11.0,"enemies":"Gremlin Nob","floor":6.0,"turns":3.0},{"damage":16.0,"enemies":"Exordium Thugs","floor":8.0,"turns":3.0},{"damage":3.0,"enemies":"Lagavulin","floor":10.0,"turns":2.0},{"damage":3.0,"enemies":"3 Louse","floor":13.0,"turns":2.0},{"damage":13.0,"enemies":"Blue Slaver","floor":14.0,"turns":2.0},{"damage":40.0,"enemies":"Hexaghost","floor":16.0,"turns":8.0},{"damage":36.0,"enemies":"2 Thieves","floor":18.0,"turns":4.0},{"damage":16.0,"enemies":"3 Byrds","floor":19.0,"turns":4.0},{"damage":30,"enemies":"Cultist and Chosen","floor":20,"turns":5}],"seed_played":"-5917731347590091849","potions_obtained":[{"floor":1.0,"key":"Swift Potion"},{"floor":8.0,"key":"ColorlessPotion"},{"floor":10.0,"key":"Strength Potion"},{"floor":16.0,"key":"Guardian:BlockOnCardUsePotion"}],"is_trial":false,"path_per_floor":["M","?","M","M","M","E","R","M","T","E","R","$","M","M","R","B",null,"M","M","M"],"character_chosen":"IRONCLAD","items_purchased":["Immolate"],"campfire_rested":0,"item_purchase_floors":[12],"current_hp_per_floor":[71,71,74,75,68,63,63,53,53,56,56,56,59,52,52,18,61,31,21,0,0],"gold":280,"neow_bonus":"TRANSFORM_CARD","is_daily":false,"chose_seed":false,"campfire_upgraded":3,"win_rate":0.0,"timestamp":1614326432,"path_taken":["M","?","M","M","?","E","R","M","T","E","R","$","M","M","R","BOSS","M","M","M"],"items_purchased_type":["Card"],"build_version":"2020-12-22","purchased_purges":1,"victory":false,"max_hp_per_floor":[75,75,75,75,75,75,75,75,75,75,75,75,75,75,75,75,75,75,75,75,75],"card_choices":[{"not_picked":["Dark Embrace","Armaments"],"picked":"Bloodletting","floor":1.0},{"not_picked":["Dual Wield","Wild Strike","Sword Boomerang"],"picked":"SKIP","floor":3.0},{"not_picked":["Perfected Strike","Clothesline","Carnage"],"picked":"SKIP","floor":4.0},{"not_picked":["Twin Strike","Thunderclap","Heavy Blade"],"picked":"SKIP","floor":5.0},{"not_picked":["Clash","Flex","Searing Blow"],"picked":"SKIP","floor":6.0},{"not_picked":["Body Slam","Heavy Blade","Pommel Strike"],"picked":"SKIP","floor":8.0},{"not_picked":["Metallicize","Combust","Dropkick"],"picked":"SKIP","floor":8.0},{"not_picked":["Thunderclap","Flex","Cleave"],"picked":"SKIP","floor":10.0},{"not_picked":["Twin Strike","Iron Wave"],"picked":"Headbutt","floor":13.0},{"not_picked":["Entrench","Blood for Blood","Immolate"],"picked":"SKIP","floor":13.0},{"not_picked":["Exhume","Armaments","Rupture"],"picked":"SKIP","floor":14.0},{"not_picked":["True Grit","Rage","Sword Boomerang"],"picked":"SKIP","floor":14.0},{"not_picked":["Impervious","Brutality"],"picked":"Corruption","floor":16.0},{"not_picked":["Clothesline","Havoc"],"picked":"Flame Barrier+1","floor":18.0},{"not_picked":["Cleave+1","Havoc","Burning Pact+1"],"picked":"SKIP","floor":18.0},{"not_picked":["Wild Strike","Iron Wave"],"picked":"Inflame+1","floor":19.0},{"not_picked":["Clash","Iron Wave","Rampage"],"picked":"SKIP","floor":19.0}],"player_experience":1566805,"relics_obtained":[{"floor":6.0,"key":"Prayer Wheel"},{"floor":9.0,"key":"Letter Opener"},{"floor":10.0,"key":"Charon\u0027s Ashes"}],"event_choices":[{"damage_healed":0.0,"max_hp_gain":0.0,"max_hp_loss":0.0,"gold_gain":0.0,"event_name":"Match and Keep!","player_choice":"3 cards matched","floor":2.0,"gold_loss":0.0,"damage_taken":0.0,"cards_obtained":["Shrug It Off","Battle Trance","Bludgeon"]}],"is_beta":false,"boss_relics":[{"not_picked":["Runic Dome","Coffee Dripper"],"picked":"SlaversCollar"}],"items_purged_floors":[12],"is_endless":false,"potions_floor_spawned":[1,8,10,16],"killed_by":"Cultist and Chosen","ascension_level":20}}