{"host":"f0vzc1iezimimt27","time":1614343353,"event":{"mods":["BaseMod","Colored Map","Highlight Path","Minty Spire (QoL Compilation)","StSLib"],"gold_per_floor":[119,134,144,163,174,174,49,49,74,90,125,36,36,12,12,114,114,131,31,47,47,47,73,89,89,89,89,89,89],"floor_reached":28,"language":"ENG","playtime":1260,"items_purged":["Strike_R","Strike_R"],"score":311,"play_id":"36a1dd3e-d0a1-4dca-9b33-078b34c82d05","local_time":"20210226154233","is_ascension_mode":true,"campfire_choices":[{"data":"Inflame","floor":6.0,"key":"SMITH"},{"data":"Heavy Blade","floor":8.0,"key":"SMITH"},{"data":"Inflame","floor":13.0,"key":"SMITH"},{"data":"Heavy Blade","floor":15.0,"key":"SMITH"},{"data":"Shrug It Off","floor":27,"key":"SMITH"}],"circlet_count":0,"master_deck":["Defend_R","Defend_R","Defend_R","Defend_R","Bash","Finesse","Iron Wave","Inflame+1","Iron Wave","Heavy Blade+1","Shrug It Off+1","Inflame+1","Flex","Whirlwind","Heavy Blade+1","Reaper","Headbutt+1","Writhe","Bite","Bite","Bite","Bite","Bite","Pommel Strike+1"],"relics":["Burning Blood","MealTicket","Art of War","Black Star","Boot","Orichalcum","Molten Egg 2","GremlinMask","Darkstone Periapt"],"acts_visited":["TheCity"],"potions_floor_usage":[],"damage_taken":[{"damage":0.0,"enemies":"Cultist","floor":1.0,"turns":3.0},{"damage":1.0,"enemies":"2 Louse","floor":2.0,"turns":3.0},{"damage":0.0,"enemies":"Small Slimes","floor":3.0,"turns":4.0},{"damage":25.0,"enemies":"Exordium Thugs","floor":4.0,"turns":6.0},{"damage":9.0,"enemies":"Blue Slaver","floor":5.0,"turns":4.0},{"damage":7.0,"enemies":"2 Fungi Beasts","floor":10.0,"turns":4.0},{"damage":30.0,"enemies":"3 Sentries","floor":11.0,"turns":11.0},{"damage":36.0,"enemies":"Slime Boss","floor":16.0,"turns":6.0},{"damage":27,"enemies":"3 Byrds","floor":18,"turns":5},{"damage":23,"enemies":"2 Thieves","floor":20,"turns":3},{"damage":58,"enemies":"Gremlin Leader","floor":23,"turns":6},{"damage":10,"enemies":"Snecko","floor":24,"turns":4},{"damage":29,"enemies":"Slavers","floor":28,"turns":1}],"seed_played":"8272416213887296309","potions_obtained":[{"floor":3.0,"key":"Ancient Potion"},{"floor":4.0,"key":"BlessingOfTheForge"},{"floor":23,"key":"ElixirPotion"}],"is_trial":false,"path_per_floor":["M","M","M","M","M","R","$","R","T","M","E","$","R","$","R","B",null,"M","$","M","?","?","E","M","?","T","R","E"],"character_chosen":"IRONCLAD","items_purchased":["Shrug It Off","Flex","Whirlwind","Heavy Blade"],"campfire_rested":0,"item_purchase_floors":[7,12,12,14],"current_hp_per_floor":[80,80,80,61,58,58,58,58,58,57,33,48,48,63,63,33,80,77,80,63,63,56,22,24,24,24,24,0,0],"gold":89,"neow_bonus":"RANDOM_COLORLESS","is_daily":false,"chose_seed":false,"campfire_upgraded":5,"win_rate":0.0,"timestamp":1614343353,"path_taken":["M","M","M","M","M","R","?","R","T","M","E","$","R","$","R","BOSS","M","$","M","?","?","E","M","?","T","R","E"],"items_purchased_type":["Card","Card","Card","Card"],"build_version":"2020-12-22","purchased_purges":2,"victory":false,"max_hp_per_floor":[80,80,80,80,80,80,80,80,80,80,80,80,80,80,80,80,80,80,80,80,80,56,56,56,56,56,56,56,56],"card_choices":[{"not_picked":["Discovery","PanicButton"],"picked":"Finesse","floor":0.0},{"not_picked":["Thunderclap","Wild Strike"],"picked":"Iron Wave","floor":1.0},{"not_picked":["Headbutt","Iron Wave","Havoc"],"picked":"SKIP","floor":2.0},{"not_picked":["Second Wind","Clash"],"picked":"Inflame","floor":3.0},{"not_picked":["Disarm","Power Through"],"picked":"Iron Wave","floor":4.0},{"not_picked":["Warcry","Havoc"],"picked":"Heavy Blade","floor":5.0},{"not_picked":["Bloodletting","Anger","Thunderclap"],"picked":"SKIP","floor":10.0},{"not_picked":["Iron Wave","Impervious"],"picked":"Inflame","floor":11.0},{"not_picked":["Brutality","Corruption"],"picked":"Reaper","floor":16.0},{"not_picked":["Cleave","Headbutt","Searing Blow+1"],"picked":"SKIP","floor":18},{"not_picked":["True Grit","Wild Strike"],"picked":"Headbutt+1","floor":20},{"not_picked":["Immolate+1","Burning Pact"],"picked":"Pommel Strike+1","floor":23},{"not_picked":["Warcry","True Grit","Armaments"],"picked":"SKIP","floor":24}],"player_experience":177958,"relics_obtained":[{"floor":9.0,"key":"MealTicket"},{"floor":11.0,"key":"Art of War"},{"floor":23,"key":"Orichalcum"},{"floor":23,"key":"Molten Egg 2"},{"floor":26,"key":"Darkstone Periapt"}],"event_choices":[{"damage_healed":0,"gold_gain":0,"player_choice":"Opened","damage_taken":0,"relics_obtained":["Boot"],"max_hp_gain":0,"max_hp_loss":0,"event_name":"The Mausoleum","floor":21,"gold_loss":0,"cards_obtained":["Writhe"]},{"damage_healed":0,"gold_gain":0,"player_choice":"Became a vampire","damage_taken":0,"max_hp_gain":0,"max_hp_loss":24,"event_name":"Vampires","floor":22,"gold_loss":0,"cards_obtained":["Bite","Bite","Bite","Bite","Bite"]},{"damage_healed":0,"gold_gain":0,"player_choice":"Trade","damage_taken":0,"relics_obtained":["GremlinMask"],"max_hp_gain":0,"max_hp_loss":0,"event_name":"FaceTrader","floor":25,"gold_loss":0}],"is_beta":false,"boss_relics":[{"not_picked":["SacredBark","SlaversCollar"],"picked":"Black Star"}],"items_purged_floors":[7,19],"is_endless":false,"potions_floor_spawned":[3,4,23],"killed_by":"Slavers","ascension_level":4}}