{"host":"2ty4h143nj8vwezc","time":1614323754,"event":{"mods":["BaseMod","Colored Map","Googly Eyes","Highlight Path","Minty Spire (QoL Compilation)","Quick Restart","StSLib"],"gold_per_floor":[11,25,45,45,45,45,61,61,61,104,104,145,169,169,169,258,258,276,292,307,19,19,19,35,35,35],"floor_reached":25,"language":"ENG","playtime":1137,"items_purged":[],"score":393,"play_id":"b310b2db-72ba-48d0-b021-9df5b16f0779","local_time":"20210226021554","is_ascension_mode":true,"campfire_choices":[{"data":"Streamline","floor":6,"key":"SMITH"},{"data":"Leap","floor":8,"key":"SMITH"},{"floor":11,"key":"REST"},{"floor":15,"key":"REST"},{"floor":23,"key":"REST"}],"circlet_count":0,"master_deck":["AscendersBane","Strike_B","Strike_B","Strike_B","Defend_B","Defend_B","Defend_B","Zap","Dualcast","Melter","White Noise","Leap+1","Streamline+1","Conserve Battery","Go for the Eyes","Cold Snap","Parasite","Go for the Eyes","Fission","Cold Snap","Skim","Turbo","Apotheosis","Biased Cognition"],"relics":["Cracked Core","Golden Idol","Emotion Chip","Torii","Dream Catcher","Nuclear Battery","Membership Card","Spirit Poop"],"acts_visited":["Exordium","TheCity"],"potions_floor_usage":[16,20,25],"damage_taken":[{"damage":0,"enemies":"Cultist","floor":1,"turns":3},{"damage":3,"enemies":"Jaw Worm","floor":2,"turns":3},{"damage":0,"enemies":"2 Louse","floor":3,"turns":2},{"damage":14,"enemies":"Large Slime","floor":7,"turns":4},{"damage":20,"enemies":"Lagavulin","floor":10,"turns":6},{"damage":2,"enemies":"3 Sentries","floor":12,"turns":4},{"damage":11,"enemies":"2 Fungi Beasts","floor":13,"turns":3},{"damage":9,"enemies":"Hexaghost","floor":16,"turns":12},{"damage":0,"enemies":"Spheric Guardian","floor":18,"turns":3},{"damage":27,"enemies":"3 Byrds","floor":19,"turns":7},{"damage":31,"enemies":"Snecko","floor":20,"turns":9},{"damage":10,"enemies":"Centurion and Healer","floor":24,"turns":6},{"damage":43,"enemies":"Gremlin Leader","floor":25,"turns":3}],"seed_played":"2633962119923011744","potions_obtained":[{"floor":3,"key":"FairyPotion"},{"floor":10,"key":"Ancient Potion"},{"floor":13,"key":"LiquidBronze"},{"floor":16,"key":"EssenceOfSteel"},{"floor":20,"key":"Energy Potion"},{"floor":24,"key":"SkillPotion"}],"is_trial":false,"path_per_floor":["M","M","M","?","?","R","M","R","T","E","R","E","M","?","R","B",null,"M","M","M","$","?","R","M","E"],"character_chosen":"DEFECT","items_purchased":["Turbo","Membership Card","Apotheosis"],"campfire_rested":3,"item_purchase_floors":[21,21,21],"current_hp_per_floor":[64,61,61,61,61,61,47,47,47,27,48,46,35,52,71,62,69,69,42,11,11,11,32,22,0,0],"gold":35,"neow_bonus":"TRANSFORM_TWO_CARDS","is_daily":false,"chose_seed":false,"campfire_upgraded":2,"win_rate":0.0,"timestamp":1614323754,"path_taken":["M","M","?","?","?","R","M","R","T","E","R","E","M","?","R","BOSS","M","M","M","$","?","R","M","E"],"items_purchased_type":["Card","Relic","Card"],"build_version":"2020-12-22","purchased_purges":0,"victory":false,"max_hp_per_floor":[71,71,71,71,71,71,71,71,71,71,71,71,71,71,71,71,71,71,71,71,71,71,71,71,71,71],"card_choices":[{"not_picked":["Sweeping Beam","Lockon"],"picked":"Leap","floor":1},{"not_picked":["Steam","Gash","Barrage"],"picked":"SKIP","floor":2},{"not_picked":["Fusion","Leap"],"picked":"Streamline","floor":3},{"not_picked":["Streamline","Heatsinks","Rebound"],"picked":"SKIP","floor":7},{"not_picked":["Lockon","All For One"],"picked":"Conserve Battery","floor":10},{"not_picked":["Blizzard","Steam"],"picked":"Go for the Eyes","floor":12},{"not_picked":["FTL","Tempest"],"picked":"Cold Snap","floor":13},{"not_picked":["Hologram","Rip and Tear"],"picked":"Go for the Eyes","floor":15},{"not_picked":["Thunder Strike","Meteor Strike"],"picked":"Fission","floor":16},{"not_picked":["Gash","Coolheaded"],"picked":"Cold Snap","floor":18},{"not_picked":["Compile Driver","Stack","Streamline"],"picked":"SKIP","floor":19},{"not_picked":["Recycle","Rip and Tear"],"picked":"Skim","floor":20},{"not_picked":["Stack","Gash"],"picked":"Biased Cognition","floor":24}],"player_experience":490707,"relics_obtained":[{"floor":9,"key":"Emotion Chip"},{"floor":10,"key":"Torii"},{"floor":12,"key":"Dream Catcher"}],"event_choices":[{"damage_healed":0,"gold_gain":0,"player_choice":"Leave","damage_taken":0,"max_hp_gain":0,"max_hp_loss":0,"event_name":"The Cleric","floor":4,"gold_loss":0},{"damage_healed":0,"gold_gain":0,"player_choice":"Take Wound","damage_taken":0,"relics_obtained":["Golden Idol"],"max_hp_gain":0,"max_hp_loss":0,"event_name":"Golden Idol","floor":5,"gold_loss":0,"cards_obtained":["Injury"]},{"damage_healed":17,"gold_gain":0,"player_choice":"Healed and dodged fight","damage_taken":0,"max_hp_gain":0,"max_hp_loss":0,"event_name":"Mushrooms","floor":14,"gold_loss":0,"cards_obtained":["Parasite"]},{"cards_removed":["Injury"],"damage_healed":0,"gold_gain":0,"player_choice":"Offered Curse","damage_taken":0,"relics_obtained":["Spirit Poop"],"max_hp_gain":0,"max_hp_loss":0,"event_name":"Bonfire Elementals","floor":22,"gold_loss":0}],"is_beta":false,"boss_relics":[{"not_picked":["Snecko Eye","SlaversCollar"],"picked":"Nuclear Battery"}],"items_purged_floors":[],"is_endless":false,"potions_floor_spawned":[3,10,13,16,20,24],"killed_by":"Gremlin Leader","ascension_level":17}}