{"host":"rj86l90k631kbujw","time":1614303464,"event":{"mods":["Act Like it!","Aspiration","BaseMod","Better Altar","Better Skull","Better Third Choice","BetterRewards","Downfall","Hubris","JesterMod","Minty Spire (QoL Compilation)","Reliquary","Ruina","Shop Mod","Spire Arcade","StSLib","The Cursed","The Disciple","The Forsaken","The Hierophant","The Jungle","Wandering Minibosses"],"gold_per_floor":[99,109,109,124,135,135,162,174,186,198,228,240,270,282,269,411,423,435,490,636,206,87,87,164,90,135,135,135,135,135,135,158,291,291,291,323,351,64,164,204,204,253,153,192,219,119,119,119,146,270,270,288,329,361,37,108,126,152,190,228,146,177,177,177,186,209,344,344,344,367,386,401,416,416,456,131,131,131,181,181,222,222,245,366,429,429,429,492,492,742,1042,1083,1131,1131,791,791,446,464,131,155,286,286,286,286,286,286],"floor_reached":104,"language":"ENG","playtime":4864,"items_purged":["expansioncontent:DashGenerateEvil+1"],"score":2789,"play_id":"e64dc4f1-8654-439f-a8f7-66489a895e22","local_time":"20210226023744","daily_mods":["SealedDeck","Heirloom","Flight","downfall:Jewelcrafting"],"is_ascension_mode":false,"campfire_choices":[{"data":"Guardian:PrismaticBeam","floor":8,"key":"SMITH"},{"data":"Guardian:PrismaticBarrier","floor":9,"key":"SMITH"},{"data":"Guardian:WalkerClaw","floor":18,"key":"SMITH"},{"data":"Guardian:DecasProtection","floor":23,"key":"SMITH"},{"data":"Guardian:ExploitGems","floor":28,"key":"SMITH"},{"data":"Guardian:StasisStrike","floor":29,"key":"SMITH"},{"floor":30,"key":"REST"},{"data":"Guardian:ExploitGems","floor":35,"key":"SMITH"},{"floor":43,"key":"RECALL"},{"data":"Guardian:ExploitGems","floor":46,"key":"SMITH"},{"data":"Guardian:PrimingBeam","floor":47,"key":"SMITH"},{"data":"Guardian:ExploitGems","floor":63,"key":"SMITH"},{"data":"Guardian:ExploitGems","floor":64,"key":"SMITH"},{"data":"Guardian:Reroute","floor":69,"key":"SMITH"},{"data":"Guardian:TemporalStrike","floor":77,"key":"SMITH"},{"data":"Guardian:CrystalBeam","floor":78,"key":"SMITH"},{"floor":86,"key":"DIG"},{"floor":91,"key":"DIG"},{"floor":94,"key":"DIG"},{"floor":96,"key":"DIG"}],"circlet_count":0,"master_deck":["Guardian:ExploitGems+1","Guardian:ExploitGems+1","Guardian:WalkerClaw+1","Guardian:PrismaticBarrier+1","Guardian:PrismaticBeam+1","Guardian:Reroute+1","Guardian:PrimingBeam+1","Guardian:TemporalStrike+1","Guardian:StasisStrike+1","Guardian:CrystalBeam+1","Guardian:PrismaticBeam+1","Guardian:BodySlam+1","hubris:NaturalOne","Guardian:BodySlam+1","Guardian:CrystalBeam+1","Guardian:ExploitGems+1","Guardian:ExploitGems+1","Guardian:ExploitGems+1","Guardian:Gem_Lightblue","Guardian:CrystalBeam+1","Guardian:Gem_Purple","Guardian:Gem_Lightblue","Guardian:Gem_White","Guardian:Gem_Crimson","Guardian:Gem_Lightblue","Guardian:Gem_Crimson","Guardian:Gem_Red","Guardian:BaubleBeam+1","Guardian:Gem_Fragmented","Guardian:Gem_Orange","Guardian:Gem_Blue","Guardian:Gem_Synthetic","Guardian:Gem_Purple","Guardian:Gem_Yellow","Guardian:Gem_Green","Guardian:Gem_Orange","Guardian:ExploitGems","Guardian:ExploitGems"],"relics":["Unceasing Top","Prayer Wheel","CeramicFish","Golden Idol","hubris:Icosahedron","sneckomod:SneckoTalon","Potion Belt","Membership Card","Regal Pillow","Molten Egg 2","hubris:Potato","OrangePellets","Frozen Egg 2","MerchantsRug","reliquary:Firecrackers","reliquary:Spinner","reliquary:WeakTea","MutagenicStrength","SlaversCollar","Bag of Marbles","Sling","hubris:MysteriousPyramids","White Beast Statue","reliquary:NewFriend","downfall:HeartBlessingGreen","downfall:HeartBlessingRed","Runic Pyramid","Guardian:PickAxe","reliquary:JackalopeAntler","jesterMod:MirrorMask","Singing Bowl","aspiration:Lifesprig","downfall:HeartBlessingBlue","Guardian:StasisSlotReductionRelic","hubris:DeckOfHolding","Sundial","TheAbacus","Shovel","Tiny House","TungstenRod","Toy Ornithopter","Ice Cream","hubris:Towel","Old Coin","reliquary:HotPoker","aspiration:Nostalgia","jesterMod:JesterCap","Guardian:SackOfGems","Bottled Lightning","Art of War","MealTicket","reliquary:TridentHead","champ:Barbells","Black Star","Guardian:PickAxe"],"acts_visited":["Exordium","TheCity","TheBeyond","Exordium","Exordium","TheBeyond","Exordium"],"potions_floor_usage":[16,20,33,33,40,44,44,50,50,50,50],"damage_taken":[{"damage":0,"enemies":"Cultist","floor":2,"turns":2},{"damage":0,"enemies":"Jaw Worm","floor":4,"turns":1},{"damage":3,"enemies":"Small Slimes","floor":5,"turns":2},{"damage":0,"enemies":"2 Fungi Beasts","floor":15,"turns":3},{"damage":32,"enemies":"WA_ARCHETYPE_RETAIN","floor":16,"turns":6},{"damage":0,"enemies":"Chosen","floor":19,"turns":2},{"damage":14,"enemies":"downfall:LadyInBlue","floor":20,"turns":6},{"damage":0,"enemies":"downfall:FleeingMerchant","floor":21,"turns":4},{"damage":3,"enemies":"downfall:FleeingMerchant","floor":22,"turns":4},{"damage":7,"enemies":"Slavers","floor":26,"turns":3},{"damage":0,"enemies":"Shell Parasite","floor":32,"turns":2},{"damage":0,"enemies":"IC_MUSHROOM_ARCHETYPE","floor":33,"turns":3},{"damage":0,"enemies":"Orb Walker","floor":36,"turns":1},{"damage":0,"enemies":"3 Darklings","floor":37,"turns":2},{"damage":28,"enemies":"Nemesis","floor":40,"turns":4},{"damage":15,"enemies":"Reptomancer","floor":42,"turns":3},{"damage":0,"enemies":"Sphere and 2 Shapes","floor":44,"turns":3},{"damage":0,"enemies":"4 Shapes","floor":45,"turns":2},{"damage":0,"enemies":"3 Darklings","floor":49,"turns":1},{"damage":49,"enemies":"DF_ARCHETYPE_ORBS","floor":50,"turns":3},{"damage":0,"enemies":"Jaw Worm","floor":53,"turns":1},{"damage":0,"enemies":"Small Slimes","floor":54,"turns":1},{"damage":0,"enemies":"3 Sentries","floor":56,"turns":1},{"damage":0,"enemies":"Lagavulin","floor":59,"turns":2},{"damage":0,"enemies":"3 Sentries","floor":60,"turns":1},{"damage":0,"enemies":"Cultist","floor":62,"turns":1},{"damage":0,"enemies":"2 Fungi Beasts","floor":66,"turns":1},{"damage":0,"enemies":"The Guardian","floor":67,"turns":3},{"damage":0,"enemies":"theJungle:MUSHROOMGANG","floor":70,"turns":1},{"damage":0,"enemies":"theJungle:Flameango_and_Byrd","floor":71,"turns":2},{"damage":0,"enemies":"theJungle:Lyon","floor":72,"turns":1},{"damage":0,"enemies":"theJungle:2_Snecko_Cultists","floor":73,"turns":1},{"damage":0,"enemies":"theJungle:2_Phrogs","floor":75,"turns":2},{"damage":0,"enemies":"theJungle:MamaSnecko","floor":81,"turns":1},{"damage":0,"enemies":"theJungle:SlimyTreeVines","floor":83,"turns":2},{"damage":0,"enemies":"theJungle:FunGuy","floor":84,"turns":3},{"damage":0,"enemies":"theJungle:FunGuy","floor":88,"turns":2},{"damage":0,"enemies":"downfall:LadyInBlue","floor":90,"turns":1},{"damage":0,"enemies":"Reptomancer","floor":92,"turns":1},{"damage":11,"enemies":"Giant Head","floor":93,"turns":2},{"damage":0,"enemies":"3 Shapes","floor":98,"turns":1},{"damage":0,"enemies":"3 Darklings","floor":100,"turns":1},{"damage":91,"enemies":"Time Eater","floor":101,"turns":7},{"damage":0,"enemies":"Jaw Worm","floor":104,"turns":1}],"seed_played":"7364571077095994109","potions_obtained":[{"floor":2,"key":"Guardian:DefensiveModePotion"},{"floor":5,"key":"SteroidPotion"},{"floor":19,"key":"ColorlessPotion"},{"floor":20,"key":"Fruit Juice"},{"floor":20,"key":"Regen Potion"},{"floor":20,"key":"PowerPotion"},{"floor":26,"key":"PowerPotion"},{"floor":36,"key":"Regen Potion"},{"floor":42,"key":"champ:CounterPotion"},{"floor":44,"key":"Ancient Potion"},{"floor":45,"key":"bronze:BurnAndBuffPotion"},{"floor":49,"key":"sneckomod:MuddlingPotion"},{"floor":50,"key":"Guardian:AcceleratePotion"},{"floor":53,"key":"champ:CounterPotion"},{"floor":54,"key":"SteroidPotion"},{"floor":56,"key":"EssenceOfSteel"},{"floor":59,"key":"SkillPotion"},{"floor":75,"key":"Swift Potion"},{"floor":90,"key":"FairyPotion"},{"floor":101,"key":"CultistPotion"}],"is_trial":true,"path_per_floor":["R","M","?","M","M","?","T","R","R","?","R","?","R","?","M","B",null,"R","M","?","$","$","R","T","$","E","?","R","R","R","?","M","B",null,"R","M","M","$","?","E","T","E","R","M","M","R","R","?","M","B",null,"R","M","M","$","?","R","T","E","E","R","M","R","R","?","M","B",null,"R","M","M","M","M","?","E","$","R","R","?","?","E","?","M","B",null,"R","?","?","?","?","R","E","E","R","$","R","$","M","?","M","B",null,"R","M"],"character_chosen":"GUARDIAN","items_purchased":["Membership Card","Regal Pillow","Molten Egg 2","expansioncontent:DashGenerateEvil+1","Guardian:Gem_Orange","hubris:Potato","OrangePellets","Frozen Egg 2","Guardian:Gem_Purple","MerchantsRug","reliquary:Spinner","Bag of Marbles","Sling","hubris:MysteriousPyramids","reliquary:JackalopeAntler","jesterMod:MirrorMask","Singing Bowl","hubris:DeckOfHolding","Sundial","TheAbacus","aspiration:Nostalgia","Guardian:SackOfGems","Bottled Lightning","Guardian:Gem_Orange","MealTicket","reliquary:TridentHead","champ:Barbells"],"campfire_rested":1,"item_purchase_floors":[21,21,21,21,22,22,22,22,22,22,25,38,38,38,55,55,55,76,76,76,95,95,95,97,97,97,97],"current_hp_per_floor":[80,80,80,80,77,77,77,77,77,57,57,57,57,62,62,30,85,85,85,76,76,73,73,73,73,66,66,66,66,90,90,90,90,90,90,90,90,90,90,66,66,51,51,60,60,60,60,60,60,11,90,90,90,90,90,92,92,92,94,96,106,106,106,106,106,110,110,110,110,112,116,120,124,124,126,126,126,126,109,35,37,37,41,43,141,141,141,143,143,145,145,147,136,136,136,136,136,140,170,174,85,176,176,176,176,176],"gold":286,"neow_bonus":"","is_daily":false,"chose_seed":false,"campfire_upgraded":14,"win_rate":0.0,"timestamp":1614303464,"path_taken":["R","M","?","M","?","?","T","R","R","?","R","?","R","?","M","BOSS","R","M","?","$","$","R","T","?","E","?","R","R","R","?","M","BOSS","R","M","M","$","?","E","T","E","R","M","?","R","R","?","M","BOSS","R","M","M","$","?","R","T","E","E","R","M","R","R","?","M","BOSS","R","M","M","M","?","?","E","$","R","R","?","?","E","?","M","BOSS","R","?","?","?","?","R","E","E","R","$","R","$","?","?","M","BOSS","R","M"],"items_purchased_type":["Relic","Relic","Relic","Card","Card","Relic","Relic","Relic","Card","Relic","Relic","Relic","Relic","Relic","Relic","Relic","Relic","Relic","Relic","Relic","Relic","Relic","Relic","Card","Relic","Relic","Relic"],"build_version":"2020-12-22","purchased_purges":1,"victory":false,"max_hp_per_floor":[80,80,80,80,80,80,80,80,80,80,80,80,80,85,85,85,85,85,85,90,90,90,90,90,90,90,90,90,90,90,90,90,90,90,90,90,90,90,90,90,90,90,90,90,90,90,90,90,90,90,90,90,90,90,90,92,92,92,94,96,106,106,106,106,106,110,110,110,110,112,116,120,124,124,126,126,126,126,126,126,128,128,132,134,141,141,141,143,143,145,145,147,147,147,147,147,147,151,170,174,176,176,176,176,176,176],"card_choices":[{"not_picked":["Guardian:PrismaticBeam","Guardian:TemporalStrike"],"picked":"Guardian:Reroute","floor":2},{"not_picked":["Guardian:Suspension","Guardian:ShieldCharger"],"picked":"Guardian:PrimingBeam","floor":2},{"not_picked":["Guardian:DonusPower","Guardian:ChargeCore"],"picked":"Guardian:DecasProtection","floor":4},{"not_picked":["Guardian:BronzeArmor","Guardian:Recover"],"picked":"Guardian:Gem_Cyan","floor":4},{"not_picked":["Guardian:RollAttack","Guardian:Suspension"],"picked":"Guardian:TemporalStrike","floor":5},{"not_picked":["Guardian:StasisStrike","Guardian:Emergency"],"picked":"Guardian:Gem_Red","floor":5},{"not_picked":["Guardian:RollAttack","Guardian:Gem_Yellow"],"picked":"Guardian:Gem_Green","floor":15},{"not_picked":["Guardian:RollAttack","Guardian:Emergency","Guardian:DonusPower"],"picked":"SKIP","floor":15},{"not_picked":["Guardian:ConstructionForm","Guardian:RevengeProtocol"],"picked":"Guardian:StasisStrike","floor":16},{"not_picked":["Guardian:BodySlam","Guardian:DonusPower"],"picked":"Guardian:CrystalBeam","floor":19},{"not_picked":["Guardian:ShieldSpikes","Guardian:Incinerate"],"picked":"Guardian:PrismaticBeam+1","floor":19},{"not_picked":["Guardian:Planning","Guardian:RefractedBeam"],"picked":"Guardian:BodySlam+1","floor":20},{"not_picked":["Guardian:Planning","Guardian:GuardianWhirl","Guardian:FierceBash"],"picked":"SKIP","floor":21},{"not_picked":["Guardian:VentSteam+1","Guardian:Preprogram"],"picked":"Guardian:BodySlam+1","floor":22},{"not_picked":["Guardian:CrystalBeam+1","Guardian:WalkerClaw+1"],"picked":"Guardian:FloatingOrbs+1","floor":26},{"not_picked":["Guardian:Recover+1","Guardian:SpikerProtocol+1"],"picked":"Guardian:CrystalBeam+1","floor":32},{"not_picked":["Guardian:HyperBeam_Guardian+1","Guardian:TemporalStrike+1","Guardian:Incinerate+1"],"picked":"SKIP","floor":32},{"not_picked":["Guardian:ConstructionForm+1","Guardian:StasisStrike+1"],"picked":"Guardian:ExploitGems","floor":33},{"not_picked":["Guardian:Planning+1","Guardian:PrimingBeam+1"],"picked":"Guardian:Gem_Green","floor":36},{"not_picked":["Guardian:Suspension+1","Guardian:BronzeArmor","Guardian:TimeCapacitor+1"],"picked":"SKIP","floor":36},{"not_picked":["Guardian:TemporalShield","Guardian:Repulse+1"],"picked":"Guardian:Gem_Red","floor":37},{"not_picked":["Guardian:Incinerate+1","Guardian:Recover+1","Guardian:Emergency+1"],"picked":"SKIP","floor":37},{"not_picked":["Guardian:TemporalShield+1","Guardian:TimeSifter+1"],"picked":"Guardian:Gem_Red","floor":40},{"not_picked":["Guardian:CrystalBeam+1","Guardian:TimeBomb+1"],"picked":"Guardian:Gem_Purple","floor":42},{"not_picked":["Guardian:ShieldCharger","Guardian:RollAttack+1"],"picked":"Guardian:Gem_Yellow","floor":44},{"not_picked":["Guardian:Incinerate+1","Guardian:VentSteam+1"],"picked":"Guardian:Gem_Green","floor":44},{"not_picked":["Guardian:Incinerate+1","Guardian:Gem_Lightblue"],"picked":"Guardian:Gem_Blue","floor":45},{"not_picked":["Guardian:Suspension","Guardian:Reroute+1","Guardian:VentSteam"],"picked":"SKIP","floor":45},{"not_picked":["Guardian:Incinerate+1","Guardian:ChargeCore+1"],"picked":"Guardian:Gem_Cyan","floor":49},{"not_picked":["Guardian:Planning+1","Guardian:Gem_Crimson","Guardian:RollAttack+1"],"picked":"SKIP","floor":49},{"not_picked":["Guardian:GuardianWhirl+1","Guardian:WalkerClaw+1"],"picked":"Guardian:CrystalBeam+1","floor":53},{"not_picked":["Guardian:Incinerate+1","Guardian:Clone"],"picked":"Guardian:Gem_Purple","floor":53},{"not_picked":["Guardian:ChargeCore+1","Guardian:Preprogram"],"picked":"Guardian:Gem_White","floor":54},{"not_picked":["Guardian:ShieldCharger","Guardian:PrimingBeam+1"],"picked":"Guardian:Gem_Lightblue","floor":54},{"not_picked":["Guardian:Incinerate+1","Guardian:Recover","Guardian:Reroute+1"],"picked":"Singing Bowl","floor":56},{"not_picked":["Guardian:Orbwalk+1","Guardian:StasisField","Guardian:Preprogram"],"picked":"Singing Bowl","floor":59},{"not_picked":["Guardian:Reroute+1","Guardian:SpikerProtocol+1","Guardian:Emergency"],"picked":"Singing Bowl","floor":60},{"not_picked":["Guardian:EvasiveProtocol+1","Guardian:Gem_Yellow"],"picked":"Guardian:Gem_Red","floor":62},{"not_picked":["Guardian:ShieldCharger","Guardian:Reroute+1"],"picked":"Guardian:Gem_Blue","floor":62},{"not_picked":["Guardian:Gem_Yellow","Guardian:Incinerate+1","Guardian:Planning"],"picked":"Singing Bowl","floor":66},{"not_picked":["Guardian:Gem_Green","Guardian:Repulse+1","Guardian:FloatingOrbs+1"],"picked":"Singing Bowl","floor":66},{"not_picked":["Guardian:Gem_Orange","Guardian:ExploitGems"],"picked":"Guardian:BaubleBeam+1","floor":67},{"not_picked":["Guardian:Recover+1","Guardian:Repulse+1","Guardian:TimeBomb"],"picked":"Singing Bowl","floor":70},{"not_picked":["Guardian:PrimingBeam+1","Guardian:Planning"],"picked":"Guardian:Gem_Fragmented","floor":70},{"not_picked":["Guardian:PolyBeam+1","Guardian:MultiBeam+1","Guardian:RefractedBeam+1"],"picked":"Singing Bowl","floor":71},{"not_picked":["Guardian:Planning","Guardian:Gem_Lightblue","Guardian:Gem_Purple"],"picked":"Singing Bowl","floor":71},{"not_picked":["Guardian:Reroute+1","Guardian:Recover+1","Guardian:Gem_Lightblue"],"picked":"Singing Bowl","floor":72},{"not_picked":["Guardian:SpikerProtocol+1","Guardian:Gem_Yellow","Guardian:PrimingBeam+1"],"picked":"Singing Bowl","floor":72},{"not_picked":["Guardian:TemporalStrike+1","Guardian:Gem_Crimson","Guardian:TemporalShield+1"],"picked":"Singing Bowl","floor":73},{"not_picked":["Guardian:Gem_Green","Guardian:EvasiveProtocol+1","Guardian:Reroute+1"],"picked":"Singing Bowl","floor":73},{"not_picked":["Guardian:Gem_Crimson","Guardian:TimeBomb+1","Guardian:Incinerate+1"],"picked":"Singing Bowl","floor":75},{"not_picked":["Guardian:ShieldCharger","Guardian:Reroute+1","Guardian:DecasProtection+1"],"picked":"Singing Bowl","floor":81},{"not_picked":["Guardian:HyperBeam_Guardian+1","Guardian:Incinerate+1","Guardian:SentryBeam+1"],"picked":"Singing Bowl","floor":83},{"not_picked":["Guardian:ShieldCharger","Guardian:Repulse+1","Guardian:Recover"],"picked":"Singing Bowl","floor":83},{"not_picked":["Guardian:TimeSifter+1","Guardian:ConstructionForm+1","Guardian:StasisStrike+1"],"picked":"Singing Bowl","floor":84},{"not_picked":["Guardian:Planning","Guardian:RefractedBeam+1","Guardian:Recover"],"picked":"Singing Bowl","floor":85},{"not_picked":["Guardian:EvasiveProtocol+1","Guardian:Gem_Fragmented","Guardian:Incinerate+1"],"picked":"Singing Bowl","floor":88},{"not_picked":["Guardian:TimeBomb+1","Guardian:FastForward","Guardian:Harden+1"],"picked":"Singing Bowl","floor":90},{"not_picked":["Guardian:BronzeArmor","Guardian:WalkerClaw+1","Guardian:RollAttack+1"],"picked":"Singing Bowl","floor":92},{"not_picked":["Guardian:RefractedBeam+1","Guardian:SpikerProtocol+1"],"picked":"Guardian:Gem_Orange","floor":93},{"not_picked":["Guardian:Gem_Cyan","Guardian:SpikerProtocol+1","Guardian:PiercingHide"],"picked":"Singing Bowl","floor":98},{"not_picked":["Guardian:TemporalStrike+1","Guardian:PiercingHide+1","Guardian:Gem_Lightblue"],"picked":"Singing Bowl","floor":98},{"not_picked":["Guardian:Clone+1","Guardian:PrimingBeam+1","Guardian:Gem_Cyan"],"picked":"Singing Bowl","floor":100},{"not_picked":["Guardian:Orbwalk+1","Guardian:TimeBomb+1","Guardian:Suspension"],"picked":"Singing Bowl","floor":100},{"not_picked":["Guardian:Gem_Synthetic","Guardian:StasisField","Guardian:HyperBeam_Guardian+1"],"picked":"Singing Bowl","floor":101}],"player_experience":175355,"relics_obtained":[{"floor":6,"key":"CeramicFish"},{"floor":7,"key":"MawBank"},{"floor":20,"key":"Potion Belt"},{"floor":24,"key":"reliquary:Firecrackers"},{"floor":26,"key":"reliquary:WeakTea"},{"floor":41,"key":"White Beast Statue"},{"floor":42,"key":"reliquary:NewFriend"},{"floor":56,"key":"aspiration:Lifesprig"},{"floor":86,"key":"TungstenRod"},{"floor":87,"key":"Toy Ornithopter"},{"floor":88,"key":"Ice Cream"},{"floor":91,"key":"Old Coin"},{"floor":94,"key":"reliquary:HotPoker"},{"floor":96,"key":"Art of War"}],"event_choices":[{"damage_healed":0,"gold_gain":0,"player_choice":"Ignored","damage_taken":0,"max_hp_gain":0,"max_hp_loss":0,"event_name":"NoteForYourself","floor":3,"gold_loss":0},{"damage_healed":0,"gold_gain":0,"player_choice":"Take Damage","damage_taken":20,"relics_obtained":["Golden Idol"],"max_hp_gain":0,"max_hp_loss":0,"event_name":"Golden Idol","floor":10,"gold_loss":0},{"damage_healed":0,"gold_gain":0,"player_choice":"Donut","damage_taken":0,"max_hp_gain":5,"max_hp_loss":0,"event_name":"Big Fish","floor":14,"gold_loss":0},{"damage_healed":0,"gold_gain":0,"player_choice":"Inject Mutagens","damage_taken":0,"relics_obtained":["MutagenicStrength"],"max_hp_gain":0,"max_hp_loss":0,"event_name":"Drug Dealer","floor":27,"gold_loss":0},{"cards_removed":["Guardian:FloatingOrbs"],"damage_healed":0,"gold_gain":0,"player_choice":"Removed Power","damage_taken":0,"max_hp_gain":0,"max_hp_loss":0,"event_name":"Falling","floor":48,"gold_loss":0}],"is_beta":false,"boss_relics":[{"not_picked":["Philosopher\u0027s Stone","reliquary:RedCape"],"picked":"sneckomod:SneckoTalon"},{"not_picked":["hubris:BlackHole","hubris:GrandSneckoEye"],"picked":"SlaversCollar"},{"not_picked":["Black Star","Tiny House"],"picked":"Runic Pyramid"},{"not_picked":["theForsaken:PaleLantern","hubris:CrackedHourglass"],"picked":"Guardian:StasisSlotReductionRelic"},{"not_picked":["aspiration:SilentSkillbook","Runic Dome"],"picked":"Tiny House"},{"not_picked":["bronze:MakeshiftBattery","hubris:ScarierMask"],"picked":"Black Star"}],"items_purged_floors":[95],"is_endless":true,"potions_floor_spawned":[2,5,19,26,36,42,44,45,49,50,53,54,56,59,60,62,66,67,70,71,72,73,75,81,83,84,88,90,92,93,98,100,101],"killed_by":"Jaw Worm","ascension_level":0}}