{"host":"8ztb9kwpjc2zof9s","time":1614371587,"event":{"mods":["BaseMod","Block Reminder","Curses Come First","Minty Spire (QoL Compilation)","Relic Stats","StSLib"],"gold_per_floor":[114,130,144,157,73,73,73,86,86,116,266,266,266,292,292,292,292],"floor_reached":16,"language":"ENG","playtime":691,"items_purged":[],"score":204,"play_id":"5945dd88-e363-4cb6-bbc8-d294614e877e","local_time":"20210226123307","is_ascension_mode":true,"campfire_choices":[{"data":"Well Laid Plans","floor":6,"key":"SMITH"},{"floor":13,"key":"REST"},{"floor":15,"key":"REST"}],"circlet_count":0,"master_deck":["AscendersBane","Strike_G","Strike_G","Strike_G","Strike_G","Defend_G","Defend_G","Defend_G","Defend_G","Defend_G","Survivor","Neutralize","Deadly Poison","Acrobatics","PiercingWail","Blade Dance","Well Laid Plans+1","Deflect","Doubt","Corpse Explosion"],"relics":["SacredBark","Kunai","Shovel","White Beast Statue"],"acts_visited":["Exordium"],"potions_floor_usage":[8,10,14,16],"damage_taken":[{"damage":5,"enemies":"Small Slimes","floor":1,"turns":6},{"damage":8,"enemies":"2 Louse","floor":2,"turns":4},{"damage":0,"enemies":"Jaw Worm","floor":3,"turns":5},{"damage":1,"enemies":"2 Fungi Beasts","floor":4,"turns":5},{"damage":7,"enemies":"Exordium Thugs","floor":8,"turns":8},{"damage":8,"enemies":"Lagavulin","floor":10,"turns":6},{"damage":38,"enemies":"Gremlin Nob","floor":14,"turns":5},{"damage":33,"enemies":"Slime Boss","floor":16,"turns":15}],"seed_played":"4229890629343462119","potions_obtained":[{"floor":2,"key":"Block Potion"},{"floor":8,"key":"SteroidPotion"},{"floor":10,"key":"Strength Potion"},{"floor":14,"key":"Block Potion"}],"is_trial":false,"path_per_floor":["M","M","M","M","$","R","?","M","T","E","?","?","R","E","R","B"],"character_chosen":"THE_SILENT","items_purchased":["Well Laid Plans"],"campfire_rested":2,"item_purchase_floors":[5],"current_hp_per_floor":[54,46,46,45,45,45,38,31,31,23,23,28,49,11,32,0,0],"gold":292,"neow_bonus":"BOSS_RELIC","is_daily":false,"chose_seed":false,"campfire_upgraded":1,"win_rate":0.0,"timestamp":1614371587,"path_taken":["M","M","M","M","$","R","?","M","T","E","?","?","R","E","R","BOSS"],"items_purchased_type":["Card"],"build_version":"2020-12-22","purchased_purges":0,"victory":false,"max_hp_per_floor":[66,66,66,66,66,66,66,66,66,66,66,71,71,71,71,71,71],"relic_stats":{"Shovel":0,"counters":[8,54],"Kunai":[9],"obtain_stats":[{"Shovel":10,"SacredBark":0,"Kunai":9,"White Beast Statue":14,"Ring of the Snake":0},{"Shovel":6,"SacredBark":0,"Kunai":5,"White Beast Statue":7,"Ring of the Snake":0},{"Shovel":34,"SacredBark":0,"Kunai":28,"White Beast Statue":39,"Ring of the Snake":0}]},"card_choices":[{"not_picked":["Concentrate","Bane"],"picked":"Deadly Poison","floor":1},{"not_picked":["Deadly Poison","Sucker Punch"],"picked":"Acrobatics","floor":2},{"not_picked":["Dagger Throw","Setup"],"picked":"PiercingWail","floor":3},{"not_picked":["Setup","Crippling Poison"],"picked":"Blade Dance","floor":4},{"not_picked":["Sucker Punch","Dagger Throw","Choke"],"picked":"SKIP","floor":8},{"not_picked":["Slice","Flying Knee"],"picked":"Deflect","floor":10},{"not_picked":["Storm of Steel","Skewer"],"picked":"Corpse Explosion","floor":14}],"player_experience":391605,"relics_obtained":[{"floor":9,"key":"Kunai"},{"floor":10,"key":"Shovel"},{"floor":14,"key":"White Beast Statue"}],"event_choices":[{"cards_removed":["Strike_G"],"damage_healed":0,"gold_gain":0,"player_choice":"Card Removal","damage_taken":7,"max_hp_gain":0,"max_hp_loss":0,"event_name":"Golden Wing","floor":7,"gold_loss":0},{"damage_healed":0,"gold_gain":150,"player_choice":"AGREE","damage_taken":0,"max_hp_gain":0,"max_hp_loss":0,"event_name":"Liars Game","floor":11,"gold_loss":0,"cards_obtained":["Doubt"]},{"damage_healed":0,"gold_gain":0,"player_choice":"Donut","damage_taken":0,"max_hp_gain":5,"max_hp_loss":0,"event_name":"Big Fish","floor":12,"gold_loss":0}],"is_beta":false,"boss_relics":[],"items_purged_floors":[],"is_endless":false,"potions_floor_spawned":[2,8,10,14],"killed_by":"Slime Boss","ascension_level":17}}