{"host":"y27lpgkuecypkeb8","time":1614349270,"event":{"mods":["AchievementEnabler","Act Like it!","Aspiration","BaseMod","Better Sensory Stone","Better Skull","Colored Map","Colored Powertips","Conspire","DeckTracker","Dota2Spire","Energized Spire","Fiend Mod","GifTheSpireLib","GungeonMod","Highlight Path","Infinite Spire","Magitek Elite","Minty Spire (QoL Compilation)","Permanent Neow","Rare Cards Sparkle","Relic Sorter","Replay The Spire","Spicy Shops","StSLib","Stuff the Spire","The Cursed","The Disciple"],"gold_per_floor":[112,140,151,101,121,121,147,147,170,170,70,86,86,122,122,227,227,243,243,243,243,243],"floor_reached":21,"language":"ENG","playtime":4913,"items_purged":[],"score":177,"play_id":"cfbfd924-0059-47dc-b6e8-efce0f01241f","local_time":"20210226222110","is_ascension_mode":false,"campfire_choices":[{"data":"Cure","floor":6,"key":"SMITH"},{"data":"Cure","floor":8,"key":"SMITH"},{"data":"Haste","floor":10,"key":"SMITH"},{"data":"Ghostly","floor":15,"key":"SMITH"}],"circlet_count":0,"master_deck":["Strike_L","Strike_L","Strike_L","Strike_L","Defend_L","Defend_L","Defend_L","Defend_L","Cure+2","Bandage Up","Transfusion","Magnus_Hat","Haste+1","Ghostly+1","Flametongue","Circlet+1","Trip+1"],"relics":["Pendant","conspire:Flyswatter","Mythril_Glove","Dota2Spire:ArcaneBoots","Empty Cage"],"acts_visited":["Exordium","TheCity"],"potions_floor_usage":[16,16,16,18],"damage_taken":[{"damage":7,"enemies":"Small Slimes","floor":1,"turns":5},{"damage":23,"enemies":"conspire:MimicChest","floor":2,"turns":5},{"damage":0,"enemies":"2 Louse","floor":3,"turns":3},{"damage":2,"enemies":"conspire:RoseBush","floor":5,"turns":9},{"damage":11,"enemies":"2 Fungi Beasts","floor":7,"turns":7},{"damage":12,"enemies":"Blue Slaver","floor":12,"turns":9},{"damage":13,"enemies":"Replay:BlueRogue","floor":14,"turns":9},{"damage":60,"enemies":"Fading Forest","floor":16,"turns":11},{"damage":70,"enemies":"3 Byrds","floor":18,"turns":20},{"damage":25,"enemies":"conspire:FuzzyDice","floor":21,"turns":6}],"seed_played":"-2533802381600874823","potions_obtained":[{"floor":5,"key":"DemoMod:LeadSkinPotion"},{"floor":12,"key":"SkillPotion"},{"floor":14,"key":"SpeedPotion"},{"floor":16,"key":"Dota2Spire:Clarity"}],"is_trial":false,"path_per_floor":["M","?","M","?","M","R","M","R","T","R","?","M","?","E","R","B",null,"M","?","?","M"],"character_chosen":"MAGITEKELITE","items_purchased":[],"campfire_rested":0,"item_purchase_floors":[],"current_hp_per_floor":[63,49,59,59,63,63,63,63,63,63,63,62,55,54,54,10,63,9,9,9,0,0],"gold":243,"neow_bonus":"RANDOM_COLORLESS","is_daily":false,"chose_seed":false,"campfire_upgraded":4,"win_rate":0.0,"timestamp":1614349270,"path_taken":["M","?","M","?","M","R","M","R","T","R","?","M","?","E","R","BOSS","M","?","?","?"],"items_purchased_type":[],"build_version":"2020-12-22","purchased_purges":0,"victory":false,"max_hp_per_floor":[63,63,63,63,63,63,63,63,63,63,63,63,63,63,63,63,63,63,63,63,63,63],"card_choices":[{"not_picked":["Swift Strike","StuffTheSpire:FreeRealEstate"],"picked":"Bandage Up","floor":0},{"not_picked":["Transpose2","Crystal_Sword"],"picked":"Transfusion","floor":1},{"not_picked":["Icebrand","Balance"],"picked":"Magnus_Hat","floor":3},{"not_picked":["Flare","Vox","Poisona"],"picked":"SKIP","floor":5},{"not_picked":["Holy","Thunder_P"],"picked":"Haste","floor":7},{"not_picked":["Thunder_Blade","Holy","Falchion"],"picked":"SKIP","floor":12},{"not_picked":["Flare","Heavy_Shield"],"picked":"Flametongue","floor":14},{"not_picked":["Transpose_P","Minerva_Bustier"],"picked":"Circlet+1","floor":18},{"not_picked":["Metamorphosis","StuffTheSpire:PlasmaPunch"],"picked":"Trip","floor":19}],"player_experience":49200,"relics_obtained":[{"floor":2,"key":"conspire:Flyswatter"},{"floor":9,"key":"Mythril_Glove"},{"floor":14,"key":"Dota2Spire:ArcaneBoots"}],"event_choices":[{"damage_healed":0,"gold_gain":0,"player_choice":"Invest 1","damage_taken":0,"max_hp_gain":0,"max_hp_loss":0,"event_name":"conspire:Investor","floor":4,"gold_loss":0},{"damage_healed":0,"gold_gain":0,"player_choice":"Argue","damage_taken":0,"max_hp_gain":0,"max_hp_loss":0,"event_name":"conspire:LoneGhost","floor":11,"gold_loss":0},{"cards_removed":["Defend_L"],"damage_healed":0,"gold_gain":0,"player_choice":"Card Removal","damage_taken":7,"max_hp_gain":0,"max_hp_loss":0,"event_name":"Golden Wing","floor":13,"gold_loss":0},{"damage_healed":0,"gold_gain":2,"player_choice":"1","damage_taken":0,"max_hp_gain":0,"max_hp_loss":0,"event_name":"betterStone:BetterStone","floor":19,"gold_loss":0},{"damage_healed":0,"gold_gain":0,"player_choice":"Forge","damage_taken":0,"max_hp_gain":0,"max_hp_loss":0,"event_name":"Accursed Blacksmith","floor":20,"gold_loss":0,"cards_upgraded":["Trip"]}],"is_beta":false,"boss_relics":[{"not_picked":["aspiration:WatcherSkillbook","Coffee Dripper"],"picked":"Empty Cage"}],"items_purged_floors":[],"is_endless":false,"potions_floor_spawned":[5,12,14,16],"killed_by":"conspire:FuzzyDice","ascension_level":0}}