{"host":"5aybe1nma5c8fep7","time":1614331341,"event":{"mods":["BaseMod","Conspire","Downfall","Friendly Minions","Minty Spire (QoL Compilation)","Replay The Spire","SacredBarkPlus","StSLib"],"gold_per_floor":[99,114,114,114,64,94,94,174,203,223,123,136,176,206,219,324,324,324,342,368,218,241,141,193,193,205,234,248,248,283,29,44,148,148,48,60,60,60,78,88,22,22,47,47,63,293,293,307,341,352,365,365,365,365],"floor_reached":52,"language":"ENG","playtime":4030,"items_purged":["bronze:Strike","bronze:Strike"],"score":640,"play_id":"6ecd832a-3489-45a9-b417-d7da90681b60","local_time":"20210226012221","is_ascension_mode":true,"campfire_choices":[{"data":"bronze:Goto","floor":1.0,"key":"SMITH"},{"data":"bronze:RecursiveStrike","floor":11.0,"key":"SMITH"},{"floor":18.0,"key":"RECALL"},{"data":"Ghostly","floor":23.0,"key":"SMITH"},{"floor":35.0,"key":"DIG"},{"data":"expansioncontent:StudyTheSpire","floor":42.0,"key":"SMITH"},{"data":"bronze:FineTuning","floor":44.0,"key":"SMITH"}],"circlet_count":0,"master_deck":["bronze:Defend","bronze:Defend","bronze:Defend","bronze:Defend","bronze:Replicate","bronze:Goto+1","bronze:GetLatest","bronze:RecursiveStrike+1","bronze:DelayedGuard","bronze:ChosenStrike+1","bronze:Branch+1","bronze:NullPointer+1","bronze:Shell","bronze:FindAndReplace","Ghostly+1","bronze:InfiniteBeams","bronze:WhirlingStrike+1","bronze:Repulsor","bronze:FollowUp+1","expansioncontent:StudyTheSpire+1","bronze:Assembly","bronze:Fortify+1","bronze:Terminator+1","bronze:FineTuning+1","bronze:Overheat+1","bronze:ChildClass+1","bronze:TinkerersToolbox"],"relics":["bronze:BronzeCore","Boot","Blood Vial","Molten Egg 2","Mirror","Regal Pillow","downfall:HeartBlessingGreen","Odd Mushroom","conspire:SeveredTorchhead","downfall:HeartBlessingRed","Strawberry","Ice Cream","downfall:HeartBlessingBlue","TungstenRod","Replay:Mystery Machine"],"acts_visited":["Exordium","TheCity","TheBeyond"],"potions_floor_usage":[52,52,52],"damage_taken":[{"damage":10.0,"enemies":"Small Slimes","floor":2.0,"turns":4.0},{"damage":6.0,"enemies":"Gremlin Nob","floor":6.0,"turns":3.0},{"damage":12.0,"enemies":"Lagavulin","floor":9.0,"turns":5.0},{"damage":0.0,"enemies":"2 Louse","floor":10.0,"turns":2.0},{"damage":0.0,"enemies":"Cultist","floor":12.0,"turns":2.0},{"damage":16.0,"enemies":"The Mushroom Lair","floor":13.0,"turns":3.0},{"damage":0.0,"enemies":"2 Fungi Beasts","floor":14.0,"turns":2.0},{"damage":0.0,"enemies":"3 Louse","floor":15.0,"turns":3.0},{"damage":28.0,"enemies":"DF_ARCHETYPE_STREAMLINE","floor":16.0,"turns":9.0},{"damage":7.0,"enemies":"Chosen","floor":19.0,"turns":2.0},{"damage":2.0,"enemies":"3 Byrds","floor":20.0,"turns":4.0},{"damage":19.0,"enemies":"Shelled Parasite and Fungi","floor":22.0,"turns":5.0},{"damage":14.0,"enemies":"Snecko","floor":26.0,"turns":4.0},{"damage":1.0,"enemies":"Replay:Snechameleon","floor":27.0,"turns":4.0},{"damage":15.0,"enemies":"Snake Plant","floor":28.0,"turns":3.0},{"damage":2.0,"enemies":"Slavers","floor":30.0,"turns":5.0},{"damage":0.0,"enemies":"downfall:FleeingMerchant","floor":31.0,"turns":4.0},{"damage":2.0,"enemies":"Cultist and Chosen","floor":32.0,"turns":3.0},{"damage":7.0,"enemies":"SI_MIRROR_ARCHETYPE","floor":33.0,"turns":8.0},{"damage":0.0,"enemies":"3 Darklings","floor":36.0,"turns":2.0},{"damage":10.0,"enemies":"3 Shapes","floor":39.0,"turns":3.0},{"damage":18.0,"enemies":"Sphere and 2 Shapes","floor":40.0,"turns":3.0},{"damage":10.0,"enemies":"downfall:FleeingMerchant","floor":41.0,"turns":4.0},{"damage":0.0,"enemies":"4 Shapes","floor":45.0,"turns":3.0},{"damage":0.0,"enemies":"downfall:FleeingMerchant","floor":46.0,"turns":1.0},{"damage":0.0,"enemies":"Transient","floor":48.0,"turns":5.0},{"damage":10.0,"enemies":"R_Hoarder","floor":49.0,"turns":6.0},{"damage":2,"enemies":"Sphere and 2 Shapes","floor":50,"turns":5},{"damage":0,"enemies":"Spire Growth","floor":51,"turns":4},{"damage":70,"enemies":"IC_BLOCK_ARCHETYPE","floor":52,"turns":10}],"seed_played":"8766963099330218617","potions_obtained":[{"floor":2.0,"key":"ColorlessPotion"},{"floor":10.0,"key":"Elixir"},{"floor":13.0,"key":"SneckoOil"},{"floor":14.0,"key":"PowerPotion"},{"floor":19.0,"key":"LiquidBronze"},{"floor":22.0,"key":"SkillPotion"},{"floor":27.0,"key":"PowerPotion"},{"floor":45.0,"key":"FearPotion"},{"floor":48.0,"key":"AttackPotion"},{"floor":51,"key":"Slimebound:ThreeZeroPotion"}],"is_trial":false,"path_per_floor":["R","M","?","?","?","E","T","T","E","M","R","M","?","M","M","B",null,"R","M","M","?","M","R","T","?","M","E","M","?","E","$","M","B",null,"R","M","PTL","PTL","M","M","$","R","T","R","M","$","?","M","E","M","M","B"],"character_chosen":"THE_AUTOMATON","items_purchased":["expansioncontent:StudyTheSpire","bronze:Overheat+1"],"campfire_rested":0,"item_purchase_floors":[31,41],"current_hp_per_floor":[70,60,60,60,60,54,54,54,44,46,46,48,34,36,38,12,70,70,63,63,63,46,46,46,51,39,47,34,34,34,36,36,31,77,87,87,87,87,77,61,53,53,53,53,55,57,57,59,51,51,53,0,0,0],"gold":365,"neow_bonus":"RANDOM_COMMON_RELIC","is_daily":false,"chose_seed":false,"campfire_upgraded":5,"win_rate":0.0,"timestamp":1614331341,"path_taken":["R","M","?","?","?","E","T","?","E","?","R","M","?","M","M","BOSS","R","M","M","?","M","R","T","?","M","E","?","?","E","$","M","BOSS","R","M","PTL","PTL","M","M","$","R","T","R","?","$","?","?","E","M","M","BOSS"],"items_purchased_type":["Card","Card"],"build_version":"2020-12-22","purchased_purges":2,"victory":false,"max_hp_per_floor":[70,70,70,70,70,70,70,70,70,70,70,70,70,70,70,70,70,70,70,70,70,70,70,70,70,70,77,77,77,77,77,77,77,77,87,87,87,87,87,87,87,87,87,87,87,87,87,87,87,87,87,87,87,87],"card_choices":[{"not_picked":["bronze:Safeguard","bronze:BugBarrage"],"picked":"bronze:GetLatest","floor":2.0},{"not_picked":["bronze:BuggyMess","bronze:DelayedSlice"],"picked":"bronze:DelayedGuard","floor":6.0},{"not_picked":["bronze:Return","bronze:CloningBeam+1"],"picked":"bronze:ChosenStrike+1","floor":9.0},{"not_picked":["bronze:Overheat+1","bronze:CutThrough+1"],"picked":"bronze:Branch+1","floor":10.0},{"not_picked":["bronze:ForLoop","bronze:FindAndReplace"],"picked":"bronze:NullPointer+1","floor":12.0},{"not_picked":["bronze:OilSpill+1","bronze:ForceShield"],"picked":"bronze:Shell","floor":14.0},{"not_picked":["bronze:Frontload","bronze:BugBarrage+1","bronze:WildBeam+1"],"picked":"SKIP","floor":15.0},{"not_picked":["bronze:InfiniteLoop+1","bronze:SpaghettiCode"],"picked":"bronze:FindAndReplace","floor":16.0},{"not_picked":["bronze:Deprecate+1","bronze:Return","bronze:ChildClass+1"],"picked":"SKIP","floor":19.0},{"not_picked":["bronze:BronzeArmor+1","bronze:Repulsor","bronze:Overload"],"picked":"SKIP","floor":20.0},{"not_picked":["bronze:Turbo","bronze:WildBeam+1","bronze:Refactor+1"],"picked":"SKIP","floor":22.0},{"not_picked":["bronze:ChosenStrike+1","bronze:BronzeOrb+1"],"picked":"bronze:InfiniteBeams","floor":26.0},{"not_picked":["bronze:ThunderWave+1","bronze:Shell","bronze:Iterate+1"],"picked":"SKIP","floor":27.0},{"not_picked":["bronze:Overload","bronze:BuggyMess"],"picked":"bronze:WhirlingStrike+1","floor":28.0},{"not_picked":["bronze:BronzeArmor","bronze:Repulsor","bronze:Invalidate"],"picked":"SKIP","floor":30.0},{"not_picked":["bronze:Deprecate","bronze:Optimize"],"picked":"bronze:FollowUp+1","floor":31.0},{"not_picked":["bronze:DelayedGuard+1","bronze:Allocate","bronze:Return"],"picked":"SKIP","floor":32.0},{"not_picked":["bronze:FindAndReplace","bronze:RecursiveStrike+1"],"picked":"bronze:Assembly","floor":33.0},{"not_picked":["bronze:Constructor","bronze:DarkDash+1"],"picked":"bronze:Fortify+1","floor":36.0},{"not_picked":["bronze:Invalidate","bronze:DelayedSlice+1"],"picked":"bronze:Terminator+1","floor":39.0},{"not_picked":["bronze:WhirlingStrike+1","bronze:WildBeam+1","bronze:NullPointer+1"],"picked":"SKIP","floor":40.0},{"not_picked":["bronze:Philosophize+1","bronze:Iterate+1"],"picked":"bronze:FineTuning","floor":41.0},{"not_picked":["bronze:Separator+1","bronze:RecursiveStrike+1"],"picked":"bronze:ChildClass+1","floor":45.0},{"not_picked":["bronze:FineTuning","bronze:BuggyMess","bronze:DelayedGuard"],"picked":"SKIP","floor":46.0},{"not_picked":["bronze:Branch+1","bronze:Invalidate","bronze:ItsAFeature"],"picked":"SKIP","floor":48.0},{"not_picked":["bronze:Shield+1","bronze:BitShift","bronze:FollowUp+1"],"picked":"SKIP","floor":49},{"not_picked":["bronze:Iterate+1","bronze:Optimize","bronze:DigitalCarnage+1"],"picked":"SKIP","floor":50},{"not_picked":["bronze:ThunderWave+1","bronze:Invalidate+1","bronze:Branch+1"],"picked":"SKIP","floor":51}],"player_experience":480838,"relics_obtained":[{"floor":6.0,"key":"Blood Vial"},{"floor":7.0,"key":"Molten Egg 2"},{"floor":8.0,"key":"Mirror"},{"floor":9.0,"key":"Regal Pillow"},{"floor":13.0,"key":"Odd Mushroom"},{"floor":27.0,"key":"Strawberry"},{"floor":30.0,"key":"Ice Cream"},{"floor":35.0,"key":"TungstenRod"},{"floor":43.0,"key":"Replay:Mystery Machine"}],"event_choices":[{"damage_healed":0.0,"max_hp_gain":0.0,"max_hp_loss":0.0,"gold_gain":0.0,"event_name":"conspire:Investor","player_choice":"Invest 1","floor":5.0,"gold_loss":0.0,"damage_taken":0.0},{"damage_healed":0.0,"max_hp_gain":0.0,"max_hp_loss":0.0,"gold_gain":0.0,"event_name":"Mushrooms","player_choice":"Fought Mushrooms","floor":13.0,"gold_loss":0.0,"damage_taken":0.0},{"cards_removed":["conspire:SpireCoStock"],"damage_healed":5.0,"max_hp_gain":0.0,"max_hp_loss":0.0,"gold_gain":0.0,"event_name":"Bonfire Elementals","player_choice":"Offered Special","floor":25.0,"gold_loss":0.0,"damage_taken":0.0}],"is_beta":false,"boss_relics":[{"not_picked":["SlaversCollar","Tiny House"],"picked":"conspire:SeveredTorchhead"},{"not_picked":["Replay:Drink Me","Velvet Choker","Pandora\u0027s Box"]}],"items_purged_floors":[31,46],"is_endless":false,"potions_floor_spawned":[2,10,13,14,19,22,27,45,48,49,51],"killed_by":"IC_BLOCK_ARCHETYPE","ascension_level":2}}