{"host":"x05n69rv5q9mps34","time":1614380584,"event":{"mods":["AchievementEnabler","BaseMod","Colored Map","Minty Spire (QoL Compilation)","SuperFastMode"],"gold_per_floor":[114,289,239,255,255,255,269,269,269,0,15,30,48,62,62,160,160,149,159,172,0,0,0,12,12,12],"floor_reached":25,"language":"ENG","playtime":1055,"items_purged":["Defend_B"],"score":197,"play_id":"932dffaf-c30e-40ac-81b6-3b168790d1e5","local_time":"20210226200304","is_ascension_mode":false,"campfire_choices":[{"data":"Buffer","floor":6,"key":"SMITH"},{"data":"Hello World","floor":8,"key":"SMITH"},{"data":"Blizzard","floor":15,"key":"SMITH"},{"floor":23,"key":"REST"}],"circlet_count":0,"master_deck":["Strike_B","Strike_B","Strike_B","Defend_B","Defend_B","Zap","Dualcast","Sweeping Beam","Blizzard+1","Capacitor","Buffer+1","Hello World+1","Melter","Blizzard","Streamline","Coolheaded","Gash","Redo","Creative AI","Cold Snap","Redo+1","Gash"],"relics":["Cracked Core"],"acts_visited":["Exordium","TheCity"],"potions_floor_usage":[12,16,16,18,20],"damage_taken":[{"damage":3,"enemies":"Jaw Worm","floor":1,"turns":4},{"damage":0,"enemies":"2 Louse","floor":4,"turns":2},{"damage":0,"enemies":"Cultist","floor":7,"turns":4},{"damage":3,"enemies":"Exordium Thugs","floor":11,"turns":4},{"damage":0,"enemies":"Gremlin Gang","floor":12,"turns":4},{"damage":11,"enemies":"Exordium Wildlife","floor":13,"turns":4},{"damage":5,"enemies":"Exordium Thugs","floor":14,"turns":5},{"damage":14,"enemies":"Hexaghost","floor":16,"turns":12},{"damage":21,"enemies":"2 Thieves","floor":18,"turns":4},{"damage":17,"enemies":"3 Byrds","floor":19,"turns":7},{"damage":34,"enemies":"Cultist and Chosen","floor":20,"turns":8},{"damage":21,"enemies":"Shelled Parasite and Fungi","floor":24,"turns":11},{"damage":0,"enemies":"Centurion and Healer","floor":25,"turns":1}],"seed_played":"-1819029805270750577","potions_obtained":[{"floor":1,"key":"Swift Potion"},{"floor":11,"key":"AttackPotion"},{"floor":13,"key":"FocusPotion"},{"floor":19,"key":"Block Potion"},{"floor":20,"key":"Dexterity Potion"}],"is_trial":false,"path_per_floor":["M","?","?","M","?","R","M","R","T","$","M","M","M","M","R","B",null,"M","M","M","?","?","R","M","M"],"character_chosen":"DEFECT","items_purchased":["Melter","FocusPotion","Blizzard"],"campfire_rested":1,"item_purchase_floors":[10,10,10],"current_hp_per_floor":[72,72,72,72,72,72,72,72,72,72,69,69,58,53,53,39,75,54,37,3,3,3,25,4,4,4],"gold":12,"neow_bonus":"TRANSFORM_CARD","is_daily":false,"chose_seed":false,"campfire_upgraded":3,"win_rate":0.0,"timestamp":1614380584,"path_taken":["M","?","?","M","?","R","M","R","T","$","M","M","M","M","R","BOSS","M","M","M","?","?","R","?","M"],"items_purchased_type":["Card","Potion","Card"],"build_version":"2020-12-22","purchased_purges":1,"victory":false,"max_hp_per_floor":[75,75,75,75,75,75,75,75,75,75,75,75,75,75,75,75,75,75,75,75,75,75,75,75,75,75],"card_choices":[{"not_picked":["Auto Shields","Rebound"],"picked":"Blizzard","floor":1},{"not_picked":["Genetic Algorithm","Double Energy"],"picked":"Capacitor","floor":4},{"not_picked":["Skim","Sweeping Beam"],"picked":"Hello World","floor":7},{"not_picked":["Aggregate","Skim"],"picked":"Streamline","floor":11},{"not_picked":["Steam Power","Reinforced Body"],"picked":"Coolheaded","floor":12},{"not_picked":["Steam","White Noise"],"picked":"Gash","floor":13},{"not_picked":["Ball Lightning","Turbo"],"picked":"Redo","floor":14},{"not_picked":["Thunder Strike","Buffer"],"picked":"Creative AI","floor":16},{"not_picked":["Force Field","Turbo"],"picked":"Cold Snap","floor":18},{"not_picked":["Beam Cell","Stack+1"],"picked":"Redo+1","floor":19},{"not_picked":["Turbo","Double Energy","Recycle+1"],"picked":"SKIP","floor":20},{"not_picked":["Go for the Eyes+1","Force Field+1"],"picked":"Gash","floor":24}],"player_experience":1037645,"relics_obtained":[],"event_choices":[{"damage_healed":0,"gold_gain":175,"player_choice":"AGREE","damage_taken":0,"max_hp_gain":0,"max_hp_loss":0,"event_name":"Liars Game","floor":2,"gold_loss":0,"cards_obtained":["Doubt"]},{"cards_removed":["Doubt"],"damage_healed":0,"gold_gain":0,"player_choice":"Card Removal","damage_taken":0,"max_hp_gain":0,"max_hp_loss":0,"event_name":"The Cleric","floor":3,"gold_loss":50},{"damage_healed":0,"gold_gain":0,"cards_transformed":["Strike_B"],"player_choice":"Change","damage_taken":0,"max_hp_gain":0,"max_hp_loss":0,"event_name":"Living Wall","floor":5,"gold_loss":0,"cards_obtained":["Buffer"]},{"damage_healed":0,"gold_gain":0,"player_choice":"Paid Fearfully","damage_taken":0,"max_hp_gain":0,"max_hp_loss":0,"event_name":"Masked Bandits","floor":21,"gold_loss":172},{"damage_healed":0,"gold_gain":0,"player_choice":"Leave","damage_taken":0,"max_hp_gain":0,"max_hp_loss":0,"event_name":"FaceTrader","floor":22,"gold_loss":0}],"is_beta":false,"boss_relics":[{"not_picked":["Nuclear Battery","Fusion Hammer","Philosopher\u0027s Stone"]}],"items_purged_floors":[10],"is_endless":false,"potions_floor_spawned":[1,11,13,14,19,20],"killed_by":"Centurion and Healer","ascension_level":0}}