{"host":"njb27ds59h4j3ikk","time":1614364681,"event":{"mods":["BaseMod","Better Altar","Better Match","Better Note","Better Sensory Stone","Better Skull","Better Third Choice","BetterRewards","Downfall","Hermit","Hubris","Minty Spire (QoL Compilation)","Permanent Neow","Quarter Circle Forward PUNCH!","Quick Restart","Rare Cards Sparkle","Replay The Spire","Shop Mod","StSLib","Trackpad","Transform Curses"],"gold_per_floor":[111,122,122,122,122,155,170,170,170,202,218,244,6,37,37,142,142,159,171,185,200,200,227,227,258,329,358,369,399,399,399,399,494,494,511,34,83,109,127,162,175,175,175,175,262,24,24,39,39,39,39,39,140,173,173],"floor_reached":56,"language":"ENG","playtime":2529,"items_purged":[],"score":2781,"play_id":"adceb6ea-9cdd-455c-98d6-e5f7b1bd880b","local_time":"20210226133801","is_ascension_mode":true,"campfire_choices":[{"floor":15.0,"key":"DIG"},{"floor":24.0,"key":"REST"},{"data":"hermit:Virtue","floor":32.0,"key":"SMITH"},{"floor":42.0,"key":"RECALL"},{"data":"hermit:Gestalt","floor":44.0,"key":"SMITH"},{"data":"hermit:Snipe","floor":47.0,"key":"SMITH"},{"floor":49.0,"key":"DIG"},{"data":"ReplayTheSpireMod:Trickstab","floor":52.0,"key":"SMITH"}],"circlet_count":0,"master_deck":["hermit:Strike_Hermit","hermit:Strike_Hermit+1","hermit:Strike_Hermit","hermit:Strike_Hermit","hermit:Defend_Hermit+1","hermit:Defend_Hermit","hermit:Defend_Hermit","hermit:Defend_Hermit","hermit:Snapshot","hermit:Covet","hermit:Brawl+1","hermit:SprayPray","hermit:SprayPray","hermit:Feint","ReplayTheSpireMod:Trickstab+1","hermit:Deadeye","hermit:Gestalt+1","hermit:Grudge+1","hermit:Showdown+1","Parasite","hermit:Desperado+1","hermit:Cheat","hermit:Snipe+1","hermit:CursedWeapon+1","hermit:Magnum+1","hermit:Vantage","hermit:HighCaliber+1","hermit:Dive+1","hermit:WideOpen+1","hermit:Maintenance+1","hermit:Virtue+1","hermit:Deadeye+1","hermit:FromBeyond","hermit:NoHoldsBarred+1","hermit:Purgatory+1","Shame","Pain","Decay","hermit:Virtue+1","ReplayTheSpireMod:Uncanny Aura+1","hermit:PistolWhip+1","hermit:Enervate+1","hermit:Determination+1","hermit:Scavenge+1","ReplayTheSpireMod:Splinters","hermit:Ricochet+1","hermit:PistolWhip+1","hermit:Determination+1","Mind Blast+1","hermit:HighCaliber+1","hermit:EyeOfTheStorm+1","Replay:Parry+1","hermit:Snipe+1"],"relics":["hermit:Momento","FossilizedHelix","CaptainsWheel","ReplayTheSpireMod:Ninjato","Pondfish Scales","hubris:SlimyHat","qcfpunch:Red_Headband","hubris:GlazedTorus","Molten Egg 2","hubris:AstralHammer","hubris:PeanutButter","hubris:SphereOfDissonance","Simple Rune","hubris:ToyBattleship","Chameleon Ring","Bottled Lightning","Snack Pack","Dead Branch","Ornamental Fan","Toy Ornithopter","Bag of Preparation","hermit:Spyglass","Replay:Rubber Ducky","trackpad:ByrdCharm","Replay:Ancient Bell","hexamod:BolsterEngine","Toxic Egg 2","Replay:Towering Pillar of Hats","hermit:Horseshoe","MerchantsRug","trackpad:ZombieHeart","Smiling Mask","hubris:TinFlute","trackpad:BiPhaseBiplane","trackpad:RapidFire","Orichalcum"],"acts_visited":[],"potions_floor_usage":[54,55,55],"damage_taken":[{"damage":0.0,"enemies":"Jaw Worm","floor":1.0,"turns":2.0},{"damage":0.0,"enemies":"Cultist","floor":2.0,"turns":2.0},{"damage":1.0,"enemies":"Gremlin Nob","floor":6.0,"turns":3.0},{"damage":1.0,"enemies":"2 Louse","floor":7.0,"turns":2.0},{"damage":0.0,"enemies":"Lagavulin","floor":10.0,"turns":3.0},{"damage":1.0,"enemies":"Blue Slaver","floor":11.0,"turns":3.0},{"damage":0.0,"enemies":"Gremlin Nob","floor":12.0,"turns":2.0},{"damage":0.0,"enemies":"Lagavulin","floor":14.0,"turns":3.0},{"damage":0.0,"enemies":"Slime Boss","floor":16.0,"turns":5.0},{"damage":0.0,"enemies":"Spheric Guardian","floor":18.0,"turns":3.0},{"damage":0.0,"enemies":"Chosen","floor":19.0,"turns":2.0},{"damage":0.0,"enemies":"Centurion and Healer","floor":20.0,"turns":3.0},{"damage":0.0,"enemies":"Chosen and Byrds","floor":21.0,"turns":2.0},{"damage":42.0,"enemies":"Gremlin Leader","floor":23.0,"turns":5.0},{"damage":0.0,"enemies":"Replay:Snechameleon","floor":25.0,"turns":2.0},{"damage":3.0,"enemies":"Slavers","floor":27.0,"turns":4.0},{"damage":0.0,"enemies":"Sentry and Sphere","floor":28.0,"turns":3.0},{"damage":0.0,"enemies":"Gremlin Leader","floor":29.0,"turns":3.0},{"damage":0.0,"enemies":"Champ","floor":33.0,"turns":5.0},{"damage":4.0,"enemies":"3 Shapes","floor":35.0,"turns":2.0},{"damage":0.0,"enemies":"2 Orb Walkers","floor":37.0,"turns":3.0},{"damage":0.0,"enemies":"Orb Walker","floor":39.0,"turns":1.0},{"damage":0.0,"enemies":"Giant Head","floor":40.0,"turns":6.0},{"damage":21.0,"enemies":"3 Darklings","floor":41.0,"turns":2.0},{"damage":0.0,"enemies":"Writhing Mass","floor":48.0,"turns":3.0},{"damage":1.0,"enemies":"hubris:GrandSnecko","floor":50.0,"turns":4.0},{"damage":17,"enemies":"Shield and Spear","floor":54,"turns":4},{"damage":73,"enemies":"The Heart","floor":55,"turns":7}],"seed_played":"5228250053893736842","potions_obtained":[{"floor":2.0,"key":"AttackPotion"},{"floor":10.0,"key":"AttackPotion"},{"floor":12.0,"key":"Fire Potion"},{"floor":14.0,"key":"SkillPotion"},{"floor":16.0,"key":"Ancient Potion"},{"floor":19.0,"key":"sneckomod:MuddlingPotion"},{"floor":27.0,"key":"hexamod:SoulburnPotion"},{"floor":35.0,"key":"hexamod:SoulburnPotion"},{"floor":39.0,"key":"LiquidMemories"},{"floor":54,"key":"hermit:BlackBile"}],"is_trial":false,"path_per_floor":["M","M","?","$","?","E","M","?","T","E","M","E","$","E","R","B",null,"M","M","M","M","?","E","R","E","T","E","M","E","?","?","R","B",null,"M","$","?","T","M","E","M","R","T","R","?","$","R","M","R","B",null,"R","$","E","B",null],"character_chosen":"HERMIT","items_purchased":["FossilizedHelix","hermit:Brawl+1","ReplayTheSpireMod:Ninjato","hermit:SprayPray","hermit:Feint","hubris:SlimyHat","qcfpunch:Red_Headband","ReplayTheSpireMod:Trickstab","Matryoshka","hubris:TenFootPole","Molten Egg 2","Chameleon Ring","hermit:Horseshoe","ReplayTheSpireMod:Uncanny Aura+1","MerchantsRug","trackpad:BiPhaseBiplane","Mind Blast+1","hermit:EyeOfTheStorm+1","Replay:Parry+1"],"campfire_rested":1,"item_purchase_floors":[0,0,0,0,0,0,0,0,4,4,4,13,36,36,36,46,46,53,53],"current_hp_per_floor":[68,68,68,25,50,49,48,66,66,66,65,65,65,65,65,69,74,75,75,75,75,75,33,55,57,57,59,61,65,65,65,65,75,75,71,71,75,75,76,77,62,62,62,62,62,62,62,65,65,71,82,82,82,74,16],"gold":173,"neow_bonus":"","is_daily":false,"chose_seed":false,"campfire_upgraded":4,"win_rate":0.0,"timestamp":1614364681,"path_taken":["M","M","?","?","?","E","M","?","T","E","?","E","$","E","R","BOSS","M","M","M","M","?","E","R","E","T","E","M","E","?","?","R","BOSS","M","$","?","?","M","E","M","R","T","R","?","$","R","M","R","BOSS","R","$","E","BOSS"],"items_purchased_type":["Relic","Card","Relic","Card","Card","Relic","Relic","Card","Relic","Relic","Relic","Relic","Relic","Card","Relic","Relic","Card","Card","Card"],"build_version":"2020-12-22","purchased_purges":0,"victory":true,"max_hp_per_floor":[75,75,75,75,75,75,75,75,75,75,75,75,75,75,75,75,75,75,75,75,75,75,75,75,75,75,75,75,75,75,75,75,75,75,75,75,75,75,76,77,83,83,83,83,83,83,83,84,84,85,85,85,85,87,88],"card_choices":[{"not_picked":["hermit:SprayPray","hermit:CalledShot"],"picked":"hermit:Deadeye","floor":1.0},{"not_picked":["hermit:ShadowCloak","hermit:Virtue"],"picked":"hermit:Gestalt","floor":2.0},{"not_picked":["hermit:Maintenance","hermit:CalledShot+1"],"picked":"hermit:Grudge+1","floor":6.0},{"not_picked":["hermit:Cheat","hermit:Quickdraw+1"],"picked":"hermit:Showdown+1","floor":7.0},{"not_picked":["hermit:TakeCover","hermit:EyeOfTheStorm"],"picked":"hermit:Desperado+1","floor":10.0},{"not_picked":["hermit:ItchyTrigger+1","hermit:HoleUp"],"picked":"hermit:Cheat","floor":11.0},{"not_picked":["hermit:Scavenge","hermit:Dive"],"picked":"hermit:Snipe","floor":12.0},{"not_picked":["hermit:Quickdraw+1","hermit:Glare"],"picked":"hermit:CursedWeapon+1","floor":14.0},{"not_picked":["hermit:FatalDesire","hermit:EternalForm"],"picked":"hermit:Magnum+1","floor":16.0},{"not_picked":["hermit:ItchyTrigger+1","hermit:LowProfile"],"picked":"hermit:Vantage","floor":18.0},{"not_picked":["hermit:Brawl","hermit:ShadowCloak"],"picked":"hermit:HighCaliber+1","floor":19.0},{"not_picked":["hermit:Vantage","hermit:Snipe"],"picked":"hermit:Dive+1","floor":20.0},{"not_picked":["hermit:HighNoon","hermit:SprayPray+1"],"picked":"hermit:WideOpen+1","floor":21.0},{"not_picked":["hermit:TrackingShot+1","hermit:TakeAim+1"],"picked":"hermit:Virtue","floor":23.0},{"not_picked":["hermit:BigShot","hermit:SprayPray+1"],"picked":"hermit:Deadeye+1","floor":25.0},{"not_picked":["hermit:DeadMansHand","hermit:TakeCover"],"picked":"hermit:FromBeyond","floor":27.0},{"not_picked":["hermit:Gestalt","hermit:HoleUp+1"],"picked":"hermit:NoHoldsBarred+1","floor":28.0},{"not_picked":["hermit:Vantage","hermit:Dive","hermit:FullyLoaded"],"picked":"SKIP","floor":29.0},{"not_picked":["hermit:Dissolve","hermit:Magnum+1"],"picked":"hermit:Purgatory+1","floor":33.0},{"not_picked":["downfall:Malfunctioning","hubris:Envy"],"picked":"Shame","floor":34.0},{"not_picked":["Regret","Decay"],"picked":"Pain","floor":34.0},{"not_picked":["Amnesia","hubris:Compulsion"],"picked":"Decay","floor":34.0},{"not_picked":["hermit:LuckOfTheDraw+1","hermit:TakeAim"],"picked":"hermit:Virtue+1","floor":35.0},{"not_picked":["hermit:Misfire+1","hermit:DeadMansHand+1"],"picked":"hermit:PistolWhip+1","floor":37.0},{"not_picked":["hermit:HighNoon","hermit:Vantage+1"],"picked":"hermit:Enervate+1","floor":39.0},{"not_picked":["hermit:Enervate+1","hermit:Adapt"],"picked":"hermit:Determination+1","floor":40.0},{"not_picked":["hermit:CursedWeapon+1","hermit:WideOpen+1"],"picked":"hermit:Scavenge+1","floor":41.0},{"not_picked":["hermit:Shortfuse+1","hermit:Combo+1"],"picked":"hermit:Ricochet+1","floor":45.0},{"not_picked":["hermit:Gestalt+1","hermit:Brawl+1"],"picked":"hermit:PistolWhip+1","floor":45.0},{"not_picked":["hermit:HighCaliber+1","hermit:WideOpen+1"],"picked":"hermit:Determination+1","floor":45.0},{"not_picked":["hermit:CalledShot+1","hermit:TakeCover+1"],"picked":"hermit:HighCaliber+1","floor":48.0},{"not_picked":["hermit:TrackingShot+1","hermit:BodyArmor+1"],"picked":"hermit:Snipe+1","floor":54}],"player_experience":1410814,"relics_obtained":[{"floor":6.0,"key":"hubris:AstralHammer"},{"floor":9.0,"key":"hubris:PeanutButter"},{"floor":9.0,"key":"hubris:SphereOfDissonance"},{"floor":10.0,"key":"Simple Rune"},{"floor":12.0,"key":"hubris:ToyBattleship"},{"floor":14.0,"key":"Bottled Lightning"},{"floor":15.0,"key":"Snack Pack"},{"floor":23.0,"key":"Ornamental Fan"},{"floor":25.0,"key":"Toy Ornithopter"},{"floor":26.0,"key":"Bag of Preparation"},{"floor":26.0,"key":"hermit:Spyglass"},{"floor":27.0,"key":"Replay:Rubber Ducky"},{"floor":29.0,"key":"trackpad:ByrdCharm"},{"floor":37.0,"key":"trackpad:ZombieHeart"},{"floor":40.0,"key":"Smiling Mask"},{"floor":43.0,"key":"hubris:TinFlute"},{"floor":49.0,"key":"trackpad:RapidFire"},{"floor":54,"key":"Orichalcum"}],"event_choices":[{"damage_healed":0.0,"max_hp_gain":0.0,"max_hp_loss":0.0,"gold_gain":0.0,"event_name":"Purifier","player_choice":"Ignored","floor":3.0,"gold_loss":0.0,"damage_taken":0.0},{"damage_healed":25.0,"max_hp_gain":0.0,"max_hp_loss":0.0,"gold_gain":0.0,"event_name":"Big Fish","player_choice":"Banana","floor":5.0,"gold_loss":0.0,"damage_taken":0.0},{"damage_healed":18.0,"max_hp_gain":0.0,"max_hp_loss":0.0,"gold_gain":0.0,"event_name":"Mushrooms","player_choice":"Healed and dodged fight","floor":8.0,"gold_loss":0.0,"damage_taken":0.0,"cards_obtained":["Parasite"]},{"cards_removed":["hermit:HighCaliber"],"damage_healed":0.0,"max_hp_gain":0.0,"max_hp_loss":0.0,"gold_gain":0.0,"event_name":"betterNote:BetterNote","player_choice":"Take \u0026 Give","floor":22.0,"gold_loss":0.0,"damage_taken":0.0,"cards_obtained":["hermit:Maintenance"]},{"damage_healed":0.0,"max_hp_gain":0.0,"max_hp_loss":0.0,"gold_gain":0.0,"event_name":"Vampires","player_choice":"Ignored","floor":30.0,"gold_loss":0.0,"damage_taken":0.0},{"damage_healed":0.0,"max_hp_gain":0.0,"max_hp_loss":0.0,"gold_gain":0.0,"event_name":"Beggar","player_choice":"Ignored","floor":31.0,"gold_loss":0.0,"damage_taken":0.0},{"damage_healed":0.0,"max_hp_gain":0.0,"max_hp_loss":0.0,"gold_gain":0.0,"event_name":"Mysterious Sphere","player_choice":"Fight","floor":37.0,"gold_loss":0.0,"damage_taken":0.0}],"is_beta":false,"boss_relics":[{"not_picked":["SacredBark","Busted Crown"],"picked":"hubris:Backtick"},{"not_picked":["hubris:VirtuousBlindfold","trackpad:Coffee"],"picked":"Replay:Ancient Bell"},{"not_picked":["Grinning Jar","Boot"],"picked":"hexamod:BolsterEngine"},{"not_picked":["HornCleat","Pantograph"],"picked":"Toxic Egg 2"},{"not_picked":["Replay:PocketPolymizer","hubris:Spice"],"picked":"Replay:Towering Pillar of Hats"}],"items_purged_floors":[],"is_endless":false,"potions_floor_spawned":[2,10,12,14,16,19,20,27,35,39,48,54],"ascension_level":9}}