{"host":"5bsc0nab6whpyrbj","time":1614313902,"event":{"mods":["AchievementEnabler","BaseMod","BetterRewards","Colored Map","Dark Map","Downfall","Highlight Path","Infinite Spire","Minty Spire (QoL Compilation)","StSLib"],"gold_per_floor":[114,130,130,146,146,146,146,162,162,162,19,19,19,32,32,132,182,200,200,200,200,200,200,200,200],"floor_reached":24,"language":"ENG","playtime":547,"items_purged":[],"score":282,"play_id":"ca0679f5-7944-44c5-8b36-8a427a16d658","local_time":"20210225233142","is_ascension_mode":false,"campfire_choices":[{"floor":6,"key":"RECALL"},{"floor":10,"key":"REST"},{"data":"Gash","floor":15,"key":"SMITH"},{"floor":23,"key":"REST"}],"circlet_count":0,"master_deck":["Strike_B","Strike_B","Strike_B","Strike_B","Defend_B+1","Defend_B","Defend_B","Defend_B","Zap","Dualcast","Streamline","Gash+1","Seek","infinitespire:Starlight"],"relics":["Cracked Core","Lizard Tail","Meat on the Bone","Juzu Bracelet","infinitespire:Freezer","Tiny House","Matryoshka"],"acts_visited":["Exordium","TheCity"],"potions_floor_usage":[8,16,24,24],"damage_taken":[{"damage":6,"enemies":"Cultist","floor":1,"turns":3},{"damage":10,"enemies":"Small Slimes","floor":2,"turns":2},{"damage":6,"enemies":"Jaw Worm","floor":4,"turns":2},{"damage":11,"enemies":"Exordium Wildlife","floor":8,"turns":3},{"damage":11,"enemies":"Red Slaver","floor":14,"turns":2},{"damage":84,"enemies":"Hexaghost","floor":16,"turns":10},{"damage":23,"enemies":"3 Byrds","floor":18,"turns":5},{"damage":116,"enemies":"Slavers","floor":24,"turns":8}],"seed_played":"-6482198674404388806","potions_obtained":[{"floor":2,"key":"SpeedPotion"},{"floor":3,"key":"Explosive Potion"},{"floor":3,"key":"Fire Potion"},{"floor":3,"key":"LiquidBronze"},{"floor":8,"key":"Energy Potion"},{"floor":17,"key":"EssenceOfSteel"},{"floor":18,"key":"FairyPotion"}],"is_trial":false,"path_per_floor":["M","M","?","M","?","R","T","M","T","R","$","?","?","M","R","B",null,"M","?","?","?","T","R","E"],"character_chosen":"DEFECT","items_purchased":["Juzu Bracelet"],"campfire_rested":2,"item_purchase_floors":[11],"current_hp_per_floor":[54,44,44,38,63,63,63,52,52,74,74,74,74,63,63,46,80,57,37,22,50,50,75,0,0],"gold":200,"neow_bonus":"","is_daily":false,"chose_seed":false,"campfire_upgraded":1,"win_rate":0.0,"timestamp":1614313902,"path_taken":["M","?","?","?","?","R","?","M","T","R","?","?","?","M","R","BOSS","M","?","?","?","?","R","E"],"items_purchased_type":["Relic"],"build_version":"2020-12-22","purchased_purges":0,"victory":false,"max_hp_per_floor":[75,75,75,75,75,75,75,75,75,75,75,75,75,75,75,75,80,80,80,85,85,85,85,85,85],"card_choices":[{"not_picked":["Coolheaded","Compile Driver"],"picked":"Beam Cell","floor":1},{"not_picked":["Defragment","Stack"],"picked":"Gash","floor":2},{"not_picked":["Aggregate","Redo"],"picked":"Seek","floor":4},{"not_picked":["Ball Lightning","Barrage","Reprogram"],"picked":"SKIP","floor":8},{"not_picked":["Ball Lightning","Barrage","Rebound"],"picked":"SKIP","floor":14},{"not_picked":["Redo+1","Leap","Hologram"],"picked":"SKIP","floor":18},{"not_picked":["infinitespire:FinalStrike","infinitespire:TheBestDefense"],"picked":"infinitespire:Starlight","floor":19}],"player_experience":131782,"relics_obtained":[{"floor":7,"key":"Meat on the Bone"},{"floor":22,"key":"Matryoshka"}],"event_choices":[{"damage_healed":0,"gold_gain":0,"player_choice":"Got Potions","damage_taken":0,"max_hp_gain":0,"max_hp_loss":0,"event_name":"Lab","floor":3,"gold_loss":0},{"damage_healed":25,"gold_gain":0,"player_choice":"Banana","damage_taken":0,"max_hp_gain":0,"max_hp_loss":0,"event_name":"Big Fish","floor":5,"gold_loss":0},{"cards_removed":["Genetic Algorithm"],"damage_healed":0,"gold_gain":0,"player_choice":"Purged","damage_taken":0,"max_hp_gain":0,"max_hp_loss":0,"event_name":"Purifier","floor":12,"gold_loss":0},{"cards_removed":["Beam Cell"],"damage_healed":0,"gold_gain":0,"player_choice":"Gave Card","damage_taken":0,"relics_obtained":["infinitespire:Freezer"],"max_hp_gain":0,"max_hp_loss":0,"event_name":"WeMeetAgain","floor":13,"gold_loss":0},{"damage_healed":0,"gold_gain":0,"player_choice":"Shed Blood","damage_taken":20,"max_hp_gain":5,"max_hp_loss":0,"event_name":"Forgotten Altar","floor":20,"gold_loss":0},{"damage_healed":28,"gold_gain":0,"player_choice":"Heal","damage_taken":0,"max_hp_gain":0,"max_hp_loss":0,"event_name":"The Library","floor":21,"gold_loss":0}],"is_beta":false,"boss_relics":[{"not_picked":["SlaversCollar","Busted Crown"],"picked":"Tiny House"}],"items_purged_floors":[],"is_endless":false,"potions_floor_spawned":[2,4,8,18],"killed_by":"Slavers","ascension_level":0}}