{"host":"r9n4bwsh0iioe8bo","time":1614306797,"event":{"mods":["2.2 Compatiblity","BaseMod","Bestiary","Colored Map","Colored Powertips","Curses Come First","Highlight Path","Minty Spire (QoL Compilation)","Relic Stats","StSLib","SuperFastMode"],"gold_per_floor":[113,123,133,145,161,161,194,194,194,205,222,222,241,241,241,241,241],"floor_reached":16,"language":"ENG","playtime":1731,"items_purged":[],"score":106,"play_id":"8b0cdf21-7fd9-4930-a9c1-e128c93898b4","local_time":"20210226023317","is_ascension_mode":false,"campfire_choices":[{"data":"Tools of the Trade","floor":6,"key":"SMITH"},{"data":"Deflect","floor":8,"key":"SMITH"},{"data":"Bouncing Flask","floor":12,"key":"SMITH"},{"data":"Backstab","floor":15,"key":"SMITH"}],"circlet_count":0,"master_deck":["Strike_G","Strike_G","Strike_G","Strike_G+1","Strike_G","Defend_G","Defend_G","Defend_G","Defend_G","Survivor","Neutralize+1","Tools of the Trade+1","Infinite Blades","Deflect+1","Flying Knee","Riddle With Holes","Deadly Poison","Bouncing Flask+1","Outmaneuver","Backstab+1"],"relics":["Ring of the Snake","Whetstone","Strawberry"],"acts_visited":["Exordium"],"potions_floor_usage":[7,7,16,16],"damage_taken":[{"damage":2,"enemies":"Cultist","floor":1,"turns":5},{"damage":2,"enemies":"2 Louse","floor":2,"turns":3},{"damage":3,"enemies":"Jaw Worm","floor":3,"turns":6},{"damage":5,"enemies":"Red Slaver","floor":4,"turns":5},{"damage":3,"enemies":"Looter","floor":5,"turns":4},{"damage":20,"enemies":"Lagavulin","floor":7,"turns":6},{"damage":14,"enemies":"Exordium Thugs","floor":10,"turns":4},{"damage":7,"enemies":"2 Fungi Beasts","floor":11,"turns":4},{"damage":2,"enemies":"Looter","floor":13,"turns":3},{"damage":24,"enemies":"Slime Boss","floor":16,"turns":8}],"seed_played":"4385320737432068115","potions_obtained":[{"floor":2,"key":"Strength Potion"},{"floor":3,"key":"FearPotion"},{"floor":11,"key":"Dexterity Potion"},{"floor":13,"key":"SkillPotion"}],"is_trial":false,"path_per_floor":["M","M","M","M","M","R","E","R","T","M","M","R","M","?","R","B"],"character_chosen":"THE_SILENT","items_purchased":[],"campfire_rested":0,"item_purchase_floors":[],"current_hp_per_floor":[68,66,63,58,55,55,35,35,42,28,21,21,19,19,19,0,0],"gold":241,"neow_bonus":"ONE_RANDOM_RARE_CARD","is_daily":false,"chose_seed":false,"campfire_upgraded":4,"win_rate":0.0,"timestamp":1614306797,"path_taken":["M","M","?","M","M","R","E","R","T","M","M","R","M","?","R","BOSS"],"items_purchased_type":[],"build_version":"2020-12-22","purchased_purges":0,"victory":false,"max_hp_per_floor":[70,70,70,70,70,70,70,70,77,77,77,77,77,77,77,77,77],"relic_stats":{"counters":[10,48],"Whetstone":["Neutralize","Strike_G"],"obtain_stats":[{"Strawberry":9,"Whetstone":7,"Ring of the Snake":0},{"Strawberry":6,"Whetstone":6,"Ring of the Snake":0},{"Strawberry":29,"Whetstone":29,"Ring of the Snake":0}],"Ring of the Snake":[20]},"card_choices":[{"not_picked":["Slice","Calculated Gamble"],"picked":"Infinite Blades","floor":1},{"not_picked":["PiercingWail","Leg Sweep","Acrobatics"],"picked":"SKIP","floor":2},{"not_picked":["Terror","Backstab"],"picked":"Deflect","floor":3},{"not_picked":["Malaise","Prepared"],"picked":"Flying Knee","floor":4},{"not_picked":["Eviscerate","Underhanded Strike"],"picked":"Riddle With Holes","floor":5},{"not_picked":["After Image","Backflip"],"picked":"Deadly Poison","floor":7},{"not_picked":["Distraction","Quick Slash"],"picked":"Bouncing Flask","floor":10},{"not_picked":["Dagger Throw","Escape Plan"],"picked":"Outmaneuver","floor":11},{"not_picked":["Dagger Throw","Deflect"],"picked":"Backstab","floor":13}],"player_experience":57877,"relics_obtained":[{"floor":7,"key":"Whetstone"},{"floor":9,"key":"Strawberry"}],"event_choices":[{"cards_removed":["Defend_G"],"damage_healed":0,"gold_gain":0,"player_choice":"Card Removal","damage_taken":0,"max_hp_gain":0,"max_hp_loss":0,"event_name":"Wheel of Change","floor":14,"gold_loss":0}],"is_beta":false,"boss_relics":[],"items_purged_floors":[],"is_endless":false,"potions_floor_spawned":[2,3,11,13],"killed_by":"Slime Boss","ascension_level":0}}