{"host":"nptej036rrbiurf5","time":1614308260,"event":{"mods":["BaseMod","Colored Map","Colored Powertips","DeckTracker","Minty Spire (QoL Compilation)","StSLib","SuperFastMode"],"gold_per_floor":[113,113,128,128,178,178,212,212,212,212,243,263,16,60,60,156,156,179,229,93,143,143,184,184,227,304,328,1,1,25,25,25,121,121,146,170,170,183,183,183,183],"floor_reached":40,"language":"KOR","playtime":995,"items_purged":["Strike_B","Defend_B"],"score":1026,"play_id":"8f3ceb51-ca5b-43d1-a42e-f95d31171bb0","local_time":"20210226115740","is_ascension_mode":true,"campfire_choices":[{"data":"Electrodynamics","floor":6.0,"key":"SMITH"},{"data":"Reinforced Body","floor":8.0,"key":"SMITH"},{"data":"Zap","floor":10.0,"key":"SMITH"},{"data":"Dualcast","floor":15.0,"key":"SMITH"},{"data":"Biased Cognition","floor":24,"key":"SMITH"},{"data":"Capacitor","floor":32,"key":"SMITH"}],"circlet_count":0,"master_deck":["AscendersBane","Defend_B","Defend_B","Defend_B","Zap+1","Dualcast+1","Ball Lightning+1","Self Repair","Electrodynamics+1","Reinforced Body+1","Go for the Eyes+1","Genetic Algorithm","Echo Form","Consume","Glacier","Biased Cognition+1","Turbo","Capacitor+1","Echo Form","Madness","Madness"],"relics":["Cracked Core","NeowsBlessing","Golden Idol","Centennial Puzzle","Oddly Smooth Stone","Vajra","Art of War","Akabeko","Empty Cage","White Beast Statue","Whetstone","Bottled Lightning","Lizard Tail","Philosopher\u0027s Stone"],"acts_visited":["Exordium","TheCity","TheBeyond"],"potions_floor_usage":[25,33],"damage_taken":[{"damage":0.0,"enemies":"Cultist","floor":1.0,"turns":1.0},{"damage":0.0,"enemies":"Jaw Worm","floor":3.0,"turns":1.0},{"damage":0.0,"enemies":"Lagavulin","floor":7.0,"turns":1.0},{"damage":10.0,"enemies":"3 Sentries","floor":11.0,"turns":2.0},{"damage":0.0,"enemies":"Small Slimes","floor":12.0,"turns":2.0},{"damage":14.0,"enemies":"Lagavulin","floor":14.0,"turns":6.0},{"damage":0.0,"enemies":"The Guardian","floor":16.0,"turns":12.0},{"damage":0.0,"enemies":"3 Byrds","floor":18.0,"turns":1.0},{"damage":12,"enemies":"Gremlin Leader","floor":23,"turns":6},{"damage":3,"enemies":"Slavers","floor":25,"turns":2},{"damage":2,"enemies":"Shell Parasite","floor":27,"turns":4},{"damage":9,"enemies":"Centurion and Healer","floor":30,"turns":2},{"damage":10,"enemies":"Champ","floor":33,"turns":8},{"damage":3,"enemies":"Orb Walker","floor":35,"turns":5},{"damage":14,"enemies":"3 Darklings","floor":36,"turns":2},{"damage":25,"enemies":"Spire Growth","floor":38,"turns":5},{"damage":97,"enemies":"Reptomancer","floor":40,"turns":5}],"seed_played":"-3961209199788833142","potions_obtained":[{"floor":3.0,"key":"Regen Potion"},{"floor":7.0,"key":"Strength Potion"},{"floor":18.0,"key":"ColorlessPotion"},{"floor":25,"key":"FocusPotion"},{"floor":27,"key":"FocusPotion"},{"floor":33,"key":"Dexterity Potion"},{"floor":35,"key":"PotionOfCapacity"}],"is_trial":false,"path_per_floor":["M","?","M","?","?","R","E","R","T","R","E","M","$","E","R","B",null,"M","?","$","?","T","E","R","E","T","M","$","?","M","?","R","B",null,"M","M","?","M","?","E"],"character_chosen":"DEFECT","items_purchased":["Art of War","Glacier","Lizard Tail"],"campfire_rested":0,"item_purchase_floors":[13,20,28],"current_hp_per_floor":[64,64,64,64,64,64,64,64,64,64,61,64,64,57,57,64,64,64,64,64,64,64,64,64,61,61,64,64,64,62,62,62,59,63,64,50,50,39,27,0,0],"gold":183,"neow_bonus":"THREE_ENEMY_KILL","is_daily":false,"chose_seed":false,"campfire_upgraded":6,"win_rate":0.0,"timestamp":1614308260,"path_taken":["M","?","M","?","?","R","E","R","T","R","E","?","?","E","R","BOSS","M","?","?","?","?","E","R","E","T","M","$","?","M","?","R","BOSS","M","M","?","M","?","E"],"items_purchased_type":["Relic","Card","Relic"],"build_version":"2020-12-22","purchased_purges":2,"victory":false,"max_hp_per_floor":[71,64,64,64,64,64,64,64,64,64,64,64,64,64,64,64,64,64,64,64,64,64,64,64,64,64,64,64,64,64,64,64,64,64,64,64,64,64,64,64,64],"card_choices":[{"not_picked":["Turbo","Steam"],"picked":"Ball Lightning","floor":1.0},{"not_picked":["Gash","Steam"],"picked":"Self Repair","floor":3.0},{"not_picked":["Hello World","White Noise"],"picked":"Reinforced Body","floor":7.0},{"not_picked":["Sunder","Hologram"],"picked":"Go for the Eyes","floor":11.0},{"not_picked":["Beam Cell","Rainbow","Hologram"],"picked":"SKIP","floor":12.0},{"not_picked":["Redo","Rip and Tear"],"picked":"Genetic Algorithm","floor":14.0},{"not_picked":["Meteor Strike","Creative AI"],"picked":"Echo Form","floor":16.0},{"not_picked":["Chill","Rebound+1"],"picked":"Consume","floor":18.0},{"not_picked":["Ball Lightning","Glacier"],"picked":"Biased Cognition","floor":23},{"not_picked":["Barrage","Chaos"],"picked":"Turbo","floor":25},{"not_picked":["Gash","Beam Cell","Compile Driver"],"picked":"SKIP","floor":27},{"not_picked":["Cold Snap","Compile Driver","Glacier"],"picked":"SKIP","floor":30},{"not_picked":["Cold Snap","Compile Driver","Glacier"],"picked":"SKIP","floor":30},{"not_picked":["Electrodynamics","Amplify"],"picked":"Echo Form","floor":33},{"not_picked":["Gash+1","Ball Lightning","Auto Shields"],"picked":"SKIP","floor":35},{"not_picked":["Loop+1","Conserve Battery","Steam"],"picked":"SKIP","floor":36},{"not_picked":["Loop+1","Conserve Battery","Steam"],"picked":"SKIP","floor":36},{"not_picked":["Beam Cell+1","Turbo","Conserve Battery"],"picked":"SKIP","floor":38}],"player_experience":1036852,"relics_obtained":[{"floor":7.0,"key":"Centennial Puzzle"},{"floor":9.0,"key":"Oddly Smooth Stone"},{"floor":11.0,"key":"Vajra"},{"floor":14.0,"key":"Akabeko"},{"floor":22,"key":"White Beast Statue"},{"floor":23,"key":"Whetstone"},{"floor":25,"key":"Bottled Lightning"}],"event_choices":[{"damage_healed":0.0,"max_hp_gain":0.0,"max_hp_loss":7.0,"gold_gain":0.0,"event_name":"Golden Idol","player_choice":"Lose Max HP","floor":2.0,"gold_loss":0.0,"damage_taken":0.0,"relics_obtained":["Golden Idol"]},{"damage_healed":0.0,"max_hp_gain":0.0,"max_hp_loss":0.0,"gold_gain":0.0,"cards_transformed":["Strike_B"],"event_name":"Living Wall","player_choice":"Change","floor":4.0,"gold_loss":0.0,"damage_taken":0.0,"cards_obtained":["Electrodynamics"]},{"damage_healed":0.0,"max_hp_gain":0.0,"max_hp_loss":0.0,"gold_gain":50.0,"event_name":"Golden Shrine","player_choice":"Pray","floor":5.0,"gold_loss":0.0,"damage_taken":0.0},{"damage_healed":0,"gold_gain":100,"player_choice":"Bet on Murderer","damage_taken":0,"max_hp_gain":0,"max_hp_loss":0,"event_name":"The Joust","floor":19,"gold_loss":50},{"damage_healed":0,"gold_gain":50,"player_choice":"Stole From Cult","damage_taken":0,"max_hp_gain":0,"max_hp_loss":0,"event_name":"Nest","floor":21,"gold_loss":0},{"damage_healed":0,"gold_gain":0,"player_choice":"Read","damage_taken":0,"max_hp_gain":0,"max_hp_loss":0,"event_name":"The Library","floor":29,"gold_loss":0,"cards_obtained":["Capacitor"]},{"damage_healed":0,"gold_gain":0,"player_choice":"Ignored","damage_taken":0,"max_hp_gain":0,"max_hp_loss":0,"event_name":"Tomb of Lord Red Mask","floor":37,"gold_loss":0},{"damage_healed":0,"gold_gain":0,"player_choice":"Embrace Madness","damage_taken":12,"max_hp_gain":0,"max_hp_loss":0,"event_name":"Winding Halls","floor":39,"gold_loss":0,"cards_obtained":["Madness","Madness"]}],"is_beta":false,"boss_relics":[{"not_picked":["Calling Bell","Cursed Key"],"picked":"Empty Cage"},{"not_picked":["Black Star","Snecko Eye"],"picked":"Philosopher\u0027s Stone"}],"items_purged_floors":[13,20],"is_endless":false,"potions_floor_spawned":[3,7,12,18,23,25,27,30,33,35,36,38],"killed_by":"Reptomancer","ascension_level":20}}