{"host":"i0avyit1s6jb1siw","time":1614370825,"event":{"mods":["BaseMod","DeckTracker","Dota2Spire","Minty Spire (QoL Compilation)","Quick Restart","StSLib","SuperFastMode"],"gold_per_floor":[111,111,186,146,166,193,193,226,275,324,324,335,345,395,157,157,235,235,247,267,277,121,139,149,149,182,201,201,201,201,201,230,257,286,297,297,373,373,373,449,449,461,486,486,261,281,307,307,335,359,383,415,457,457,521,521,592,605,605,605,635,665,665,665,345,410,440],"floor_reached":68,"language":"ENG","playtime":2677,"items_purged":["Strike_G","Strike_G+1","A Thousand Cuts","Poisoned Stab"],"score":4019,"play_id":"84c408bd-6d89-4c40-aac7-3c1d87f76d6e","local_time":"20210226212025","is_ascension_mode":true,"campfire_choices":[{"data":"Predator","floor":7.0,"key":"SMITH"},{"floor":11.0,"key":"REST"},{"data":"Deadly Poison","floor":16.0,"key":"SMITH"},{"data":"A Thousand Cuts","floor":25.0,"key":"SMITH"},{"floor":29.0,"key":"REST"},{"data":"Acrobatics","floor":31.0,"key":"SMITH"},{"floor":36.0,"key":"REST"},{"floor":39.0,"key":"REST"},{"data":"A Thousand Cuts","floor":48,"key":"SMITH"},{"data":"Wraith Form v2","floor":54,"key":"SMITH"},{"floor":59,"key":"RECALL"},{"data":"Calculated Gamble","floor":60,"key":"SMITH"},{"data":"Reflex","floor":64,"key":"SMITH"}],"circlet_count":0,"master_deck":["AscendersBane","Survivor","Neutralize","Predator+1","Dash","Blade Dance","Cloak And Dagger","Dagger Throw","Deadly Poison+1","Tactician+1","Caltrops+1","PiercingWail+1","Acrobatics+1","Cloak And Dagger+1","Backflip","Blur","Reflex+1","Outmaneuver","Wraith Form v2+1","Quick Slash","A Thousand Cuts+1","Calculated Gamble+1","Leg Sweep","Prepared+1","Calculated Gamble+1","Concentrate","Purity"],"relics":["SacredBark","Dota2Spire:UrnOfShadows","Dota2Spire:LinkenSphere","Dota2Spire:Vanguard","Dota2Spire:DrumOfEndurance","Potion Belt","Astrolabe","Kunai","MealTicket","Blood Vial","Lizard Tail","Dota2Spire:Bloodstone","Pandora\u0027s Box","Tingsha","CeramicFish","Membership Card","InkBottle","Dota2Spire:PhaseBoots","Dota2Spire:LotusOrb","Dota2Spire:HandOfMidas","Bag of Marbles","TungstenRod","Dota2Spire:BladeMail","Oddly Smooth Stone","Snake Skull"],"acts_visited":["TheCity","TheBeyond","TheEnding"],"potions_floor_usage":[47,49,67,67],"damage_taken":[{"damage":3.0,"enemies":"Cultist","floor":1.0,"turns":5.0},{"damage":2.0,"enemies":"Small Slimes","floor":5.0,"turns":4.0},{"damage":1.0,"enemies":"Gremlin Nob","floor":6.0,"turns":4.0},{"damage":17.0,"enemies":"3 Sentries","floor":8.0,"turns":10.0},{"damage":0.0,"enemies":"Jaw Worm","floor":12.0,"turns":3.0},{"damage":0.0,"enemies":"Exordium Wildlife","floor":13.0,"turns":3.0},{"damage":8.0,"enemies":"The Guardian","floor":17.0,"turns":10.0},{"damage":10.0,"enemies":"Shell Parasite","floor":19.0,"turns":6.0},{"damage":5.0,"enemies":"Chosen","floor":20.0,"turns":5.0},{"damage":11.0,"enemies":"Sentry and Sphere","floor":21.0,"turns":7.0},{"damage":7.0,"enemies":"Centurion and Healer","floor":23.0,"turns":9.0},{"damage":0.0,"enemies":"Chosen and Byrds","floor":24.0,"turns":5.0},{"damage":16.0,"enemies":"Book of Stabbing","floor":26.0,"turns":5.0},{"damage":9.0,"enemies":"Shelled Parasite and Fungi","floor":27.0,"turns":7.0},{"damage":24.0,"enemies":"Slavers","floor":32.0,"turns":3.0},{"damage":0.0,"enemies":"Gremlin Leader","floor":34.0,"turns":7.0},{"damage":8.0,"enemies":"Sentry and Sphere","floor":35.0,"turns":6.0},{"damage":42.0,"enemies":"Automaton","floor":37.0,"turns":14.0},{"damage":19.0,"enemies":"Automaton","floor":40.0,"turns":12.0},{"damage":18,"enemies":"Orb Walker","floor":42,"turns":3},{"damage":1,"enemies":"Mind Bloom Boss Battle","floor":43,"turns":7},{"damage":0,"enemies":"3 Shapes","floor":46,"turns":4},{"damage":0,"enemies":"Reptomancer","floor":47,"turns":8},{"damage":6,"enemies":"Transient","floor":49,"turns":6},{"damage":0,"enemies":"Giant Head","floor":52,"turns":7},{"damage":0,"enemies":"4 Shapes","floor":53,"turns":4},{"damage":0,"enemies":"Nemesis","floor":55,"turns":6},{"damage":2,"enemies":"Giant Head","floor":57,"turns":6},{"damage":0,"enemies":"Jaw Worm Horde","floor":58,"turns":3},{"damage":22,"enemies":"Donu and Deca","floor":61,"turns":5},{"damage":0,"enemies":"Awakened One","floor":62,"turns":8},{"damage":0,"enemies":"Shield and Spear","floor":66,"turns":5},{"damage":31,"enemies":"The Heart","floor":67,"turns":6}],"seed_played":"-7513189333497155312","potions_obtained":[{"floor":1.0,"key":"BlessingOfTheForge"},{"floor":4.0,"key":"DuplicationPotion"},{"floor":4.0,"key":"GhostInAJar"},{"floor":6.0,"key":"LiquidMemories"},{"floor":13.0,"key":"AttackPotion"},{"floor":19.0,"key":"GamblersBrew"},{"floor":20.0,"key":"SpeedPotion"},{"floor":23.0,"key":"Explosive Potion"},{"floor":26.0,"key":"DuplicationPotion"},{"floor":34.0,"key":"SneckoOil"},{"floor":37.0,"key":"AttackPotion"},{"floor":40.0,"key":"PowerPotion"},{"floor":42,"key":"Fruit Juice"},{"floor":43,"key":"Regen Potion"},{"floor":47,"key":"CunningPotion"},{"floor":49,"key":"DuplicationPotion"}],"is_trial":false,"path_per_floor":["M","?","?","?","M","E","R","E","T","T","R","M","M","?","$","R","B",null,"M","M","M","$","M","M","R","E","M","?","R","T","R","E","T","E","M","R","B",null,"R","B",null,"M","?","?","$","M","E","R","M","T","T","E","M","R","E","?","E","M","R","R","B","B",null,"R","$","E","B",null],"character_chosen":"THE_SILENT","items_purchased":["Potion Belt","Strength Potion","Membership Card","Dota2Spire:BladeMail","Oddly Smooth Stone","Concentrate","Purity"],"campfire_rested":4,"item_purchase_floors":[15,22,45,65,65,65,65],"current_hp_per_floor":[56,36,25,25,23,22,22,11,11,11,30,30,30,30,30,30,28,57,53,48,37,37,30,30,30,20,11,11,30,30,30,9,9,17,17,36,8,8,27,16,54,38,39,39,54,56,68,68,70,70,70,72,74,74,76,76,74,76,76,76,54,56,71,71,76,76,51],"gold":440,"neow_bonus":"BOSS_RELIC","is_daily":false,"chose_seed":false,"campfire_upgraded":8,"win_rate":0.0,"timestamp":1614370825,"path_taken":["M","?","?","?","?","E","R","E","T","T","R","M","M","?","$","R","BOSS","M","M","?","$","M","M","R","E","M","?","R","T","R","E","?","E","?","R","BOSS","R","BOSS","M","?","?","$","M","E","R","?","T","T","E","M","R","E","?","E","M","R","R","BOSS","BOSS","R","$","E","BOSS"],"items_purchased_type":["Relic","Potion","Relic","Relic","Relic","Card","Card"],"build_version":"2020-12-22","purchased_purges":4,"victory":true,"max_hp_per_floor":[66,66,66,66,66,66,66,66,66,66,66,66,66,66,66,66,66,66,66,66,66,66,66,66,66,66,66,66,66,66,66,66,66,66,66,66,66,66,66,66,66,66,66,66,66,66,76,76,76,76,76,76,76,76,76,76,76,76,76,76,76,76,76,76,76,76,76],"card_choices":[{"not_picked":["Backflip","Flying Knee"],"picked":"Predator","floor":1.0},{"not_picked":["Blade Dance","Prepared"],"picked":"Dash","floor":5.0},{"not_picked":["Finisher","Wraith Form v2"],"picked":"Blade Dance","floor":6.0},{"not_picked":["Underhanded Strike","Finisher"],"picked":"Cloak And Dagger","floor":8.0},{"not_picked":["Concentrate","Acrobatics"],"picked":"Dagger Throw","floor":12.0},{"not_picked":["Quick Slash","Riddle With Holes"],"picked":"Deadly Poison","floor":13.0},{"not_picked":["Envenom","Tools of the Trade"],"picked":"A Thousand Cuts","floor":17.0},{"not_picked":["Predator","Dodge and Roll","Flying Knee"],"picked":"SKIP","floor":19.0},{"not_picked":["Slice","Quick Slash"],"picked":"PiercingWail+1","floor":20.0},{"not_picked":["Masterful Stab","Eviscerate+1"],"picked":"Acrobatics","floor":21.0},{"not_picked":["Deadly Poison+1","Blade Dance"],"picked":"Cloak And Dagger+1","floor":23.0},{"not_picked":["Dodge and Roll+1","Backstab"],"picked":"Backflip","floor":24.0},{"not_picked":["Slice","Prepared","Sucker Punch"],"picked":"SKIP","floor":26.0},{"not_picked":["Dodge and Roll","All Out Attack","Flying Knee"],"picked":"SKIP","floor":27.0},{"not_picked":["Choke","Riddle With Holes+1"],"picked":"Blur","floor":32.0},{"not_picked":["Cloak And Dagger","Outmaneuver"],"picked":"Reflex","floor":34.0},{"not_picked":["Dash","Flying Knee","Outmaneuver"],"picked":"SKIP","floor":35.0},{"not_picked":["Dash","Flying Knee"],"picked":"Outmaneuver","floor":35.0},{"not_picked":["Tools of the Trade","Grand Finale"],"picked":"Wraith Form v2","floor":40.0},{"not_picked":["Quick Slash","Dagger Spray"],"picked":"Leg Sweep","floor":42},{"not_picked":["Acrobatics","Endless Agony","Cloak And Dagger"],"picked":"SKIP","floor":46},{"not_picked":["Bane","Deflect","Endless Agony"],"picked":"SKIP","floor":47},{"not_picked":["Night Terror","Acrobatics"],"picked":"Prepared+1","floor":49},{"not_picked":["Skewer+1","Dodge and Roll","Doppelganger"],"picked":"SKIP","floor":52},{"not_picked":["Dash+1","Infinite Blades","Footwork+1"],"picked":"SKIP","floor":53},{"not_picked":["Dagger Spray","Reflex","Unload"],"picked":"SKIP","floor":55},{"not_picked":["Bane","Underhanded Strike"],"picked":"Calculated Gamble+1","floor":57},{"not_picked":["Slice","Cloak And Dagger","Crippling Poison"],"picked":"SKIP","floor":58},{"not_picked":["Underhanded Strike+1","Footwork","Sucker Punch"],"picked":"SKIP","floor":66}],"player_experience":2524590,"relics_obtained":[{"floor":6.0,"key":"Dota2Spire:UrnOfShadows"},{"floor":8.0,"key":"Dota2Spire:LinkenSphere"},{"floor":9.0,"key":"Dota2Spire:Vanguard"},{"floor":10.0,"key":"Dota2Spire:DrumOfEndurance"},{"floor":26.0,"key":"Kunai"},{"floor":32.0,"key":"MealTicket"},{"floor":33.0,"key":"Blood Vial"},{"floor":34.0,"key":"Lizard Tail"},{"floor":43,"key":"Tingsha"},{"floor":47,"key":"InkBottle"},{"floor":50,"key":"Dota2Spire:PhaseBoots"},{"floor":51,"key":"Dota2Spire:LotusOrb"},{"floor":52,"key":"Dota2Spire:HandOfMidas"},{"floor":55,"key":"Bag of Marbles"},{"floor":57,"key":"TungstenRod"},{"floor":66,"key":"Snake Skull"}],"event_choices":[{"damage_healed":0.0,"max_hp_gain":0.0,"max_hp_loss":0.0,"gold_gain":0.0,"event_name":"Shining Light","player_choice":"Entered Light","floor":2.0,"gold_loss":0.0,"damage_taken":20.0,"cards_upgraded":["Strike_G","Strike_G"]},{"damage_healed":0.0,"max_hp_gain":0.0,"max_hp_loss":0.0,"gold_gain":75.0,"event_name":"World of Goop","player_choice":"Gather Gold","floor":3.0,"gold_loss":0.0,"damage_taken":11.0},{"damage_healed":0.0,"max_hp_gain":0.0,"max_hp_loss":0.0,"gold_gain":0.0,"event_name":"The Woman in Blue","player_choice":"Bought 3 Potions","floor":4.0,"gold_loss":0.0,"damage_taken":0.0},{"damage_healed":0.0,"max_hp_gain":0.0,"max_hp_loss":0.0,"gold_gain":50.0,"event_name":"Golden Shrine","player_choice":"Pray","floor":14.0,"gold_loss":0.0,"damage_taken":0.0},{"damage_healed":0.0,"max_hp_gain":0.0,"max_hp_loss":0.0,"gold_gain":0.0,"event_name":"Ghosts","player_choice":"Ignored","floor":28.0,"gold_loss":0.0,"damage_taken":0.0},{"damage_healed":0,"gold_gain":0,"player_choice":"Fight","damage_taken":0,"max_hp_gain":0,"max_hp_loss":0,"event_name":"MindBloom","floor":43,"gold_loss":0},{"cards_removed":["A Thousand Cuts"],"damage_healed":0,"gold_gain":0,"player_choice":"Gave Card","damage_taken":0,"relics_obtained":["CeramicFish"],"max_hp_gain":0,"max_hp_loss":0,"event_name":"WeMeetAgain","floor":44,"gold_loss":0},{"cards_removed":["Backstab"],"damage_healed":0,"gold_gain":0,"player_choice":"Purged","damage_taken":0,"max_hp_gain":0,"max_hp_loss":0,"event_name":"Purifier","floor":56,"gold_loss":0}],"is_beta":false,"boss_relics":[{"not_picked":["HoveringKite","Black Star"],"picked":"Astrolabe"},{"not_picked":["Runic Pyramid","SlaversCollar"],"picked":"Dota2Spire:Bloodstone"},{"not_picked":["Runic Dome","Busted Crown"],"picked":"Pandora\u0027s Box"}],"items_purged_floors":[15,22,45,65],"is_endless":false,"potions_floor_spawned":[1,6,13,19,20,23,26,34,37,40,42,43,47,49,57,66],"ascension_level":20}}