{"host":"9qgbal69wq5palas","time":1614375755,"event":{"mods":["2.2 Compatiblity","Abigail Mod","AchievementEnabler","Act Like it!","Aspiration","Astrologer","Bartender","BaseMod","Better Altar","Better Note","Better Skull","Better Third Choice","Colored Powertips","Hallownest","Hermit","Highlight Path","Hubris","Infinite Spire","Jorbs\u0027s Wanderer Trilogy","Koishi","Lobotomy","Minty Spire (QoL Compilation)","Potionbrewer","Quick Restart","Random Character Button","Replay The Spire","Shade Mod","Shop Mod","Spicy Shops","StSLib","The Animator","The Bug Knight","The Cursed","The Disciple","The Exalted","The Hierophant","The Necromancer","The Servant 0.9.4","Wandering Minibosses"],"gold_per_floor":[111,122,122,122,139,171,171,197,224,236,236,261,261,149,149,149,149],"floor_reached":16,"language":"ENG","playtime":1220,"items_purged":["AbbyMod:Ab_Defend"],"score":160,"play_id":"248bb844-5934-4cae-a579-438e9711fb89","local_time":"20210226224235","is_ascension_mode":true,"campfire_choices":[{"data":"AbbyMod:ConsumeFlesh","floor":7.0,"key":"SMITH"},{"data":"infinitespire:SevenWalls","floor":13.0,"key":"SMITH"},{"data":"AbbyMod:AdultWords","floor":15.0,"key":"SMITH"}],"circlet_count":0,"master_deck":["AbbyMod:Ab_Strike","AbbyMod:Ab_Strike","AbbyMod:Ab_Strike","AbbyMod:Ab_Strike","AbbyMod:Ab_Defend","AbbyMod:Ab_Defend","AbbyMod:FleetingSanity","AbbyMod:ForeheadBeam","AbbyMod:Ab_SwirlOfMadness","infinitespire:SevenWalls+1","AbbyMod:ConsumeFlesh+1","AbbyMod:TeddyBear","AbbyMod:PowerGamer","AbbyMod:AdultWords+1","AbbyMod:FlyingMascot","AbbyMod:Kuroboshi"],"relics":["AbbyMod:Salem_Diary","NeowsBlessing","potionbrewer:Torch","Nunchaku","Cleaning_Rag","Pet Ghost"],"acts_visited":["Exordium"],"potions_floor_usage":[],"damage_taken":[{"damage":0.0,"enemies":"Cultist","floor":1.0,"turns":1.0},{"damage":0.0,"enemies":"2 Louse","floor":2.0,"turns":1.0},{"damage":0.0,"enemies":"Jaw Worm","floor":5.0,"turns":1.0},{"damage":0.0,"enemies":"Gremlin Nob","floor":6.0,"turns":5.0},{"damage":11.0,"enemies":"Lagavulin","floor":8.0,"turns":9.0},{"damage":1.0,"enemies":"Looter","floor":10.0,"turns":4.0},{"damage":4.0,"enemies":"Gremlin Gang","floor":11.0,"turns":6.0},{"damage":12.0,"enemies":"3 Sentries","floor":12.0,"turns":7.0},{"damage":0,"enemies":"The Guardian","floor":16,"turns":1}],"seed_played":"-5187469317410320659","potions_obtained":[{"floor":8.0,"key":"AttackPotion"},{"floor":10.0,"key":"Energy Potion"},{"floor":11.0,"key":"Strength Potion"}],"is_trial":false,"path_per_floor":["M","M","?","?","M","E","R","E","T","M","M","E","R","$","R","B"],"character_chosen":"Ab_Foreigner","items_purchased":["AbbyMod:Kuroboshi"],"campfire_rested":0,"item_purchase_floors":[14],"current_hp_per_floor":[60,60,44,50,50,50,50,41,41,52,50,50,50,50,50,50,50],"gold":149,"neow_bonus":"THREE_ENEMY_KILL","is_daily":false,"chose_seed":false,"campfire_upgraded":3,"win_rate":0.0,"timestamp":1614375755,"path_taken":["M","M","?","?","M","E","R","E","T","M","M","E","R","$","R","BOSS"],"items_purchased_type":["Card"],"build_version":"2020-12-22","purchased_purges":1,"victory":false,"max_hp_per_floor":[60,60,60,60,60,60,60,62,62,64,66,68,68,68,68,68,68],"card_choices":[{"not_picked":["AbbyMod:LiftSkirt","AbbyMod:CloneArmy"],"picked":"AbbyMod:Ab_SwirlOfMadness","floor":1.0},{"not_picked":["AbbyMod:PapaProtection","AbbyMod:Kinoko","AbbyMod:Dabigail"],"picked":"SKIP","floor":2.0},{"not_picked":["ReplayTheSpireMod:??????????????????????","infinitespire:Gouge"],"picked":"infinitespire:SevenWalls","floor":3.0},{"not_picked":["AbbyMod:Memocide","AbbyMod:SuperMuscular","AbbyMod:LossOfSanity"],"picked":"SKIP","floor":5.0},{"not_picked":["AbbyMod:SavingThrow","AbbyMod:PantyShot"],"picked":"AbbyMod:ConsumeFlesh","floor":6.0},{"not_picked":["AbbyMod:ChocoKey","AbbyMod:Dabigail"],"picked":"AbbyMod:TeddyBear","floor":8.0},{"not_picked":["AbbyMod:AceInTheHole","AbbyMod:RecklessSlam"],"picked":"AbbyMod:PowerGamer","floor":10.0},{"not_picked":["AbbyMod:CloneArmy","AbbyMod:ExposedCore"],"picked":"AbbyMod:AdultWords","floor":11.0},{"not_picked":["AbbyMod:CosmicSpark","AbbyMod:Ab_DarkestPact"],"picked":"AbbyMod:FlyingMascot","floor":12.0}],"player_experience":2821570,"relics_obtained":[{"floor":6.0,"key":"potionbrewer:Torch"},{"floor":8.0,"key":"Nunchaku"},{"floor":9.0,"key":"Cleaning_Rag"},{"floor":12.0,"key":"Pet Ghost"}],"event_choices":[],"is_beta":false,"boss_relics":[],"items_purged_floors":[14],"is_endless":false,"potions_floor_spawned":[8,10,11],"killed_by":"The Guardian","ascension_level":2}}