{"host":"0mk07bycsqo1qk03","time":1614328947,"event":{"mods":["BaseMod","Downfall","Hermit","Hubris","Minty Spire (QoL Compilation)","Reliquary","Replay The Spire","Spicy Shops","Spire Arcade","StSLib","The Hierophant"],"gold_per_floor":[119,44,44,44,44,44,55,55,80,90,90,90,110,127,127,154,154,233,233,247,258,258,277,74,74,74,74],"floor_reached":26,"language":"ENG","playtime":778,"items_purged":["Clumsy"],"score":425,"play_id":"bd387764-6ee8-403f-a35f-f50b45e74eb3","local_time":"20210226094227","is_ascension_mode":true,"campfire_choices":[{"data":"Draining Mist","floor":8,"key":"SMITH"},{"data":"Blade Dance","floor":12,"key":"SMITH"},{"data":"ReplayTheSpireMod:Shiv Toss","floor":17,"key":"SMITH"}],"circlet_count":0,"master_deck":["AscendersBane","Strike_G","Strike_G","Strike_G","Strike_G","Defend_G","Defend_G","Defend_G","Defend_G","Survivor","Neutralize","Flying Knee","Neutralize","Draining Mist+1","Blade Dance+1","Caltrops+1","Escape Plan","Acrobatics","ReplayTheSpireMod:Shiv Toss+1","Die Die Die","Leg Sweep","Deflect+1","Tactician","Accuracy","Accuracy"],"relics":["Ring of the Snake","Vajra","Unceasing Top","sneckomod:BlankCard","WristBlade","Happy Flower"],"acts_visited":["Exordium","TheCity"],"potions_floor_usage":[21,25],"damage_taken":[{"damage":0,"enemies":"2 Louse","floor":1,"turns":3},{"damage":0,"enemies":"Jaw Worm","floor":7,"turns":4},{"damage":14,"enemies":"Lagavulin","floor":9,"turns":7},{"damage":0,"enemies":"Cultist","floor":10,"turns":2},{"damage":4,"enemies":"Exordium Wildlife","floor":13,"turns":3},{"damage":3,"enemies":"Looter","floor":14,"turns":3},{"damage":4,"enemies":"Replay:BlueRogue","floor":16,"turns":4},{"damage":56,"enemies":"Fading Forest","floor":18,"turns":11},{"damage":0,"enemies":"Spheric Guardian","floor":20,"turns":2},{"damage":4,"enemies":"3 Byrds","floor":21,"turns":1},{"damage":33,"enemies":"Snecko","floor":23,"turns":6},{"damage":14,"enemies":"Gremlin Leader","floor":25,"turns":8},{"damage":11,"enemies":"Centurion and Healer","floor":26,"turns":3}],"seed_played":"5388563132439766","potions_obtained":[{"floor":7,"key":"FairyPotion"},{"floor":9,"key":"Ancient Potion"},{"floor":18,"key":"Venom Potion"},{"floor":20,"key":"Explosive Potion"},{"floor":21,"key":"SmokeBomb"}],"is_trial":false,"path_per_floor":["M","?","?","$","PTL","PTL","M","R","E","M","T","R","M","M","?","E","R","B",null,"M","M","?","M","$","E","M"],"character_chosen":"THE_SILENT","items_purchased":["Accuracy","Happy Flower"],"campfire_rested":0,"item_purchase_floors":[24,24],"current_hp_per_floor":[59,59,59,59,59,59,59,59,45,45,45,45,41,38,43,39,39,21,59,59,55,55,22,22,8,0,0],"gold":74,"neow_bonus":"RANDOM_EVENT","is_daily":false,"chose_seed":false,"campfire_upgraded":3,"win_rate":0.0,"timestamp":1614328947,"path_taken":["M","?","?","$","PTL","PTL","?","R","E","M","T","R","M","M","?","E","R","BOSS","M","M","?","?","$","E","M"],"items_purchased_type":["Card","Relic"],"build_version":"2020-12-22","purchased_purges":1,"victory":false,"max_hp_per_floor":[66,66,66,66,66,66,66,66,66,66,66,66,66,66,71,71,71,71,71,71,71,71,71,71,71,71,71],"card_choices":[{"not_picked":["Hidden Blade","Dodge and Roll"],"picked":"Flying Knee","floor":1},{"not_picked":["Quick Slash","Dodge and Roll"],"picked":"Draining Mist","floor":7},{"not_picked":["Predator","Finisher"],"picked":"Blade Dance","floor":9},{"not_picked":["Prepared","Setup"],"picked":"Caltrops","floor":10},{"not_picked":["Underhanded Strike","Dodge and Roll"],"picked":"Escape Plan","floor":13},{"not_picked":["Prepared","ReplayTheSpireMod:The Works"],"picked":"Acrobatics","floor":14},{"not_picked":["Dodge and Roll","Quick Slash"],"picked":"ReplayTheSpireMod:Shiv Toss","floor":16},{"not_picked":["Envenom","Phantasmal Killer"],"picked":"Die Die Die","floor":18},{"not_picked":["ReplayTheSpireMod:Shiv Toss","Toxin Wave"],"picked":"Leg Sweep","floor":20},{"not_picked":["Underhanded Strike","Distraction"],"picked":"Deflect+1","floor":21},{"not_picked":["Endless Agony","Slice"],"picked":"Tactician","floor":23}],"player_experience":1074211,"relics_obtained":[{"floor":9,"key":"Vajra"},{"floor":11,"key":"Unceasing Top"},{"floor":16,"key":"sneckomod:BlankCard"}],"event_choices":[{"cards_removed":["Strike_G"],"damage_healed":0,"gold_gain":0,"player_choice":"Card Removal","damage_taken":0,"max_hp_gain":0,"max_hp_loss":0,"event_name":"The Cleric","floor":2,"gold_loss":75},{"damage_healed":0,"gold_gain":0,"player_choice":"1 cards matched","damage_taken":0,"max_hp_gain":0,"max_hp_loss":0,"event_name":"Match and Keep!","floor":3,"gold_loss":0,"cards_obtained":["Neutralize"]},{"damage_healed":0,"gold_gain":0,"player_choice":"Donut","damage_taken":0,"max_hp_gain":5,"max_hp_loss":0,"event_name":"Big Fish","floor":15,"gold_loss":0},{"damage_healed":0,"gold_gain":0,"player_choice":"Upgraded","damage_taken":0,"max_hp_gain":0,"max_hp_loss":0,"event_name":"Upgrade Shrine","floor":22,"gold_loss":0,"cards_upgraded":["Caltrops"]}],"is_beta":false,"boss_relics":[{"not_picked":["reliquary:KinkedSpring","hubris:RunicObelisk"],"picked":"WristBlade"}],"items_purged_floors":[24],"is_endless":false,"potions_floor_spawned":[7,9,13,18,20,21],"killed_by":"Centurion and Healer","ascension_level":16}}