{"host":"30jsp143e4v19aze","time":1614321990,"event":{"mods":["BaseMod","Colored Map","Colored Powertips","Curses Come First","DeckTracker","Highlight Path","Minty Spire (QoL Compilation)","Quick Restart","Relic Stats","StSLib","everything is the same but u backflip on backflip","slay the spire mod where everything is the same but ironclad has a cowboy hat"],"gold_per_floor":[113,35,35,310,323,361,361,375,375,404,404,419,419,450,450,540,540,555,555,555],"floor_reached":19,"language":"ENG","playtime":669,"items_purged":[],"score":400,"play_id":"4ea37a6b-3d0d-48df-90c4-812db5835e27","local_time":"20210226074630","is_ascension_mode":true,"campfire_choices":[{"data":"Inflame","floor":7,"key":"SMITH"},{"data":"Bash","floor":11,"key":"SMITH"},{"data":"True Grit","floor":13,"key":"SMITH"},{"data":"Disarm","floor":15,"key":"SMITH"}],"circlet_count":0,"master_deck":["AscendersBane","Strike_R","Strike_R","Strike_R","Strike_R","Strike_R","Defend_R","Defend_R","Defend_R","Defend_R","Bash+1","Battle Trance","Inflame+1","Regret","Sword Boomerang","Disarm+1","Battle Trance","Shrug It Off","True Grit+1","Burning Pact","Offering","Dark Embrace"],"relics":["Burning Blood","NeowsBlessing","Golden Idol","Incense Burner","HornCleat","Odd Mushroom","FossilizedHelix","Sozu"],"acts_visited":["Exordium","TheCity"],"potions_floor_usage":[14,16],"damage_taken":[{"damage":0,"enemies":"Cultist","floor":1,"turns":1},{"damage":0,"enemies":"2 Louse","floor":5,"turns":1},{"damage":0,"enemies":"Gremlin Nob","floor":6,"turns":1},{"damage":16,"enemies":"Jaw Worm","floor":8,"turns":4},{"damage":26,"enemies":"The Mushroom Lair","floor":10,"turns":4},{"damage":7,"enemies":"2 Fungi Beasts","floor":12,"turns":4},{"damage":20,"enemies":"3 Sentries","floor":14,"turns":10},{"damage":4,"enemies":"The Guardian","floor":16,"turns":12},{"damage":13,"enemies":"Spheric Guardian","floor":18,"turns":4},{"damage":54,"enemies":"Masked Bandits","floor":19,"turns":3}],"seed_played":"829596315771390410","potions_obtained":[{"floor":8,"key":"GamblersBrew"},{"floor":10,"key":"ColorlessPotion"},{"floor":12,"key":"CultistPotion"},{"floor":16,"key":"Dexterity Potion"}],"is_trial":false,"path_per_floor":["M","$","?","?","M","E","R","M","T","?","R","M","R","E","R","B",null,"M","?"],"character_chosen":"IRONCLAD","items_purchased":["Inflame"],"campfire_rested":0,"item_purchase_floors":[2],"current_hp_per_floor":[74,74,48,48,54,60,60,50,50,30,30,29,29,15,15,17,61,54,0,0],"gold":555,"neow_bonus":"THREE_ENEMY_KILL","is_daily":false,"chose_seed":false,"campfire_upgraded":4,"win_rate":0.0,"timestamp":1614321990,"path_taken":["M","$","?","?","M","E","R","?","T","?","R","M","R","E","R","BOSS","M","?"],"items_purchased_type":["Card"],"build_version":"2020-12-22","purchased_purges":0,"victory":false,"max_hp_per_floor":[75,75,75,75,75,75,75,75,75,75,75,75,75,75,75,75,75,75,75,75],"relic_stats":{"Sozu":0,"counters":[10,44],"Golden Idol":58,"obtain_stats":[{"Sozu":17,"HornCleat":9,"NeowsBlessing":0,"Golden Idol":3,"Incense Burner":6,"Odd Mushroom":10,"Burning Blood":0,"FossilizedHelix":14},{"Sozu":8,"HornCleat":4,"NeowsBlessing":0,"Golden Idol":1,"Incense Burner":3,"Odd Mushroom":5,"Burning Blood":0,"FossilizedHelix":7},{"Sozu":37,"HornCleat":7,"NeowsBlessing":0,"Golden Idol":1,"Incense Burner":3,"Odd Mushroom":11,"Burning Blood":0,"FossilizedHelix":25}],"Burning Blood":54},"card_choices":[{"not_picked":["Clothesline","Havoc"],"picked":"Battle Trance","floor":1},{"not_picked":["Ghostly Armor","Perfected Strike"],"picked":"Sword Boomerang","floor":5},{"not_picked":["Infernal Blade","Armaments"],"picked":"Disarm","floor":6},{"not_picked":["Intimidate","Second Wind"],"picked":"Battle Trance","floor":8},{"not_picked":["Dark Embrace","Clash"],"picked":"Shrug It Off","floor":10},{"not_picked":["Sever Soul","Havoc"],"picked":"True Grit","floor":12},{"not_picked":["Thunderclap","Wild Strike"],"picked":"Burning Pact","floor":14},{"not_picked":["Bludgeon","Reaper"],"picked":"Offering","floor":16},{"not_picked":["Wild Strike","Warcry"],"picked":"Dark Embrace","floor":18}],"player_experience":3304399,"relics_obtained":[{"floor":6,"key":"Incense Burner"},{"floor":9,"key":"HornCleat"},{"floor":10,"key":"Odd Mushroom"},{"floor":14,"key":"FossilizedHelix"}],"event_choices":[{"damage_healed":0,"gold_gain":0,"player_choice":"Take Damage","damage_taken":26,"relics_obtained":["Golden Idol"],"max_hp_gain":0,"max_hp_loss":0,"event_name":"Golden Idol","floor":3,"gold_loss":0},{"damage_healed":0,"gold_gain":275,"player_choice":"Desecrate","damage_taken":0,"max_hp_gain":0,"max_hp_loss":0,"event_name":"Golden Shrine","floor":4,"gold_loss":0,"cards_obtained":["Regret"]},{"damage_healed":0,"gold_gain":0,"player_choice":"Fought Mushrooms","damage_taken":0,"max_hp_gain":0,"max_hp_loss":0,"event_name":"Mushrooms","floor":10,"gold_loss":0},{"damage_healed":0,"gold_gain":0,"player_choice":"Fought Bandits","damage_taken":0,"max_hp_gain":0,"max_hp_loss":0,"event_name":"Masked Bandits","floor":19,"gold_loss":0}],"is_beta":false,"boss_relics":[{"not_picked":["Calling Bell","Philosopher\u0027s Stone"],"picked":"Sozu"}],"items_purged_floors":[],"is_endless":false,"potions_floor_spawned":[8,10,12,16],"killed_by":"Masked Bandits","ascension_level":20}}