{"host":"v86vpwf004p2esb7","time":1614322212,"event":{"mods":["AchievementEnabler","BaseMod","BetterRewards","Colored Powertips","Minty Spire (QoL Compilation)","Quick Restart","StSLib","Transform Curses"],"gold_per_floor":[114,128,138,38,38,70,70,102,125,143,87,105,134,149,149,225,225,236,335,335,93,118,118,162,185,185,220,220,254,254,254,254,337,396,417,417,104,127,161,161,205,227,227,227,227,227,256,295,295,295,295,295,90,128,128,128],"floor_reached":55,"language":"ENG","playtime":2211,"items_purged":[],"score":1843,"play_id":"11ccc5f3-d03f-4bd1-898b-567f14bbd5ee","local_time":"20210225225012","is_ascension_mode":true,"campfire_choices":[{"floor":7.0,"key":"REST"},{"floor":15.0,"key":"REST"},{"data":"After Image","floor":23.0,"key":"SMITH"},{"floor":28.0,"key":"REST"},{"floor":32.0,"key":"REST"},{"floor":40.0,"key":"REST"},{"floor":44.0,"key":"RECALL"},{"data":"Cloak And Dagger","floor":46.0,"key":"SMITH"},{"data":"Mayhem","floor":49.0,"key":"SMITH"},{"data":"Storm of Steel","floor":52.0,"key":"SMITH"}],"circlet_count":0,"master_deck":["AscendersBane","Strike_G+1","Strike_G+1","Strike_G+1","Strike_G+1","Strike_G+1","Defend_G+1","Defend_G+1","Defend_G+1","Defend_G+1","Defend_G+1","Survivor","Neutralize+1","Noxious Fumes","Infinite Blades","Blade Dance","Accuracy","Blade Dance","Deadly Poison+1","Bane+1","Prepared","Bane","Doppelganger","Slice","Night Terror","Catalyst","Infinite Blades+1","Terror","Poisoned Stab","Escape Plan","After Image+1","Noxious Fumes+1","Escape Plan","Footwork","Infinite Blades","Blade Dance","Bane+1","Storm of Steel+1","Accuracy","Prepared+1","Cloak And Dagger+1","After Image+1","Mayhem+1","Bane","Blade Dance","Blade Dance","Crippling Poison+1","Bullet Time","Backflip","Die Die Die","Finisher"],"relics":["Ring of the Snake","Regal Pillow","Lantern","Paper Crane","Membership Card","FossilizedHelix","Bottled Tornado","Bronze Scales","Omamori","Juzu Bracelet","Snake Skull","Art of War","SacredBark","Letter Opener","CeramicFish","Bag of Preparation","Bag of Marbles","Pen Nib","InkBottle","Tiny House","Vajra","DollysMirror","Strawberry","Incense Burner","Whetstone","War Paint","MealTicket","Anchor","Happy Flower"],"acts_visited":["Exordium","TheCity","TheBeyond","TheEnding"],"potions_floor_usage":[54,55,55],"damage_taken":[{"damage":0.0,"enemies":"Small Slimes","floor":1.0,"turns":3.0},{"damage":0.0,"enemies":"Cultist","floor":2.0,"turns":1.0},{"damage":0.0,"enemies":"Jaw Worm","floor":3.0,"turns":3.0},{"damage":9.0,"enemies":"Lagavulin","floor":6.0,"turns":5.0},{"damage":26.0,"enemies":"Gremlin Nob","floor":8.0,"turns":4.0},{"damage":0.0,"enemies":"Looter","floor":10.0,"turns":2.0},{"damage":8.0,"enemies":"Blue Slaver","floor":12.0,"turns":3.0},{"damage":0.0,"enemies":"Lagavulin","floor":13.0,"turns":4.0},{"damage":0.0,"enemies":"Gremlin Gang","floor":14.0,"turns":3.0},{"damage":28.0,"enemies":"Hexaghost","floor":16.0,"turns":6.0},{"damage":13.0,"enemies":"Shell Parasite","floor":18.0,"turns":4.0},{"damage":3.0,"enemies":"Chosen","floor":22.0,"turns":4.0},{"damage":23.0,"enemies":"Gremlin Leader","floor":24.0,"turns":4.0},{"damage":17.0,"enemies":"3 Cultists","floor":25.0,"turns":5.0},{"damage":25.0,"enemies":"Slavers","floor":27.0,"turns":5.0},{"damage":17.0,"enemies":"Book of Stabbing","floor":29.0,"turns":5.0},{"damage":58.0,"enemies":"Collector","floor":33.0,"turns":8.0},{"damage":20.0,"enemies":"3 Darklings","floor":35.0,"turns":4.0},{"damage":26.0,"enemies":"3 Shapes","floor":38.0,"turns":4.0},{"damage":0.0,"enemies":"Mind Bloom Boss Battle","floor":39.0,"turns":5.0},{"damage":0.0,"enemies":"Giant Head","floor":41.0,"turns":6.0},{"damage":0.0,"enemies":"Spire Growth","floor":42.0,"turns":3.0},{"damage":0.0,"enemies":"Maw","floor":47.0,"turns":7.0},{"damage":0.0,"enemies":"Nemesis","floor":48.0,"turns":5.0},{"damage":12.0,"enemies":"Donu and Deca","floor":50.0,"turns":6.0},{"damage":30,"enemies":"Shield and Spear","floor":54,"turns":5},{"damage":54,"enemies":"The Heart","floor":55,"turns":5}],"seed_played":"-7518330776068790248","potions_obtained":[{"floor":3.0,"key":"Poison Potion"},{"floor":8.0,"key":"EssenceOfSteel"},{"floor":10.0,"key":"Poison Potion"},{"floor":13.0,"key":"Block Potion"},{"floor":18.0,"key":"Strength Potion"},{"floor":25.0,"key":"Dexterity Potion"},{"floor":27.0,"key":"Block Potion"},{"floor":34.0,"key":"DistilledChaos"},{"floor":35.0,"key":"FearPotion"},{"floor":54,"key":"PowerPotion"}],"is_trial":false,"path_per_floor":["M","M","M","$","?","E","R","E","T","M","$","M","E","M","R","B",null,"M","?","?","$","M","R","E","M","T","E","R","E","?","T","R","B",null,"M","?","$","M","?","R","E","M","T","R","?","R","M","E","R","B",null,"R","$","E","B"],"character_chosen":"THE_SILENT","items_purchased":["Regal Pillow","Noxious Fumes","Lantern","Paper Crane","Infinite Blades","Membership Card","FossilizedHelix","Blade Dance","Accuracy","Bottled Tornado","Blade Dance","Bane","Bronze Scales","Infinite Blades","Terror","Letter Opener","CeramicFish","Regen Potion","Vajra","Cloak And Dagger","DollysMirror","Strawberry","Mayhem","Anchor","Die Die Die","SkillPotion","LiquidBronze"],"campfire_rested":5,"item_purchase_floors":[0,0,0,0,0,0,0,0,0,0,0,4,4,11,11,21,21,21,37,37,37,37,37,53,53,53,53],"current_hp_per_floor":[21,21,21,21,21,12,48,22,22,22,22,14,14,14,50,22,58,45,45,45,45,42,42,19,36,36,11,47,30,30,30,66,8,60,40,40,47,21,21,60,60,60,60,60,60,60,60,60,60,48,74,74,82,52,0,0],"gold":128,"neow_bonus":"","is_daily":false,"chose_seed":false,"campfire_upgraded":4,"win_rate":0.0,"timestamp":1614322212,"path_taken":["M","M","M","$","?","E","R","E","T","M","?","M","E","M","R","BOSS","M","?","?","$","M","R","E","M","T","E","R","E","?","?","R","BOSS","M","?","$","M","?","R","E","M","T","R","?","R","M","E","R","BOSS","R","$","E","BOSS"],"items_purchased_type":["Relic","Card","Relic","Relic","Card","Relic","Relic","Card","Card","Relic","Card","Card","Relic","Card","Card","Relic","Relic","Potion","Relic","Card","Relic","Relic","Card","Relic","Card","Potion","Potion"],"build_version":"2020-12-22","purchased_purges":0,"victory":false,"max_hp_per_floor":[70,70,70,70,70,70,70,70,70,70,70,70,70,70,70,70,70,70,70,70,70,70,70,70,70,70,70,70,70,70,70,70,70,75,75,75,82,82,82,82,82,82,82,82,82,82,82,82,82,82,82,82,82,82,82,82],"card_choices":[{"not_picked":["Calculated Gamble","Flying Knee"],"picked":"Bane","floor":1.0},{"not_picked":["Leg Sweep","Flying Knee","Sucker Punch"],"picked":"SKIP","floor":2.0},{"not_picked":["Tactician","Masterful Stab"],"picked":"Prepared","floor":3.0},{"not_picked":["Deflect","Tactician"],"picked":"Night Terror","floor":6.0},{"not_picked":["Flying Knee","Tactician"],"picked":"Catalyst","floor":8.0},{"not_picked":["Masterful Stab","Backflip","Distraction"],"picked":"SKIP","floor":10.0},{"not_picked":["Dodge and Roll","Sucker Punch"],"picked":"Poisoned Stab","floor":12.0},{"not_picked":["All Out Attack","Underhanded Strike","Acrobatics"],"picked":"SKIP","floor":13.0},{"not_picked":["Expertise","Eviscerate"],"picked":"Escape Plan","floor":14.0},{"not_picked":["Grand Finale","A Thousand Cuts"],"picked":"After Image","floor":16.0},{"not_picked":["PiercingWail","Skewer"],"picked":"Noxious Fumes+1","floor":18.0},{"not_picked":["Dagger Spray","Outmaneuver"],"picked":"Escape Plan","floor":22.0},{"not_picked":["Choke","Masterful Stab"],"picked":"Footwork","floor":24.0},{"not_picked":["PiercingWail","Heel Hook"],"picked":"Infinite Blades","floor":25.0},{"not_picked":["PiercingWail","Acrobatics+1"],"picked":"Blade Dance","floor":27.0},{"not_picked":["Reflex","Dagger Throw"],"picked":"Bane","floor":29.0},{"not_picked":["Tools of the Trade","Night Terror"],"picked":"Storm of Steel","floor":33.0},{"not_picked":["Underhanded Strike","All Out Attack"],"picked":"Accuracy","floor":34.0},{"not_picked":["Eviscerate","Calculated Gamble"],"picked":"Prepared+1","floor":35.0},{"not_picked":["PiercingWail","Deflect"],"picked":"Bane","floor":38.0},{"not_picked":["Infinite Blades","Deadly Poison"],"picked":"Blade Dance","floor":39.0},{"not_picked":["Acrobatics","Quick Slash+1"],"picked":"Blade Dance","floor":41.0},{"not_picked":["Distraction","Slice+1"],"picked":"Crippling Poison","floor":42.0},{"not_picked":["Backflip+1","PiercingWail+1"],"picked":"Bullet Time","floor":47.0},{"not_picked":["Outmaneuver+1","Underhanded Strike"],"picked":"Backflip","floor":48.0},{"not_picked":["Endless Agony","Dodge and Roll+1"],"picked":"Finisher","floor":54}],"player_experience":213437,"relics_obtained":[{"floor":6.0,"key":"Omamori"},{"floor":8.0,"key":"Juzu Bracelet"},{"floor":9.0,"key":"Snake Skull"},{"floor":13.0,"key":"Art of War"},{"floor":24.0,"key":"Bag of Preparation"},{"floor":27.0,"key":"Bag of Marbles"},{"floor":29.0,"key":"Pen Nib"},{"floor":31.0,"key":"InkBottle"},{"floor":39.0,"key":"Incense Burner"},{"floor":41.0,"key":"Whetstone"},{"floor":43.0,"key":"War Paint"},{"floor":48.0,"key":"MealTicket"},{"floor":54,"key":"Happy Flower"}],"event_choices":[{"damage_healed":0.0,"max_hp_gain":0.0,"max_hp_loss":0.0,"gold_gain":0.0,"event_name":"Match and Keep!","player_choice":"2 cards matched","floor":5.0,"gold_loss":0.0,"damage_taken":0.0,"cards_obtained":["Doppelganger","Slice"]},{"damage_healed":0.0,"max_hp_gain":0.0,"max_hp_loss":0.0,"gold_gain":99.0,"event_name":"Nest","player_choice":"Stole From Cult","floor":19.0,"gold_loss":0.0,"damage_taken":0.0},{"damage_healed":0.0,"max_hp_gain":0.0,"max_hp_loss":0.0,"gold_gain":0.0,"event_name":"Back to Basics","player_choice":"Simplicity","floor":20.0,"gold_loss":0.0,"damage_taken":0.0,"cards_upgraded":["Strike_G","Strike_G","Strike_G","Strike_G","Strike_G","Defend_G","Defend_G","Defend_G","Defend_G","Defend_G"]},{"damage_healed":0.0,"max_hp_gain":0.0,"max_hp_loss":0.0,"gold_gain":0.0,"event_name":"Vampires","player_choice":"Ignored","floor":30.0,"gold_loss":0.0,"damage_taken":0.0},{"damage_healed":0.0,"max_hp_gain":0.0,"max_hp_loss":0.0,"gold_gain":0.0,"event_name":"Accursed Blacksmith","player_choice":"Forge","floor":36.0,"gold_loss":0.0,"damage_taken":0.0,"cards_upgraded":["Infinite Blades"]},{"damage_healed":0.0,"max_hp_gain":0.0,"max_hp_loss":0.0,"gold_gain":0.0,"event_name":"MindBloom","player_choice":"Fight","floor":39.0,"gold_loss":0.0,"damage_taken":0.0},{"damage_healed":0.0,"max_hp_gain":0.0,"max_hp_loss":0.0,"gold_gain":0.0,"event_name":"Tomb of Lord Red Mask","player_choice":"Ignored","floor":45.0,"gold_loss":0.0,"damage_taken":0.0}],"is_beta":false,"boss_relics":[{"not_picked":["Busted Crown","Coffee Dripper"],"picked":"SacredBark"},{"not_picked":["Ring of the Serpent","Runic Dome"],"picked":"Tiny House"}],"items_purged_floors":[],"is_endless":false,"potions_floor_spawned":[3,8,10,12,13,18,25,27,35,38,42,54],"killed_by":"The Heart","ascension_level":13}}