{"host":"5ueuk67tsx07ylcu","time":1614365959,"event":{"mods":["BaseMod","Colored Map","Colored Powertips","Downfall","Duelist Mod","GifTheSpireLib","Hermit","Infinite Spire","Lobotomy","Minty Spire (QoL Compilation)","StSLib","The Animator"],"gold_per_floor":[113,38,55,55,75,75,103,103,174,249,249,249,262,13,13,117,117,133,48,66,76,76,105,105,136,136,167,113,129,140,160,160,160,160],"floor_reached":33,"language":"ENG","playtime":2093,"items_purged":["Defend_G","Defend_G"],"score":391,"play_id":"a3a4c752-ab0a-4705-a4aa-4c2901b4ed66","local_time":"20210226135919","is_ascension_mode":true,"campfire_choices":[{"floor":6,"key":"RECALL"},{"floor":8,"key":"REST"},{"data":"Distraction","floor":12,"key":"SMITH"},{"data":"Survivor","floor":15,"key":"SMITH"},{"data":"Die Die Die","floor":24,"key":"SMITH"},{"data":"Storm of Steel","floor":32,"key":"SMITH"}],"circlet_count":0,"master_deck":["Strike_G","Strike_G","Strike_G","Strike_G","Defend_G","Defend_G","Survivor+1","Neutralize+1","Blade Dance","Distraction+1","Reflex","Infinite Blades","Die Die Die+1","Slice+1","Poisoned Stab+1","Dash","Storm of Steel+1"],"relics":["Ring of the Snake","MealTicket","infinitespire:CheckeredPen","Blood Vial","HoveringKite","infinitespire:BottledMercury","Prayer Wheel","Vajra","Shuriken","infinitespire:Lychee Nut"],"acts_visited":["Exordium","TheCity"],"potions_floor_usage":[7,16,18,21,23,27,29,31,33],"damage_taken":[{"damage":2,"enemies":"Small Slimes","floor":1,"turns":5},{"damage":0,"enemies":"Cultist","floor":3,"turns":4},{"damage":0,"enemies":"Jaw Worm","floor":5,"turns":3},{"damage":38,"enemies":"3 Sentries","floor":7,"turns":14},{"damage":0,"enemies":"2 Fungi Beasts","floor":13,"turns":2},{"damage":22,"enemies":"The Guardian","floor":16,"turns":16},{"damage":10,"enemies":"3 Byrds","floor":18,"turns":4},{"damage":0,"enemies":"Chosen","floor":20,"turns":3},{"damage":39,"enemies":"Snake Plant","floor":21,"turns":4},{"damage":0,"enemies":"Gremlin Leader","floor":23,"turns":4},{"damage":13,"enemies":"Book of Stabbing","floor":25,"turns":4},{"damage":0,"enemies":"theDuelist:KaibaA2","floor":27,"turns":3},{"damage":13,"enemies":"Centurion and Healer","floor":29,"turns":3},{"damage":8,"enemies":"Chosen and Byrds","floor":30,"turns":3},{"damage":11,"enemies":"Shelled Parasite and Fungi","floor":31,"turns":3},{"damage":44,"enemies":"Champ","floor":33,"turns":6}],"seed_played":"-4806248439685152658","potions_obtained":[{"floor":5,"key":"AttackPotion"},{"floor":13,"key":"DistilledChaos"},{"floor":16,"key":"DistilledChaos"},{"floor":18,"key":"Strength Potion"},{"floor":20,"key":"Fire Potion"},{"floor":25,"key":"PowerPotion"},{"floor":27,"key":"Explosive Potion"},{"floor":30,"key":"Poison Potion"},{"floor":31,"key":"BlessingOfTheForge"}],"is_trial":false,"path_per_floor":["M","$","M","?","M","R","E","R","T","?","?","R","M","$","R","B",null,"M","?","M","M","$","E","R","E","T","E","?","M","M","M","R","B"],"character_chosen":"THE_SILENT","items_purchased":["Blood Vial"],"campfire_rested":1,"item_purchase_floors":[14],"current_hp_per_floor":[68,68,68,68,68,68,30,51,51,40,40,40,40,55,55,35,70,60,60,62,25,40,42,42,31,31,33,33,27,26,22,22,0,0],"gold":160,"neow_bonus":"UPGRADE_CARD","is_daily":false,"chose_seed":false,"campfire_upgraded":4,"win_rate":0.0,"timestamp":1614365959,"path_taken":["M","$","M","?","?","R","E","R","T","?","?","R","M","$","R","BOSS","M","?","M","M","$","E","R","E","T","E","?","M","M","?","R","BOSS"],"items_purchased_type":["Relic"],"build_version":"2020-12-22","purchased_purges":2,"victory":false,"max_hp_per_floor":[70,70,70,70,70,70,70,70,70,70,70,70,70,70,70,70,70,70,70,70,70,70,70,70,70,70,70,52,52,52,52,52,52,52],"card_choices":[{"not_picked":["Deadly Poison","Underhanded Strike"],"picked":"Blade Dance","floor":1},{"not_picked":["Masterful Stab","Footwork"],"picked":"Distraction","floor":3},{"not_picked":["Quick Slash","Caltrops"],"picked":"Reflex","floor":5},{"not_picked":["Expertise","Flying Knee"],"picked":"Infinite Blades","floor":7},{"not_picked":["Underhanded Strike","Distraction","Sucker Punch"],"picked":"SKIP","floor":13},{"not_picked":["Doppelganger","Burst"],"picked":"Die Die Die","floor":16},{"not_picked":["Distraction","Flying Knee"],"picked":"Slice+1","floor":18},{"not_picked":["Cloak And Dagger","Backflip","Concentrate"],"picked":"SKIP","floor":20},{"not_picked":["Well Laid Plans","PiercingWail+1"],"picked":"Poisoned Stab+1","floor":21},{"not_picked":["Bane","Setup"],"picked":"Dash","floor":23},{"not_picked":["PiercingWail","Blade Dance+1","Outmaneuver+1"],"picked":"SKIP","floor":25},{"not_picked":["Acrobatics","Outmaneuver","Deadly Poison"],"picked":"SKIP","floor":27},{"not_picked":["Concentrate","Dodge and Roll","Acrobatics+1"],"picked":"SKIP","floor":29},{"not_picked":["Dash","Dagger Throw","Backflip"],"picked":"SKIP","floor":29},{"not_picked":["Expertise","Blade Dance"],"picked":"Storm of Steel","floor":30},{"not_picked":["Escape Plan","Dagger Throw","Flying Knee"],"picked":"SKIP","floor":30},{"not_picked":["Calculated Gamble","Poisoned Stab","Flying Knee"],"picked":"SKIP","floor":31},{"not_picked":["Blur","Cloak And Dagger","Underhanded Strike+1"],"picked":"SKIP","floor":31}],"player_experience":345281,"relics_obtained":[{"floor":7,"key":"MealTicket"},{"floor":9,"key":"infinitespire:CheckeredPen"},{"floor":23,"key":"Prayer Wheel"},{"floor":25,"key":"Vajra"},{"floor":27,"key":"Shuriken"}],"event_choices":[{"cards_removed":["Defend_G"],"damage_healed":0,"gold_gain":0,"player_choice":"Purged","damage_taken":0,"max_hp_gain":0,"max_hp_loss":0,"event_name":"Purifier","floor":4,"gold_loss":0},{"damage_healed":0,"gold_gain":75,"player_choice":"Gather Gold","damage_taken":11,"max_hp_gain":0,"max_hp_loss":0,"event_name":"World of Goop","floor":10,"gold_loss":0},{"damage_healed":0,"gold_gain":0,"player_choice":"Obtained Relic","damage_taken":0,"relics_obtained":["infinitespire:BottledMercury"],"max_hp_gain":0,"max_hp_loss":0,"event_name":"Addict","floor":19,"gold_loss":85},{"damage_healed":0,"gold_gain":0,"player_choice":"Paid Gold","damage_taken":0,"relics_obtained":["infinitespire:Lychee Nut"],"max_hp_gain":0,"max_hp_loss":0,"event_name":"WeMeetAgain","floor":28,"gold_loss":54}],"is_beta":false,"boss_relics":[{"not_picked":["infinitespire:Cupcake","Calling Bell"],"picked":"HoveringKite"}],"items_purged_floors":[2,14],"is_endless":false,"potions_floor_spawned":[5,13,16,18,20,25,27,30,31],"killed_by":"Champ","ascension_level":2}}