{"host":"zcytydgb505ghzux","time":1614315690,"event":{"mods":["Act Like it!","BaseMod","Colored Powertips","Downfall","Highlight Path","Infinite Spire","Jorbs\u0027s Wanderer Trilogy","Marisa????????","Minty Spire (QoL Compilation)","Replay The Spire","StSLib","The Construct","The Mystic","The Wild Card"],"gold_per_floor":[117,134,134,154,171,171,63,90,114,308,335,335,354,371,371,467,467,485,469,396,396,396,396,396,426,503,503,603,603,603],"floor_reached":29,"language":"ENG","playtime":1320,"items_purged":["theWildCard:Alice"],"score":264,"play_id":"3fbce5ca-e02d-4f35-b264-37117dffc0a9","local_time":"20210226000130","is_ascension_mode":true,"campfire_choices":[{"data":"theWildCard:Attunement","floor":6,"key":"SMITH"},{"floor":15,"key":"REST"},{"floor":23,"key":"REST"},{"floor":27,"key":"REST"},{"data":"theWildCard:ArcanaArtistry","floor":27,"key":"SMITH"}],"circlet_count":0,"master_deck":["theWildCard:BasicStrike","theWildCard:BasicStrike","theWildCard:BasicStrike","theWildCard:BasicStrike","theWildCard:BasicDefend","theWildCard:BasicDefend","theWildCard:BasicDefend","theWildCard:BasicDefend","theWildCard:CallToAdventure","theWildCard:Arsene+1","theWildCard:Patience","theWildCard:StalwartBlade","theWildCard:Attunement+1","theWildCard:StingingStrike","theWildCard:ArcaneArts+1","theWildCard:Patience","theWildCard:MaskChange","theWildCard:SeveringSlash","theWildCard:EnergizedStroke","theWildCard:Proficiency","theWildCard:ArcanaArtistry+1","theWildCard:ArcanaArtistry+1","theWildCard:MagicalMight","theWildCard:ManOfManyFaces+1"],"relics":["theWildCard:VelvetContract","Tiny Chest","Omamori","ReplayTheSpireMod:TigerMarble","Happy Flower","Anchor","infinitespire:Magic Flask","infinitespire:CheckeredPen","Calipers","Shuriken"],"acts_visited":["Exordium","TheCity"],"potions_floor_usage":[11,16,28],"damage_taken":[{"damage":0,"enemies":"Cultist","floor":1,"turns":3},{"damage":0,"enemies":"Jaw Worm","floor":2,"turns":5},{"damage":0,"enemies":"Small Slimes","floor":4,"turns":4},{"damage":8,"enemies":"Looter","floor":5,"turns":4},{"damage":3,"enemies":"Lagavulin","floor":8,"turns":6},{"damage":20,"enemies":"Gremlin Nob","floor":11,"turns":4},{"damage":0,"enemies":"3 Louse","floor":13,"turns":4},{"damage":0,"enemies":"Exordium Wildlife","floor":14,"turns":3},{"damage":19,"enemies":"Slime Boss","floor":16,"turns":10},{"damage":0,"enemies":"Chosen","floor":18,"turns":4},{"damage":28,"enemies":"2 Thieves","floor":19,"turns":5},{"damage":18,"enemies":"Nightmare","floor":25,"turns":10},{"damage":19,"enemies":"Colosseum Slavers","floor":28,"turns":6},{"damage":20,"enemies":"Colosseum Nobs","floor":28,"turns":5},{"damage":49,"enemies":"Slavers","floor":29,"turns":4}],"seed_played":"-3638946771240218552","potions_obtained":[{"floor":4,"key":"FairyPotion"},{"floor":5,"key":"champ:CounterPotion"},{"floor":13,"key":"Elixir"},{"floor":14,"key":"Toxic Potion"},{"floor":25,"key":"Swift Potion"}],"is_trial":false,"path_per_floor":["M","M","?","M","M","R","$","E","T","?","E","?","M","M","R","B",null,"M","M","$","T","T","R","?","NM","T","R","?","E"],"character_chosen":"THE_WILD_CARD","items_purchased":["theWildCard:ArcaneArts+1","theWildCard:ArcanaArtistry"],"campfire_rested":3,"item_purchase_floors":[7,20],"current_hp_per_floor":[60,60,60,60,52,52,52,49,49,49,29,29,29,29,47,28,60,60,32,32,32,32,50,50,32,32,50,11,0,0],"gold":603,"neow_bonus":"ONE_RANDOM_RARE_CARD","is_daily":false,"chose_seed":false,"campfire_upgraded":2,"win_rate":0.0,"timestamp":1614315690,"path_taken":["M","?","?","M","M","R","?","E","T","?","E","?","M","?","R","BOSS","M","M","$","?","?","R","?","NM","T","R","?","E"],"items_purchased_type":["Card","Card"],"build_version":"2020-12-22","purchased_purges":1,"victory":false,"max_hp_per_floor":[60,60,60,60,60,60,60,60,60,60,60,60,60,60,60,60,60,60,60,60,60,60,60,60,60,60,60,60,60,60],"card_choices":[{"not_picked":["theWildCard:ArcaneArts","theWildCard:UnderLockAndKey"],"picked":"theWildCard:Patience","floor":1},{"not_picked":["theWildCard:Proficiency","theWildCard:ShieldOfMany"],"picked":"theWildCard:StalwartBlade","floor":2},{"not_picked":["theWildCard:Michael","theWildCard:ArcanaArtistry"],"picked":"theWildCard:Attunement","floor":4},{"not_picked":["theWildCard:ShieldOfMany","theWildCard:ArcaneArts"],"picked":"theWildCard:StingingStrike","floor":5},{"not_picked":["theWildCard:PowerOfTheArcana","theWildCard:Michael"],"picked":"theWildCard:Patience","floor":8},{"not_picked":["theWildCard:Patience","theWildCard:Unburden"],"picked":"theWildCard:MaskChange","floor":10},{"not_picked":["theWildCard:BladeOfGenerations","theWildCard:Deicide"],"picked":"theWildCard:SeveringSlash","floor":11},{"not_picked":["theWildCard:PowerOfTheArcana","theWildCard:UnendingRitual"],"picked":"theWildCard:EnergizedStroke","floor":13},{"not_picked":["theWildCard:SacrificialStroke","theWildCard:MagicMettle"],"picked":"theWildCard:Proficiency","floor":14},{"not_picked":["theWildCard:Polydeuces","theWildCard:TheGreatSeal"],"picked":"theWildCard:ArcanaArtistry+1","floor":18},{"not_picked":["theWildCard:EnergizedStroke","theWildCard:ArcaneArts","theWildCard:ArcanaArtistry"],"picked":"SKIP","floor":19},{"not_picked":["theWildCard:PaleRider+1","theWildCard:Thanatos","theWildCard:Overwhelm"],"picked":"SKIP","floor":25},{"not_picked":["theWildCard:PaleRider+1","theWildCard:Thanatos","theWildCard:Overwhelm"],"picked":"SKIP","floor":25},{"not_picked":["theWildCard:Patience","theWildCard:ArcaneArts"],"picked":"theWildCard:ManOfManyFaces+1","floor":28}],"player_experience":106410,"relics_obtained":[{"floor":8,"key":"Tiny Chest"},{"floor":9,"key":"Omamori"},{"floor":11,"key":"ReplayTheSpireMod:TigerMarble"},{"floor":21,"key":"Happy Flower"},{"floor":22,"key":"Anchor"},{"floor":25,"key":"infinitespire:Magic Flask"},{"floor":26,"key":"infinitespire:CheckeredPen"},{"floor":28,"key":"Calipers"},{"floor":28,"key":"Shuriken"}],"event_choices":[{"damage_healed":0,"gold_gain":0,"cards_transformed":["theWildCard:FuelForTheFire"],"player_choice":"Transformed","damage_taken":0,"max_hp_gain":0,"max_hp_loss":0,"event_name":"Transmorgrifier","floor":3,"gold_loss":0,"cards_obtained":["theWildCard:Alice"]},{"damage_healed":0,"gold_gain":0,"player_choice":"Grow","damage_taken":0,"max_hp_gain":0,"max_hp_loss":0,"event_name":"Living Wall","floor":12,"gold_loss":0,"cards_upgraded":["theWildCard:Arsene"]},{"damage_healed":0,"gold_gain":0,"player_choice":"Read","damage_taken":0,"max_hp_gain":0,"max_hp_loss":0,"event_name":"The Library","floor":24,"gold_loss":0,"cards_obtained":["theWildCard:MagicalMight"]},{"damage_healed":0,"gold_gain":0,"player_choice":"Fight","damage_taken":0,"max_hp_gain":0,"max_hp_loss":0,"event_name":"Colosseum","floor":28,"gold_loss":0},{"damage_healed":0,"gold_gain":0,"player_choice":"Fought Nobs","damage_taken":0,"max_hp_gain":0,"max_hp_loss":0,"event_name":"Colosseum","floor":28,"gold_loss":0}],"is_beta":false,"boss_relics":[{"not_picked":["ReplayTheSpireMod:DimensionalGlitch","Painkiller Herb","bronze:MakeshiftBattery"]}],"items_purged_floors":[7],"is_endless":true,"potions_floor_spawned":[4,5,13,14,25],"killed_by":"Slavers","ascension_level":1}}