{"host":"k9djwzw02bmhn5cl","time":1614352632,"event":{"mods":["AchievementEnabler","BaseMod","Colored Map","Colored Powertips","Highlight Path","Minty Spire (QoL Compilation)","Quick Restart","Rare Cards Sparkle","StSLib"],"gold_per_floor":[111,58,70,145,160,160,175,175,175,187,187,208,223,223,223,325,325,335,346,4,19,45,45,79,79,132,132,132,149,74,74,74,74,74],"floor_reached":33,"language":"JPN","playtime":1519,"items_purged":[],"score":255,"play_id":"cfac033a-7988-4ecb-99bd-7b2b102df494","local_time":"20210227001712","is_ascension_mode":false,"campfire_choices":[{"data":"Inflame","floor":6,"key":"SMITH"},{"data":"Anger","floor":8,"key":"SMITH"},{"data":"Pommel Strike","floor":11,"key":"SMITH"},{"data":"Heavy Blade","floor":15,"key":"SMITH"},{"data":"Rupture","floor":23,"key":"SMITH"},{"data":"Spot Weakness","floor":25,"key":"SMITH"},{"data":"Perfected Strike","floor":28,"key":"SMITH"},{"data":"Berserk","floor":32,"key":"SMITH"}],"circlet_count":0,"master_deck":["Strike_R+1","Strike_R+1","Strike_R+1","Strike_R+1","Strike_R+1","Defend_R+1","Defend_R+1","Defend_R+1","Defend_R+1","Bash","Fiend Fire","Inflame+1","Anger+1","Shrug It Off","Pummel","Pommel Strike+1","Heavy Blade+1","Blood for Blood","Metallicize","Berserk+1","CurseOfTheBell","Perfected Strike+1","Rupture+1","Combust","Secret Technique","Flex","Spot Weakness+1","Wild Strike","Bandage Up","Metallicize","Reckless Charge"],"relics":["Burning Blood","Bottled Tornado","Odd Mushroom","WarpedTongs","Calling Bell","Toy Ornithopter","Darkstone Periapt","TungstenRod","Membership Card","Red Mask","StoneCalendar","Red Skull"],"acts_visited":["Exordium","TheCity"],"potions_floor_usage":[16,16,21,22,24,24],"damage_taken":[{"damage":8,"enemies":"Small Slimes","floor":1,"turns":2},{"damage":8,"enemies":"2 Louse","floor":3,"turns":3},{"damage":1,"enemies":"Cultist","floor":5,"turns":3},{"damage":1,"enemies":"2 Fungi Beasts","floor":7,"turns":3},{"damage":8,"enemies":"Red Slaver","floor":10,"turns":2},{"damage":17,"enemies":"The Mushroom Lair","floor":12,"turns":3},{"damage":9,"enemies":"Blue Slaver","floor":13,"turns":3},{"damage":31,"enemies":"Hexaghost","floor":16,"turns":5},{"damage":7,"enemies":"Shell Parasite","floor":18,"turns":4},{"damage":8,"enemies":"Chosen","floor":19,"turns":3},{"damage":26,"enemies":"Shelled Parasite and Fungi","floor":21,"turns":5},{"damage":45,"enemies":"Masked Bandits","floor":22,"turns":4},{"damage":35,"enemies":"Slavers","floor":24,"turns":5},{"damage":12,"enemies":"Snecko","floor":29,"turns":4},{"damage":67,"enemies":"Automaton","floor":33,"turns":6}],"seed_played":"7333895120369504000","potions_obtained":[{"floor":3,"key":"Dexterity Potion"},{"floor":12,"key":"DistilledChaos"},{"floor":16,"key":"ColorlessPotion"},{"floor":19,"key":"Block Potion"},{"floor":22,"key":"BloodPotion"}],"is_trial":false,"path_per_floor":["M","$","M","?","M","R","M","R","T","M","R","?","M","?","R","B",null,"M","M","$","M","?","R","E","R","T","?","R","M","?","?","R","B"],"character_chosen":"IRONCLAD","items_purchased":["Anger","Combust","Membership Card","Regen Potion","Secret Technique"],"campfire_rested":0,"item_purchase_floors":[2,20,20,20,20],"current_hp_per_floor":[78,78,76,65,70,70,75,75,75,73,73,62,59,59,59,34,80,79,77,77,67,33,33,30,30,30,30,30,28,28,28,28,0,0],"gold":74,"neow_bonus":"ONE_RANDOM_RARE_CARD","is_daily":false,"chose_seed":false,"campfire_upgraded":8,"win_rate":0.0,"timestamp":1614352632,"path_taken":["M","$","M","?","M","R","M","R","T","M","R","?","M","?","R","BOSS","M","M","$","M","?","R","E","R","T","?","R","?","?","?","R","BOSS"],"items_purchased_type":["Card","Card","Relic","Potion","Card"],"build_version":"2020-12-22","purchased_purges":0,"victory":false,"max_hp_per_floor":[80,80,80,80,80,80,80,80,80,80,80,80,80,80,80,80,80,80,80,80,80,80,80,80,80,80,80,80,80,80,80,80,80,80],"card_choices":[{"not_picked":["Perfected Strike","Infernal Blade"],"picked":"Inflame","floor":1},{"not_picked":["Anger","Metallicize"],"picked":"Shrug It Off","floor":3},{"not_picked":["Disarm","Whirlwind"],"picked":"Pummel","floor":5},{"not_picked":["Anger","Disarm"],"picked":"Pommel Strike","floor":7},{"not_picked":["Infernal Blade","Perfected Strike"],"picked":"Heavy Blade","floor":10},{"not_picked":["True Grit","Perfected Strike"],"picked":"Blood for Blood","floor":12},{"not_picked":["Evolve","Sentinel"],"picked":"Metallicize","floor":13},{"not_picked":["Fiend Fire","Juggernaut"],"picked":"Berserk","floor":16},{"not_picked":["Clash+1","Wild Strike"],"picked":"Perfected Strike","floor":18},{"not_picked":["Shrug It Off","Headbutt"],"picked":"Rupture","floor":19},{"not_picked":["Twin Strike+1","Ghostly Armor+1"],"picked":"Flex","floor":21},{"not_picked":["Clothesline","Shrug It Off"],"picked":"Spot Weakness","floor":22},{"not_picked":["Anger","Entrench"],"picked":"Wild Strike","floor":24},{"not_picked":["Sentinel","Intimidate"],"picked":"Reckless Charge","floor":29}],"player_experience":194468,"relics_obtained":[{"floor":9,"key":"Bottled Tornado"},{"floor":12,"key":"Odd Mushroom"},{"floor":17,"key":"Toy Ornithopter"},{"floor":17,"key":"Darkstone Periapt"},{"floor":17,"key":"TungstenRod"},{"floor":22,"key":"Red Mask"},{"floor":24,"key":"StoneCalendar"},{"floor":26,"key":"Red Skull"}],"event_choices":[{"damage_healed":0,"gold_gain":75,"player_choice":"Gather Gold","damage_taken":11,"max_hp_gain":0,"max_hp_loss":0,"event_name":"World of Goop","floor":4,"gold_loss":0},{"damage_healed":0,"gold_gain":0,"player_choice":"Fought Mushrooms","damage_taken":0,"max_hp_gain":0,"max_hp_loss":0,"event_name":"Mushrooms","floor":12,"gold_loss":0},{"damage_healed":0,"gold_gain":0,"player_choice":"Rummage","damage_taken":0,"relics_obtained":["WarpedTongs"],"max_hp_gain":0,"max_hp_loss":0,"event_name":"Accursed Blacksmith","floor":14,"gold_loss":0,"cards_obtained":["Pain"]},{"damage_healed":0,"gold_gain":0,"player_choice":"Fought Bandits","damage_taken":0,"max_hp_gain":0,"max_hp_loss":0,"event_name":"Masked Bandits","floor":22,"gold_loss":0},{"damage_healed":0,"gold_gain":0,"player_choice":"2 cards matched","damage_taken":0,"max_hp_gain":0,"max_hp_loss":0,"event_name":"Match and Keep!","floor":27,"gold_loss":0,"cards_obtained":["Bandage Up","Metallicize"]},{"cards_removed":["Pain"],"damage_healed":0,"gold_gain":0,"player_choice":"Gave Gold","damage_taken":0,"max_hp_gain":0,"max_hp_loss":0,"event_name":"Beggar","floor":30,"gold_loss":75},{"damage_healed":0,"gold_gain":0,"player_choice":"Simplicity","damage_taken":0,"max_hp_gain":0,"max_hp_loss":0,"event_name":"Back to Basics","floor":31,"gold_loss":0,"cards_upgraded":["Strike_R","Strike_R","Strike_R","Strike_R","Strike_R","Defend_R","Defend_R","Defend_R","Defend_R"]}],"is_beta":false,"boss_relics":[{"not_picked":["Sozu","Runic Cube"],"picked":"Calling Bell"}],"items_purged_floors":[],"is_endless":false,"potions_floor_spawned":[3,12,16,19,22],"killed_by":"Automaton","ascension_level":0}}