{"host":"5tir6155jnoxijqh","time":1614330181,"event":{"mods":["Act Like it!","Arknights","BaseMod","Downfall","Hermit","Library of Ruina","Library of Ruina Extra","Minty Spire (QoL Compilation)","MostiFishMod","Shop Mod","Spicy Shops","StSLib","WarShipGirlsR/’ΩΩ¢…Ÿ≈ÆR mod"],"gold_per_floor":[18,18,29,29,29,29,59,59,112,112,142,142,177,194,194,292,292,303,323,323,333,16,16,16,16,40,55,83,83,111,124,124,227,227,242,242,254,13,63,63,118,118,118,149,159,10,21,55,55,55,55,55,55,7,38,38],"floor_reached":57,"language":"ZHS","playtime":3843,"items_purged":["LightAttack","LightDefense"],"score":2172,"play_id":"4ced851c-f359-4663-bbcf-e433f67fe523","local_time":"20210226170301","is_ascension_mode":true,"campfire_choices":[{"data":"SenseQuarry","floor":8,"key":"SMITH"},{"data":"TheWillOfTheCity","floor":10,"key":"SMITH"},{"floor":12,"key":"RECALL"},{"data":"FaintMemories","floor":15,"key":"SMITH"},{"data":"WildCard","floor":23,"key":"SMITH"},{"data":"BoundaryOfDeath","floor":32,"key":"SMITH"},{"data":"CleanUp","floor":40,"key":"SMITH"},{"data":"RepressedFlesh","floor":42,"key":"SMITH"},{"data":"TrashDisposal","floor":49,"key":"SMITH"},{"data":"SwordOfVolition","floor":53,"key":"SMITH"}],"circlet_count":0,"master_deck":["Dodge","LightDefense","LightDefense","LightDefense","ChargeAndCover","FocusedStrikes","TheWillOfTheCity+1","SnakesPrey+1","WildCard+1","SenseQuarry+1","IronWall","SuanNi","FaintMemories+1","BoundaryOfDeath+1","DesperateStruggle+1","BiAn","RushDown+1","Deflect_lor","RepressedFlesh+1","CleanUp+1","GoinFirst","FrontalAssault+1","WillOfThePrescript+1","Commandeering","SwordOfVolition+1","SavageMode","TrashDisposal+1","Fence+1","Clone+1","SnakeSlit+1","UnforgettableMelody"],"relics":["PageOfLibrarian","DaveBox","PageOfThreeBirds","SynthV:TestCard","Nloth\u0027s Gift","Bottled Lightning","PageOfTodaysShyLook","DianPoetry","Busted Crown","PageOfPinocchio","Toy Ornithopter","Boot","Bottled Flame","Philosopher\u0027s Stone","Du-Vu Doll","FossilizedHelix","PageOfNosferatu","Akabeko","PageOfAspirationHeart","Bottled Tornado","Bag of Preparation"],"acts_visited":["Exordium","TheCity","TheBeyond","TheEnding"],"potions_floor_usage":[13,44,50,51,51,56],"damage_taken":[{"damage":5.0,"enemies":"ats:Genji","floor":1.0,"turns":4.0},{"damage":3,"enemies":"Cultist","floor":3,"turns":3},{"damage":16,"enemies":"Lagavulin","floor":7,"turns":6},{"damage":8,"enemies":"3 Sentries","floor":11,"turns":4},{"damage":3,"enemies":"Gremlin Nob","floor":13,"turns":3},{"damage":2,"enemies":"Small Slimes","floor":14,"turns":2},{"damage":6,"enemies":"Hexaghost","floor":16,"turns":4},{"damage":5,"enemies":"2 Thieves","floor":18,"turns":3},{"damage":0,"enemies":"Chosen","floor":19,"turns":2},{"damage":12,"enemies":"Snake Plant","floor":21,"turns":1},{"damage":10,"enemies":"Sentry and Sphere","floor":27,"turns":2},{"damage":0,"enemies":"Gremlin Leader","floor":28,"turns":3},{"damage":0,"enemies":"Book of Stabbing","floor":30,"turns":1},{"damage":8,"enemies":"Centurion and Healer","floor":31,"turns":2},{"damage":15,"enemies":"Champ","floor":33,"turns":4},{"damage":0,"enemies":"Orb Walker","floor":35,"turns":1},{"damage":12,"enemies":"3 Shapes","floor":37,"turns":2},{"damage":0,"enemies":"Mind Bloom Boss Battle","floor":39,"turns":2},{"damage":4,"enemies":"2 Orb Walkers","floor":41,"turns":3},{"damage":0,"enemies":"Giant Head","floor":44,"turns":3},{"damage":0,"enemies":"Writhing Mass","floor":45,"turns":2},{"damage":0,"enemies":"4 Shapes","floor":47,"turns":2},{"damage":2,"enemies":"Nemesis","floor":48,"turns":1},{"damage":4,"enemies":"Donu and Deca","floor":50,"turns":2},{"damage":10,"enemies":"Shield and Spear","floor":55,"turns":2},{"damage":42,"enemies":"The Heart","floor":56,"turns":3}],"seed_played":"7016503203077149425","potions_obtained":[{"floor":3,"key":"SpeedPotion"},{"floor":7,"key":"Energy Potion"},{"floor":19,"key":"Energy Potion"},{"floor":33,"key":"PowerPotion"},{"floor":47,"key":"Energy Potion"},{"floor":48,"key":"PowerPotion"},{"floor":55,"key":"Fire Potion"}],"is_trial":false,"path_per_floor":["M","?","M","?","$","?","E","R","T","R","E","R","E","M","R","B",null,"M","M","?","M","$","R","$","?","T","M","E","?","E","M","R","B",null,"M","?","M","$","?","R","?","R","T","E","M","$","M","E","R","B",null,null,"R","$","E","B",null],"character_chosen":"Librarian","items_purchased":["PageOfPinocchio","Commandeering","PageOfAspirationHeart","Strength Potion"],"campfire_rested":0,"item_purchase_floors":[22,38,46,54],"current_hp_per_floor":[49,42,39,39,39,39,23,23,23,23,21,21,18,16,16,10,69,64,64,64,52,52,52,52,52,52,42,42,42,42,34,34,19,64,64,64,52,52,52,52,48,48,48,61,65,65,75,78,78,75,52,72,72,72,80,68],"gold":38,"neow_bonus":"ONE_RARE_RELIC","is_daily":false,"chose_seed":false,"campfire_upgraded":9,"win_rate":0.0,"timestamp":1614330181,"path_taken":["M","?","?","?","$","?","E","R","T","R","E","R","E","M","R","BOSS","M","M","?","?","$","R","$","?","T","M","E","?","E","M","R","BOSS","M","?","M","$","?","R","?","R","T","E","M","$","M","E","R","BOSS","R","$","E","BOSS"],"items_purchased_type":["Relic","Card","Relic","Potion"],"build_version":"2020-12-22","purchased_purges":2,"victory":true,"max_hp_per_floor":[70,70,70,70,70,70,86,86,86,86,89,89,89,89,89,89,89,89,89,89,89,89,89,89,89,89,89,89,89,89,85,85,79,79,79,79,79,79,79,79,79,79,79,79,79,79,79,79,79,79,79,79,86,86,86,86],"card_choices":[{"not_picked":["QuickSuppression","ClassAndRespect","SerpentSwordTechnique","Wallop_lor","SnakesPrey","Punishment","PinpointShot","WildCard"],"picked":"TheWillOfTheCity","floor":1.0},{"not_picked":["EnergyShield","BindingArms","Rewind","Thirst","GroundSmash","Disposal","EnergyConversion","ScatteringSlash","AsThePrescriptOrders","SunsetBlade"],"picked":"SnakesPrey","floor":3},{"not_picked":["Parry2","Castigation","WillOfThePrescript","PinpointShot","Juggling","Rewind","YoureTooSlow","AsThePrescriptOrders","ScratchThat","StrikeDown"],"picked":"SenseQuarry","floor":7},{"not_picked":["EmotionalTurbulence","FleshFillet","Cruelty","AsThePrescriptOrders","EnergyConversion","ElectricShock","Disposal","EnergyShield","Castigation","DarkCloud"],"picked":"IronWall","floor":11},{"not_picked":["Punishment","ViolentFlame","FlyingSword","Tttonst","SuppressingShot","DarkCloud","Ripple","Lock","ClassAndRespect","FleetEdge"],"picked":"SuanNi","floor":13},{"not_picked":["FlowOfTheSword","SharpSwipe","MultiBlock","NightInTheBackstreets","FendThisOffIfYouCan","HiddenBlade","WillOfThePrescript","ClassAndRespect","Outburst","Crush"],"picked":"FaintMemories","floor":14},{"not_picked":["SuanNi","BlazingStrike","Deflect_lor","CrackOfDawn"],"picked":"BoundaryOfDeath","floor":16},{"not_picked":["InhaleSmoke","EnergyStrike+1","BlindFaith","Reload","SnakesPrey","Unlock1","FervidEmotions+1","TheArtOfRapidSteps"],"picked":"DesperateStruggle+1","floor":18},{"not_picked":["ViolentFlame","YouOnlyLiveOnce","GatherIntel","FeatherShield","BlindFaith+1","FlowOfTheSword","Parry","UnavoidableGaze"],"picked":"BiAn","floor":19},{"not_picked":["EnergyStrike+1","BurningFlash","BizarreAttack","CoordinatedAssault","StrongStrike","Thirst","MindWhip","AbsorbImpact+1","Clone"],"picked":"SKIP","floor":21},{"not_picked":["ChiWen","AsThePrescriptOrders","Outburst","ReadyUp+1","Pound","SummaryJudgment","DefenseOrder","HandleRequest+1"],"picked":"RushDown+1","floor":27},{"not_picked":["QuickAttack","DaringDecision","StructuralAnalysis","CookingPrep","FervidEmotions","TrimTheIngredients","FlashOfSunup","UpbeatPerformance"],"picked":"Deflect_lor","floor":28},{"not_picked":["Unlock1+1","ScatteringSlash+1","GoinFirst","ShockRound","Riposte+1","MultiHit","Castigation","Mutilate+1"],"picked":"CleanUp","floor":30},{"not_picked":["FervidEmotions","NonstopAssault","QuickAttack","IllEndYou","FieryWaltz+1","CumulusWall","Pound","Leap_lor","FormingStorm"],"picked":"SKIP","floor":31},{"not_picked":["Transpierce","Deflect_lor"],"picked":"GoinFirst","floor":33},{"not_picked":["MultiHit+1","Unlock1","Parry","CutIn+1","SkitterAway","DesperateStruggle","WillOfThePrescript","Eject+1"],"picked":"FrontalAssault+1","floor":35},{"not_picked":["Punishment","Rampage_lor+1","SharpSwipe+1","DesperateStruggle+1","HandleRequest","Overpower+1","GuardingStance","FrontalAssault+1"],"picked":"WillOfThePrescript+1","floor":37},{"not_picked":["EnergyConversion+1","BiXi+1","AutonomousRush+1","GoinFirst","Reload+1","CookingPrep+1","WildCard+1","Pound"],"picked":"SwordOfVolition","floor":39},{"not_picked":["ViolentFlame+1","Parry+1","WillOfThePrescript","BackAttack+1","SharpSwipe","Standoff+1","ShrineToMusic+1","Wallop_lor+1"],"picked":"SavageMode","floor":41},{"not_picked":["Marionette","DestructiveImpact+1","DaringDecision","Retaliate","Leap_lor","Tttonst","ICanCookAnything+1","EmotionalTurbulence"],"picked":"TrashDisposal","floor":44},{"not_picked":["StrongStrike","Eject+1","UpbeatPerformance+1","StructuralAnalysis+1","SharpNails","RatsGuideToSurvival","KeepItFresh","AGoldenOpportunity"],"picked":"Fence+1","floor":45},{"not_picked":["Reload","Standoff+1","SerpentineBarrier+1","FleetFootsteps+1","Parry+1","TrimTheIngredients+1","PinpointShot+1","HardRehearsal"],"picked":"Clone+1","floor":47},{"not_picked":["SuanNi","GuidanceOfTheGears+1","BackAttack","ICanCookAnything+1","UndertakePrescript+1","SummaryJudgment+1","Preparation","RepressedFlesh"],"picked":"SnakeSlit+1","floor":48},{"not_picked":["Lock","SunsetBlade+1","KeepItFresh","SearingSword","Clone+1","Decapitation","SuppressingShot","ClassAndRespect"],"picked":"UnforgettableMelody","floor":55}],"player_experience":420955,"relics_obtained":[{"floor":1.0,"key":"SynthV:TestCard"},{"floor":7,"key":"Bottled Lightning"},{"floor":11,"key":"PageOfTodaysShyLook"},{"floor":13,"key":"DianPoetry"},{"floor":26,"key":"Toy Ornithopter"},{"floor":28,"key":"Boot"},{"floor":30,"key":"Bottled Flame"},{"floor":39,"key":"Du-Vu Doll"},{"floor":41,"key":"FossilizedHelix"},{"floor":43,"key":"PageOfNosferatu"},{"floor":44,"key":"Akabeko"},{"floor":48,"key":"Bottled Tornado"},{"floor":55,"key":"Bag of Preparation"}],"event_choices":[{"damage_healed":0,"gold_gain":0,"player_choice":"Damaged","damage_taken":7,"max_hp_gain":0,"max_hp_loss":0,"event_name":"Wheel of Change","floor":2,"gold_loss":0},{"damage_healed":0,"gold_gain":0,"cards_transformed":["LightAttack"],"player_choice":"Change","damage_taken":0,"max_hp_gain":0,"max_hp_loss":0,"event_name":"Living Wall","floor":4,"gold_loss":0,"cards_obtained":["WildCard"]},{"damage_healed":0,"gold_gain":0,"player_choice":"Forge","damage_taken":0,"max_hp_gain":0,"max_hp_loss":0,"event_name":"Accursed Blacksmith","floor":6,"gold_loss":0,"cards_upgraded":["SnakesPrey"]},{"cards_removed":["LightAttack"],"damage_healed":0,"gold_gain":0,"player_choice":"Elegance","damage_taken":0,"max_hp_gain":0,"max_hp_loss":0,"event_name":"Back to Basics","floor":25,"gold_loss":0},{"damage_healed":0,"gold_gain":0,"player_choice":"Read","damage_taken":0,"max_hp_gain":0,"max_hp_loss":0,"event_name":"The Library","floor":29,"gold_loss":0,"cards_obtained":["RepressedFlesh"]},{"damage_healed":0,"gold_gain":0,"player_choice":"Ignored","damage_taken":0,"max_hp_gain":0,"max_hp_loss":0,"event_name":"Tomb of Lord Red Mask","floor":36,"gold_loss":0},{"damage_healed":0,"gold_gain":0,"player_choice":"Fight","damage_taken":0,"max_hp_gain":0,"max_hp_loss":0,"event_name":"MindBloom","floor":39,"gold_loss":0},{"damage_healed":0,"gold_gain":0,"player_choice":"Fight","damage_taken":0,"max_hp_gain":0,"max_hp_loss":0,"event_name":"Mysterious Sphere","floor":41,"gold_loss":0}],"is_beta":false,"boss_relics":[{"not_picked":["Velvet Choker","TimeKeys"],"picked":"Busted Crown"},{"not_picked":["MoonlightInvasionPlan","Black Star"],"picked":"Philosopher\u0027s Stone"}],"items_purged_floors":[22,38],"is_endless":false,"potions_floor_spawned":[3,7,19,33,37,39,47,48,55],"ascension_level":9}}