{"host":"51f0ad793vly1w6u","time":1614338658,"event":{"mods":["BaseMod","Colored Map","DeckTracker","Minty Spire (QoL Compilation)","StSLib","SuperFastMode"],"gold_per_floor":[119,137,152,1,1,1,28,102,102,62,76,96,122,141,141,236,236,256,256,3,22,38,38,56,56,56],"floor_reached":25,"language":"KOR","playtime":441,"items_purged":["Strike_B"],"score":384,"play_id":"1f4feb53-ebc5-46e8-bbb5-f761419c771c","local_time":"20210226202418","is_ascension_mode":true,"campfire_choices":[{"floor":6,"key":"REST"},{"data":"Chaos","floor":15,"key":"SMITH"},{"floor":23,"key":"REST"}],"circlet_count":0,"master_deck":["Strike_B","Strike_B","Strike_B","Defend_B","Defend_B","Defend_B","Defend_B","Zap","Dualcast","Multi-Cast","Chaos+1","Gash","Conserve Battery","Ball Lightning","Glacier","Electrodynamics","Barrage","White Noise","Aggregate","Lockon","Reboot","Echo Form","CurseOfTheBell","Turbo+1","Echo Form","Capacitor","Panacea","Self Repair","Genetic Algorithm","Hologram+1"],"relics":["Cracked Core","Orrery","Potion Belt","Ornamental Fan","Mercury Hourglass","Art of War","Ancient Tea Set","Calling Bell","Pen Nib","InkBottle","Girya"],"acts_visited":["Exordium","TheCity"],"potions_floor_usage":[13,16,16,16,21],"damage_taken":[{"damage":0,"enemies":"Small Slimes","floor":1,"turns":3},{"damage":19,"enemies":"Jaw Worm","floor":2,"turns":3},{"damage":2,"enemies":"2 Louse","floor":3,"turns":2},{"damage":31,"enemies":"Lagavulin","floor":7,"turns":7},{"damage":4,"enemies":"Lots of Slimes","floor":11,"turns":3},{"damage":2,"enemies":"Blue Slaver","floor":12,"turns":3},{"damage":4,"enemies":"Gremlin Nob","floor":13,"turns":4},{"damage":5,"enemies":"Exordium Thugs","floor":14,"turns":3},{"damage":0,"enemies":"Slime Boss","floor":16,"turns":5},{"damage":5,"enemies":"Chosen","floor":18,"turns":3},{"damage":10,"enemies":"2 Thieves","floor":21,"turns":3},{"damage":41,"enemies":"Snake Plant","floor":22,"turns":4},{"damage":11,"enemies":"Cultist and Chosen","floor":24,"turns":5}],"seed_played":"7504972102021376315","potions_obtained":[{"floor":2,"key":"SkillPotion"},{"floor":10,"key":"LiquidBronze"},{"floor":10,"key":"Ancient Potion"},{"floor":10,"key":"SpeedPotion"},{"floor":11,"key":"Block Potion"},{"floor":12,"key":"SpeedPotion"},{"floor":16,"key":"PotionOfCapacity"},{"floor":24,"key":"DuplicationPotion"}],"is_trial":false,"path_per_floor":["M","M","M","$","?","R","E","T","T","?","M","M","E","M","R","B",null,"M","?","$","M","M","R","M","?"],"character_chosen":"DEFECT","items_purchased":["Orrery","Capacitor","Panacea"],"campfire_rested":2,"item_purchase_floors":[4,20,20],"current_hp_per_floor":[68,49,47,47,40,62,31,31,31,31,27,25,21,16,16,16,60,55,55,55,45,4,26,15,0,0],"gold":56,"neow_bonus":"ONE_RANDOM_RARE_CARD","is_daily":false,"chose_seed":false,"campfire_upgraded":1,"win_rate":0.0,"timestamp":1614338658,"path_taken":["M","M","M","$","?","R","E","?","T","?","?","M","E","M","R","BOSS","M","?","?","M","M","R","M","?"],"items_purchased_type":["Relic","Card","Card"],"build_version":"2020-12-22","purchased_purges":1,"victory":false,"max_hp_per_floor":[75,75,75,75,75,75,75,75,75,75,75,75,75,75,75,75,75,75,75,75,75,75,75,75,75,75],"card_choices":[{"not_picked":["Coolheaded","Sweeping Beam"],"picked":"Chaos","floor":1},{"not_picked":["Redo","Hologram"],"picked":"Gash","floor":2},{"not_picked":["Hologram","Lockon","Fusion"],"picked":"SKIP","floor":3},{"not_picked":["Turbo","Static Discharge"],"picked":"Conserve Battery","floor":4},{"not_picked":["Cold Snap","Redo"],"picked":"Ball Lightning","floor":4},{"not_picked":["Self Repair","Barrage"],"picked":"Glacier","floor":4},{"not_picked":["Beam Cell","Scrape"],"picked":"Electrodynamics","floor":4},{"not_picked":["Stack","Lockon"],"picked":"Barrage","floor":4},{"not_picked":["Heatsinks","Compile Driver"],"picked":"White Noise","floor":7},{"not_picked":["Go for the Eyes","Barrage"],"picked":"Aggregate","floor":11},{"not_picked":["Hologram","Redo"],"picked":"Lockon","floor":12},{"not_picked":["Gash","Conserve Battery","Redo"],"picked":"SKIP","floor":13},{"not_picked":["Go for the Eyes","FTL"],"picked":"Reboot","floor":14},{"not_picked":["Rainbow","Hyperbeam"],"picked":"Echo Form","floor":16},{"not_picked":["Conserve Battery+1","Cold Snap+1"],"picked":"Turbo+1","floor":18},{"not_picked":["Compile Driver","Leap+1"],"picked":"Self Repair","floor":21},{"not_picked":["Rebound","Barrage"],"picked":"Genetic Algorithm","floor":22},{"not_picked":["Leap+1","Machine Learning"],"picked":"Hologram+1","floor":24}],"player_experience":1475777,"relics_obtained":[{"floor":7,"key":"Ornamental Fan"},{"floor":8,"key":"Mercury Hourglass"},{"floor":9,"key":"Art of War"},{"floor":13,"key":"Ancient Tea Set"},{"floor":17,"key":"Pen Nib"},{"floor":17,"key":"InkBottle"},{"floor":17,"key":"Girya"}],"event_choices":[{"damage_healed":0,"gold_gain":0,"player_choice":"Success","damage_taken":7,"relics_obtained":["Potion Belt"],"max_hp_gain":0,"max_hp_loss":0,"event_name":"Scrap Ooze","floor":5,"gold_loss":0},{"damage_healed":0,"gold_gain":0,"player_choice":"Bought 3 Potions","damage_taken":0,"max_hp_gain":0,"max_hp_loss":0,"event_name":"The Woman in Blue","floor":10,"gold_loss":0},{"damage_healed":0,"gold_gain":0,"player_choice":"Copied","damage_taken":0,"max_hp_gain":0,"max_hp_loss":0,"event_name":"Duplicator","floor":19,"gold_loss":0,"cards_obtained":["Echo Form"]},{"damage_healed":0,"gold_gain":0,"player_choice":"Obtained Book","damage_taken":16,"max_hp_gain":0,"max_hp_loss":0,"event_name":"Cursed Tome","floor":25,"gold_loss":0}],"is_beta":false,"boss_relics":[{"not_picked":["SlaversCollar","Nuclear Battery"],"picked":"Calling Bell"}],"items_purged_floors":[20],"is_endless":false,"potions_floor_spawned":[2,11,12,16,24],"ascension_level":9}}