{"host":"rhdzd7if6vauof3v","time":1614306407,"event":{"mods":["AchievementEnabler","BaseMod","Colored Map","Minty Spire (QoL Compilation)","Permanent Neow","Relic Stats","StSLib","Transform Curses"],"gold_per_floor":[119,119,119,13,23,51,71,90,90,90,105,105,117,117,117,117,117],"floor_reached":16,"language":"ENG","playtime":1324,"items_purged":[],"score":107,"play_id":"14be732e-c999-4d87-8a09-337045bb514e","local_time":"20210225212647","is_ascension_mode":true,"campfire_choices":[{"data":"True Grit","floor":12,"key":"SMITH"},{"floor":15,"key":"REST"}],"circlet_count":0,"master_deck":["Strike_R+1","Strike_R","Strike_R","Defend_R","Defend_R","Defend_R","Defend_R","Bash","Doubt","Dropkick+1","Inflame","Pain","Second Wind","Feel No Pain","Second Wind","True Grit+1"],"relics":["Burning Blood","WarpedTongs","Oddly Smooth Stone","Darkstone Periapt","HornCleat"],"acts_visited":["Exordium"],"potions_floor_usage":[],"damage_taken":[{"damage":7,"enemies":"Small Slimes","floor":1,"turns":3},{"damage":0,"enemies":"2 Louse","floor":5,"turns":2},{"damage":50,"enemies":"3 Sentries","floor":6,"turns":13},{"damage":1,"enemies":"Cultist","floor":7,"turns":3},{"damage":9,"enemies":"2 Fungi Beasts","floor":8,"turns":4},{"damage":2,"enemies":"Looter","floor":11,"turns":4},{"damage":3,"enemies":"Blue Slaver","floor":13,"turns":4},{"damage":49,"enemies":"Slime Boss","floor":16,"turns":9}],"seed_played":"-6847873414853373939","potions_obtained":[{"floor":1,"key":"PowerPotion"},{"floor":5,"key":"Fire Potion"},{"floor":7,"key":"SpeedPotion"},{"floor":11,"key":"Strength Potion"}],"is_trial":false,"path_per_floor":["M","?","?","$","M","E","M","M","T","?","M","R","M","$","R","B"],"character_chosen":"IRONCLAD","items_purchased":["Second Wind","Feel No Pain"],"campfire_rested":1,"item_purchase_floors":[4,4],"current_hp_per_floor":[79,63,63,63,69,25,30,27,27,15,19,19,22,22,46,0,0],"gold":117,"neow_bonus":"TRANSFORM_TWO_CARDS","is_daily":false,"chose_seed":false,"campfire_upgraded":1,"win_rate":0.0,"timestamp":1614306407,"path_taken":["M","?","?","$","M","E","M","?","T","?","M","R","M","$","R","BOSS"],"items_purchased_type":["Card","Card"],"build_version":"2020-12-22","purchased_purges":0,"victory":false,"max_hp_per_floor":[80,80,80,80,80,80,80,80,80,80,80,80,80,80,80,80,80],"relic_stats":{"Darkstone Periapt":0,"counters":[8,42],"obtain_stats":[{"Darkstone Periapt":9,"HornCleat":10,"Oddly Smooth Stone":6,"Burning Blood":0,"WarpedTongs":3},{"Darkstone Periapt":5,"HornCleat":5,"Oddly Smooth Stone":3,"Burning Blood":0,"WarpedTongs":1},{"Darkstone Periapt":25,"HornCleat":25,"Oddly Smooth Stone":18,"Burning Blood":0,"WarpedTongs":3}],"Burning Blood":42,"WarpedTongs":[35]},"card_choices":[{"not_picked":["Clash","Iron Wave","Warcry"],"picked":"SKIP","floor":1},{"not_picked":["Warcry","Perfected Strike"],"picked":"Second Wind","floor":5},{"not_picked":["Perfected Strike","Brutality","Thunderclap"],"picked":"SKIP","floor":6},{"not_picked":["Flame Barrier","Clash","Armaments"],"picked":"SKIP","floor":7},{"not_picked":["Pummel","Thunderclap","Headbutt"],"picked":"SKIP","floor":8},{"not_picked":["Warcry","Ghostly Armor"],"picked":"True Grit","floor":11},{"not_picked":["True Grit","Sword Boomerang","Metallicize"],"picked":"SKIP","floor":13}],"player_experience":97817,"relics_obtained":[{"floor":6,"key":"Oddly Smooth Stone"},{"floor":9,"key":"Darkstone Periapt"}],"event_choices":[{"damage_healed":0,"gold_gain":0,"player_choice":"Entered Light","damage_taken":16,"max_hp_gain":0,"max_hp_loss":0,"event_name":"Shining Light","floor":2,"gold_loss":0,"cards_upgraded":["Dropkick","Strike_R"]},{"damage_healed":0,"gold_gain":0,"player_choice":"Rummage","damage_taken":0,"relics_obtained":["WarpedTongs"],"max_hp_gain":0,"max_hp_loss":0,"event_name":"Accursed Blacksmith","floor":3,"gold_loss":0,"cards_obtained":["Pain"]},{"damage_healed":0,"gold_gain":0,"player_choice":"Success","damage_taken":12,"relics_obtained":["HornCleat"],"max_hp_gain":0,"max_hp_loss":0,"event_name":"Scrap Ooze","floor":10,"gold_loss":0}],"is_beta":false,"boss_relics":[],"items_purged_floors":[],"is_endless":false,"potions_floor_spawned":[1,5,7,11],"killed_by":"Slime Boss","ascension_level":1}}