{"host":"8k64rvi83ijr822k","time":1614370117,"event":{"mods":["Bard","BaseMod","Dio Mod","Hermit","Hubris","Magitek Elite","Minty Spire (QoL Compilation)","Quick Restart","Railgun Mod","Replay The Spire","Shop Mod","Small Relic Pack","StSLib","Td1madao Mod","The Administrix","The Animator","The Bladedancer","The Bug Knight","The Construct","The Cursed","The Disciple","The Gatherer","The Judge","The Jungle","The Mystic","The Necromancer","The Poker Player","The Problem Sleuth","The Runesmith","The Senshi","The Wild Card","TheHero"],"gold_per_floor":[125,125,138,154,180,180,180,197,197,211,5,17,32,52,52,52,52],"floor_reached":16,"language":"ENG","playtime":808,"items_purged":[],"score":98,"play_id":"dbfe9127-0873-4539-ac3d-53c44031b064","local_time":"20210226150837","is_ascension_mode":false,"campfire_choices":[{"data":"animator:Spearman","floor":6.0,"key":"SMITH"}],"circlet_count":0,"master_deck":["animator:Strike_GoblinSlayer","animator:Defend_GoblinSlayer","animator:Strike","animator:Strike","animator:Strike","animator:Defend","animator:Defend","animator:Defend","animator:LizardPriest","animator:DwarfShaman","animator:Raven+1","animator:Entoma+3","animator:AcuraTooru","animator:Spearman+1","animator:SuzuneAmano","animator:DwarfShaman","animator:TakanashiRikka","animator:Arpeggio","animator:Ara","animator:GoblinSlayer","animator:Illya"],"relics":["animator:LivingPicture","animator:TheMissingPiece","animator:PurgingStone","NeowsBlessing","Toy Ornithopter","Quantum Egg"],"acts_visited":["Exordium"],"potions_floor_usage":[14,14,14],"damage_taken":[{"damage":0.0,"enemies":"Small Slimes","floor":1.0,"turns":1.0},{"damage":0.0,"enemies":"2 Louse","floor":3.0,"turns":1.0},{"damage":0.0,"enemies":"Cultist","floor":4.0,"turns":1.0},{"damage":17.0,"enemies":"2 Fungi Beasts","floor":5.0,"turns":4.0},{"damage":1.0,"enemies":"Exordium Wildlife","floor":8.0,"turns":4.0},{"damage":10.0,"enemies":"Exordium Thugs","floor":10.0,"turns":4.0},{"damage":21,"enemies":"Large Slime","floor":12,"turns":5},{"damage":16,"enemies":"Blue Slaver","floor":13,"turns":4},{"damage":7,"enemies":"3 Louse","floor":14,"turns":3},{"damage":44,"enemies":"Slime Boss","floor":16,"turns":6}],"seed_played":"7039297924983455636","potions_obtained":[{"floor":3.0,"key":"AttackPotion"},{"floor":4.0,"key":"DuplicationPotion"},{"floor":8.0,"key":"AttackPotion"}],"is_trial":false,"path_per_floor":["M","?","M","M","M","R","?","M","T","M","$","M","M","M","R","B"],"character_chosen":"THE_ANIMATOR","items_purchased":["animator:TakanashiRikka","animator:Arpeggio"],"campfire_rested":0,"item_purchase_floors":[11,11],"current_hp_per_floor":[66,66,66,68,51,51,51,52,52,44,44,24,9,17,39,0,0],"gold":52,"neow_bonus":"THREE_ENEMY_KILL","is_daily":false,"chose_seed":false,"campfire_upgraded":1,"win_rate":0.0,"timestamp":1614370117,"path_taken":["M","?","M","M","M","R","?","M","T","M","$","M","?","M","R","BOSS"],"items_purchased_type":["Card","Card"],"build_version":"2020-12-22","purchased_purges":0,"victory":false,"max_hp_per_floor":[66,66,66,68,68,68,68,70,70,72,72,73,74,74,74,74,74],"card_choices":[{"not_picked":["animator:OrikoMikuni","animator:Yoichi"],"picked":"animator:Raven","floor":1.0},{"not_picked":["animator:YaoHaDucy","animator:GazelDwargon"],"picked":"animator:Entoma","floor":3.0},{"not_picked":["animator:SakuraMatou","animator:Alexander"],"picked":"animator:AcuraTooru","floor":4.0},{"not_picked":["animator:DwarfShaman","animator:HighElfArcher"],"picked":"animator:Spearman","floor":5.0},{"not_picked":["animator:Rider","animator:Mikaela"],"picked":"animator:SuzuneAmano","floor":8.0},{"not_picked":["animator:Gilgamesh","animator:Yuuichirou"],"picked":"animator:DwarfShaman","floor":10.0},{"not_picked":["animator:Benimaru","animator:Shigure"],"picked":"animator:Ara","floor":12},{"not_picked":["animator:HighElfArcher","animator:Spearman"],"picked":"animator:GoblinSlayer","floor":13},{"not_picked":["animator:Viivi","animator:Entoma"],"picked":"animator:Illya","floor":14}],"player_experience":124288,"relics_obtained":[{"floor":9.0,"key":"Quantum Egg"}],"event_choices":[{"damage_healed":0.0,"max_hp_gain":0.0,"max_hp_loss":0.0,"gold_gain":0.0,"event_name":"Big Fish","player_choice":"Box","floor":2.0,"gold_loss":0.0,"damage_taken":0.0,"relics_obtained":["Toy Ornithopter"],"cards_obtained":["Regret"]},{"cards_removed":["Regret"],"damage_healed":0.0,"max_hp_gain":0.0,"max_hp_loss":0.0,"gold_gain":0.0,"event_name":"Fountain of Cleansing","player_choice":"Removed Curses","floor":7.0,"gold_loss":0.0,"damage_taken":0.0}],"is_beta":false,"boss_relics":[],"items_purged_floors":[],"is_endless":false,"potions_floor_spawned":[3,4,8,10,12],"killed_by":"Slime Boss","ascension_level":0}}