{"host":"o43njuct9nttyauw","time":1614321122,"event":{"mods":["AchievementEnabler","BaseMod","Colored Powertips","Minty Spire (QoL Compilation)","Quick Restart","Rare Cards Sparkle","Relic Stats","StSLib"],"gold_per_floor":[118,133,133,133,145,171,191,3,83,83,116,38,38,51,51,151,151,165,181,196,196,39,54,80,92,104,16,48,64,64,64,64,161,161,175,175,225,240,92,92,122,122,146,1,14,14,33,53,53,53,53],"floor_reached":50,"language":"ENG","playtime":2843,"items_purged":["Defend_R","Strike_R","Strike_R"],"score":545,"play_id":"f1422aa5-f5d4-4a29-a3b0-843648dd6bf2","local_time":"20210226003202","is_ascension_mode":false,"campfire_choices":[{"data":"Rupture","floor":13,"key":"SMITH"},{"data":"Bash","floor":15,"key":"SMITH"},{"data":"Inflame","floor":32,"key":"SMITH"},{"data":"Feed","floor":40,"key":"SMITH"},{"data":"Feel No Pain","floor":46,"key":"SMITH"},{"floor":49,"key":"REST"}],"circlet_count":0,"master_deck":["Strike_R","Defend_R","Defend_R","Bash+1","Combust","Combust","Anger","Shrug It Off","Shrug It Off","Inflame+1","Feel No Pain+1","Rupture+1","Reaper","Offering","Battle Trance+1","Blood for Blood+1","Dark Embrace+1","Fire Breathing+1","Barricade+1","Blood for Blood","Feed+1","Bloodletting+1","Dual Wield+1","Headbutt","Entrench+1","True Grit+1","Shockwave+1"],"relics":["Burning Blood","FossilizedHelix","Mercury Hourglass","Kunai","Juzu Bracelet","PreservedInsect","White Beast Statue","Gambling Chip","Black Star","Frozen Egg 2","Red Skull","MawBank","MutagenicStrength","Toxic Egg 2","Anchor","Shuriken","Mark of Pain","Ice Cream","Toy Ornithopter","Blood Vial","Bronze Scales","Nunchaku"],"acts_visited":["Exordium","TheCity","TheBeyond"],"potions_floor_usage":[11,14,16,16,18,24,24,28,29,35,45,47,47,48,50,50],"damage_taken":[{"damage":0,"enemies":"Cultist","floor":1,"turns":4},{"damage":7,"enemies":"Jaw Worm","floor":2,"turns":4},{"damage":2,"enemies":"Small Slimes","floor":5,"turns":3},{"damage":21,"enemies":"3 Sentries","floor":6,"turns":4},{"damage":13,"enemies":"Red Slaver","floor":7,"turns":3},{"damage":0,"enemies":"Gremlin Nob","floor":11,"turns":3},{"damage":10,"enemies":"Large Slime","floor":14,"turns":6},{"damage":22,"enemies":"Slime Boss","floor":16,"turns":8},{"damage":24,"enemies":"2 Thieves","floor":18,"turns":4},{"damage":6,"enemies":"Chosen","floor":19,"turns":4},{"damage":35,"enemies":"Snake Plant","floor":20,"turns":4},{"damage":26,"enemies":"Centurion and Healer","floor":23,"turns":5},{"damage":12,"enemies":"Book of Stabbing","floor":24,"turns":3},{"damage":23,"enemies":"Slavers","floor":28,"turns":3},{"damage":25,"enemies":"Shelled Parasite and Fungi","floor":29,"turns":4},{"damage":24,"enemies":"Champ","floor":33,"turns":8},{"damage":26,"enemies":"3 Darklings","floor":35,"turns":4},{"damage":20,"enemies":"Mind Bloom Boss Battle","floor":37,"turns":5},{"damage":3,"enemies":"3 Shapes","floor":38,"turns":4},{"damage":42,"enemies":"Giant Head","floor":41,"turns":5},{"damage":24,"enemies":"Transient","floor":45,"turns":5},{"damage":8,"enemies":"Writhing Mass","floor":47,"turns":5},{"damage":19,"enemies":"Jaw Worm Horde","floor":48,"turns":3},{"damage":82,"enemies":"Awakened One","floor":50,"turns":5}],"seed_played":"4977330269519230593","potions_obtained":[{"floor":1,"key":"SneckoOil"},{"floor":5,"key":"LiquidMemories"},{"floor":6,"key":"FearPotion"},{"floor":7,"key":"SpeedPotion"},{"floor":11,"key":"BloodPotion"},{"floor":14,"key":"LiquidMemories"},{"floor":16,"key":"GamblersBrew"},{"floor":18,"key":"SpeedPotion"},{"floor":19,"key":"ElixirPotion"},{"floor":20,"key":"PowerPotion"},{"floor":23,"key":"Weak Potion"},{"floor":24,"key":"AttackPotion"},{"floor":28,"key":"Weak Potion"},{"floor":29,"key":"GamblersBrew"},{"floor":33,"key":"FearPotion"},{"floor":35,"key":"BlessingOfTheForge"},{"floor":45,"key":"Weak Potion"},{"floor":47,"key":"Swift Potion"},{"floor":48,"key":"FearPotion"}],"is_trial":false,"path_per_floor":["M","M","?","T","M","E","M","$","T","?","E","$","R","M","R","B",null,"M","M","M","T","$","M","E","?","T","$","E","M","?","?","R","B",null,"M","?","?","M","$","R","E","?","T","$","M","R","M","M","R","B"],"character_chosen":"IRONCLAD","items_purchased":["Inflame","PreservedInsect","Rupture","Dark Embrace+1","Headbutt","Nunchaku"],"campfire_rested":1,"item_purchase_floors":[8,8,12,22,39,44],"current_hp_per_floor":[72,71,59,59,63,48,41,41,41,41,47,47,47,57,57,41,72,72,72,43,43,43,43,37,37,37,37,47,44,44,44,44,26,72,52,52,57,63,63,63,31,31,31,31,20,20,33,43,66,0,0],"gold":53,"neow_bonus":"ONE_RARE_RELIC","is_daily":false,"chose_seed":false,"campfire_upgraded":5,"win_rate":0.0,"timestamp":1614321122,"path_taken":["M","M","?","?","M","E","M","$","T","?","E","$","R","M","R","BOSS","M","M","M","?","$","M","E","?","T","$","E","M","?","?","R","BOSS","M","?","?","M","$","R","E","?","T","?","M","R","M","M","R","BOSS"],"items_purchased_type":["Card","Relic","Card","Card","Card","Relic"],"build_version":"2020-12-22","purchased_purges":3,"victory":false,"max_hp_per_floor":[72,72,72,72,72,72,72,72,72,72,72,72,72,72,72,72,72,72,72,72,72,72,72,72,72,72,72,72,72,72,72,72,72,72,72,72,75,78,78,78,82,78,78,78,78,78,78,78,78,82,82],"relic_stats":{"counters":[24,105],"PreservedInsect":226,"Juzu Bracelet":1,"MawBank":36,"Burning Blood":128,"Mercury Hourglass":[369],"Blood Vial":8,"Nunchaku":[2],"Shuriken":[10],"Gambling Chip":[68],"Bronze Scales":[66],"Black Star":3,"Kunai":[17],"obtain_stats":[{"Ice Cream":37,"PreservedInsect":8,"Juzu Bracelet":6,"Frozen Egg 2":21,"MawBank":24,"Burning Blood":0,"White Beast Statue":9,"Mercury Hourglass":3,"Blood Vial":41,"Anchor":28,"Nunchaku":44,"Shuriken":28,"Gambling Chip":11,"MutagenicStrength":25,"Bronze Scales":43,"Mark of Pain":34,"Black Star":17,"Kunai":4,"Toxic Egg 2":26,"FossilizedHelix":0,"Red Skull":24,"Toy Ornithopter":41},{"Ice Cream":18,"PreservedInsect":5,"Juzu Bracelet":4,"Frozen Egg 2":11,"MawBank":13,"Burning Blood":0,"White Beast Statue":5,"Mercury Hourglass":2,"Blood Vial":20,"Anchor":14,"Nunchaku":20,"Shuriken":14,"Gambling Chip":6,"MutagenicStrength":13,"Bronze Scales":20,"Mark of Pain":16,"Black Star":8,"Kunai":2,"Toxic Egg 2":13,"FossilizedHelix":0,"Red Skull":13,"Toy Ornithopter":20},{"Ice Cream":78,"PreservedInsect":18,"Juzu Bracelet":15,"Frozen Egg 2":46,"MawBank":54,"Burning Blood":0,"White Beast Statue":18,"Mercury Hourglass":8,"Blood Vial":87,"Anchor":57,"Nunchaku":87,"Shuriken":57,"Gambling Chip":21,"MutagenicStrength":54,"Bronze Scales":87,"Mark of Pain":69,"Black Star":35,"Kunai":8,"Toxic Egg 2":54,"FossilizedHelix":0,"Red Skull":54,"Toy Ornithopter":87}],"Toy Ornithopter":30},"card_choices":[{"not_picked":["Iron Wave","Battle Trance"],"picked":"Combust","floor":1},{"not_picked":["Fire Breathing","Perfected Strike"],"picked":"Combust","floor":2},{"not_picked":["Carnage","Clothesline"],"picked":"Anger","floor":5},{"not_picked":["Dual Wield","Twin Strike"],"picked":"Shrug It Off","floor":6},{"not_picked":["Warcry","Iron Wave"],"picked":"Shrug It Off","floor":7},{"not_picked":["Clash","Carnage"],"picked":"Feel No Pain","floor":11},{"not_picked":["Iron Wave","True Grit"],"picked":"Reaper","floor":14},{"not_picked":["Reaper","Barricade"],"picked":"Offering","floor":16},{"not_picked":["Iron Wave+1","Entrench+1","Body Slam+1"],"picked":"SKIP","floor":18},{"not_picked":["Shrug It Off","Body Slam+1"],"picked":"Battle Trance+1","floor":19},{"not_picked":["Reckless Charge+1","Cleave+1"],"picked":"Blood for Blood+1","floor":20},{"not_picked":["Uppercut","Pommel Strike"],"picked":"Fire Breathing+1","floor":23},{"not_picked":["Iron Wave+1","Twin Strike","Body Slam"],"picked":"SKIP","floor":24},{"not_picked":["Clothesline","Uppercut"],"picked":"Barricade+1","floor":28},{"not_picked":["Thunderclap","Body Slam+1"],"picked":"Blood for Blood","floor":29},{"not_picked":["Offering+1","Fiend Fire"],"picked":"Feed","floor":33},{"not_picked":["Clothesline","Headbutt"],"picked":"Bloodletting+1","floor":35},{"not_picked":["Sword Boomerang","Twin Strike+1"],"picked":"Dual Wield+1","floor":37},{"not_picked":["Barricade+1","Iron Wave","Twin Strike+1"],"picked":"SKIP","floor":38},{"not_picked":["Flex+1","Sever Soul+1"],"picked":"Entrench+1","floor":41},{"not_picked":["Headbutt+1","Armaments+1"],"picked":"True Grit+1","floor":45},{"not_picked":["Rampage","Carnage+1","Iron Wave"],"picked":"SKIP","floor":47},{"not_picked":["Clothesline","Combust+1"],"picked":"Shockwave+1","floor":48}],"player_experience":5402,"relics_obtained":[{"floor":4,"key":"Kunai"},{"floor":6,"key":"Juzu Bracelet"},{"floor":9,"key":"White Beast Statue"},{"floor":11,"key":"Gambling Chip"},{"floor":21,"key":"Frozen Egg 2"},{"floor":24,"key":"Red Skull"},{"floor":24,"key":"MawBank"},{"floor":26,"key":"Toxic Egg 2"},{"floor":28,"key":"Anchor"},{"floor":28,"key":"Shuriken"},{"floor":37,"key":"Ice Cream"},{"floor":41,"key":"Toy Ornithopter"},{"floor":41,"key":"Blood Vial"},{"floor":43,"key":"Bronze Scales"}],"event_choices":[{"damage_healed":0,"gold_gain":0,"player_choice":"Success","damage_taken":12,"relics_obtained":["Mercury Hourglass"],"max_hp_gain":0,"max_hp_loss":0,"event_name":"Scrap Ooze","floor":3,"gold_loss":0},{"cards_removed":["Strike_R"],"damage_healed":0,"gold_gain":0,"player_choice":"Offered Basic","damage_taken":0,"max_hp_gain":0,"max_hp_loss":0,"event_name":"Bonfire Elementals","floor":10,"gold_loss":0},{"damage_healed":0,"gold_gain":0,"player_choice":"Inject Mutagens","damage_taken":0,"relics_obtained":["MutagenicStrength"],"max_hp_gain":0,"max_hp_loss":0,"event_name":"Drug Dealer","floor":25,"gold_loss":0},{"cards_removed":["Strike_R"],"damage_healed":0,"gold_gain":0,"player_choice":"Purged","damage_taken":0,"max_hp_gain":0,"max_hp_loss":0,"event_name":"Purifier","floor":31,"gold_loss":0},{"cards_removed":["Defend_R"],"damage_healed":0,"gold_gain":0,"player_choice":"Removed Skill","damage_taken":0,"max_hp_gain":0,"max_hp_loss":0,"event_name":"Falling","floor":36,"gold_loss":0},{"damage_healed":0,"gold_gain":0,"player_choice":"Fight","damage_taken":0,"max_hp_gain":0,"max_hp_loss":0,"event_name":"MindBloom","floor":37,"gold_loss":0},{"damage_healed":0,"gold_gain":0,"player_choice":"Max HP","damage_taken":0,"max_hp_gain":0,"max_hp_loss":4,"event_name":"Winding Halls","floor":42,"gold_loss":0}],"is_beta":false,"boss_relics":[{"not_picked":["Snecko Eye","Cursed Key"],"picked":"Black Star"},{"not_picked":["Black Blood","Tiny House"],"picked":"Mark of Pain"}],"items_purged_floors":[22,27,39],"is_endless":false,"potions_floor_spawned":[1,5,6,7,11,14,16,18,19,20,23,24,28,29,33,35,37,38,41,45,47,48],"killed_by":"Awakened One","ascension_level":0}}