{"host":"bxn2em57qlx5u4i0","time":1614310948,"event":{"mods":["BaseMod","Colored Map","Colored Powertips","Highlight Path","Minty Spire (QoL Compilation)","Random Character Button","Relic Sorter","Relic Stats","StSLib","SuperFastMode"],"gold_per_floor":[109,184,207,148,168,195,195,221,245,245,271,57,85,85,85,162,162,175,90,90,90,165,492,522,234,281,307,342,342,373,385,385,458,458,475,525,1574,1176,913,944,976,1005,1017,1079,1122,1169,1215,1241,1253,1265,1277,1289,1301,934,969,969],"floor_reached":57,"language":"ENG","playtime":2368,"items_purged":["Cloak And Dagger","Prepared","Cloak And Dagger+1"],"score":3855,"play_id":"b59aaf2e-847b-4ffd-bfa3-3a3b84d3c1d4","local_time":"20210225224228","daily_mods":["SealedDeck","Heirloom","Flight"],"is_ascension_mode":true,"campfire_choices":[{"data":"Calculated Gamble","floor":7,"key":"SMITH"},{"data":"Tactician","floor":10,"key":"SMITH"},{"data":"Calculated Gamble","floor":15,"key":"SMITH"},{"data":"Tactician","floor":29,"key":"SMITH"},{"data":"Footwork","floor":32,"key":"SMITH"},{"floor":49,"key":"RECALL"},{"floor":53,"key":"DIG"}],"circlet_count":0,"master_deck":["AscendersBane","Calculated Gamble+1","Dagger Throw+1","Tactician+1","Deflect","Deadly Poison","Poisoned Stab+1","Deadly Poison","Calculated Gamble+1","Dodge and Roll","Adrenaline+1","Backflip","After Image","Footwork+1","Tactician+1","Blur","Malaise+1","Tools of the Trade","Tactician+1","Sadistic Nature","Finesse+1","Panache","Prepared+1","Sadistic Nature","Prepared+1","Reflex+1","Acrobatics+1","Escape Plan+1","Backflip+1","Night Terror+1","PiercingWail+1","Acrobatics+1","Reflex+1"],"relics":["Ring of the Snake","Lizard Tail","Tiny Chest","Strawberry","Potion Belt","Centennial Puzzle","Bag of Marbles","Juzu Bracelet","Toy Ornithopter","Snake Skull","Paper Crane","Black Star","Mercury Hourglass","SsserpentHead","War Paint","Omamori","Old Coin","Pear","Whetstone","Membership Card","Blood Vial","PreservedInsect","Boot","Question Card","Sundial","Toxic Egg 2","Peace Pipe","Runic Pyramid","Lee\u0027s Waffle","Anchor","Shovel","Pantograph","Pen Nib","Mummified Hand","Dream Catcher","Eternal Feather","InkBottle","MawBank","Smiling Mask","Kunai","Bronze Scales","Happy Flower","TungstenRod","Orichalcum","Ornamental Fan","The Specimen","Letter Opener","Oddly Smooth Stone","White Beast Statue","Medical Kit","Akabeko"],"acts_visited":["Exordium","TheCity","TheBeyond","TheEnding"],"potions_floor_usage":[8,13,27,33,33,56,56,56,56,56,56,56],"damage_taken":[{"damage":0,"enemies":"Cultist","floor":1,"turns":3},{"damage":0,"enemies":"Jaw Worm","floor":5,"turns":3},{"damage":24,"enemies":"Lagavulin","floor":6,"turns":4},{"damage":11,"enemies":"Gremlin Nob","floor":8,"turns":3},{"damage":12,"enemies":"3 Sentries","floor":11,"turns":7},{"damage":2,"enemies":"Lagavulin","floor":13,"turns":4},{"damage":3,"enemies":"The Guardian","floor":16,"turns":7},{"damage":0,"enemies":"3 Byrds","floor":18,"turns":5},{"damage":4,"enemies":"Book of Stabbing","floor":23,"turns":5},{"damage":14,"enemies":"Gremlin Leader","floor":24,"turns":6},{"damage":10,"enemies":"Slavers","floor":27,"turns":5},{"damage":0,"enemies":"Gremlin Leader","floor":28,"turns":5},{"damage":6,"enemies":"Slavers","floor":30,"turns":4},{"damage":45,"enemies":"Collector","floor":33,"turns":12},{"damage":4,"enemies":"3 Shapes","floor":35,"turns":5},{"damage":0,"enemies":"Nemesis","floor":40,"turns":5},{"damage":0,"enemies":"Giant Head","floor":41,"turns":5},{"damage":0,"enemies":"Nemesis","floor":42,"turns":5},{"damage":0,"enemies":"Reptomancer","floor":45,"turns":2},{"damage":0,"enemies":"Nemesis","floor":46,"turns":1},{"damage":0,"enemies":"Giant Head","floor":47,"turns":3},{"damage":0,"enemies":"3 Darklings","floor":48,"turns":2},{"damage":0,"enemies":"Awakened One","floor":50,"turns":4},{"damage":0,"enemies":"Donu and Deca","floor":51,"turns":5},{"damage":0,"enemies":"Shield and Spear","floor":55,"turns":2},{"damage":3,"enemies":"The Heart","floor":56,"turns":4}],"seed_played":"-6569369413350759300","potions_obtained":[{"floor":5,"key":"SteroidPotion"},{"floor":8,"key":"Block Potion"},{"floor":11,"key":"Block Potion"},{"floor":18,"key":"BlessingOfTheForge"},{"floor":27,"key":"LiquidBronze"},{"floor":28,"key":"Block Potion"},{"floor":33,"key":"SteroidPotion"},{"floor":35,"key":"Dexterity Potion"},{"floor":41,"key":"Regen Potion"},{"floor":42,"key":"EntropicBrew"},{"floor":48,"key":"Swift Potion"}],"is_trial":true,"path_per_floor":["M","?","T","?","M","E","R","E","T","R","E","$","E","T","R","B",null,"M","?","?","?","T","E","E","$","T","E","E","R","E","$","R","B",null,"M","?","?","$","$","E","E","E","T","T","E","E","E","M","R","B","B",null,"R","$","E","B",null],"character_chosen":"THE_SILENT","items_purchased":["Toy Ornithopter","SkillPotion","Membership Card","Blood Vial","Blur","Lee\u0027s Waffle","Anchor","Shovel","Prepared+1","Pantograph","Sadistic Nature","Prepared+1","Oddly Smooth Stone","White Beast Statue","Medical Kit","Acrobatics+1"],"campfire_rested":0,"item_purchase_floors":[12,12,25,25,25,38,38,38,38,39,39,39,54,54,54,54],"current_hp_per_floor":[59,48,48,55,55,31,31,20,20,20,8,8,11,11,11,8,57,57,57,57,57,57,53,49,49,49,46,48,48,44,44,44,11,65,63,53,53,90,90,90,90,90,90,90,90,90,90,90,90,90,90,90,90,90,90,90],"gold":969,"neow_bonus":"","is_daily":false,"chose_seed":false,"campfire_upgraded":5,"win_rate":0.0,"timestamp":1614310948,"path_taken":["M","?","?","?","?","E","R","E","T","R","E","?","E","?","R","BOSS","M","?","?","?","?","E","E","$","T","E","E","R","E","?","R","BOSS","M","?","?","$","$","E","E","E","T","?","E","E","E","M","R","BOSS","BOSS","R","$","E","BOSS"],"items_purchased_type":["Relic","Potion","Relic","Relic","Card","Relic","Relic","Relic","Card","Relic","Card","Card","Relic","Relic","Relic","Card"],"build_version":"2020-12-22","purchased_purges":3,"victory":true,"max_hp_per_floor":[66,66,66,73,73,73,73,73,73,73,73,73,73,73,73,73,73,73,73,73,73,73,73,83,83,83,83,83,83,83,83,83,83,83,83,83,83,90,90,90,90,90,90,90,90,90,90,90,90,90,90,90,90,90,90,90],"relic_stats":{"Snake Skull":[154],"Juzu Bracelet":0,"Whetstone":["Dagger Throw","Poisoned Stab"],"Boot":[56],"Smiling Mask":13,"Blood Vial":10,"SsserpentHead":250,"Lizard Tail":0,"Centennial Puzzle":[29],"Dream Catcher":0,"Shovel":1,"Sundial":[36],"Mummified Hand":[63],"Pantograph":0,"Tiny Chest":3,"Kunai":[12],"InkBottle":[43],"Ring of the Snake":[52],"Lee\u0027s Waffle":37,"Happy Flower":[7],"counters":[26,114],"Eternal Feather":0,"PreservedInsect":639,"Pen Nib":[7],"Letter Opener":[163],"War Paint":["Cloak And Dagger","Adrenaline"],"Orichalcum":[0],"Question Card":14,"MawBank":144,"Medical Kit":[6],"Mercury Hourglass":[368],"Peace Pipe":1,"Ornamental Fan":[32],"Bronze Scales":[72],"Black Star":12,"obtain_stats":[{"Whetstone":24,"Boot":27,"Old Coin":23,"Blood Vial":25,"Lizard Tail":0,"Centennial Puzzle":8,"Sundial":28,"Strawberry":4,"Kunai":44,"Toxic Egg 2":30,"Pear":24,"Happy Flower":45,"Oddly Smooth Stone":54,"Eternal Feather":41,"Pen Nib":40,"Letter Opener":53,"Paper Crane":14,"War Paint":22,"Question Card":28,"Akabeko":55,"Bronze Scales":45,"Black Star":17,"Snake Skull":13,"Juzu Bracelet":11,"Smiling Mask":43,"SsserpentHead":21,"Dream Catcher":41,"Shovel":38,"Mummified Hand":40,"Pantograph":39,"Tiny Chest":3,"InkBottle":42,"Ring of the Snake":0,"Runic Pyramid":34,"Potion Belt":6,"Lee\u0027s Waffle":38,"The Specimen":47,"PreservedInsect":27,"Omamori":23,"Orichalcum":46,"MawBank":42,"Medical Kit":54,"White Beast Statue":54,"Mercury Hourglass":19,"Peace Pipe":30,"Anchor":38,"Ornamental Fan":47,"Bag of Marbles":9,"Membership Card":25,"Toy Ornithopter":12,"TungstenRod":46},{"Whetstone":10,"Boot":11,"Old Coin":9,"Blood Vial":10,"Lizard Tail":0,"Centennial Puzzle":4,"Sundial":12,"Strawberry":1,"Kunai":18,"Toxic Egg 2":13,"Pear":10,"Happy Flower":19,"Oddly Smooth Stone":24,"Eternal Feather":17,"Pen Nib":16,"Letter Opener":24,"Paper Crane":6,"War Paint":8,"Question Card":12,"Akabeko":25,"Bronze Scales":19,"Black Star":7,"Snake Skull":6,"Juzu Bracelet":5,"Smiling Mask":18,"SsserpentHead":8,"Dream Catcher":17,"Shovel":15,"Mummified Hand":16,"Pantograph":15,"Tiny Chest":1,"InkBottle":18,"Ring of the Snake":0,"Runic Pyramid":14,"Potion Belt":3,"Lee\u0027s Waffle":15,"The Specimen":21,"PreservedInsect":11,"Omamori":9,"Orichalcum":20,"MawBank":18,"Medical Kit":24,"White Beast Statue":24,"Mercury Hourglass":8,"Peace Pipe":13,"Anchor":15,"Ornamental Fan":21,"Bag of Marbles":4,"Membership Card":10,"Toy Ornithopter":5,"TungstenRod":20},{"Whetstone":47,"Boot":52,"Old Coin":41,"Blood Vial":47,"Lizard Tail":0,"Centennial Puzzle":13,"Sundial":57,"Strawberry":3,"Kunai":92,"Toxic Egg 2":60,"Pear":47,"Happy Flower":94,"Oddly Smooth Stone":108,"Eternal Feather":87,"Pen Nib":82,"Letter Opener":108,"Paper Crane":24,"War Paint":36,"Question Card":57,"Akabeko":110,"Bronze Scales":94,"Black Star":31,"Snake Skull":24,"Juzu Bracelet":20,"Smiling Mask":92,"SsserpentHead":36,"Dream Catcher":87,"Shovel":77,"Mummified Hand":82,"Pantograph":77,"Tiny Chest":3,"InkBottle":92,"Ring of the Snake":0,"Runic Pyramid":72,"Potion Belt":10,"Lee\u0027s Waffle":77,"The Specimen":97,"PreservedInsect":52,"Omamori":41,"Orichalcum":95,"MawBank":92,"Medical Kit":108,"White Beast Statue":108,"Mercury Hourglass":36,"Peace Pipe":60,"Anchor":77,"Ornamental Fan":97,"Bag of Marbles":13,"Membership Card":47,"Toy Ornithopter":20,"TungstenRod":95}],"Toy Ornithopter":23,"TungstenRod":3},"card_choices":[{"not_picked":["Dagger Spray","Calculated Gamble","Terror"],"picked":"SKIP","floor":1},{"not_picked":["Deadly Poison","Bane"],"picked":"Calculated Gamble","floor":5},{"not_picked":["Distraction","Envenom"],"picked":"Dodge and Roll","floor":6},{"not_picked":["Flechettes","Leg Sweep","Flying Knee"],"picked":"SKIP","floor":8},{"not_picked":["Acrobatics","Poisoned Stab"],"picked":"Adrenaline","floor":11},{"not_picked":["Flechettes","Glass Knife"],"picked":"Backflip","floor":13},{"not_picked":["Envenom","Unload"],"picked":"After Image","floor":16},{"not_picked":["Cloak And Dagger","Bane"],"picked":"Footwork","floor":18},{"not_picked":["Cloak And Dagger","Terror","Envenom"],"picked":"SKIP","floor":23},{"not_picked":["Quick Slash","Blade Dance"],"picked":"Tactician","floor":24},{"not_picked":["Eviscerate","Slice","Wraith Form v2"],"picked":"SKIP","floor":27},{"not_picked":["Quick Slash","Dagger Throw","Riddle With Holes"],"picked":"SKIP","floor":28},{"not_picked":["Footwork","Noxious Fumes","Blade Dance+1"],"picked":"Malaise+1","floor":30},{"not_picked":["Wraith Form v2","Die Die Die","Bullet Time+1"],"picked":"Tools of the Trade","floor":33},{"not_picked":["Outmaneuver+1","Skewer+1","Flying Knee"],"picked":"Tactician+1","floor":35},{"not_picked":["Swift Strike","Panacea+1","PanicButton+1"],"picked":"Sadistic Nature","floor":36},{"not_picked":["Impatience+1","Secret Weapon+1","Discovery+1"],"picked":"Finesse+1","floor":36},{"not_picked":["Jack Of All Trades+1","Secret Technique+1","Forethought+1"],"picked":"Panache","floor":36},{"not_picked":["Choke","Flying Knee","Blade Dance+1"],"picked":"Reflex+1","floor":40},{"not_picked":["Tactician+1","A Thousand Cuts","Deflect+1"],"picked":"Acrobatics+1","floor":41},{"not_picked":["Masterful Stab","Dodge and Roll+1","Poisoned Stab"],"picked":"Escape Plan+1","floor":42},{"not_picked":["Acrobatics+1","Dagger Throw","Skewer"],"picked":"Backflip+1","floor":45},{"not_picked":["Footwork","Cloak And Dagger+1","Outmaneuver+1"],"picked":"Night Terror+1","floor":46},{"not_picked":["Die Die Die","Poisoned Stab+1","Choke"],"picked":"PiercingWail+1","floor":47},{"not_picked":["Deflect+1","Cloak And Dagger+1","Dagger Spray","Tactician+1"],"picked":"SKIP","floor":48},{"not_picked":["Finisher","Tools of the Trade","Blade Dance+1"],"picked":"Reflex+1","floor":55}],"player_experience":3055914,"relics_obtained":[{"floor":3,"key":"Tiny Chest"},{"floor":6,"key":"Potion Belt"},{"floor":8,"key":"Centennial Puzzle"},{"floor":9,"key":"Bag of Marbles"},{"floor":11,"key":"Juzu Bracelet"},{"floor":13,"key":"Snake Skull"},{"floor":14,"key":"Paper Crane"},{"floor":22,"key":"War Paint"},{"floor":23,"key":"Omamori"},{"floor":23,"key":"Old Coin"},{"floor":24,"key":"Pear"},{"floor":24,"key":"Whetstone"},{"floor":27,"key":"PreservedInsect"},{"floor":27,"key":"Boot"},{"floor":28,"key":"Question Card"},{"floor":28,"key":"Sundial"},{"floor":30,"key":"Toxic Egg 2"},{"floor":30,"key":"Peace Pipe"},{"floor":40,"key":"Pen Nib"},{"floor":40,"key":"Mummified Hand"},{"floor":41,"key":"Dream Catcher"},{"floor":41,"key":"Eternal Feather"},{"floor":42,"key":"InkBottle"},{"floor":42,"key":"MawBank"},{"floor":43,"key":"Smiling Mask"},{"floor":44,"key":"Kunai"},{"floor":45,"key":"Bronze Scales"},{"floor":45,"key":"Happy Flower"},{"floor":46,"key":"TungstenRod"},{"floor":46,"key":"Orichalcum"},{"floor":47,"key":"Ornamental Fan"},{"floor":47,"key":"The Specimen"},{"floor":53,"key":"Letter Opener"},{"floor":55,"key":"Akabeko"}],"event_choices":[{"damage_healed":0,"gold_gain":75,"player_choice":"Gather Gold","damage_taken":11,"max_hp_gain":0,"max_hp_loss":0,"event_name":"World of Goop","floor":2,"gold_loss":0},{"damage_healed":0,"gold_gain":0,"player_choice":"Paid Gold","damage_taken":0,"relics_obtained":["Strawberry"],"max_hp_gain":0,"max_hp_loss":0,"event_name":"WeMeetAgain","floor":4,"gold_loss":59},{"damage_healed":0,"gold_gain":0,"player_choice":"Obtained Relic","damage_taken":0,"relics_obtained":["Mercury Hourglass"],"max_hp_gain":0,"max_hp_loss":0,"event_name":"Addict","floor":19,"gold_loss":85},{"damage_healed":0,"gold_gain":0,"player_choice":"Ignored","damage_taken":0,"max_hp_gain":0,"max_hp_loss":0,"event_name":"Vampires","floor":20,"gold_loss":0},{"damage_healed":0,"gold_gain":0,"player_choice":"Trade","damage_taken":0,"relics_obtained":["SsserpentHead"],"max_hp_gain":0,"max_hp_loss":0,"event_name":"FaceTrader","floor":21,"gold_loss":0},{"damage_healed":0,"gold_gain":0,"player_choice":"Memory 3","damage_taken":10,"max_hp_gain":0,"max_hp_loss":0,"event_name":"SensoryStone","floor":36,"gold_loss":0},{"damage_healed":0,"gold_gain":999,"player_choice":"Gold","damage_taken":0,"max_hp_gain":0,"max_hp_loss":0,"event_name":"MindBloom","floor":37,"gold_loss":0,"cards_obtained":["Normality","Normality"]}],"is_beta":false,"boss_relics":[{"not_picked":["Philosopher\u0027s Stone","Busted Crown"],"picked":"Black Star"},{"not_picked":["Tiny House","Astrolabe"],"picked":"Runic Pyramid"}],"items_purged_floors":[31,38,54],"is_endless":false,"potions_floor_spawned":[5,8,11,18,27,28,33,35,41,42,48,55],"ascension_level":20}}