{"host":"rw1trt79hfpl7pom","time":1614338759,"event":{"mods":["BaseMod","Bestiary","Colored Map","Jorbs\u0027s Wanderer Trilogy","Minty Spire (QoL Compilation)","Relic Stats","StSLib","SuperFastMode"],"gold_per_floor":[119,138,118,131,16,16,51,68,121,121,121,132,47,82,82,157,157,168,348,358,371,371,386,386,386,440,456,494,523,438,483,483,571,571,586,586,511,535,557,557,592,615,615,640,675,696,731,518,518,523,528,528,528,473,509,514],"floor_reached":57,"language":"ENG","playtime":6810,"items_purged":["stsjorbsmod:Strike_Wanderer","stsjorbsmod:OldPocket+1"],"score":2863,"play_id":"a5b0134d-10d8-47c7-bce0-ab65408792af","local_time":"20210226032559","is_ascension_mode":true,"campfire_choices":[{"data":"stsjorbsmod:SmithingStrike","floor":6.0,"key":"SMITH"},{"floor":10.0,"key":"REST"},{"data":"stsjorbsmod:Inferno","floor":15.0,"key":"SMITH"},{"data":"stsjorbsmod:ScorchingRay","floor":24.0,"key":"SMITH"},{"data":"Ghostly","floor":32.0,"key":"SMITH"},{"data":"stsjorbsmod:OldPocket","floor":40.0,"key":"SMITH"},{"floor":49.0,"key":"RECALL"},{"data":"stsjorbsmod:Inferno","floor":53,"key":"SMITH"}],"circlet_count":0,"master_deck":["AscendersBane","stsjorbsmod:ForbiddenGrimoire+1","stsjorbsmod:Strike_Wanderer+1","stsjorbsmod:Defend_Wanderer+1","stsjorbsmod:Defend_Wanderer","stsjorbsmod:Defend_Wanderer","stsjorbsmod:Defend_Wanderer","stsjorbsmod:FreshAdventure","stsjorbsmod:EyeOfTheStorm","stsjorbsmod:Hibernate","stsjorbsmod:SmithingStrike+1","stsjorbsmod:MagicMissiles","stsjorbsmod:ScorchingRay+1","stsjorbsmod:Materialize","stsjorbsmod:Inferno+1","stsjorbsmod:Banish","stsjorbsmod:DoubleCheck","stsjorbsmod:TinyHut","stsjorbsmod:OldPocket+1","Ghostly","Ghostly","Ghostly+1","stsjorbsmod:RefuseToForget","stsjorbsmod:DeathThroes","stsjorbsmod:ThirstingSword","stsjorbsmod:ChainLightning+1","stsjorbsmod:Message","stsjorbsmod:Will","stsjorbsmod:Inferno+1","stsjorbsmod:Stalwart","stsjorbsmod:Feast","stsjorbsmod:Index"],"relics":["stsjorbsmod:GrimoireRelic","Incense Burner","Sundial","Art of War","Dream Catcher","SlaversCollar","Centennial Puzzle","Ancient Tea Set","Smiling Mask","Nunchaku","Runic Pyramid","Bag of Marbles","PreservedInsect","CeramicFish","stsjorbsmod:BottledMemoryRelic","Blood Vial"],"acts_visited":["Exordium","TheCity","TheBeyond","TheEnding"],"potions_floor_usage":[51,56,56,56],"damage_taken":[{"damage":9.0,"enemies":"Jaw Worm","floor":1.0,"turns":7.0},{"damage":1.0,"enemies":"Cultist","floor":2.0,"turns":5.0},{"damage":0.0,"enemies":"2 Louse","floor":4.0,"turns":3.0},{"damage":20.0,"enemies":"3 Sentries","floor":7.0,"turns":8.0},{"damage":16.0,"enemies":"Gremlin Gang","floor":8.0,"turns":6.0},{"damage":0.0,"enemies":"Lots of Slimes","floor":12.0,"turns":6.0},{"damage":29.0,"enemies":"Gremlin Nob","floor":14.0,"turns":4.0},{"damage":5.0,"enemies":"The Guardian","floor":16.0,"turns":7.0},{"damage":10.0,"enemies":"2 Thieves","floor":18.0,"turns":5.0},{"damage":1.0,"enemies":"Shell Parasite","floor":20.0,"turns":7.0},{"damage":1.0,"enemies":"Snake Plant","floor":21.0,"turns":7.0},{"damage":3.0,"enemies":"Snecko","floor":23.0,"turns":4.0},{"damage":2.0,"enemies":"Sentry and Sphere","floor":27.0,"turns":8.0},{"damage":1.0,"enemies":"Slavers","floor":28.0,"turns":7.0},{"damage":6.0,"enemies":"3 Cultists","floor":29.0,"turns":7.0},{"damage":0.0,"enemies":"Gremlin Leader","floor":31.0,"turns":7.0},{"damage":19.0,"enemies":"Automaton","floor":33.0,"turns":7.0},{"damage":8.0,"enemies":"Orb Walker","floor":35.0,"turns":4.0},{"damage":2.0,"enemies":"3 Shapes","floor":38.0,"turns":6.0},{"damage":0.0,"enemies":"Transient","floor":39.0,"turns":6.0},{"damage":0.0,"enemies":"Giant Head","floor":41.0,"turns":6.0},{"damage":0.0,"enemies":"Maw","floor":42.0,"turns":7.0},{"damage":15.0,"enemies":"Writhing Mass","floor":44.0,"turns":6.0},{"damage":6.0,"enemies":"Reptomancer","floor":45.0,"turns":7.0},{"damage":3.0,"enemies":"3 Darklings","floor":46.0,"turns":5.0},{"damage":2.0,"enemies":"Nemesis","floor":47.0,"turns":5.0},{"damage":2,"enemies":"Time Eater","floor":50,"turns":7},{"damage":25,"enemies":"Awakened One","floor":51,"turns":9},{"damage":12,"enemies":"Shield and Spear","floor":55,"turns":7},{"damage":49,"enemies":"The Heart","floor":56,"turns":9}],"seed_played":"-1807893354390342705","potions_obtained":[{"floor":1.0,"key":"Swift Potion"},{"floor":2.0,"key":"Dexterity Potion"},{"floor":3.0,"key":"Explosive Potion"},{"floor":14.0,"key":"Energy Potion"},{"floor":20.0,"key":"SpeedPotion"},{"floor":21.0,"key":"LiquidBronze"},{"floor":27.0,"key":"stsjorbsmod:BurningPotion"},{"floor":35.0,"key":"Energy Potion"},{"floor":39.0,"key":"EntropicBrew"},{"floor":42.0,"key":"Fire Potion"},{"floor":46.0,"key":"DuplicationPotion"}],"is_trial":false,"path_per_floor":["M","M","?","M","$","R","E","M","T","R","?","M","$","E","R","B",null,"M","?","M","M","?","M","R","?","T","M","E","M","?","E","R","B",null,"M","?","?","M","M","R","E","M","T","M","E","M","E","$","R","B","B",null,"R","$","E","B",null],"character_chosen":"WANDERER","items_purchased":["stsjorbsmod:MagicMissiles","stsjorbsmod:Inferno","stsjorbsmod:BottledMemoryRelic","Weak Potion"],"campfire_rested":1,"item_purchase_floors":[5,13,48,54],"current_hp_per_floor":[36,37,37,38,38,38,18,5,5,24,64,64,64,36,36,36,59,51,32,33,34,33,32,32,32,32,30,33,31,31,33,33,18,29,24,24,24,25,27,27,31,31,31,19,20,21,22,22,22,26,1,28,28,28,25,16],"gold":514,"neow_bonus":"ONE_RARE_RELIC","is_daily":false,"chose_seed":false,"campfire_upgraded":6,"win_rate":0.0,"timestamp":1614338759,"path_taken":["M","M","?","M","?","R","E","M","T","R","?","?","?","E","R","BOSS","M","?","?","M","?","M","R","?","T","M","E","M","?","E","R","BOSS","M","?","?","M","M","R","E","?","T","M","E","M","E","$","R","BOSS","BOSS","R","$","E","BOSS"],"items_purchased_type":["Card","Card","Relic","Potion"],"build_version":"2020-12-22","purchased_purges":2,"victory":true,"max_hp_per_floor":[64,64,64,64,64,64,64,64,64,64,64,64,64,64,64,66,66,66,66,66,66,33,33,33,33,33,33,33,33,33,33,33,33,33,33,31,31,31,31,31,31,31,31,31,33,35,35,35,35,37,37,37,37,37,41,39],"relic_stats":{"Blood Vial":2,"Dream Catcher":0,"Centennial Puzzle":[40],"Nunchaku":[8],"counters":[31,190],"Sundial":[20],"CeramicFish":0,"PreservedInsect":127,"Art of War":[63],"Smiling Mask":50,"obtain_stats":[{"stsjorbsmod:BottledMemoryRelic":48,"CeramicFish":47,"stsjorbsmod:GrimoireRelic":0,"PreservedInsect":45,"Incense Burner":0,"Ancient Tea Set":28,"Smiling Mask":30,"Blood Vial":55,"SlaversCollar":17,"Dream Catcher":14,"Centennial Puzzle":26,"Nunchaku":31,"Sundial":7,"Art of War":9,"Bag of Marbles":41,"Runic Pyramid":34},{"stsjorbsmod:BottledMemoryRelic":27,"CeramicFish":27,"stsjorbsmod:GrimoireRelic":0,"PreservedInsect":25,"Incense Burner":0,"Ancient Tea Set":15,"Smiling Mask":16,"Blood Vial":30,"SlaversCollar":8,"Dream Catcher":7,"Centennial Puzzle":12,"Nunchaku":17,"Sundial":4,"Art of War":5,"Bag of Marbles":22,"Runic Pyramid":18},{"stsjorbsmod:BottledMemoryRelic":158,"CeramicFish":158,"stsjorbsmod:GrimoireRelic":0,"PreservedInsect":148,"Incense Burner":0,"Ancient Tea Set":85,"Smiling Mask":92,"Blood Vial":181,"SlaversCollar":46,"Dream Catcher":39,"Centennial Puzzle":69,"Nunchaku":99,"Sundial":23,"Art of War":29,"Bag of Marbles":128,"Runic Pyramid":106}]},"card_choices":[{"not_picked":["stsjorbsmod:ParryingBlow","stsjorbsmod:FindFamiliar"],"picked":"stsjorbsmod:Hibernate","floor":1.0},{"not_picked":["stsjorbsmod:Prepare","stsjorbsmod:HedgeWizard"],"picked":"stsjorbsmod:SmithingStrike","floor":2.0},{"not_picked":["stsjorbsmod:Prepare","stsjorbsmod:Will"],"picked":"stsjorbsmod:FlameWard","floor":4.0},{"not_picked":["stsjorbsmod:Counterspell","stsjorbsmod:Trauma"],"picked":"stsjorbsmod:ScorchingRay","floor":7.0},{"not_picked":["stsjorbsmod:FranticSearch","stsjorbsmod:BlackTentacles"],"picked":"stsjorbsmod:Materialize","floor":8.0},{"not_picked":["stsjorbsmod:TollTheDead","stsjorbsmod:TrueStrike","stsjorbsmod:Materialize"],"picked":"SKIP","floor":12.0},{"not_picked":["stsjorbsmod:Hibernate","stsjorbsmod:Aid","stsjorbsmod:AnimateObjects"],"picked":"SKIP","floor":14.0},{"not_picked":["stsjorbsmod:HoldMonster","stsjorbsmod:Rediscovery"],"picked":"stsjorbsmod:Banish","floor":16.0},{"not_picked":["stsjorbsmod:Counterspell","stsjorbsmod:Channel"],"picked":"stsjorbsmod:DoubleCheck","floor":18.0},{"not_picked":["stsjorbsmod:Patron+1","stsjorbsmod:Channel"],"picked":"stsjorbsmod:TinyHut","floor":20.0},{"not_picked":["stsjorbsmod:Message","stsjorbsmod:UnseenServant"],"picked":"stsjorbsmod:OldPocket+1","floor":21.0},{"not_picked":["stsjorbsmod:BurningFlask","stsjorbsmod:UnseenServant"],"picked":"stsjorbsmod:RefuseToForget","floor":23.0},{"not_picked":["stsjorbsmod:Will","stsjorbsmod:MistyStep","stsjorbsmod:Channel"],"picked":"SKIP","floor":27.0},{"not_picked":["stsjorbsmod:Withdraw","stsjorbsmod:HedgeWizard+1"],"picked":"stsjorbsmod:OldPocket","floor":28.0},{"not_picked":["stsjorbsmod:ChainLightning","stsjorbsmod:Materialize","stsjorbsmod:DisguiseSelf"],"picked":"SKIP","floor":29.0},{"not_picked":["stsjorbsmod:UnseenServant","stsjorbsmod:DisguiseSelf"],"picked":"stsjorbsmod:DeathThroes","floor":31.0},{"not_picked":["stsjorbsmod:CorrodingBarrier","stsjorbsmod:PurgeMind"],"picked":"stsjorbsmod:ThirstingSword","floor":33.0},{"not_picked":["stsjorbsmod:FlameWard","stsjorbsmod:FracturedMind+1"],"picked":"stsjorbsmod:ChainLightning+1","floor":35.0},{"not_picked":["stsjorbsmod:ChainLightning","stsjorbsmod:ParryingBlow","stsjorbsmod:Materialize+1"],"picked":"SKIP","floor":38.0},{"not_picked":["stsjorbsmod:HedgeWizard","stsjorbsmod:WanderingMind"],"picked":"stsjorbsmod:Message","floor":39.0},{"not_picked":["stsjorbsmod:BlackTentacles+1","stsjorbsmod:MagicMirror+1"],"picked":"stsjorbsmod:Will","floor":41.0},{"not_picked":["stsjorbsmod:FranticSearch","stsjorbsmod:Message"],"picked":"stsjorbsmod:Inferno","floor":42.0},{"not_picked":["stsjorbsmod:LoseGrip","stsjorbsmod:Channel"],"picked":"stsjorbsmod:Stalwart","floor":44.0},{"not_picked":["stsjorbsmod:Counterspell+1","stsjorbsmod:Firebolt"],"picked":"stsjorbsmod:Feast","floor":45.0},{"not_picked":["stsjorbsmod:BookOfTongues","stsjorbsmod:WeightOfMemory+1"],"picked":"stsjorbsmod:Index","floor":46.0},{"not_picked":["stsjorbsmod:FracturedMind","stsjorbsmod:Channel","stsjorbsmod:WanderingMind"],"picked":"SKIP","floor":47.0},{"not_picked":["stsjorbsmod:Mending+1","stsjorbsmod:BurningFlask","stsjorbsmod:TrueStrike"],"picked":"SKIP","floor":55}],"player_experience":2929246,"relics_obtained":[{"floor":7.0,"key":"Sundial"},{"floor":9.0,"key":"Art of War"},{"floor":14.0,"key":"Dream Catcher"},{"floor":26.0,"key":"Centennial Puzzle"},{"floor":28.0,"key":"Ancient Tea Set"},{"floor":31.0,"key":"Nunchaku"},{"floor":41.0,"key":"Bag of Marbles"},{"floor":45.0,"key":"PreservedInsect"},{"floor":47.0,"key":"CeramicFish"},{"floor":55,"key":"Blood Vial"}],"event_choices":[{"damage_healed":0.0,"max_hp_gain":0.0,"max_hp_loss":0.0,"gold_gain":0.0,"event_name":"The Woman in Blue","player_choice":"Bought 1 Potion","floor":3.0,"gold_loss":0.0,"damage_taken":0.0},{"cards_removed":["stsjorbsmod:FlameWard"],"damage_healed":40.0,"max_hp_gain":0.0,"max_hp_loss":0.0,"gold_gain":0.0,"event_name":"Bonfire Elementals","player_choice":"Offered Uncommon","floor":11.0,"gold_loss":0.0,"damage_taken":0.0},{"damage_healed":0.0,"max_hp_gain":0.0,"max_hp_loss":0.0,"gold_gain":180.0,"event_name":"Knowing Skull","player_choice":"GOLD GOLD ","floor":19.0,"potions_obtained":[],"gold_loss":0.0,"damage_taken":19.0,"cards_obtained":[]},{"damage_healed":0.0,"max_hp_gain":0.0,"max_hp_loss":33.0,"gold_gain":0.0,"event_name":"Ghosts","player_choice":"Became a Ghost","floor":22.0,"gold_loss":0.0,"damage_taken":0.0,"cards_obtained":["Ghostly","Ghostly","Ghostly"]},{"cards_removed":["stsjorbsmod:Strike_Wanderer"],"damage_healed":0.0,"max_hp_gain":0.0,"max_hp_loss":0.0,"gold_gain":0.0,"event_name":"Back to Basics","player_choice":"Elegance","floor":25.0,"gold_loss":0.0,"damage_taken":0.0},{"damage_healed":0.0,"max_hp_gain":0.0,"max_hp_loss":0.0,"gold_gain":0.0,"event_name":"Addict","player_choice":"Obtained Relic","floor":30.0,"gold_loss":85.0,"damage_taken":0.0,"relics_obtained":["Smiling Mask"]},{"damage_healed":0.0,"max_hp_gain":0.0,"max_hp_loss":2.0,"gold_gain":0.0,"event_name":"Winding Halls","player_choice":"Max HP","floor":36.0,"gold_loss":0.0,"damage_taken":0.0},{"cards_removed":["stsjorbsmod:Strike_Wanderer"],"damage_healed":0.0,"max_hp_gain":0.0,"max_hp_loss":0.0,"gold_gain":0.0,"event_name":"Designer","player_choice":"Single Remove","floor":37.0,"gold_loss":75.0,"damage_taken":0.0}],"is_beta":false,"boss_relics":[{"not_picked":["Runic Dome","Calling Bell"],"picked":"SlaversCollar"},{"not_picked":["Pandora\u0027s Box","Philosopher\u0027s Stone"],"picked":"Runic Pyramid"}],"items_purged_floors":[5,48],"is_endless":false,"potions_floor_spawned":[1,2,14,20,21,27,35,39,42,44,46,55],"ascension_level":20}}