{"host":"a3wpq7kyokchzawk","time":1614361607,"event":{"mods":["BaseMod","Colored Map","Highlight Path","Minty Spire (QoL Compilation)","Permanent Neow","Potion Indicator Mod","Relic Stats","Weighted Paths"],"gold_per_floor":[210,13,26,46,59,92,92,119,143,172,186,205,239,250,250,327,327,341,341,20,20,38,38,68,101,124,154,154,226,243,258,258,258,258],"floor_reached":33,"language":"ENG","playtime":5755,"items_purged":[],"score":659,"play_id":"6611ceae-2cbf-4d6e-8300-ddf9bd5f0c4c","local_time":"20210226144647","is_ascension_mode":true,"campfire_choices":[{"data":"Uppercut","floor":7.0,"key":"SMITH"},{"data":"Disarm","floor":15.0,"key":"SMITH"},{"data":"Demon Form","floor":23.0,"key":"SMITH"},{"data":"Ghostly","floor":32,"key":"SMITH"}],"circlet_count":0,"master_deck":["AscendersBane","Defend_R","Defend_R","Defend_R","Defend_R","Bash","Rampage","Uppercut+1","Headbutt","Dropkick+1","Feed","Ghostly Armor","Disarm+1","Power Through","Shrug It Off","Intimidate","Demon Form+1","Flame Barrier","Bite","Bite","Bite","Bite","Bite","Impervious","Feel No Pain","Whirlwind","Impervious","Flame Barrier","Shrug It Off+1","Pain","Ghostly+1","Ghostly","Ghostly","Normality"],"relics":["Burning Blood","Happy Flower","Lizard Tail","Boot","Anchor","Whetstone","Red Skull","Cursed Key","Orrery","Nilry\u0027s Codex","Strawberry","Red Mask","Toy Ornithopter","Self Forming Clay","Shuriken"],"acts_visited":["Exordium","TheCity"],"potions_floor_usage":[],"damage_taken":[{"damage":2.0,"enemies":"Cultist","floor":1.0,"turns":4.0},{"damage":11.0,"enemies":"Jaw Worm","floor":3.0,"turns":3.0},{"damage":3.0,"enemies":"Small Slimes","floor":4.0,"turns":3.0},{"damage":11.0,"enemies":"3 Louse","floor":5.0,"turns":4.0},{"damage":6.0,"enemies":"Gremlin Nob","floor":6.0,"turns":3.0},{"damage":20.0,"enemies":"Lagavulin","floor":8.0,"turns":6.0},{"damage":25.0,"enemies":"Gremlin Nob","floor":10.0,"turns":4.0},{"damage":0.0,"enemies":"Large Slime","floor":11.0,"turns":5.0},{"damage":0.0,"enemies":"Looter","floor":12.0,"turns":2.0},{"damage":20.0,"enemies":"3 Sentries","floor":13.0,"turns":9.0},{"damage":0.0,"enemies":"Blue Slaver","floor":14.0,"turns":2.0},{"damage":16.0,"enemies":"The Guardian","floor":16.0,"turns":10.0},{"damage":10.0,"enemies":"3 Byrds","floor":18.0,"turns":6.0},{"damage":13.0,"enemies":"Chosen","floor":22.0,"turns":7.0},{"damage":9.0,"enemies":"Book of Stabbing","floor":24.0,"turns":8.0},{"damage":32.0,"enemies":"Masked Bandits","floor":25.0,"turns":6.0},{"damage":47.0,"enemies":"Gremlin Leader","floor":27.0,"turns":10.0},{"damage":6.0,"enemies":"Centurion and Healer","floor":30.0,"turns":20.0},{"damage":37,"enemies":"3 Cultists","floor":31,"turns":7},{"damage":77,"enemies":"Collector","floor":33,"turns":12}],"seed_played":"1574165565537100766","potions_obtained":[{"floor":1.0,"key":"HeartOfIron"},{"floor":4.0,"key":"Energy Potion"},{"floor":6.0,"key":"BlessingOfTheForge"},{"floor":10.0,"key":"Block Potion"},{"floor":13.0,"key":"GamblersBrew"},{"floor":14.0,"key":"Ancient Potion"},{"floor":22.0,"key":"SpeedPotion"},{"floor":31,"key":"SteroidPotion"}],"is_trial":false,"path_per_floor":["M","$","M","M","M","E","R","E","T","E","M","M","E","M","R","B",null,"M","?","$","?","M","R","E","?","T","E","?","T","M","M","R","B"],"character_chosen":"IRONCLAD","items_purchased":["Happy Flower","Uppercut","Impervious","Orrery"],"campfire_rested":0,"item_purchase_floors":[2,2,20,20],"current_hp_per_floor":[72,72,67,70,65,65,65,51,51,32,41,50,39,48,48,41,78,77,65,65,44,46,46,62,45,45,8,8,8,42,24,24,0,0],"gold":258,"neow_bonus":"HUNDRED_GOLD","is_daily":false,"chose_seed":false,"campfire_upgraded":4,"win_rate":0.0,"timestamp":1614361607,"path_taken":["M","$","M","?","M","E","R","E","T","E","M","M","E","M","R","BOSS","M","?","$","?","M","R","E","?","T","E","?","?","M","M","R","BOSS"],"items_purchased_type":["Relic","Card","Card","Relic"],"build_version":"2020-12-22","purchased_purges":0,"victory":false,"max_hp_per_floor":[75,75,75,75,75,75,75,75,75,75,78,81,84,87,87,90,90,93,65,65,65,68,68,75,78,78,78,39,39,42,48,48,48,48],"relic_stats":{"Lizard Tail":24,"Happy Flower":[42],"counters":[20,131],"Self Forming Clay":[75],"Shuriken":[7],"Whetstone":["Dropkick","Strike_R"],"Boot":[0],"Cursed Key":2,"obtain_stats":[{"Happy Flower":2,"Nilry\u0027s Codex":21,"Self Forming Clay":27,"Whetstone":10,"Boot":8,"Cursed Key":17,"Burning Blood":0,"Lizard Tail":6,"Anchor":9,"Shuriken":29,"Strawberry":24,"Orrery":20,"Red Mask":25,"Red Skull":13,"Toy Ornithopter":26},{"Happy Flower":1,"Nilry\u0027s Codex":13,"Self Forming Clay":17,"Whetstone":7,"Boot":6,"Cursed Key":12,"Burning Blood":0,"Lizard Tail":5,"Anchor":6,"Shuriken":17,"Strawberry":15,"Orrery":13,"Red Mask":16,"Red Skull":10,"Toy Ornithopter":16},{"Happy Flower":4,"Nilry\u0027s Codex":61,"Self Forming Clay":92,"Whetstone":27,"Boot":23,"Cursed Key":55,"Burning Blood":0,"Lizard Tail":17,"Anchor":23,"Shuriken":92,"Strawberry":76,"Orrery":61,"Red Mask":82,"Red Skull":43,"Toy Ornithopter":82}],"Burning Blood":109,"Toy Ornithopter":0},"card_choices":[{"not_picked":["Burning Pact","Clothesline"],"picked":"Rampage","floor":1.0},{"not_picked":["Flex","Cleave"],"picked":"Headbutt","floor":3.0},{"not_picked":["Heavy Blade","Body Slam"],"picked":"Dropkick","floor":5.0},{"not_picked":["Iron Wave","Flex"],"picked":"Feed","floor":6.0},{"not_picked":["Juggernaut","Pommel Strike"],"picked":"Ghostly Armor","floor":8.0},{"not_picked":["Perfected Strike","Heavy Blade","Twin Strike"],"picked":"SKIP","floor":10.0},{"not_picked":["Bloodletting","Seeing Red"],"picked":"Disarm","floor":11.0},{"not_picked":["Heavy Blade","Iron Wave"],"picked":"Power Through","floor":12.0},{"not_picked":["Heavy Blade","Entrench"],"picked":"Shrug It Off","floor":13.0},{"not_picked":["Havoc","Clothesline"],"picked":"Intimidate","floor":14.0},{"not_picked":["Bludgeon","Reaper"],"picked":"Demon Form","floor":16.0},{"not_picked":["Headbutt","Warcry"],"picked":"Flame Barrier","floor":18.0},{"not_picked":["Bloodletting","Heavy Blade"],"picked":"Feel No Pain","floor":20.0},{"not_picked":["Pommel Strike","Intimidate"],"picked":"Whirlwind","floor":20.0},{"not_picked":["Spot Weakness","Dropkick"],"picked":"Impervious","floor":20.0},{"not_picked":["Juggernaut","True Grit"],"picked":"Flame Barrier","floor":20.0},{"not_picked":["True Grit","Warcry"],"picked":"Shrug It Off+1","floor":22.0},{"not_picked":["Flex+1","Blood for Blood","Dropkick"],"picked":"SKIP","floor":24.0},{"not_picked":["Warcry","Perfected Strike","Dark Embrace"],"picked":"SKIP","floor":27.0},{"not_picked":["Iron Wave","Berserk","Thunderclap"],"picked":"SKIP","floor":30.0},{"not_picked":["Twin Strike","Thunderclap+1","Rampage"],"picked":"SKIP","floor":31}],"player_experience":2855293,"relics_obtained":[{"floor":6.0,"key":"Lizard Tail"},{"floor":8.0,"key":"Boot"},{"floor":9.0,"key":"Anchor"},{"floor":10.0,"key":"Whetstone"},{"floor":13.0,"key":"Red Skull"},{"floor":21.0,"key":"Nilry\u0027s Codex"},{"floor":24.0,"key":"Strawberry"},{"floor":25.0,"key":"Red Mask"},{"floor":26.0,"key":"Toy Ornithopter"},{"floor":27.0,"key":"Self Forming Clay"},{"floor":29.0,"key":"Shuriken"}],"event_choices":[{"damage_healed":0.0,"max_hp_gain":0.0,"max_hp_loss":28.0,"gold_gain":0.0,"event_name":"Vampires","player_choice":"Became a vampire","floor":19.0,"gold_loss":0.0,"damage_taken":0.0,"cards_obtained":["Bite","Bite","Bite","Bite","Bite"]},{"damage_healed":0.0,"max_hp_gain":0.0,"max_hp_loss":0.0,"gold_gain":0.0,"event_name":"Cursed Tome","player_choice":"Obtained Book","floor":21.0,"gold_loss":0.0,"damage_taken":21.0},{"damage_healed":0.0,"max_hp_gain":0.0,"max_hp_loss":0.0,"gold_gain":0.0,"event_name":"Masked Bandits","player_choice":"Fought Bandits","floor":25.0,"gold_loss":0.0,"damage_taken":0.0},{"damage_healed":0.0,"max_hp_gain":0.0,"max_hp_loss":39.0,"gold_gain":0.0,"event_name":"Ghosts","player_choice":"Became a Ghost","floor":28.0,"gold_loss":0.0,"damage_taken":0.0,"cards_obtained":["Ghostly","Ghostly","Ghostly"]}],"is_beta":false,"boss_relics":[{"not_picked":["Black Blood","Runic Dome"],"picked":"Cursed Key"}],"items_purged_floors":[],"is_endless":false,"potions_floor_spawned":[1,4,6,10,13,14,22,31],"killed_by":"Collector","ascension_level":20}}