{"host":"g792ep1fbt4i7bvb","time":1614321580,"event":{"mods":["BaseMod","Beaked The Cultist","Colored Map","Colored Powertips","DeckTracker","Highlight Path","Minty Spire (QoL Compilation)","Relic Stats","StSLib","SuperFastMode","The Cursed"],"gold_per_floor":[115,44,44,44,58,58,73,73,73,73,104,124,150,150,150,248,248,259,116,116,116,136,136,164,164,164,164,181,196,0,11,11,116,116,129,147,160,160,179,205,205,9,9,9,9,43,54,80,80,80,80,80,40,74,74,74],"floor_reached":55,"language":"JPN","playtime":2627,"items_purged":["Strike_G","TheCursedMod:Dregs","Clumsy"],"score":808,"play_id":"42ee5816-faf4-4064-882c-f749708c38b2","local_time":"20210226153940","is_ascension_mode":false,"campfire_choices":[{"data":"Tools of the Trade","floor":6,"key":"SMITH"},{"data":"Neutralize","floor":8,"key":"SMITH"},{"data":"Underhanded Strike","floor":10,"key":"SMITH"},{"data":"Night Terror","floor":15,"key":"SMITH"},{"data":"Bouncing Flask","floor":23,"key":"SMITH"},{"data":"Burst","floor":27,"key":"SMITH"},{"data":"Footwork","floor":32,"key":"SMITH"},{"data":"Night Terror","floor":44,"key":"SMITH"},{"floor":49,"key":"RECALL"},{"data":"Malaise","floor":52,"key":"SMITH"}],"circlet_count":0,"master_deck":["Strike_G+1","Strike_G+1","Defend_G+1","Defend_G+1","Defend_G+1","Defend_G+1","Defend_G+1","Survivor+1","Neutralize+1","Tools of the Trade+1","Underhanded Strike+1","Noxious Fumes+1","Flying Knee+1","Sucker Punch+1","Night Terror+1","PiercingWail","Burst+1","Bouncing Flask+1","Footwork+1","Heel Hook+1","Deadly Poison","Dagger Throw+1","All Out Attack+1","Underhanded Strike+1","Catalyst+1","Night Terror+1","Blur+1","Outmaneuver+1","Backflip+1","Tactician","Decay","Parasite","Acrobatics+1","Malaise+1","Footwork"],"relics":["Ring of the Snake","Molten Egg 2","Bottled Tornado","PreservedInsect","Bag of Preparation","Cursed Key","Strawberry","HornCleat","Bird Faced Urn","Sozu","Prayer Wheel","Snake Skull","Ice Cream","Letter Opener"],"acts_visited":["Exordium","TheCity","TheBeyond","TheEnding"],"potions_floor_usage":[11,13,22,54,55,55],"damage_taken":[{"damage":0,"enemies":"2 Louse","floor":1,"turns":3},{"damage":0,"enemies":"Small Slimes","floor":5,"turns":3},{"damage":1,"enemies":"Jaw Worm","floor":7,"turns":3},{"damage":4,"enemies":"3 Sentries","floor":11,"turns":4},{"damage":0,"enemies":"Blue Slaver","floor":12,"turns":3},{"damage":1,"enemies":"Gremlin Nob","floor":13,"turns":3},{"damage":1,"enemies":"Hexaghost","floor":16,"turns":8},{"damage":1,"enemies":"Shell Parasite","floor":18,"turns":4},{"damage":13,"enemies":"3 Byrds","floor":22,"turns":4},{"damage":1,"enemies":"Book of Stabbing","floor":24,"turns":5},{"damage":0,"enemies":"Shelled Parasite and Fungi","floor":28,"turns":4},{"damage":0,"enemies":"Centurion and Healer","floor":29,"turns":4},{"damage":6,"enemies":"Cultist and Chosen","floor":31,"turns":5},{"damage":13,"enemies":"Champ","floor":33,"turns":9},{"damage":0,"enemies":"Orb Walker","floor":35,"turns":3},{"damage":7,"enemies":"3 Shapes","floor":36,"turns":4},{"damage":15,"enemies":"3 Darklings","floor":37,"turns":4},{"damage":12,"enemies":"Sphere and 2 Shapes","floor":39,"turns":6},{"damage":7,"enemies":"Nemesis","floor":40,"turns":7},{"damage":7,"enemies":"Reptomancer","floor":46,"turns":2},{"damage":0,"enemies":"Writhing Mass","floor":47,"turns":4},{"damage":0,"enemies":"Nemesis","floor":48,"turns":5},{"damage":20,"enemies":"Awakened One","floor":50,"turns":12},{"damage":4,"enemies":"Shield and Spear","floor":54,"turns":8},{"damage":101,"enemies":"The Heart","floor":55,"turns":5}],"seed_played":"1959284203689582397","potions_obtained":[{"floor":7,"key":"DistilledChaos"},{"floor":11,"key":"AttackPotion"},{"floor":13,"key":"Weak Potion"},{"floor":24,"key":"FearPotion"},{"floor":29,"key":"GhostInAJar"}],"is_trial":false,"path_per_floor":["M","$","?","?","M","R","M","R","T","R","E","M","E","?","R","B",null,"M","$","?","?","M","R","E","T","T","R","M","M","$","M","R","B",null,"M","M","M","?","M","E","?","$","T","R","?","E","M","E","R","B",null,"R","$","E","B"],"character_chosen":"THE_SILENT","items_purchased":["Noxious Fumes","Footwork","CultistPotion","Tactician","Footwork"],"campfire_rested":0,"item_purchase_floors":[2,19,30,42,53],"current_hp_per_floor":[70,70,56,49,49,49,48,48,48,48,44,44,43,43,43,42,70,69,69,69,69,56,56,62,62,62,62,68,74,74,77,77,64,77,77,77,64,64,64,61,61,61,61,61,61,56,62,68,68,54,73,73,73,73,0,0],"gold":74,"neow_bonus":"ONE_RANDOM_RARE_CARD","is_daily":false,"chose_seed":false,"campfire_upgraded":9,"win_rate":0.0,"timestamp":1614321580,"path_taken":["M","$","?","?","M","R","M","R","T","R","E","?","E","?","R","BOSS","M","$","?","?","?","R","E","?","T","R","?","M","$","M","R","BOSS","M","M","M","?","?","E","?","$","T","R","?","E","M","E","R","BOSS","R","$","E","BOSS"],"items_purchased_type":["Card","Card","Potion","Card","Card"],"build_version":"2020-12-22","purchased_purges":3,"victory":false,"max_hp_per_floor":[70,70,70,70,70,70,70,70,70,70,70,70,70,70,70,70,70,70,70,70,70,70,70,77,77,77,77,77,77,77,77,77,77,77,77,77,77,77,77,77,73,73,73,73,73,73,73,73,73,73,73,73,73,73,73,73],"relic_stats":{"Sozu":4,"counters":[25,122],"Bird Faced Urn":[74],"Prayer Wheel":1,"PreservedInsect":284,"Snake Skull":[73],"Bag of Preparation":[38],"Letter Opener":[15],"Cursed Key":3,"obtain_stats":[{"Ice Cream":48,"PreservedInsect":11,"Snake Skull":46,"Bag of Preparation":13,"Letter Opener":54,"Bottled Tornado":9,"Cursed Key":17,"Sozu":34,"HornCleat":25,"Strawberry":24,"Bird Faced Urn":26,"Molten Egg 2":4,"Prayer Wheel":40,"Ring of the Snake":0},{"Ice Cream":22,"PreservedInsect":4,"Snake Skull":20,"Bag of Preparation":6,"Letter Opener":24,"Bottled Tornado":3,"Cursed Key":7,"Sozu":14,"HornCleat":10,"Strawberry":10,"Bird Faced Urn":10,"Molten Egg 2":1,"Prayer Wheel":19,"Ring of the Snake":0},{"Ice Cream":97,"PreservedInsect":13,"Snake Skull":88,"Bag of Preparation":19,"Letter Opener":117,"Bottled Tornado":9,"Cursed Key":27,"Sozu":62,"HornCleat":40,"Strawberry":40,"Bird Faced Urn":40,"Molten Egg 2":3,"Prayer Wheel":86,"Ring of the Snake":0}],"Ring of the Snake":[50]},"card_choices":[{"not_picked":["Masterful Stab","Bane"],"picked":"Underhanded Strike","floor":1},{"not_picked":["Bouncing Flask","Dodge and Roll"],"picked":"Flying Knee+1","floor":5},{"not_picked":["PiercingWail","Caltrops"],"picked":"Sucker Punch+1","floor":7},{"not_picked":["Eviscerate+1","Quick Slash+1"],"picked":"Night Terror","floor":11},{"not_picked":["Slice+1","Cloak And Dagger"],"picked":"Poisoned Stab+1","floor":12},{"not_picked":["Flying Knee+1","Dodge and Roll"],"picked":"PiercingWail","floor":13},{"not_picked":["Tools of the Trade","Night Terror"],"picked":"Burst","floor":16},{"not_picked":["Backflip","Flying Knee+1"],"picked":"Bouncing Flask","floor":18},{"not_picked":["Flying Knee+1","Backflip"],"picked":"Dagger Throw+1","floor":22},{"not_picked":["Dagger Throw+1","Backstab+1","Quick Slash+1"],"picked":"SKIP","floor":24},{"not_picked":["Skewer+1","Flying Knee+1"],"picked":"All Out Attack+1","floor":28},{"not_picked":["Sucker Punch+1","Distraction"],"picked":"Underhanded Strike+1","floor":29},{"not_picked":["Deadly Poison","Acrobatics+1"],"picked":"Catalyst+1","floor":31},{"not_picked":["Envenom","Unload+1"],"picked":"Night Terror","floor":33},{"not_picked":["Cloak And Dagger+1","Masterful Stab+1"],"picked":"Blur+1","floor":35},{"not_picked":["PiercingWail","Expertise"],"picked":"Outmaneuver+1","floor":36},{"not_picked":["Dagger Throw+1","Poisoned Stab+1","Setup+1"],"picked":"SKIP","floor":37},{"not_picked":["Dagger Spray+1","Blade Dance","Underhanded Strike+1"],"picked":"SKIP","floor":39},{"not_picked":["Setup","Bane+1"],"picked":"Backflip+1","floor":40},{"not_picked":["Blade Dance","Cloak And Dagger+1","Endless Agony+1"],"picked":"SKIP","floor":46},{"not_picked":["Outmaneuver","Storm of Steel"],"picked":"Acrobatics+1","floor":47},{"not_picked":["Cloak And Dagger","Deflect","Infinite Blades+1"],"picked":"SKIP","floor":47},{"not_picked":["Bane+1","PiercingWail"],"picked":"Malaise","floor":48},{"not_picked":["Predator+1","Flying Knee+1","Glass Knife+1"],"picked":"SKIP","floor":54}],"player_experience":840897,"relics_obtained":[{"floor":9,"key":"Bottled Tornado"},{"floor":11,"key":"PreservedInsect"},{"floor":13,"key":"Bag of Preparation"},{"floor":24,"key":"Strawberry"},{"floor":25,"key":"HornCleat"},{"floor":26,"key":"Bird Faced Urn"},{"floor":40,"key":"Prayer Wheel"},{"floor":46,"key":"Snake Skull"},{"floor":48,"key":"Ice Cream"},{"floor":54,"key":"Letter Opener"}],"event_choices":[{"damage_healed":0,"gold_gain":0,"player_choice":"Entered Light","damage_taken":14,"max_hp_gain":0,"max_hp_loss":0,"event_name":"Shining Light","floor":3,"gold_loss":0,"cards_upgraded":["Survivor","Strike_G"]},{"damage_healed":0,"gold_gain":0,"player_choice":"Success","damage_taken":7,"relics_obtained":["Molten Egg 2"],"max_hp_gain":0,"max_hp_loss":0,"event_name":"Scrap Ooze","floor":4,"gold_loss":0},{"damage_healed":0,"gold_gain":0,"player_choice":"Forge","damage_taken":0,"max_hp_gain":0,"max_hp_loss":0,"event_name":"Accursed Blacksmith","floor":14,"gold_loss":0,"cards_upgraded":["Noxious Fumes"]},{"damage_healed":0,"gold_gain":0,"cards_transformed":["Strike_G","Strike_G"],"player_choice":"Became Test Subject","damage_taken":0,"max_hp_gain":0,"max_hp_loss":0,"event_name":"Drug Dealer","floor":20,"gold_loss":0,"cards_obtained":["Heel Hook","Deadly Poison"]},{"damage_healed":0,"gold_gain":0,"player_choice":"Simplicity","damage_taken":0,"max_hp_gain":0,"max_hp_loss":0,"event_name":"Back to Basics","floor":21,"gold_loss":0,"cards_upgraded":["Strike_G","Defend_G","Defend_G","Defend_G","Defend_G","Defend_G"]},{"damage_healed":0,"gold_gain":0,"player_choice":"Ignored","damage_taken":0,"max_hp_gain":0,"max_hp_loss":0,"event_name":"NoteForYourself","floor":38,"gold_loss":0},{"damage_healed":0,"gold_gain":0,"player_choice":"Max HP","damage_taken":0,"max_hp_gain":0,"max_hp_loss":4,"event_name":"Winding Halls","floor":41,"gold_loss":0},{"cards_removed":["Poisoned Stab"],"damage_healed":0,"gold_gain":0,"player_choice":"Removed Attack","damage_taken":0,"max_hp_gain":0,"max_hp_loss":0,"event_name":"Falling","floor":45,"gold_loss":0}],"is_beta":false,"boss_relics":[{"not_picked":["Calling Bell","beaked:MawFillet"],"picked":"Cursed Key"},{"not_picked":["Snecko Eye","Velvet Choker"],"picked":"Sozu"}],"items_purged_floors":[19,30,42],"is_endless":false,"potions_floor_spawned":[7,11,13,24,29,33,35,40,47,48],"killed_by":"The Heart","ascension_level":0}}