{"host":"dkr0dog13pegamnp","time":1614341744,"event":{"mods":["AchievementEnabler","BaseMod","Minty Spire (QoL Compilation)","Rare Cards Sparkle","StSLib","SuperFastMode","everything is the same but u backflip on backflip"],"gold_per_floor":[114,131,150,74,24,51,51,51,78,78,43,43,57,72,72,149,149,164,164,180,190,190,190,200,200,200,200,213,213,213,213],"floor_reached":30,"language":"KOR","playtime":868,"items_purged":[],"score":391,"play_id":"24c77c1b-a619-42d3-9a06-a933f2fc8b85","local_time":"20210226211544","is_ascension_mode":true,"campfire_choices":[{"data":"Adrenaline","floor":8.0,"key":"SMITH"},{"data":"Footwork","floor":10.0,"key":"SMITH"},{"data":"Crippling Poison","floor":12.0,"key":"SMITH"},{"data":"Footwork","floor":15.0,"key":"SMITH"},{"data":"Flechettes","floor":23.0,"key":"SMITH"},{"data":"Noxious Fumes","floor":27,"key":"SMITH"},{"data":"Noxious Fumes","floor":29,"key":"SMITH"}],"circlet_count":0,"master_deck":["AscendersBane","Strike_G","Strike_G","Defend_G","Defend_G","Defend_G","Defend_G","Defend_G","Survivor","Neutralize","Flechettes+1","Crippling Poison+1","Dash","Footwork+1","Adrenaline+1","Footwork+1","Outmaneuver","After Image","Blur","Footwork","Backflip","Grand Finale","Noxious Fumes+1","Noxious Fumes+1","Backflip"],"relics":["Ring of the Snake","Nunchaku","Bag of Preparation","Boot","SacredBark","Mango"],"acts_visited":["Exordium","TheCity"],"potions_floor_usage":[24,30,30],"damage_taken":[{"damage":2.0,"enemies":"Jaw Worm","floor":1.0,"turns":5.0},{"damage":0.0,"enemies":"2 Louse","floor":2.0,"turns":5.0},{"damage":5.0,"enemies":"Small Slimes","floor":3.0,"turns":4.0},{"damage":12.0,"enemies":"3 Sentries","floor":6.0,"turns":12.0},{"damage":0.0,"enemies":"Looter","floor":13.0,"turns":3.0},{"damage":0.0,"enemies":"Large Slime","floor":14.0,"turns":6.0},{"damage":5.0,"enemies":"The Guardian","floor":16.0,"turns":20.0},{"damage":0.0,"enemies":"Shell Parasite","floor":18.0,"turns":9.0},{"damage":4.0,"enemies":"Spheric Guardian","floor":20.0,"turns":10.0},{"damage":18.0,"enemies":"Snecko","floor":21.0,"turns":10.0},{"damage":12,"enemies":"Centurion and Healer","floor":24,"turns":13},{"damage":6,"enemies":"Snake Plant","floor":28,"turns":7},{"damage":39,"enemies":"Slavers","floor":30,"turns":2}],"seed_played":"1160018917486056399","potions_obtained":[{"floor":2.0,"key":"BlessingOfTheForge"},{"floor":3.0,"key":"ColorlessPotion"},{"floor":14.0,"key":"BlessingOfTheForge"},{"floor":20.0,"key":"Weak Potion"},{"floor":24,"key":"Poison Potion"},{"floor":28,"key":"Block Potion"}],"is_trial":false,"path_per_floor":["M","M","M","$","?","E","?","R","T","R","$","R","M","M","R","B",null,"M","?","M","M","?","R","M","?","T","R","M","R","E"],"character_chosen":"THE_SILENT","items_purchased":["Footwork","Footwork"],"campfire_rested":0,"item_purchase_floors":[4,11],"current_hp_per_floor":[57,57,52,52,52,40,40,40,40,40,40,40,40,40,40,35,58,58,58,54,36,36,36,24,24,38,38,32,32,0,0],"gold":213,"neow_bonus":"RANDOM_COMMON_RELIC","is_daily":false,"chose_seed":false,"campfire_upgraded":7,"win_rate":0.0,"timestamp":1614341744,"path_taken":["M","M","M","$","?","E","?","R","T","R","$","R","M","M","R","BOSS","M","?","M","M","?","R","M","?","T","R","M","R","E"],"items_purchased_type":["Card","Card"],"build_version":"2020-12-22","purchased_purges":0,"victory":false,"max_hp_per_floor":[66,66,66,66,66,66,66,66,66,66,66,66,66,66,66,66,66,66,66,66,66,66,66,66,66,80,80,80,80,80,80],"card_choices":[{"not_picked":["Quick Slash","Flying Knee"],"picked":"Flechettes","floor":1.0},{"not_picked":["Accuracy","Dagger Spray"],"picked":"Crippling Poison","floor":2.0},{"not_picked":["Cloak And Dagger","Dagger Spray"],"picked":"Dash","floor":3.0},{"not_picked":["Accuracy","Tactician"],"picked":"Adrenaline","floor":6.0},{"not_picked":["Underhanded Strike","Bane","Flying Knee"],"picked":"SKIP","floor":13.0},{"not_picked":["Underhanded Strike","Bane","Flying Knee"],"picked":"SKIP","floor":13.0},{"not_picked":["Underhanded Strike","Bane","Flying Knee"],"picked":"SKIP","floor":13.0},{"not_picked":["Dagger Spray","Poisoned Stab"],"picked":"Outmaneuver","floor":14.0},{"not_picked":["Doppelganger","Unload"],"picked":"After Image","floor":16.0},{"not_picked":["Endless Agony","Predator","Catalyst"],"picked":"SKIP","floor":18.0},{"not_picked":["Endless Agony","Flying Knee"],"picked":"Footwork","floor":20.0},{"not_picked":["Dodge and Roll","Quick Slash"],"picked":"Backflip","floor":21.0},{"not_picked":["Dagger Throw","Cloak And Dagger"],"picked":"Noxious Fumes","floor":24},{"not_picked":["Reflex","Outmaneuver"],"picked":"Backflip","floor":28}],"player_experience":121498,"relics_obtained":[{"floor":6.0,"key":"Bag of Preparation"},{"floor":9.0,"key":"Boot"},{"floor":26,"key":"Mango"}],"event_choices":[{"cards_removed":["Strike_G"],"damage_healed":0.0,"max_hp_gain":0.0,"max_hp_loss":0.0,"gold_gain":0.0,"event_name":"The Cleric","player_choice":"Card Removal","floor":5.0,"gold_loss":50.0,"damage_taken":0.0},{"damage_healed":0.0,"max_hp_gain":0.0,"max_hp_loss":0.0,"gold_gain":0.0,"event_name":"Liars Game","player_choice":"Ignored","floor":7.0,"gold_loss":0.0,"damage_taken":0.0},{"damage_healed":0.0,"max_hp_gain":0.0,"max_hp_loss":0.0,"gold_gain":0.0,"event_name":"The Library","player_choice":"Read","floor":19.0,"gold_loss":0.0,"damage_taken":0.0,"cards_obtained":["Blur"]},{"damage_healed":0.0,"max_hp_gain":0.0,"max_hp_loss":0.0,"gold_gain":0.0,"cards_transformed":["Strike_G","Strike_G"],"event_name":"Drug Dealer","player_choice":"Became Test Subject","floor":22.0,"gold_loss":0.0,"damage_taken":0.0,"cards_obtained":["Grand Finale","Noxious Fumes"]},{"damage_healed":0,"gold_gain":0,"player_choice":"Bought 0 Potions","damage_taken":0,"max_hp_gain":0,"max_hp_loss":0,"event_name":"The Woman in Blue","floor":25,"gold_loss":0}],"is_beta":false,"boss_relics":[{"not_picked":["HoveringKite","Velvet Choker"],"picked":"SacredBark"}],"items_purged_floors":[],"is_endless":false,"potions_floor_spawned":[2,3,14,20,24,28],"killed_by":"Slavers","ascension_level":14}}