{"host":"jyt72nbfoih0mxuq","time":1614378483,"event":{"mods":["BaseMod","Minty Spire (QoL Compilation)","Relic Stats"],"gold_per_floor":[114,114,126,137,59,88,108,108,135,135,194,194,207,240,240,240,240],"floor_reached":16,"language":"ENG","playtime":1152,"items_purged":[],"score":160,"play_id":"071b6fda-5eda-4f7f-84e1-e8d5e4bb3c0b","local_time":"20210226232803","is_ascension_mode":true,"campfire_choices":[{"data":"Noxious Fumes","floor":8,"key":"SMITH"},{"data":"Glass Knife","floor":10,"key":"SMITH"},{"floor":12,"key":"REST"},{"data":"After Image","floor":15,"key":"SMITH"}],"circlet_count":0,"master_deck":["Strike_G","Strike_G","Strike_G","Strike_G","Defend_G","Defend_G","Defend_G","Defend_G","Defend_G","Survivor","Neutralize","PiercingWail","After Image+1","Noxious Fumes+1","Glass Knife+1","Well Laid Plans"],"relics":["Ring of the Snake","Centennial Puzzle","Happy Flower","Toy Ornithopter","MealTicket","Mercury Hourglass"],"acts_visited":["Exordium"],"potions_floor_usage":[6,6,11,14],"damage_taken":[{"damage":0,"enemies":"Cultist","floor":1,"turns":4},{"damage":4,"enemies":"Small Slimes","floor":3,"turns":5},{"damage":1,"enemies":"Jaw Worm","floor":4,"turns":4},{"damage":13,"enemies":"Lagavulin","floor":6,"turns":9},{"damage":0,"enemies":"Red Slaver","floor":7,"turns":5},{"damage":14,"enemies":"Gremlin Nob","floor":11,"turns":3},{"damage":2,"enemies":"Large Slime","floor":13,"turns":6},{"damage":12,"enemies":"3 Sentries","floor":14,"turns":6},{"damage":38,"enemies":"Slime Boss","floor":16,"turns":11}],"seed_played":"-2279539181025722393","potions_obtained":[{"floor":3,"key":"DuplicationPotion"},{"floor":4,"key":"DistilledChaos"},{"floor":6,"key":"SteroidPotion"},{"floor":11,"key":"Strength Potion"}],"is_trial":false,"path_per_floor":["M","?","M","M","$","E","M","R","T","R","?","R","M","E","R","B"],"character_chosen":"THE_SILENT","items_purchased":["Noxious Fumes"],"campfire_rested":1,"item_purchase_floors":[5],"current_hp_per_floor":[63,56,52,51,51,38,38,38,38,38,29,50,48,41,41,3,3],"gold":240,"neow_bonus":"RANDOM_COMMON_RELIC","is_daily":false,"chose_seed":false,"campfire_upgraded":3,"win_rate":0.0,"timestamp":1614378483,"path_taken":["M","?","M","M","$","E","M","R","T","R","?","R","M","E","R","BOSS"],"items_purchased_type":["Card"],"build_version":"2020-12-22","purchased_purges":0,"victory":false,"max_hp_per_floor":[70,70,70,70,70,70,70,70,70,70,70,70,70,70,70,70,70],"relic_stats":{"Centennial Puzzle":[21],"Happy Flower":[10],"counters":[9,53],"MealTicket":0,"obtain_stats":[{"Centennial Puzzle":0,"Happy Flower":6,"MealTicket":11,"Toy Ornithopter":9,"Ring of the Snake":0,"Mercury Hourglass":14},{"Centennial Puzzle":0,"Happy Flower":4,"MealTicket":6,"Toy Ornithopter":5,"Ring of the Snake":0,"Mercury Hourglass":8},{"Centennial Puzzle":0,"Happy Flower":22,"MealTicket":30,"Toy Ornithopter":27,"Ring of the Snake":0,"Mercury Hourglass":42}],"Toy Ornithopter":10,"Ring of the Snake":[18],"Mercury Hourglass":[66]},"card_choices":[{"not_picked":["Prepared","Bane","Sucker Punch"],"picked":"SKIP","floor":1},{"not_picked":["Quick Slash","Deflect"],"picked":"PiercingWail","floor":3},{"not_picked":["Caltrops","All Out Attack"],"picked":"After Image","floor":4},{"not_picked":["Slice","Catalyst"],"picked":"Glass Knife","floor":6},{"not_picked":["Dagger Throw","Infinite Blades","Poisoned Stab"],"picked":"SKIP","floor":7},{"not_picked":["Flechettes","Calculated Gamble"],"picked":"Well Laid Plans","floor":11},{"not_picked":["Heel Hook","Dagger Spray","Dash"],"picked":"SKIP","floor":13},{"not_picked":["Blade Dance","Slice","Dagger Spray"],"picked":"SKIP","floor":14}],"player_experience":242360,"relics_obtained":[{"floor":6,"key":"Happy Flower"},{"floor":9,"key":"Toy Ornithopter"},{"floor":11,"key":"MealTicket"},{"floor":14,"key":"Mercury Hourglass"}],"event_choices":[{"cards_removed":["Strike_G"],"damage_healed":0,"gold_gain":0,"player_choice":"Card Removal","damage_taken":7,"max_hp_gain":0,"max_hp_loss":0,"event_name":"Golden Wing","floor":2,"gold_loss":0},{"damage_healed":0,"gold_gain":0,"player_choice":"Searched \u00271\u0027 times","damage_taken":0,"max_hp_gain":0,"max_hp_loss":0,"event_name":"Dead Adventurer","floor":11,"gold_loss":0}],"is_beta":false,"boss_relics":[],"items_purged_floors":[],"is_endless":false,"potions_floor_spawned":[3,4,6,11],"killed_by":"Slime Boss","ascension_level":9}}