{"host":"dl5mjdlimopbuch5","time":1614302307,"event":{"mods":["AchievementEnabler","BaseMod","Colored Powertips","Googly Eyes","Minty Spire (QoL Compilation)","Quick Restart"],"gold_per_floor":[119,119,119,119,144,184,184,184,230,255,291,307,328,503,503,627,627,597,622,622,622,622,643,643,667,667,667,766,140,140,140,140,259,259,280,613,623,623,220,220,220,220],"floor_reached":41,"language":"ENG","playtime":1389,"items_purged":[],"score":611,"play_id":"98b5db6a-9e16-4dfe-8593-315c4928cef6","local_time":"20210226011827","is_ascension_mode":true,"campfire_choices":[{"data":"Thunderclap","floor":8.0,"key":"SMITH"},{"floor":15.0,"key":"REST"},{"floor":24.0,"key":"REST"},{"floor":30.0,"key":"REST"},{"floor":32.0,"key":"REST"},{"floor":40.0,"key":"REST"}],"circlet_count":0,"master_deck":["Strike_R+1","Strike_R+1","Strike_R+1","Strike_R+1","Strike_R+1","Defend_R+1","Defend_R+1","Defend_R+1","Defend_R+1","Bash+1","Thunderclap+1","Heavy Blade+1","Shrug It Off","Shrug It Off","Doubt","Demon Form","Twin Strike+1","Heavy Blade","Shrug It Off+1","Armaments+1","Body Slam+1"],"relics":["Burning Blood","NeowsBlessing","Champion Belt","Dream Catcher","Potion Belt","Red Skull","SlaversCollar","The Courier","Whetstone","Orichalcum","Eternal Feather","Matryoshka","SacredBark","Meat on the Bone","Shuriken"],"acts_visited":["Exordium","TheCity","TheBeyond"],"potions_floor_usage":[41],"damage_taken":[{"damage":0.0,"enemies":"2 Louse","floor":1.0,"turns":1.0},{"damage":0.0,"enemies":"Jaw Worm","floor":5.0,"turns":1.0},{"damage":0.0,"enemies":"Gremlin Nob","floor":6.0,"turns":1.0},{"damage":4.0,"enemies":"Small Slimes","floor":10.0,"turns":3.0},{"damage":42.0,"enemies":"3 Sentries","floor":11.0,"turns":10.0},{"damage":1.0,"enemies":"Red Slaver","floor":12.0,"turns":3.0},{"damage":0.0,"enemies":"3 Louse","floor":13.0,"turns":2.0},{"damage":56.0,"enemies":"The Guardian","floor":16.0,"turns":14.0},{"damage":36.0,"enemies":"2 Thieves","floor":18.0,"turns":5.0},{"damage":29.0,"enemies":"Shell Parasite","floor":19.0,"turns":6.0},{"damage":0.0,"enemies":"Cultist and Chosen","floor":21.0,"turns":1.0},{"damage":0.0,"enemies":"Centurion and Healer","floor":23.0,"turns":5.0},{"damage":13.0,"enemies":"Snecko","floor":25.0,"turns":4.0},{"damage":69.0,"enemies":"Collector","floor":33.0,"turns":8.0},{"damage":31.0,"enemies":"3 Shapes","floor":35.0,"turns":13.0},{"damage":40.0,"enemies":"3 Darklings","floor":37.0,"turns":13.0},{"damage":64,"enemies":"Transient","floor":41,"turns":5}],"seed_played":"5915505766930918408","potions_obtained":[{"floor":1.0,"key":"Weak Potion"},{"floor":4.0,"key":"Swift Potion"},{"floor":4.0,"key":"Fruit Juice"},{"floor":4.0,"key":"EntropicBrew"},{"floor":11.0,"key":"Weak Potion"},{"floor":13.0,"key":"Swift Potion"},{"floor":18.0,"key":"Energy Potion"},{"floor":23.0,"key":"FearPotion"},{"floor":25.0,"key":"Ancient Potion"},{"floor":33.0,"key":"Swift Potion"},{"floor":37.0,"key":"BlessingOfTheForge"}],"is_trial":false,"path_per_floor":["M","?","?","?","M","E","?","R","T","M","E","M","M","?","R","B",null,"M","M","?","M","?","M","R","M","T","?","?","$","R","?","R","B",null,"M","?","M","?","$","R","M"],"character_chosen":"IRONCLAD","items_purchased":["Whetstone","Orichalcum","Eternal Feather","Matryoshka","Meat on the Bone","Shuriken"],"campfire_rested":5,"item_purchase_floors":[29,29,29,29,39,39],"current_hp_per_floor":[80,60,42,47,53,59,59,59,59,61,25,30,36,36,61,11,67,37,14,5,11,11,17,42,35,35,35,35,35,69,53,89,26,74,49,49,15,15,15,54,0,0],"gold":220,"neow_bonus":"THREE_ENEMY_KILL","is_daily":false,"chose_seed":false,"campfire_upgraded":1,"win_rate":0.0,"timestamp":1614302307,"path_taken":["M","?","?","?","?","E","?","R","T","?","E","M","M","?","R","BOSS","M","M","?","M","?","M","R","?","T","?","?","?","R","?","R","BOSS","M","?","M","?","$","R","M"],"items_purchased_type":["Relic","Relic","Relic","Relic","Relic","Relic"],"build_version":"2020-12-22","purchased_purges":0,"victory":false,"max_hp_per_floor":[80,80,80,85,85,85,85,85,85,85,85,85,85,85,85,85,85,85,85,85,85,85,85,85,85,85,85,85,85,85,90,90,90,90,90,90,90,90,90,90,90,90],"card_choices":[{"not_picked":["Reckless Charge","True Grit","Shockwave"],"picked":"SKIP","floor":1.0},{"not_picked":["Headbutt","Shockwave","Sword Boomerang"],"picked":"SKIP","floor":5.0},{"not_picked":["Flame Barrier","Flex"],"picked":"Thunderclap","floor":6.0},{"not_picked":["Battle Trance","Clash"],"picked":"Heavy Blade","floor":10.0},{"not_picked":["Spot Weakness","Iron Wave"],"picked":"Shrug It Off","floor":11.0},{"not_picked":["Bloodletting","Reckless Charge","Warcry"],"picked":"SKIP","floor":12.0},{"not_picked":["Burning Pact","Reckless Charge"],"picked":"Shrug It Off","floor":13.0},{"not_picked":["Brutality","Reaper"],"picked":"Demon Form","floor":16.0},{"not_picked":["Shockwave","Warcry"],"picked":"Twin Strike+1","floor":18.0},{"not_picked":["Rage+1","Perfected Strike"],"picked":"Heavy Blade","floor":19.0},{"not_picked":["Havoc","Sword Boomerang","Berserk"],"picked":"SKIP","floor":23.0},{"not_picked":["True Grit+1","Seeing Red","Bloodletting"],"picked":"SKIP","floor":25.0},{"not_picked":["Flex","True Grit"],"picked":"Shrug It Off+1","floor":35.0},{"not_picked":["Havoc","Sever Soul"],"picked":"Armaments+1","floor":37.0},{"not_picked":["Battle Trance+1","Metallicize+1"],"picked":"Body Slam+1","floor":40.0}],"player_experience":243356,"relics_obtained":[{"floor":6.0,"key":"Dream Catcher"},{"floor":9.0,"key":"Potion Belt"},{"floor":11.0,"key":"Red Skull"},{"floor":26.0,"key":"The Courier"}],"event_choices":[{"damage_healed":0.0,"max_hp_gain":0.0,"max_hp_loss":0.0,"gold_gain":0.0,"event_name":"Golden Idol","player_choice":"Take Damage","floor":2.0,"gold_loss":0.0,"damage_taken":20.0,"relics_obtained":["Golden Idol"]},{"damage_healed":0.0,"max_hp_gain":0.0,"max_hp_loss":0.0,"gold_gain":0.0,"event_name":"Scrap Ooze","player_choice":"Success","floor":3.0,"gold_loss":0.0,"damage_taken":18.0,"relics_obtained":["Champion Belt"]},{"damage_healed":0.0,"max_hp_gain":0.0,"max_hp_loss":0.0,"gold_gain":0.0,"event_name":"Lab","player_choice":"Got Potions","floor":4.0,"gold_loss":0.0,"damage_taken":0.0},{"damage_healed":0.0,"max_hp_gain":0.0,"max_hp_loss":0.0,"gold_gain":0.0,"event_name":"The Woman in Blue","player_choice":"Bought 0 Potions","floor":7.0,"gold_loss":0.0,"damage_taken":0.0},{"damage_healed":0.0,"max_hp_gain":0.0,"max_hp_loss":0.0,"gold_gain":175.0,"event_name":"Liars Game","player_choice":"AGREE","floor":14.0,"gold_loss":0.0,"damage_taken":0.0,"cards_obtained":["Doubt"]},{"damage_healed":0.0,"max_hp_gain":0.0,"max_hp_loss":0.0,"gold_gain":0.0,"event_name":"Cursed Tome","player_choice":"Stopped","floor":20.0,"gold_loss":0.0,"damage_taken":9.0},{"damage_healed":0.0,"max_hp_gain":0.0,"max_hp_loss":0.0,"gold_gain":0.0,"event_name":"Match and Keep!","player_choice":"0 cards matched","floor":22.0,"gold_loss":0.0,"damage_taken":0.0,"cards_obtained":[]},{"damage_healed":0.0,"max_hp_gain":0.0,"max_hp_loss":0.0,"gold_gain":0.0,"event_name":"Back to Basics","player_choice":"Simplicity","floor":27.0,"gold_loss":0.0,"damage_taken":0.0,"cards_upgraded":["Strike_R","Strike_R","Strike_R","Strike_R","Strike_R","Defend_R","Defend_R","Defend_R","Defend_R"]},{"damage_healed":0.0,"max_hp_gain":0.0,"max_hp_loss":0.0,"gold_gain":99.0,"event_name":"Nest","player_choice":"Stole From Cult","floor":28.0,"gold_loss":0.0,"damage_taken":0.0},{"damage_healed":0.0,"max_hp_gain":5.0,"max_hp_loss":0.0,"gold_gain":0.0,"event_name":"Forgotten Altar","player_choice":"Shed Blood","floor":31.0,"gold_loss":0.0,"damage_taken":21.0},{"damage_healed":0.0,"max_hp_gain":0.0,"max_hp_loss":0.0,"gold_gain":333.0,"event_name":"The Moai Head","player_choice":"Gave Idol","floor":36.0,"relics_lost":["Golden Idol"],"gold_loss":0.0,"damage_taken":0.0},{"damage_healed":0.0,"max_hp_gain":0.0,"max_hp_loss":0.0,"gold_gain":0.0,"event_name":"Tomb of Lord Red Mask","player_choice":"Ignored","floor":38.0,"gold_loss":0.0,"damage_taken":0.0}],"is_beta":false,"boss_relics":[{"not_picked":["Snecko Eye","Mark of Pain"],"picked":"SlaversCollar"},{"not_picked":["Cursed Key","Black Blood"],"picked":"SacredBark"}],"items_purged_floors":[],"is_endless":false,"potions_floor_spawned":[1,11,13,18,23,25,33,37],"killed_by":"Transient","ascension_level":5}}