{"host":"vrsxkkch9ccrec7k","time":1614340402,"event":{"mods":["Act Like it!","BaseMod","Bestiary","Better Altar","Better Match","Better Note","Better Sensory Stone","Better Skull","Better Third Choice","Better Vampires","Downfall","Minty Spire (QoL Compilation)","Permanent Neow","Relic Stats","Spicy Shops","StSLib"],"gold_per_floor":[111,111,111,286,286,286,286,286,286],"floor_reached":7,"language":"ENG","playtime":437,"items_purged":[],"score":46,"play_id":"76570e82-f6b9-4356-be00-a08caf021b97","local_time":"20210226065322","daily_mods":["SealedDeck","Red Cards"],"is_ascension_mode":true,"campfire_choices":[{"data":"Evolve","floor":6,"key":"SMITH"}],"circlet_count":0,"master_deck":["bronze:Frontload","bronze:Constructor","Flex","Battle Trance","Intimidate","Carnage","Shockwave","True Grit","Dual Wield+1","Disarm","Evolve+1","Doubt","Injury"],"relics":["bronze:BronzeCore","bronze:AnalyticalCore","Golden Idol"],"acts_visited":["Exordium"],"potions_floor_usage":[],"damage_taken":[{"damage":0,"enemies":"Jaw Worm","floor":1,"turns":5},{"damage":72,"enemies":"Gremlin Nob","floor":7,"turns":8}],"seed_played":"7998580116183212688","potions_obtained":[],"is_trial":true,"path_per_floor":["M","?","$","?","?","R","E"],"character_chosen":"THE_AUTOMATON","items_purchased":[],"campfire_rested":0,"item_purchase_floors":[],"current_hp_per_floor":[70,70,70,70,70,70,0,0,0],"gold":286,"neow_bonus":"","is_daily":false,"chose_seed":false,"campfire_upgraded":1,"win_rate":0.0,"timestamp":1614340402,"path_taken":["M","?","$","?","?","R","E"],"items_purchased_type":[],"build_version":"2020-12-22","purchased_purges":0,"victory":false,"max_hp_per_floor":[70,70,70,70,70,70,70,70,70],"relic_stats":{"counters":[2,13],"Golden Idol":0,"obtain_stats":[{"bronze:BronzeCore":0,"bronze:AnalyticalCore":0,"Golden Idol":5},{"bronze:BronzeCore":0,"bronze:AnalyticalCore":0,"Golden Idol":1},{"bronze:BronzeCore":0,"bronze:AnalyticalCore":0,"Golden Idol":5}]},"card_choices":[{"not_picked":["Cleave","Wild Strike"],"picked":"Evolve","floor":1}],"player_experience":2046749,"relics_obtained":[],"event_choices":[{"damage_healed":0,"gold_gain":0,"player_choice":"Grow","damage_taken":0,"max_hp_gain":0,"max_hp_loss":0,"event_name":"Living Wall","floor":2,"gold_loss":0,"cards_upgraded":["Dual Wield"]},{"damage_healed":0,"gold_gain":175,"player_choice":"AGREE","damage_taken":111,"max_hp_gain":0,"max_hp_loss":0,"event_name":"betterThird:BetterSerpent","floor":4,"gold_loss":0},{"damage_healed":0,"gold_gain":0,"player_choice":"Take Wound","damage_taken":0,"relics_obtained":["Golden Idol"],"max_hp_gain":0,"max_hp_loss":0,"event_name":"Golden Idol","floor":5,"gold_loss":0,"cards_obtained":["Injury"]}],"is_beta":false,"boss_relics":[],"items_purged_floors":[],"is_endless":false,"potions_floor_spawned":[],"killed_by":"Gremlin Nob","ascension_level":5}}