{"host":"75labscqqrd170u0","time":1614327359,"event":{"mods":["BaseMod","Minty Spire (QoL Compilation)","Replay The Spire","StSLib"],"gold_per_floor":[111,124,140,140,159,159,191,204,204,204,56,76,76,76,76,76,76],"floor_reached":16,"language":"ENG","playtime":466,"items_purged":[],"score":102,"play_id":"f31d2c4c-e98c-42ea-b102-9c0c18df97dc","local_time":"20210226031559","is_ascension_mode":false,"campfire_choices":[{"data":"Dualcast","floor":6,"key":"SMITH"},{"floor":10,"key":"REST"},{"floor":13,"key":"RECALL"},{"floor":15,"key":"REST"}],"circlet_count":0,"master_deck":["Strike_B","Strike_B","Strike_B","Strike_B","Defend_B","Defend_B","Defend_B","Defend_B","Dualcast+1","Pot Of Greed","FIFO Queue","Hologram","Pot Of Greed","Hologram","Panic Button","Seek"],"relics":["Cracked Core","Grinning Jar","Orrery"],"acts_visited":["Exordium"],"potions_floor_usage":[7,8,8],"damage_taken":[{"damage":6,"enemies":"Jaw Worm","floor":1,"turns":3},{"damage":0,"enemies":"Cultist","floor":2,"turns":3},{"damage":5,"enemies":"Small Slimes","floor":3,"turns":3},{"damage":5,"enemies":"Looter","floor":5,"turns":3},{"damage":30,"enemies":"3 Sentries","floor":7,"turns":7},{"damage":0,"enemies":"Large Slime","floor":8,"turns":3},{"damage":16,"enemies":"Red Slaver","floor":12,"turns":3},{"damage":0,"enemies":"Hexaghost","floor":16,"turns":1}],"seed_played":"713549427590022092","potions_obtained":[{"floor":2,"key":"LiquidBronze"},{"floor":3,"key":"BlessingOfTheForge"},{"floor":5,"key":"Swift Potion"},{"floor":12,"key":"Weak Potion"}],"is_trial":false,"path_per_floor":["M","M","M","?","M","R","E","M","T","R","$","M","R","?","R","B"],"character_chosen":"DEFECT","items_purchased":["Orrery"],"campfire_rested":2,"item_purchase_floors":[11],"current_hp_per_floor":[76,76,71,71,66,66,36,36,36,60,60,44,44,44,68,68,68],"gold":76,"neow_bonus":"TEN_PERCENT_HP_BONUS","is_daily":false,"chose_seed":false,"campfire_upgraded":1,"win_rate":0.0,"timestamp":1614327359,"path_taken":["M","M","M","?","M","R","E","M","T","R","?","M","R","?","R","BOSS"],"items_purchased_type":["Relic"],"build_version":"2020-12-13","purchased_purges":0,"victory":false,"max_hp_per_floor":[82,82,82,82,82,82,82,82,82,82,82,82,82,82,82,82,82],"card_choices":[{"not_picked":["Stack","Conserve Battery","Chill"],"picked":"SKIP","floor":1},{"not_picked":["Double Energy","Steam","Barrage"],"picked":"SKIP","floor":2},{"not_picked":["Turbo","Sunder","BootSequence"],"picked":"SKIP","floor":3},{"not_picked":["Hyperbeam","Sunder","ReplaySort"],"picked":"SKIP","floor":5},{"not_picked":["Consume","Doom and Gloom","BootSequence"],"picked":"SKIP","floor":7},{"not_picked":["Go for the Eyes","Consume"],"picked":"FIFO Queue","floor":8},{"not_picked":["Static Discharge","Steam"],"picked":"Hologram","floor":11},{"not_picked":["Cold Snap","Melter"],"picked":"Hologram","floor":11},{"not_picked":["Barrage","Rip and Tear"],"picked":"Panic Button","floor":12}],"player_experience":109796,"relics_obtained":[{"floor":7,"key":"Grinning Jar"}],"event_choices":[{"damage_healed":0,"gold_gain":0,"player_choice":"Upgraded","damage_taken":0,"max_hp_gain":0,"max_hp_loss":0,"event_name":"Upgrade Shrine","floor":4,"gold_loss":0,"cards_upgraded":["Zap"]},{"damage_healed":0,"gold_gain":0,"cards_transformed":["Zap"],"player_choice":"Transformed","damage_taken":0,"max_hp_gain":0,"max_hp_loss":0,"event_name":"Transmorgrifier","floor":14,"gold_loss":0,"cards_obtained":["Seek"]}],"is_beta":false,"boss_relics":[],"items_purged_floors":[],"is_endless":false,"potions_floor_spawned":[2,3,5,12],"killed_by":"Hexaghost","ascension_level":0}}