{"host":"03jd0k347uuzjnun","time":1614359759,"event":{"mods":["BaseMod","Bestiary","Minty Spire (QoL Compilation)","Permanent Neow","Quick Restart","Random Character Button","Relic Stats"],"gold_per_floor":[110,185,185,203,218,218,252,252,252,302,302,354,374,394,394,489,489,534,569,34,34,72,99,111,164,176,223,245,289,301,313,325,434,446,501,513,571,628,652,664,738,750,789,826,838,907,963,1037,1049,1091,1103,1115,392,426,426],"floor_reached":56,"language":"ENG","playtime":6663,"items_purged":["Strike_P","Perseverance"],"score":1527,"play_id":"8013b5ce-9bb9-438d-8738-e800a19b7578","local_time":"20210226181559","is_ascension_mode":true,"campfire_choices":[{"data":"Wallop","floor":6.0,"key":"SMITH"},{"data":"ForeignInfluence","floor":8.0,"key":"SMITH"},{"data":"Vigilance","floor":11.0,"key":"SMITH"},{"data":"Wireheading","floor":15.0,"key":"SMITH"},{"data":"Wish","floor":24.0,"key":"SMITH"},{"floor":32,"key":"REST"},{"floor":40,"key":"RECALL"},{"floor":42,"key":"REST"},{"data":"SashWhip","floor":49,"key":"SMITH"},{"data":"Tantrum","floor":52,"key":"SMITH"}],"circlet_count":0,"master_deck":["Strike_P+1","Defend_P+1","Eruption+1","Vigilance+1","Tantrum+1","Wallop+1","ForeignInfluence+1","ClearTheMind+1","Wireheading+1","CutThroughFate+1","CutThroughFate+1","EmptyBody+1","Wish+1","FollowUp","EmptyFist+1","Adaptation+1","CrushJoints+1","SashWhip+1","FearNoEvil+1","JustLucky+1","TalkToTheHand+1","Blasphemy+1","TalkToTheHand+1","Wallop+1","Wireheading+1","Meditate+1","FlurryOfBlows+1","Adaptation+1","FlurryOfBlows+1","MentalFortress+1","Violence","WaveOfTheHand+1"],"relics":["PureWater","Calipers","Pantograph","PreservedInsect","Ornamental Fan","SacredBark","Vajra","Toy Ornithopter","MawBank","Molten Egg 2","Ancient Tea Set","Blood Vial","SlaversCollar","Question Card","Sundial","Happy Flower","Mango","TheAbacus","Strawberry","Bronze Scales"],"acts_visited":["Exordium","TheCity","TheBeyond","TheEnding"],"potions_floor_usage":[33,35,38,39,44,44,55,55,55,55,55],"damage_taken":[{"damage":0.0,"enemies":"2 Louse","floor":1.0,"turns":2.0},{"damage":2.0,"enemies":"Small Slimes","floor":4.0,"turns":2.0},{"damage":0.0,"enemies":"Jaw Worm","floor":5.0,"turns":1.0},{"damage":0.0,"enemies":"Gremlin Nob","floor":7.0,"turns":2.0},{"damage":0.0,"enemies":"Lagavulin","floor":10.0,"turns":4.0},{"damage":0.0,"enemies":"Gremlin Nob","floor":12.0,"turns":1.0},{"damage":0.0,"enemies":"Blue Slaver","floor":13.0,"turns":1.0},{"damage":0.0,"enemies":"Exordium Wildlife","floor":14.0,"turns":2.0},{"damage":17.0,"enemies":"The Guardian","floor":16.0,"turns":9.0},{"damage":4.0,"enemies":"2 Thieves","floor":18.0,"turns":4.0},{"damage":5.0,"enemies":"Chosen","floor":19.0,"turns":6.0},{"damage":0.0,"enemies":"Centurion and Healer","floor":22.0,"turns":5.0},{"damage":11.0,"enemies":"Gremlin Leader","floor":23.0,"turns":2.0},{"damage":13.0,"enemies":"Snake Plant","floor":25.0,"turns":7.0},{"damage":15.0,"enemies":"Slavers","floor":27.0,"turns":3.0},{"damage":4.0,"enemies":"Chosen and Byrds","floor":28.0,"turns":5.0},{"damage":21,"enemies":"Book of Stabbing","floor":29,"turns":4},{"damage":3,"enemies":"Automaton","floor":33,"turns":10},{"damage":25,"enemies":"3 Darklings","floor":35,"turns":22},{"damage":0,"enemies":"3 Shapes","floor":37,"turns":6},{"damage":8,"enemies":"Jaw Worm Horde","floor":38,"turns":5},{"damage":19,"enemies":"Sphere and 2 Shapes","floor":39,"turns":5},{"damage":8,"enemies":"Nemesis","floor":41,"turns":5},{"damage":0,"enemies":"Reptomancer","floor":44,"turns":5},{"damage":28,"enemies":"Nemesis","floor":46,"turns":5},{"damage":14,"enemies":"3 Darklings","floor":47,"turns":3},{"damage":10,"enemies":"Giant Head","floor":48,"turns":4},{"damage":16,"enemies":"Awakened One","floor":50,"turns":9},{"damage":27,"enemies":"Shield and Spear","floor":54,"turns":3},{"damage":1,"enemies":"The Heart","floor":55,"turns":8}],"seed_played":"-4113253113992908333","potions_obtained":[{"floor":1.0,"key":"Ancient Potion"},{"floor":4.0,"key":"SneckoOil"},{"floor":7.0,"key":"FearPotion"},{"floor":12.0,"key":"EntropicBrew"},{"floor":16.0,"key":"Energy Potion"},{"floor":23.0,"key":"SpeedPotion"},{"floor":25.0,"key":"PowerPotion"},{"floor":27.0,"key":"StancePotion"},{"floor":28.0,"key":"GamblersBrew"},{"floor":33,"key":"Fruit Juice"},{"floor":35,"key":"Ancient Potion"},{"floor":38,"key":"Swift Potion"},{"floor":44,"key":"FearPotion"}],"is_trial":false,"path_per_floor":["M","?","?","M","M","R","E","R","T","E","R","E","M","M","R","B",null,"M","M","$","?","M","E","R","M","T","E","M","E","?","$","R","B",null,"M","?","M","M","M","R","E","R","T","E","?","E","M","E","R","B",null,"R","$","E","B",null],"character_chosen":"WATCHER","items_purchased":["LessonLearned","Vajra","Toy Ornithopter","TheAbacus","Strawberry","EntropicBrew","DuplicationPotion","Violence"],"campfire_rested":2,"item_purchase_floors":[20,20,20,53,53,53,53,53],"current_hp_per_floor":[65,54,47,45,45,45,45,45,45,45,45,45,45,45,45,48,65,61,56,56,56,56,45,45,32,32,22,23,2,2,2,21,50,65,45,45,47,56,44,44,38,60,60,72,85,57,45,51,51,62,99,99,106,79,106],"gold":426,"neow_bonus":"TRANSFORM_TWO_CARDS","is_daily":false,"chose_seed":false,"campfire_upgraded":7,"win_rate":0.0,"timestamp":1614359759,"path_taken":["M","?","?","M","M","R","E","R","T","E","R","E","M","M","R","BOSS","M","M","$","?","M","E","R","M","T","E","M","E","?","?","R","BOSS","M","?","M","M","?","R","E","R","T","E","?","E","?","E","R","BOSS","R","$","E","BOSS"],"items_purchased_type":["Card","Relic","Relic","Relic","Relic","Potion","Potion","Card"],"build_version":"2020-12-22","purchased_purges":2,"victory":true,"max_hp_per_floor":[65,65,65,65,65,65,65,65,65,65,65,65,65,65,65,65,65,65,65,65,65,65,65,65,65,65,65,65,65,65,65,65,65,65,65,65,65,75,75,75,75,75,75,75,85,85,85,99,99,99,99,99,106,106,106],"relic_stats":{"Happy Flower":[9],"counters":[30,150],"PreservedInsect":494,"MawBank":360,"Question Card":5,"Blood Vial":20,"TheAbacus":[12],"Ornamental Fan":[368],"Sundial":[4],"Pantograph":95,"Bronze Scales":[78],"obtain_stats":[{"Calipers":7,"Happy Flower":46,"SacredBark":17,"Vajra":20,"Mango":48,"PreservedInsect":10,"MawBank":23,"Ancient Tea Set":27,"Question Card":41,"Blood Vial":29,"SlaversCollar":34,"TheAbacus":53,"Ornamental Fan":12,"Sundial":44,"Pantograph":9,"Strawberry":53,"Bronze Scales":54,"Molten Egg 2":26,"PureWater":0,"Toy Ornithopter":20},{"Calipers":4,"Happy Flower":25,"SacredBark":9,"Vajra":11,"Mango":27,"PreservedInsect":5,"MawBank":13,"Ancient Tea Set":15,"Question Card":23,"Blood Vial":17,"SlaversCollar":18,"TheAbacus":28,"Ornamental Fan":6,"Sundial":24,"Pantograph":4,"Strawberry":28,"Bronze Scales":29,"Molten Egg 2":14,"PureWater":0,"Toy Ornithopter":11},{"Calipers":7,"Happy Flower":123,"SacredBark":24,"Vajra":34,"Mango":130,"PreservedInsect":11,"MawBank":41,"Ancient Tea Set":51,"Question Card":113,"Blood Vial":60,"SlaversCollar":70,"TheAbacus":139,"Ornamental Fan":12,"Sundial":118,"Pantograph":7,"Strawberry":139,"Bronze Scales":142,"Molten Egg 2":48,"PureWater":0,"Toy Ornithopter":34}],"Toy Ornithopter":41},"card_choices":[{"not_picked":["Consecrate","SandsOfTime"],"picked":"ForeignInfluence","floor":1.0},{"not_picked":["Evaluate","PathToVictory"],"picked":"ClearTheMind","floor":4.0},{"not_picked":["FollowUp","Swivel"],"picked":"Wireheading","floor":5.0},{"not_picked":["Evaluate","BattleHymn"],"picked":"CutThroughFate","floor":7.0},{"not_picked":["Establishment","Consecrate"],"picked":"CutThroughFate","floor":10.0},{"not_picked":["Judgement","ClearTheMind","BowlingBash"],"picked":"SKIP","floor":12.0},{"not_picked":["Crescendo","SandsOfTime","FollowUp"],"picked":"SKIP","floor":13.0},{"not_picked":["JustLucky","FlurryOfBlows"],"picked":"EmptyBody","floor":14.0},{"not_picked":["Establishment","Omniscience"],"picked":"Wish","floor":16.0},{"not_picked":["Protect","Evaluate"],"picked":"FollowUp","floor":18.0},{"not_picked":["SandsOfTime","Pray+1"],"picked":"EmptyFist+1","floor":19.0},{"not_picked":["Protect+1","Crescendo+1"],"picked":"CrushJoints+1","floor":22.0},{"not_picked":["ForeignInfluence","LessonLearned"],"picked":"SashWhip","floor":23.0},{"not_picked":["FlyingSleeves+1","Sanctity"],"picked":"FearNoEvil","floor":25.0},{"not_picked":["BowlingBash+1","Vengeance"],"picked":"JustLucky+1","floor":27.0},{"not_picked":["FlyingSleeves+1","Crescendo","Judgement"],"picked":"SKIP","floor":28.0},{"not_picked":["Indignation+1","Prostrate"],"picked":"TalkToTheHand+1","floor":29},{"not_picked":["Brilliance+1","Devotion"],"picked":"Blasphemy","floor":33},{"not_picked":["Study+1","FlyingSleeves+1","Consecrate+1"],"picked":"SKIP","floor":35},{"not_picked":["Worship+1","CrushJoints+1"],"picked":"Wallop+1","floor":37},{"not_picked":["Worship+1","Perseverance","SashWhip+1"],"picked":"SKIP","floor":38},{"not_picked":["CrushJoints+1","ForeignInfluence"],"picked":"Wireheading","floor":39},{"not_picked":["ReachHeaven+1","PathToVictory"],"picked":"Meditate","floor":41},{"not_picked":["EmptyBody+1","SashWhip+1","DevaForm"],"picked":"FlurryOfBlows+1","floor":44},{"not_picked":["ThirdEye","Tantrum+1","Worship"],"picked":"Adaptation+1","floor":46},{"not_picked":["BowlingBash+1","CutThroughFate+1","Meditate+1"],"picked":"FlurryOfBlows+1","floor":47},{"not_picked":["WheelKick+1","Indignation","FlyingSleeves+1"],"picked":"MentalFortress+1","floor":48},{"not_picked":["Halt+1","CrushJoints+1","Vengeance"],"picked":"WaveOfTheHand+1","floor":54}],"player_experience":1224835,"relics_obtained":[{"floor":7.0,"key":"Calipers"},{"floor":9.0,"key":"Pantograph"},{"floor":10.0,"key":"PreservedInsect"},{"floor":12.0,"key":"Ornamental Fan"},{"floor":23.0,"key":"MawBank"},{"floor":26.0,"key":"Molten Egg 2"},{"floor":27.0,"key":"Ancient Tea Set"},{"floor":29,"key":"Blood Vial"},{"floor":41,"key":"Question Card"},{"floor":44,"key":"Sundial"},{"floor":46,"key":"Happy Flower"},{"floor":48,"key":"Mango"},{"floor":54,"key":"Bronze Scales"}],"event_choices":[{"damage_healed":0.0,"max_hp_gain":0.0,"max_hp_loss":0.0,"gold_gain":75.0,"event_name":"World of Goop","player_choice":"Gather Gold","floor":2.0,"gold_loss":0.0,"damage_taken":11.0},{"cards_removed":["Defend_P"],"damage_healed":0.0,"max_hp_gain":0.0,"max_hp_loss":0.0,"gold_gain":0.0,"event_name":"Golden Wing","player_choice":"Card Removal","floor":3.0,"gold_loss":0.0,"damage_taken":7.0},{"damage_healed":0.0,"max_hp_gain":0.0,"max_hp_loss":0.0,"gold_gain":0.0,"cards_transformed":["Strike_P","Strike_P"],"event_name":"Drug Dealer","player_choice":"Became Test Subject","floor":21.0,"gold_loss":0.0,"damage_taken":0.0,"cards_obtained":["Adaptation","Perseverance"]},{"damage_healed":0,"gold_gain":0,"player_choice":"Ignored","damage_taken":0,"max_hp_gain":0,"max_hp_loss":0,"event_name":"Cursed Tome","floor":30,"gold_loss":0},{"damage_healed":0,"gold_gain":0,"player_choice":"Copied","damage_taken":0,"max_hp_gain":0,"max_hp_loss":0,"event_name":"Duplicator","floor":36,"gold_loss":0,"cards_obtained":["TalkToTheHand"]},{"cards_removed":["LessonLearned"],"damage_healed":3,"gold_gain":0,"player_choice":"Offered Rare","damage_taken":0,"max_hp_gain":10,"max_hp_loss":0,"event_name":"Bonfire Elementals","floor":45,"gold_loss":0}],"is_beta":false,"boss_relics":[{"not_picked":["Velvet Choker","Tiny House"],"picked":"SacredBark"},{"not_picked":["Busted Crown","Cursed Key"],"picked":"SlaversCollar"}],"items_purged_floors":[20,53],"is_endless":false,"potions_floor_spawned":[1,4,7,12,16,23,25,27,28,33,35,38,44,46],"ascension_level":1}}