{"host":"t6r1isv2bex5ovch","time":1614355660,"event":{"mods":["AchievementEnabler","Act Like it!","Aspiration","BaseMod","Better Altar","Better Match","Better Note","Better Sensory Stone","Better Skull","Better Third Choice","Better Vampires","Bossed Relics","Colored Powertips","Displayed Cursed Tome","Evolution","Fox Events","Gremlin Skip","Halation","Hallownest","Highlight Path","Hubris","Infinite Spire","Minty Spire (QoL Compilation)","Reliquary","Spire Arcade","StSLib","The Bug Knight","The Jungle"],"gold_per_floor":[211,222,238,0,13,13,32,32,32,45,45,45,45,61,61,61,61],"floor_reached":16,"language":"ENG","playtime":1392,"items_purged":[],"score":122,"play_id":"c49752ed-a4f6-4f4e-bd2c-eb02c92d009c","local_time":"20210227030740","is_ascension_mode":true,"campfire_choices":[{"floor":6,"key":"RECALL"},{"floor":8,"key":"REST"},{"data":"HollowMod:QuickDashStart","floor":12,"key":"SMITH"},{"data":"HollowMod:QuickDashStart","floor":15,"key":"SMITH"}],"circlet_count":0,"master_deck":["HollowMod:NailStrikeStart","HollowMod:NailStrikeStart","HollowMod:NailStrikeStart","HollowMod:QuickDashStart+1","HollowMod:QuickDashStart","HollowMod:QuickDashStart","HollowMod:QuickDashStart+1","HollowMod:FocusHealStart","HollowMod:PogoStrike"],"relics":["HollowMod:VesselMask","EVO:Axolotl","Hallownest:BankAccountRelic","hubris:SlimyHat"],"acts_visited":["Hallownest:Greenpath"],"potions_floor_usage":[7,16,16],"damage_taken":[{"damage":0,"enemies":"Hallownest:2_Baldur","floor":1,"turns":7},{"damage":5,"enemies":"Hallownest:monsterHuskGuard","floor":2,"turns":7},{"damage":0,"enemies":"Hallownest:2_MossCreeps","floor":3,"turns":6},{"damage":21,"enemies":"Hallownest:monsterFoolEater","floor":5,"turns":3},{"damage":17,"enemies":"Hallownest:MossCreep_and_Mosskin","floor":7,"turns":6},{"damage":0,"enemies":"Hallownest:Wandering_and_Horned","floor":10,"turns":6},{"damage":1,"enemies":"Hallownest:monsterAspidMother","floor":14,"turns":10},{"damage":84,"enemies":"Hallownest:BossBrokenVessel","floor":16,"turns":14}],"seed_played":"7008925883468315600","potions_obtained":[{"floor":1,"key":"LiquidBronze"},{"floor":5,"key":"Energy Potion"},{"floor":14,"key":"SpeedPotion"}],"is_trial":false,"path_per_floor":["M","M","M","?","M","R","?","R","T","M","T","R","?","M","R","B"],"character_chosen":"THE_BUGKNIGHT","items_purchased":[],"campfire_rested":1,"item_purchase_floors":[],"current_hp_per_floor":[75,75,75,75,60,60,49,71,71,75,75,75,75,75,75,0,0],"gold":61,"neow_bonus":"HUNDRED_GOLD","is_daily":false,"chose_seed":false,"campfire_upgraded":2,"win_rate":0.0,"timestamp":1614355660,"path_taken":["M","?","M","?","M","R","?","R","T","M","?","R","?","M","R","BOSS"],"items_purchased_type":[],"build_version":"2020-12-22","purchased_purges":0,"victory":false,"max_hp_per_floor":[75,75,75,75,75,75,75,75,75,75,75,75,75,75,75,75,75],"card_choices":[{"not_picked":["HollowMod:SoulVessel","HollowMod:MonomonsArchive","HollowMod:MawleksShell"],"picked":"SKIP","floor":1},{"not_picked":["HollowMod:DescendingDark","HollowMod:WraithStrike","HollowMod:SoulStrike"],"picked":"SKIP","floor":2},{"not_picked":["HollowMod:SoulStrike","HollowMod:QuirrelsAssistance","HollowMod:HuntersJournal"],"picked":"SKIP","floor":3},{"not_picked":["HollowMod:NewGlowingWomb","HollowMod:SoulSplash","HollowMod:CloakDash"],"picked":"SKIP","floor":5},{"not_picked":["HollowMod:InfectedCysts","HollowMod:ShadowDash","HollowMod:SoulSplash"],"picked":"SKIP","floor":7},{"not_picked":["HollowMod:DashSlash","HollowMod:AwokenDreamNail","HollowMod:PerfectDash"],"picked":"SKIP","floor":10},{"not_picked":["HollowMod:HowlingWraiths","HollowMod:CornifersMapStart","HollowMod:DashSlash"],"picked":"SKIP","floor":14}],"player_experience":602562,"relics_obtained":[{"floor":11,"key":"hubris:SlimyHat"}],"event_choices":[],"is_beta":false,"boss_relics":[],"items_purged_floors":[],"is_endless":false,"potions_floor_spawned":[1,5,14],"killed_by":"Hallownest:BossBrokenVessel","ascension_level":6}}