{"host":"5n1fl7z5i1vf7jan","time":1614313149,"event":{"mods":["BaseMod","Minty Spire (QoL Compilation)","Quick Restart","Relic Stats"],"gold_per_floor":[115,131,281,11,11,11,30,56,134,148,148,162,197,208,208,280,280,293,303,228,240,240,273,289,322,373,11,27,45,45,61,61,137,137,148,173,219,219,48,48,74,74,101,119,134,161,178,189,189,189,189,189,189,3,38,38],"floor_reached":57,"language":"ENG","playtime":3157,"items_purged":["Strike_B","Zap+1"],"score":2931,"play_id":"06a99ee1-40be-4550-9842-830377ba73b0","local_time":"20210225201909","is_ascension_mode":true,"campfire_choices":[{"data":"Zap","floor":6.0,"key":"SMITH"},{"data":"Sunder","floor":11.0,"key":"SMITH"},{"data":"Hologram","floor":15.0,"key":"SMITH"},{"floor":32,"key":"REST"},{"floor":40,"key":"REST"},{"floor":42,"key":"RECALL"},{"data":"Seek","floor":49,"key":"SMITH"},{"data":"Dualcast","floor":53,"key":"PURGE"}],"circlet_count":0,"master_deck":["AscendersBane","Ball Lightning","Sweeping Beam","Rip and Tear","Sunder+1","Rebound","Core Surge","Leap","Hologram+1","Glacier","Echo Form","Sunder","Creative AI","Defragment+1","Defragment+1","Biased Cognition+1","Sunder","Static Discharge+1","Seek+1","Biased Cognition+1","Electrodynamics+1","Recycle","Chill","Loop+1","Reinforced Body","Hologram+1","Echo Form+1","Defragment+1"],"relics":["Nuclear Battery","Happy Flower","Spirit Poop","Blood Vial","Question Card","Akabeko","Snecko Eye","Incense Burner","Girya","Toy Ornithopter","Frozen Egg 2","Pandora\u0027s Box","Bird Faced Urn","Peace Pipe","OrangePellets","Bag of Marbles","Dream Catcher","Nunchaku"],"acts_visited":["Exordium","TheCity","TheBeyond","TheEnding"],"potions_floor_usage":[37,56],"damage_taken":[{"damage":0.0,"enemies":"Jaw Worm","floor":1.0,"turns":4.0},{"damage":1.0,"enemies":"Cultist","floor":2.0,"turns":3.0},{"damage":0.0,"enemies":"Small Slimes","floor":7.0,"turns":2.0},{"damage":0.0,"enemies":"Gremlin Nob","floor":8.0,"turns":2.0},{"damage":11.0,"enemies":"Blue Slaver","floor":10.0,"turns":3.0},{"damage":0.0,"enemies":"Large Slime","floor":12.0,"turns":3.0},{"damage":10.0,"enemies":"3 Sentries","floor":13.0,"turns":4.0},{"damage":2.0,"enemies":"Exordium Wildlife","floor":14.0,"turns":2.0},{"damage":21.0,"enemies":"The Guardian","floor":16.0,"turns":11.0},{"damage":0.0,"enemies":"2 Thieves","floor":18.0,"turns":2.0},{"damage":2.0,"enemies":"3 Byrds","floor":19.0,"turns":3.0},{"damage":7.0,"enemies":"Centurion and Healer","floor":21.0,"turns":4.0},{"damage":27.0,"enemies":"Slavers","floor":23.0,"turns":3.0},{"damage":16.0,"enemies":"Shelled Parasite and Fungi","floor":24.0,"turns":4.0},{"damage":3.0,"enemies":"Book of Stabbing","floor":25.0,"turns":3.0},{"damage":0.0,"enemies":"Snecko","floor":28.0,"turns":3.0},{"damage":0,"enemies":"Centurion and Healer","floor":29,"turns":6},{"damage":19,"enemies":"Snake Plant","floor":31,"turns":4},{"damage":9,"enemies":"Champ","floor":33,"turns":10},{"damage":28,"enemies":"3 Shapes","floor":35,"turns":2},{"damage":0,"enemies":"Mind Bloom Boss Battle","floor":36,"turns":6},{"damage":60,"enemies":"2 Orb Walkers","floor":37,"turns":3},{"damage":0,"enemies":"Giant Head","floor":41,"turns":9},{"damage":0,"enemies":"Orb Walker","floor":44,"turns":1},{"damage":14,"enemies":"Writhing Mass","floor":45,"turns":4},{"damage":4,"enemies":"Reptomancer","floor":46,"turns":5},{"damage":15,"enemies":"3 Darklings","floor":47,"turns":5},{"damage":0,"enemies":"Transient","floor":48,"turns":6},{"damage":0,"enemies":"Awakened One","floor":50,"turns":10},{"damage":31,"enemies":"Time Eater","floor":51,"turns":7},{"damage":0,"enemies":"Shield and Spear","floor":55,"turns":6},{"damage":53,"enemies":"The Heart","floor":56,"turns":11}],"seed_played":"7675006120507262083","potions_obtained":[{"floor":1.0,"key":"FearPotion"},{"floor":8.0,"key":"FairyPotion"},{"floor":14.0,"key":"BlessingOfTheForge"},{"floor":18.0,"key":"EntropicBrew"},{"floor":44,"key":"FocusPotion"}],"is_trial":false,"path_per_floor":["M","M","?","$","?","R","M","E","T","M","R","M","E","M","R","B",null,"M","M","$","M","?","E","M","E","T","$","M","M","$","M","R","B",null,"M","?","?","?","$","R","E","R","T","M","M","E","M","M","R","B","B",null,"R","$","E","B",null],"character_chosen":"DEFECT","items_purchased":["Happy Flower","Rip and Tear","Strength Potion","Frozen Egg 2","Defragment+1","OrangePellets","Defragment+1"],"campfire_rested":2,"item_purchase_floors":[4,4,4,27,27,39,54],"current_hp_per_floor":[64,63,63,63,63,63,63,63,63,54,54,56,48,48,48,29,61,63,63,63,58,58,33,19,18,18,18,20,22,22,5,26,19,58,32,34,28,28,28,48,67,67,67,67,67,65,60,67,67,67,56,64,64,64,67,48],"gold":38,"neow_bonus":"BOSS_RELIC","is_daily":false,"chose_seed":false,"campfire_upgraded":4,"win_rate":0.0,"timestamp":1614313149,"path_taken":["M","M","?","$","?","R","M","E","T","M","R","M","E","M","R","BOSS","M","M","$","M","?","E","M","E","T","?","M","M","$","M","R","BOSS","M","?","?","?","$","R","E","R","T","M","?","E","M","M","R","BOSS","BOSS","R","$","E","BOSS"],"items_purchased_type":["Relic","Card","Potion","Relic","Card","Relic","Card"],"build_version":"2020-12-22","purchased_purges":2,"victory":true,"max_hp_per_floor":[71,71,71,71,71,71,71,71,71,71,71,71,71,71,71,71,71,71,71,71,71,71,71,71,71,71,71,71,71,71,71,71,71,71,71,71,71,67,67,67,67,67,67,67,67,67,67,67,67,67,67,67,67,67,67,67],"relic_stats":{"Happy Flower":[48],"counters":[32,151],"Question Card":25,"Blood Vial":44,"Peace Pipe":1,"OrangePellets":[31],"Dream Catcher":0,"Nunchaku":[0],"Bird Faced Urn":[107],"Snecko Eye":[110,98,120,111],"Pandora\u0027s Box":["Sunder","Static Discharge","Seek","Biased Cognition","Electrodynamics","Recycle","Chill"],"obtain_stats":[{"Girya":25,"Happy Flower":4,"Spirit Poop":5,"Incense Burner":23,"Frozen Egg 2":27,"Question Card":9,"Akabeko":13,"Nuclear Battery":0,"Blood Vial":8,"Peace Pipe":37,"OrangePellets":39,"Dream Catcher":46,"Nunchaku":55,"Bird Faced Urn":36,"Snecko Eye":17,"Pandora\u0027s Box":34,"Bag of Marbles":41,"Cracked Core":0,"Toy Ornithopter":26},{"Girya":15,"Happy Flower":2,"Spirit Poop":2,"Incense Burner":13,"Frozen Egg 2":15,"Question Card":4,"Akabeko":7,"Nuclear Battery":0,"Blood Vial":4,"Peace Pipe":22,"OrangePellets":22,"Dream Catcher":26,"Nunchaku":31,"Bird Faced Urn":21,"Snecko Eye":9,"Pandora\u0027s Box":19,"Bag of Marbles":23,"Cracked Core":0,"Toy Ornithopter":15},{"Girya":53,"Happy Flower":7,"Spirit Poop":7,"Incense Burner":46,"Frozen Egg 2":53,"Question Card":11,"Akabeko":21,"Nuclear Battery":0,"Blood Vial":11,"Peace Pipe":87,"OrangePellets":87,"Dream Catcher":106,"Nunchaku":140,"Bird Faced Urn":84,"Snecko Eye":34,"Pandora\u0027s Box":76,"Bag of Marbles":96,"Cracked Core":0,"Toy Ornithopter":53}],"Toy Ornithopter":7},"card_choices":[{"not_picked":["Skim","Conserve Battery"],"picked":"Ball Lightning","floor":1.0},{"not_picked":["Scrape","FTL"],"picked":"Sweeping Beam","floor":2.0},{"not_picked":["Aggregate","Cold Snap"],"picked":"Sunder","floor":7.0},{"not_picked":["Ball Lightning","Steam"],"picked":"Rebound","floor":8.0},{"not_picked":["Static Discharge","Blizzard","Streamline"],"picked":"Core Surge","floor":10.0},{"not_picked":["Streamline","Hologram","Barrage"],"picked":"Leap","floor":12.0},{"not_picked":["Recycle","Turbo","Consume"],"picked":"Hologram","floor":13.0},{"not_picked":["Barrage","Cold Snap","Redo"],"picked":"Glacier","floor":14.0},{"not_picked":["Seek","Multi-Cast","Core Surge"],"picked":"Echo Form","floor":16.0},{"not_picked":["Beam Cell","Lockon","Ball Lightning","Gash+1"],"picked":"SKIP","floor":18.0},{"not_picked":["Rainbow","Hologram","Darkness"],"picked":"Sunder","floor":19.0},{"not_picked":["Stack","Melter","Rip and Tear","Sweeping Beam"],"picked":"SKIP","floor":21.0},{"not_picked":["Beam Cell","FTL","Sweeping Beam","Rebound"],"picked":"SKIP","floor":23.0},{"not_picked":["Sweeping Beam","Streamline","Hello World","Go for the Eyes"],"picked":"SKIP","floor":24.0},{"not_picked":["Chill","Self Repair","Reprogram"],"picked":"Creative AI","floor":25.0},{"not_picked":["Stack","Leap","Rip and Tear"],"picked":"Defragment+1","floor":28.0},{"not_picked":["Redo","Streamline","Sweeping Beam","Turbo"],"picked":"SKIP","floor":29},{"not_picked":["Ball Lightning","Storm+1","Coolheaded","Cold Snap"],"picked":"SKIP","floor":31},{"not_picked":["Seek","Electrodynamics+1","Amplify"],"picked":"Biased Cognition+1","floor":33},{"not_picked":["Redo","Steam","BootSequence","Genetic Algorithm"],"picked":"SKIP","floor":35},{"not_picked":["Rebound+1","Static Discharge+1","Doom and Gloom"],"picked":"Loop+1","floor":36},{"not_picked":["Leap+1","Aggregate","Coolheaded"],"picked":"Reinforced Body","floor":37},{"not_picked":["Genetic Algorithm+1","Barrage","Defragment+1"],"picked":"Hologram+1","floor":41},{"not_picked":["Redo","Aggregate","Go for the Eyes","Barrage+1"],"picked":"SKIP","floor":44},{"not_picked":["Stack","Sunder","Auto Shields","Cold Snap"],"picked":"SKIP","floor":45},{"not_picked":["Steam Power","Redo+1","Compile Driver"],"picked":"Echo Form+1","floor":46},{"not_picked":["Ball Lightning","Stack","Redo","Hologram"],"picked":"SKIP","floor":47},{"not_picked":["Go for the Eyes","Compile Driver+1","Hello World+1","Conserve Battery"],"picked":"SKIP","floor":48},{"not_picked":["Genetic Algorithm","Cold Snap","Go for the Eyes","Rebound+1"],"picked":"SKIP","floor":55}],"player_experience":430720,"relics_obtained":[{"floor":8.0,"key":"Blood Vial"},{"floor":9.0,"key":"Question Card"},{"floor":13.0,"key":"Akabeko"},{"floor":23.0,"key":"Incense Burner"},{"floor":25.0,"key":"Girya"},{"floor":26.0,"key":"Toy Ornithopter"},{"floor":36,"key":"Bird Faced Urn"},{"floor":37,"key":"Peace Pipe"},{"floor":41,"key":"Bag of Marbles"},{"floor":46,"key":"Dream Catcher"},{"floor":55,"key":"Nunchaku"}],"event_choices":[{"damage_healed":0.0,"max_hp_gain":0.0,"max_hp_loss":0.0,"gold_gain":150.0,"event_name":"Liars Game","player_choice":"AGREE","floor":3.0,"gold_loss":0.0,"damage_taken":0.0,"cards_obtained":["Doubt"]},{"cards_removed":["Doubt"],"damage_healed":0.0,"max_hp_gain":0.0,"max_hp_loss":0.0,"gold_gain":0.0,"event_name":"Bonfire Elementals","player_choice":"Offered Curse","floor":5.0,"gold_loss":0.0,"damage_taken":0.0,"relics_obtained":["Spirit Poop"]},{"damage_healed":0.0,"max_hp_gain":0.0,"max_hp_loss":0.0,"gold_gain":0.0,"event_name":"Lab","player_choice":"Got Potions","floor":22.0,"gold_loss":0.0,"damage_taken":0.0},{"damage_healed":0,"gold_gain":0,"player_choice":"Fight","damage_taken":0,"max_hp_gain":0,"max_hp_loss":0,"event_name":"MindBloom","floor":36,"gold_loss":0},{"damage_healed":0,"gold_gain":0,"player_choice":"Fight","damage_taken":0,"max_hp_gain":0,"max_hp_loss":0,"event_name":"Mysterious Sphere","floor":37,"gold_loss":0},{"damage_healed":0,"gold_gain":0,"player_choice":"Max HP","damage_taken":0,"max_hp_gain":0,"max_hp_loss":4,"event_name":"Winding Halls","floor":38,"gold_loss":0}],"is_beta":false,"boss_relics":[{"not_picked":["Empty Cage","Inserter"],"picked":"Snecko Eye"},{"not_picked":["Calling Bell","Runic Pyramid"],"picked":"Pandora\u0027s Box"}],"items_purged_floors":[20,54],"is_endless":false,"potions_floor_spawned":[1,7,8,14,18,19,23,28,31,36,37,44,46,55],"ascension_level":20}}