{"host":"jh7kh5nqtgzr3auj","time":1614326404,"event":{"mods":["AchievementEnabler","BaseMod","Colored Powertips","Highlight Path","Library of Ruina","Minty Spire (QoL Compilation)","Quick Restart","Relic Stats","StSLib","TestMod"],"gold_per_floor":[117,117,117,517,528,558,558,587,612,36,68,68,78,89,89,186,186,201,211,225,140,140,172,183,35,58,85,99,99,99,118,118,218,218,237,248,259,259,277,309,309,338,363,376,228,228,243,243,243,243],"floor_reached":51,"language":"ZHS","playtime":2717,"items_purged":["LightAttack","LightAttack"],"score":1121,"play_id":"55877934-2fed-4ed5-aba0-adfbb0b3ee24","local_time":"20210226160004","is_ascension_mode":true,"campfire_choices":[{"data":"ChargeAndCover","floor":7.0,"key":"SMITH"},{"data":"FrontalAssault","floor":15.0,"key":"SMITH"},{"data":"White Noise","floor":30.0,"key":"SMITH"},{"data":"UnforgettableMelody","floor":32.0,"key":"SMITH"},{"data":"Faith","floor":41.0,"key":"SMITH"},{"data":"ToOvercomeCrisis","floor":46.0,"key":"SMITH"},{"data":"FervidEmotions","floor":49,"key":"SMITH"}],"circlet_count":0,"master_deck":["Dodge+1","LightDefense","LightAttack","LightDefense","LightDefense+1","LightDefense","FocusedStrikes","SinglePointStab","Thirst","Parry2","ClassAndRespect","SinglePointStab","FrontalAssault+1","SilentMist","UnforgettableMelody+1","CurseOfTheBell","SnakesPrey","White Noise+1","FervidEmotions+1","IronWall","Faith+1","AlloutWar+1","TieShanKao","SunsetBlade+1","Parry2+1","ReadyUp","FleetEdge","ToOvercomeCrisis+1","Parry2","Reload"],"relics":["PageOfLibrarian","testmod-CasingShield","War Paint","PageOfTodaysShyLook","testmod-IndustrialRevolution","PageOfDeadButterflies","Nunchaku","Vajra","Mercury Hourglass","Calling Bell","testmod-TurbochargingSystem","testmod-HeartOfDaVinci","PageOfLaetitia","Emotion Chip","Blue Candle","Lee\u0027s Waffle","Happy Flower","Bag of Preparation","testmod-CardMagician","PageOfAlriune","Anchor","PageOfPorccubus"],"acts_visited":["Exordium","TheCity","TheBeyond"],"potions_floor_usage":[50,50],"damage_taken":[{"damage":0.0,"enemies":"2 Louse","floor":1.0,"turns":4.0},{"damage":2.0,"enemies":"Jaw Worm","floor":5.0,"turns":3.0},{"damage":0.0,"enemies":"3 Sentries","floor":6.0,"turns":7.0},{"damage":6.0,"enemies":"Lagavulin","floor":8.0,"turns":7.0},{"damage":16.0,"enemies":"Gremlin Nob","floor":11.0,"turns":3.0},{"damage":0.0,"enemies":"Cultist","floor":13.0,"turns":2.0},{"damage":0.0,"enemies":"Exordium Wildlife","floor":14.0,"turns":2.0},{"damage":0.0,"enemies":"Hexaghost","floor":16.0,"turns":6.0},{"damage":0.0,"enemies":"Chosen","floor":18.0,"turns":3.0},{"damage":6.0,"enemies":"Shell Parasite","floor":19.0,"turns":2.0},{"damage":0.0,"enemies":"Chosen and Byrds","floor":20.0,"turns":4.0},{"damage":33.0,"enemies":"Book of Stabbing","floor":23.0,"turns":4.0},{"damage":3.0,"enemies":"Shelled Parasite and Fungi","floor":24.0,"turns":4.0},{"damage":20.0,"enemies":"Gremlin Leader","floor":27.0,"turns":5.0},{"damage":1.0,"enemies":"Snake Plant","floor":28.0,"turns":2.0},{"damage":4.0,"enemies":"Snecko","floor":31.0,"turns":3.0},{"damage":2.0,"enemies":"Champ","floor":33.0,"turns":9.0},{"damage":0.0,"enemies":"3 Shapes","floor":35.0,"turns":3.0},{"damage":1.0,"enemies":"3 Darklings","floor":36.0,"turns":5.0},{"damage":0.0,"enemies":"Writhing Mass","floor":37.0,"turns":3.0},{"damage":1.0,"enemies":"Transient","floor":39.0,"turns":5.0},{"damage":1.0,"enemies":"Nemesis","floor":40.0,"turns":3.0},{"damage":15.0,"enemies":"Reptomancer","floor":42.0,"turns":5.0},{"damage":1.0,"enemies":"Sphere and 2 Shapes","floor":44.0,"turns":3.0},{"damage":1.0,"enemies":"3 Darklings","floor":47.0,"turns":4.0},{"damage":6,"enemies":"Time Eater","floor":50,"turns":6}],"seed_played":"-1882125080879579109","potions_obtained":[{"floor":5.0,"key":"Fruit Juice"},{"floor":6.0,"key":"Fire Potion"},{"floor":13.0,"key":"Explosive Potion"},{"floor":20.0,"key":"Fire Potion"},{"floor":24.0,"key":"AttackPotion"},{"floor":27.0,"key":"SteroidPotion"},{"floor":28.0,"key":"PowerPotion"},{"floor":29.0,"key":"testmod-TimePotion"},{"floor":42.0,"key":"AttackPotion"}],"is_trial":false,"path_per_floor":["M","?","?","?","M","E","R","E","T","$","E","T","M","M","R","B",null,"M","M","M","?","?","E","M","$","T","E","M","?","R","M","R","B",null,"M","M","M","?","M","E","R","E","T","M","$","R","M","?","R","B",null],"character_chosen":"Librarian","items_purchased":["PageOfDeadButterflies","SinglePointStab","Nunchaku","Lee\u0027s Waffle","Parry2"],"campfire_rested":0,"item_purchase_floors":[10,10,10,25,45],"current_hp_per_floor":[60,60,65,65,68,68,68,62,62,62,46,46,46,46,46,46,89,89,83,83,83,83,50,47,110,110,90,89,89,89,85,85,86,104,104,103,103,103,102,101,101,86,86,85,85,85,84,84,84,80],"gold":243,"neow_bonus":"THREE_CARDS","is_daily":false,"chose_seed":false,"campfire_upgraded":7,"win_rate":0.0,"timestamp":1614326404,"path_taken":["M","?","?","?","M","E","R","E","T","?","E","?","M","M","R","BOSS","M","M","M","?","?","E","?","?","T","E","M","?","R","M","R","BOSS","M","?","M","?","M","E","R","E","T","M","$","R","M","?","R","BOSS"],"items_purchased_type":["Relic","Card","Relic","Relic","Card"],"build_version":"2020-12-22","purchased_purges":2,"victory":true,"max_hp_per_floor":[93,93,98,98,103,103,103,103,103,103,103,103,103,103,103,103,103,103,103,103,103,103,103,103,110,110,110,110,110,110,110,110,110,110,110,110,110,110,110,110,110,110,110,110,110,110,110,110,110,110],"relic_stats":{"Nunchaku":[20],"Emotion Chip":[0,0,0,0,0],"Lee\u0027s Waffle":63,"Happy Flower":[18],"counters":[26,105],"Blue Candle":[8],"Bag of Preparation":[24],"War Paint":["LightDefense","Dodge"],"obtain_stats":[{"Lee\u0027s Waffle":25,"testmod-TestBox":0,"Happy Flower":26,"Blue Candle":23,"Vajra":11,"testmod-CardMagician":34,"PageOfAlriune":40,"Bag of Preparation":27,"testmod-TurbochargingSystem":17,"War Paint":6,"testmod-IndustrialRevolution":9,"testmod-CasingShield":0,"Mercury Hourglass":12,"PageOfLibrarian":0,"Calling Bell":17,"PageOfDeadButterflies":10,"Nunchaku":10,"Emotion Chip":21,"Anchor":42,"PageOfLaetitia":17,"PageOfPorccubus":43,"PageOfTodaysShyLook":8,"testmod-HeartOfDaVinci":17},{"Lee\u0027s Waffle":13,"testmod-TestBox":0,"Happy Flower":13,"Blue Candle":12,"Vajra":5,"testmod-CardMagician":17,"PageOfAlriune":22,"Bag of Preparation":14,"testmod-TurbochargingSystem":8,"War Paint":3,"testmod-IndustrialRevolution":4,"testmod-CasingShield":0,"Mercury Hourglass":5,"PageOfLibrarian":0,"Calling Bell":8,"PageOfDeadButterflies":4,"Nunchaku":4,"Emotion Chip":11,"Anchor":23,"PageOfLaetitia":8,"PageOfPorccubus":23,"PageOfTodaysShyLook":4,"testmod-HeartOfDaVinci":8},{"Lee\u0027s Waffle":50,"testmod-TestBox":0,"Happy Flower":50,"Blue Candle":47,"Vajra":24,"testmod-CardMagician":69,"PageOfAlriune":88,"Bag of Preparation":55,"testmod-TurbochargingSystem":34,"War Paint":14,"testmod-IndustrialRevolution":21,"testmod-CasingShield":0,"Mercury Hourglass":24,"PageOfLibrarian":0,"Calling Bell":34,"PageOfDeadButterflies":21,"Nunchaku":21,"Emotion Chip":43,"Anchor":93,"PageOfLaetitia":34,"PageOfPorccubus":93,"PageOfTodaysShyLook":21,"testmod-HeartOfDaVinci":34}],"Mercury Hourglass":[317]},"card_choices":[{"not_picked":["FocusFire","EndlessBattle"],"picked":"SinglePointStab","floor":0.0},{"not_picked":["SummaryJudgment","SturdyDefense"],"picked":"Thirst","floor":1.0},{"not_picked":["DesperateStruggle","SuppressingShot"],"picked":"Parry2","floor":5.0},{"not_picked":["TrimTheIngredients","Parry2"],"picked":"ClassAndRespect","floor":6.0},{"not_picked":["IngredientHunt","FlashingStrike","EndlessBattle"],"picked":"SKIP","floor":8.0},{"not_picked":["RushDown","SenseQuarry"],"picked":"FrontalAssault","floor":11.0},{"not_picked":["DarkCloud","FleetEdge","ViolentFlame"],"picked":"SKIP","floor":13.0},{"not_picked":["FocusFire","WillOfThePrescript"],"picked":"SilentMist","floor":14.0},{"not_picked":["ChargeUp","Punishment"],"picked":"UnforgettableMelody","floor":16.0},{"not_picked":["SuppressingShot+1","EnergyConversion","Execute_lor"],"picked":"SKIP","floor":18.0},{"not_picked":["SuppressingShot+1","EnergyConversion","Execute_lor"],"picked":"SKIP","floor":18.0},{"not_picked":["FocusFire+1","EnergyConversion"],"picked":"SnakesPrey","floor":19.0},{"not_picked":["EnergyShield","FlamingDragonFist","HighKick+1"],"picked":"SKIP","floor":20.0},{"not_picked":["Thirst","Faith+1"],"picked":"FervidEmotions","floor":23.0},{"not_picked":["FlashingStrike","EnergyShield","DesperateStruggle"],"picked":"SKIP","floor":24.0},{"not_picked":["SnakesPrey","UncannyStrike"],"picked":"IronWall","floor":27.0},{"not_picked":["DesperateStruggle+1","SunsetBlade"],"picked":"Faith","floor":28.0},{"not_picked":["GuardingStance","TrimTheIngredients"],"picked":"AlloutWar+1","floor":31.0},{"not_picked":["ChargeUp","SenseQuarry"],"picked":"TieShanKao","floor":33.0},{"not_picked":["AGoldenOpportunity","GaleKick+1"],"picked":"SunsetBlade+1","floor":35.0},{"not_picked":["HighKick","DesperateStruggle"],"picked":"Parry2+1","floor":36.0},{"not_picked":["HighKick","SilentMist","WillOfThePrescript"],"picked":"SKIP","floor":37.0},{"not_picked":["TieShanKao","SunsetBlade"],"picked":"ReadyUp","floor":39.0},{"not_picked":["BoundaryOfDeath","BurningFlash","AlloutWar+1"],"picked":"SKIP","floor":40.0},{"not_picked":["Reload","UnforgettableMelody"],"picked":"FleetEdge","floor":42.0},{"not_picked":["UncannyStrike+1","DesperateStruggle+1"],"picked":"ToOvercomeCrisis","floor":44.0},{"not_picked":["EndlessBattle+1","ShockRound+1","AlloutWar"],"picked":"SKIP","floor":47.0}],"player_experience":300806,"relics_obtained":[{"floor":6.0,"key":"War Paint"},{"floor":8.0,"key":"PageOfTodaysShyLook"},{"floor":9.0,"key":"testmod-IndustrialRevolution"},{"floor":11.0,"key":"Vajra"},{"floor":12.0,"key":"Mercury Hourglass"},{"floor":17.0,"key":"testmod-TurbochargingSystem"},{"floor":17.0,"key":"testmod-HeartOfDaVinci"},{"floor":17.0,"key":"PageOfLaetitia"},{"floor":23.0,"key":"Blue Candle"},{"floor":26.0,"key":"Happy Flower"},{"floor":27.0,"key":"Bag of Preparation"},{"floor":40.0,"key":"PageOfAlriune"},{"floor":42.0,"key":"Anchor"},{"floor":43.0,"key":"PageOfPorccubus"}],"event_choices":[{"damage_healed":0.0,"max_hp_gain":0.0,"max_hp_loss":0.0,"gold_gain":0.0,"event_name":"Liars Game","player_choice":"Ignored","floor":2.0,"gold_loss":0.0,"damage_taken":0.0},{"damage_healed":0.0,"max_hp_gain":5.0,"max_hp_loss":0.0,"gold_gain":0.0,"event_name":"Big Fish","player_choice":"Donut","floor":3.0,"gold_loss":0.0,"damage_taken":0.0},{"damage_healed":0.0,"max_hp_gain":0.0,"max_hp_loss":0.0,"gold_gain":400.0,"event_name":"¶÷ÂåË¹µÄÅÌ×Ó","player_choice":"Sell","floor":4.0,"relics_lost":["testmod-TestBox"],"gold_loss":0.0,"damage_taken":0.0},{"damage_healed":0.0,"max_hp_gain":0.0,"max_hp_loss":0.0,"gold_gain":0.0,"event_name":"Addict","player_choice":"Obtained Relic","floor":21.0,"gold_loss":85.0,"damage_taken":0.0,"relics_obtained":["Emotion Chip"]},{"damage_healed":0.0,"max_hp_gain":0.0,"max_hp_loss":0.0,"gold_gain":0.0,"event_name":"Ghosts","player_choice":"Ignored","floor":22.0,"gold_loss":0.0,"damage_taken":0.0},{"damage_healed":0.0,"max_hp_gain":0.0,"max_hp_loss":0.0,"gold_gain":0.0,"event_name":"Lab","player_choice":"Got Potions","floor":29.0,"gold_loss":0.0,"damage_taken":0.0},{"cards_removed":["ChargeAndCover"],"damage_healed":0.0,"max_hp_gain":0.0,"max_hp_loss":0.0,"gold_gain":0.0,"event_name":"Falling","player_choice":"Removed Attack","floor":38.0,"gold_loss":0.0,"damage_taken":0.0},{"damage_healed":0,"gold_gain":0,"player_choice":"1 cards matched","damage_taken":0,"max_hp_gain":0,"max_hp_loss":0,"event_name":"Match and Keep!","floor":48,"gold_loss":0,"cards_obtained":["Reload"]}],"is_beta":false,"boss_relics":[{"not_picked":["testmod-PortableAltar","Runic Dome"],"picked":"Calling Bell"},{"not_picked":["testmod-EnergyCheck","testmod-StringDisintegrator"],"picked":"testmod-CardMagician"}],"items_purged_floors":[10,45],"is_endless":false,"potions_floor_spawned":[5,6,13,20,24,27,28,31,36,40,42],"ascension_level":5}}