{"host":"pjjzz70vl4t83ifx","time":1614381795,"event":{"mods":["AchievementEnabler","BaseMod","Card Forge","Colored Map","Colored Powertips","Downfall","Highlight Path","Infinite Spire","Minty Spire (QoL Compilation)","Permanent Neow","Practice Mode","Rare Cards Sparkle","Relic Stats","StSLib","Synergy Search"],"gold_per_floor":[99,118,133,149,161,186,223,266,278,7,26,26,37,48,59,164,164,164,164],"floor_reached":17,"language":"ENG","playtime":1251,"items_purged":[],"score":221,"play_id":"79687bb6-4705-4ad2-98a6-c416d9b79352","local_time":"20210226152315","is_ascension_mode":false,"campfire_choices":[{"data":"Guardian:TwinSlam","floor":1,"key":"SMITH"},{"data":"Guardian:CurlUp","floor":9,"key":"SMITH"},{"data":"Guardian:Suspension","floor":12,"key":"SMITH"}],"circlet_count":0,"master_deck":["Guardian:Strike_Guardian","Guardian:Strike_Guardian","Guardian:Strike_Guardian","Guardian:Strike_Guardian","Guardian:Defend_Guardian","Guardian:Defend_Guardian","Guardian:Defend_Guardian","Guardian:Defend_Guardian","Guardian:CurlUp+1","Guardian:TwinSlam+1","Guardian:Incinerate","Guardian:ArmoredProtocol","Guardian:SpikerProtocol","Guardian:TimeCapacitor","Guardian:Recover","Guardian:Suspension+1","Guardian:PrimingBeam+1","Guardian:SentryBeam+1","Guardian:DecasProtection","Guardian:StasisField"],"relics":["Guardian:ModeShifter","Hammer of Thor","Seething Fire","Anvil of the Gods","Orichalcum","MawBank","infinitespire:PuzzleCube","Omamori","Molten Egg 2","Runic Dome"],"acts_visited":["Exordium","TheCity"],"potions_floor_usage":[6,6,16,16],"damage_taken":[{"damage":7,"enemies":"infinitespire:Voidling","floor":2,"turns":5},{"damage":0,"enemies":"Small Slimes","floor":3,"turns":4},{"damage":0,"enemies":"Cultist","floor":4,"turns":3},{"damage":11,"enemies":"Exordium Thugs","floor":5,"turns":5},{"damage":16,"enemies":"Gremlin Nob","floor":6,"turns":5},{"damage":17,"enemies":"3 Sentries","floor":8,"turns":11},{"damage":0,"enemies":"downfall:FleeingMerchant","floor":10,"turns":4},{"damage":6,"enemies":"Blue Slaver","floor":11,"turns":5},{"damage":2,"enemies":"downfall:LooterAlt","floor":13,"turns":3},{"damage":0,"enemies":"2 Fungi Beasts","floor":14,"turns":2},{"damage":0,"enemies":"Red Slaver","floor":15,"turns":3},{"damage":0,"enemies":"WA_ARCHETYPE_RETAIN","floor":16,"turns":8}],"seed_played":"-3930192669429978111","potions_obtained":[{"floor":2,"key":"Guardian:BlockOnCardUsePotion"},{"floor":3,"key":"CultistPotion"},{"floor":5,"key":"PowerPotion"},{"floor":15,"key":"Ancient Potion"}],"is_trial":false,"path_per_floor":["R","M","M","M","M","E","T","E","R","$","M","R","M","M","M","B",null],"character_chosen":"GUARDIAN","items_purchased":["Molten Egg 2","Guardian:Recover"],"campfire_rested":0,"item_purchase_floors":[10,10],"current_hp_per_floor":[80,80,80,80,69,53,53,36,36,36,30,30,28,28,28,28,80,80,80],"gold":164,"neow_bonus":"RANDOM_COMMON_RELIC","is_daily":false,"chose_seed":false,"campfire_upgraded":3,"win_rate":0.0,"timestamp":1614381795,"path_taken":["R","M","?","M","M","E","T","E","R","$","M","R","M","M","M","BOSS"],"items_purchased_type":["Relic","Card"],"build_version":"2020-12-22","purchased_purges":0,"victory":false,"max_hp_per_floor":[80,80,80,80,80,80,80,80,80,80,80,80,80,80,80,80,80,80,80],"relic_stats":{"counters":[12,58],"Orichalcum":[54],"MawBank":48,"obtain_stats":[{"Runic Dome":17,"Anvil of the Gods":0,"Guardian:ModeShifter":0,"Molten Egg 2":10,"Hammer of Thor":0,"Omamori":8,"Seething Fire":0,"Orichalcum":0,"MawBank":6,"infinitespire:PuzzleCube":7},{"Runic Dome":12,"Anvil of the Gods":0,"Guardian:ModeShifter":0,"Molten Egg 2":7,"Hammer of Thor":0,"Omamori":6,"Seething Fire":0,"Orichalcum":0,"MawBank":5,"infinitespire:PuzzleCube":5},{"Runic Dome":58,"Anvil of the Gods":0,"Guardian:ModeShifter":0,"Molten Egg 2":37,"Hammer of Thor":0,"Omamori":33,"Seething Fire":0,"Orichalcum":0,"MawBank":22,"infinitespire:PuzzleCube":22}]},"card_choices":[{"not_picked":["Guardian:Gem_Cyan","Guardian:CrystalBeam"],"picked":"Guardian:Gem_Lightblue","floor":2},{"not_picked":["Guardian:TemporalStrike","Guardian:PrismaticBeam"],"picked":"Guardian:Gem_Orange","floor":3},{"not_picked":["Guardian:Gem_Lightblue","Guardian:Gem_Crimson"],"picked":"Guardian:Incinerate","floor":4},{"not_picked":["Guardian:RefractedBeam","Guardian:ShieldSpikes"],"picked":"Guardian:Gem_Cyan","floor":5},{"not_picked":["Guardian:Gem_Yellow","Guardian:Suspension"],"picked":"Guardian:ArmoredProtocol","floor":6},{"not_picked":["Guardian:Planning","Guardian:BodySlam"],"picked":"Guardian:SpikerProtocol","floor":8},{"not_picked":["Guardian:Gem_Blue","Guardian:RefractedBeam"],"picked":"Guardian:TimeCapacitor","floor":10},{"not_picked":["Guardian:Gem_Purple","Guardian:Gem_Green"],"picked":"Guardian:Suspension","floor":11},{"not_picked":["Guardian:PiercingHide","Guardian:Gem_Red"],"picked":"Guardian:PrimingBeam+1","floor":13},{"not_picked":["Guardian:Harden","Guardian:VentSteam"],"picked":"Guardian:SentryBeam+1","floor":14},{"not_picked":["Guardian:RefractedBeam+1","Guardian:Suspension"],"picked":"Guardian:DecasProtection","floor":15},{"not_picked":["Guardian:Gem_Synthetic","Guardian:TimeSifter"],"picked":"Guardian:StasisField","floor":16}],"player_experience":273137,"relics_obtained":[{"floor":6,"key":"MawBank"},{"floor":7,"key":"infinitespire:PuzzleCube"},{"floor":8,"key":"Omamori"}],"event_choices":[],"is_beta":false,"boss_relics":[{"not_picked":["SacredBark","Velvet Choker"],"picked":"Runic Dome"}],"items_purged_floors":[],"is_endless":false,"potions_floor_spawned":[2,3,5,15],"ascension_level":0}}