{"host":"BK","time":1614366995,"event":{"mods":["BaseMod","Highlight Path","Minty Spire (QoL Compilation)","StSLib"],"gold_per_floor":[111,127,49,49,67,67,97,117,117,117,117],"floor_reached":10,"language":"ENG","playtime":303,"items_purged":[],"score":136,"play_id":"e4ec95b2-4b9a-48d8-9441-e23a4a30746c","local_time":"20210226121635","is_ascension_mode":true,"campfire_choices":[{"floor":6,"key":"REST"}],"circlet_count":0,"master_deck":["AscendersBane","Strike_G","Strike_G","Strike_G","Strike_G","Strike_G","Defend_G","Defend_G","Defend_G","Defend_G","Defend_G","Survivor","Neutralize","Riddle With Holes","All Out Attack+1","Noxious Fumes"],"relics":["SlaversCollar","InkBottle","Tingsha"],"acts_visited":["Exordium"],"potions_floor_usage":[7,10],"damage_taken":[{"damage":17,"enemies":"Jaw Worm","floor":1,"turns":7},{"damage":8,"enemies":"Small Slimes","floor":2,"turns":5},{"damage":0,"enemies":"2 Louse","floor":5,"turns":2},{"damage":15,"enemies":"Lagavulin","floor":7,"turns":5},{"damage":34,"enemies":"Exordium Thugs","floor":8,"turns":5},{"damage":22,"enemies":"Gremlin Nob","floor":10,"turns":3}],"seed_played":"-7849714558250240222","potions_obtained":[{"floor":1,"key":"SteroidPotion"},{"floor":2,"key":"Regen Potion"},{"floor":7,"key":"LiquidBronze"}],"is_trial":false,"path_per_floor":["M","M","$","?","M","R","E","M","T","E"],"character_chosen":"THE_SILENT","items_purchased":["All Out Attack"],"campfire_rested":1,"item_purchase_floors":[3],"current_hp_per_floor":[42,34,34,34,34,53,38,4,4,0,0],"gold":117,"neow_bonus":"BOSS_RELIC","is_daily":false,"chose_seed":false,"campfire_upgraded":0,"win_rate":0.0,"timestamp":1614366995,"path_taken":["M","M","$","?","M","R","E","M","T","E"],"items_purchased_type":["Card"],"build_version":"2020-12-18","purchased_purges":0,"victory":false,"max_hp_per_floor":[66,66,66,66,66,66,66,66,66,66,66],"card_choices":[{"not_picked":["Caltrops","Slice","Reflex"],"picked":"SKIP","floor":1},{"not_picked":["Leg Sweep","Expertise"],"picked":"Riddle With Holes","floor":2},{"not_picked":["Calculated Gamble","Outmaneuver"],"picked":"Noxious Fumes","floor":5},{"not_picked":["Deflect","Finisher","Quick Slash"],"picked":"SKIP","floor":7},{"not_picked":["Heel Hook","Tactician","Well Laid Plans"],"picked":"SKIP","floor":8}],"player_experience":2624536,"relics_obtained":[{"floor":7,"key":"InkBottle"},{"floor":9,"key":"Tingsha"}],"event_choices":[{"damage_healed":0,"gold_gain":0,"player_choice":"Grow","damage_taken":0,"max_hp_gain":0,"max_hp_loss":0,"event_name":"Living Wall","floor":4,"gold_loss":0,"cards_upgraded":["All Out Attack"]}],"is_beta":true,"boss_relics":[],"items_purged_floors":[],"is_endless":false,"potions_floor_spawned":[1,2,7],"killed_by":"Gremlin Nob","ascension_level":20}}