{"host":"fuszjwm6fqgjjp4d","time":1614313355,"event":{"mods":["BaseMod","Colored Map","Minty Spire (QoL Compilation)","Permanent Neow","Relic Sorter","Relic Stats","StSLib"],"gold_per_floor":[117,137,156,231,231,259,259,288,343,360,360,376,376,389,389,468,468,481,492,510,20,20,55,55,80,80,80,94,113,131,131,131],"floor_reached":31,"language":"ENG","playtime":1235,"items_purged":[],"score":578,"play_id":"5400a72f-417e-4ab8-be1d-0bebcc838a7c","local_time":"20210225222234","is_ascension_mode":true,"campfire_choices":[{"data":"LessonLearned","floor":7.0,"key":"SMITH"},{"floor":11.0,"key":"REST"},{"data":"TalkToTheHand","floor":13.0,"key":"SMITH"},{"floor":15.0,"key":"REST"},{"data":"Establishment","floor":24,"key":"SMITH"},{"floor":27,"key":"REST"}],"circlet_count":0,"master_deck":["AscendersBane","Strike_P+1","Strike_P+1","Strike_P+1","Defend_P+1","Defend_P","Defend_P+1","Defend_P","Eruption+1","Vigilance+1","LessonLearned+1","Evaluate","Adaptation","EmptyBody","ClearTheMind+1","WindmillStrike","SandsOfTime+1","TalkToTheHand+1","Protect","Establishment+1","CutThroughFate","Vault","TalkToTheHand","WheelKick"],"relics":["PureWater","Letter Opener","Bag of Marbles","Nunchaku","Snecko Eye","TungstenRod","Orrery","Strawberry","Art of War","Bottled Tornado"],"acts_visited":["Exordium","TheCity"],"potions_floor_usage":[19,25,30,30,31],"damage_taken":[{"damage":0.0,"enemies":"Cultist","floor":1.0,"turns":3.0},{"damage":6.0,"enemies":"2 Louse","floor":2.0,"turns":4.0},{"damage":3.0,"enemies":"Small Slimes","floor":3.0,"turns":4.0},{"damage":16.0,"enemies":"Lagavulin","floor":6.0,"turns":7.0},{"damage":24.0,"enemies":"Gremlin Nob","floor":8.0,"turns":4.0},{"damage":0.0,"enemies":"3 Louse","floor":10.0,"turns":3.0},{"damage":0.0,"enemies":"2 Fungi Beasts","floor":12.0,"turns":4.0},{"damage":0.0,"enemies":"Large Slime","floor":14.0,"turns":6.0},{"damage":23.0,"enemies":"Slime Boss","floor":16.0,"turns":7.0},{"damage":19.0,"enemies":"Chosen","floor":18.0,"turns":7.0},{"damage":2,"enemies":"Shell Parasite","floor":19,"turns":5},{"damage":14,"enemies":"Centurion and Healer","floor":20,"turns":6},{"damage":18,"enemies":"Book of Stabbing","floor":23,"turns":7},{"damage":9,"enemies":"Slavers","floor":25,"turns":4},{"damage":6,"enemies":"Snake Plant","floor":28,"turns":4},{"damage":13,"enemies":"Shelled Parasite and Fungi","floor":29,"turns":3},{"damage":0,"enemies":"Snecko","floor":30,"turns":4},{"damage":18,"enemies":"3 Cultists","floor":31,"turns":4}],"seed_played":"-236483268656833664","potions_obtained":[{"floor":2.0,"key":"AttackPotion"},{"floor":3.0,"key":"Block Potion"},{"floor":10.0,"key":"BottledMiracle"},{"floor":16.0,"key":"Strength Potion"},{"floor":28,"key":"Dexterity Potion"},{"floor":29,"key":"AttackPotion"},{"floor":30,"key":"Weak Potion"}],"is_trial":false,"path_per_floor":["M","M","M","?","?","E","R","E","T","M","R","M","R","M","R","B",null,"M","M","M","$","?","E","R","E","T","R","M","M","M","M"],"character_chosen":"WATCHER","items_purchased":["TungstenRod","Orrery"],"campfire_rested":3,"item_purchase_floors":[21,21],"current_hp_per_floor":[61,55,52,41,41,25,25,1,1,1,21,21,21,21,41,18,56,37,35,21,21,21,10,10,1,1,23,17,4,4,0,0],"gold":131,"neow_bonus":"ONE_RANDOM_RARE_CARD","is_daily":false,"chose_seed":false,"campfire_upgraded":3,"win_rate":0.0,"timestamp":1614313354,"path_taken":["M","?","M","?","?","E","R","E","T","?","R","M","R","M","R","BOSS","M","M","?","$","?","E","R","E","T","R","M","M","M","M"],"items_purchased_type":["Relic","Relic"],"build_version":"2020-12-22","purchased_purges":0,"victory":false,"max_hp_per_floor":[68,68,68,68,68,68,68,68,68,68,68,68,68,68,68,68,68,68,68,68,68,68,75,75,75,75,75,75,75,75,75,75],"relic_stats":{"Nunchaku":[10],"counters":[18,86],"Snecko Eye":[65,86,83,73],"Art of War":[2],"Letter Opener":[75],"obtain_stats":[{"Nunchaku":9,"Strawberry":23,"Snecko Eye":17,"Orrery":21,"Bag of Marbles":8,"Art of War":25,"Letter Opener":6,"PureWater":0,"Bottled Tornado":26,"TungstenRod":21},{"Nunchaku":5,"Strawberry":13,"Snecko Eye":9,"Orrery":12,"Bag of Marbles":5,"Art of War":14,"Letter Opener":4,"PureWater":0,"Bottled Tornado":14,"TungstenRod":12},{"Nunchaku":22,"Strawberry":67,"Snecko Eye":42,"Orrery":60,"Bag of Marbles":22,"Art of War":71,"Letter Opener":18,"PureWater":0,"Bottled Tornado":71,"TungstenRod":60}],"TungstenRod":12},"card_choices":[{"not_picked":["FlurryOfBlows","Indignation"],"picked":"Evaluate","floor":1.0},{"not_picked":["Halt","FlurryOfBlows"],"picked":"Adaptation","floor":2.0},{"not_picked":["Indignation","Halt"],"picked":"EmptyBody","floor":3.0},{"not_picked":["Collect","Weave"],"picked":"WindmillStrike","floor":6.0},{"not_picked":["Swivel","Indignation"],"picked":"SandsOfTime","floor":8.0},{"not_picked":["Crescendo","WreathOfFlame","BowlingBash"],"picked":"SKIP","floor":10.0},{"not_picked":["Collect","Nirvana"],"picked":"TalkToTheHand","floor":12.0},{"not_picked":["EmptyBody","InnerPeace"],"picked":"Protect","floor":14.0},{"not_picked":["Ragnarok","Scrawl"],"picked":"Establishment","floor":16.0},{"not_picked":["BowlingBash","JustLucky","Crescendo"],"picked":"SKIP","floor":18},{"not_picked":["DeceiveReality","WreathOfFlame+1","ReachHeaven"],"picked":"SKIP","floor":19},{"not_picked":["Vengeance+1","EmptyBody"],"picked":"CutThroughFate","floor":20},{"not_picked":["SashWhip","CutThroughFate"],"picked":"Vault","floor":21},{"not_picked":["LikeWater+1","Evaluate"],"picked":"TalkToTheHand","floor":21},{"not_picked":["FlyingSleeves","EmptyFist"],"picked":"WheelKick","floor":21},{"not_picked":["Fasting2","JustLucky","LikeWater"],"picked":"SKIP","floor":23},{"not_picked":["ClearTheMind","Crescendo","CutThroughFate"],"picked":"SKIP","floor":25},{"not_picked":["PathToVictory+1","SashWhip","Halt"],"picked":"SKIP","floor":28},{"not_picked":["Swivel+1","SashWhip","PathToVictory"],"picked":"SKIP","floor":29},{"not_picked":["Meditate+1","Halt","EmptyBody"],"picked":"SKIP","floor":30}],"player_experience":1547153,"relics_obtained":[{"floor":6.0,"key":"Letter Opener"},{"floor":8.0,"key":"Bag of Marbles"},{"floor":9.0,"key":"Nunchaku"},{"floor":23,"key":"Strawberry"},{"floor":25,"key":"Art of War"},{"floor":26,"key":"Bottled Tornado"}],"event_choices":[{"damage_healed":0.0,"max_hp_gain":0.0,"max_hp_loss":0.0,"gold_gain":75.0,"event_name":"World of Goop","player_choice":"Gather Gold","floor":4.0,"gold_loss":0.0,"damage_taken":11.0},{"damage_healed":0.0,"max_hp_gain":0.0,"max_hp_loss":0.0,"gold_gain":0.0,"cards_transformed":["Strike_P"],"event_name":"Transmorgrifier","player_choice":"Transformed","floor":5.0,"gold_loss":0.0,"damage_taken":0.0,"cards_obtained":["ClearTheMind"]},{"damage_healed":0,"gold_gain":0,"player_choice":"Ignored","damage_taken":0,"max_hp_gain":0,"max_hp_loss":0,"event_name":"Vampires","floor":22,"gold_loss":0}],"is_beta":false,"boss_relics":[{"not_picked":["Empty Cage","Ectoplasm"],"picked":"Snecko Eye"}],"items_purged_floors":[],"is_endless":false,"potions_floor_spawned":[2,3,10,16,18,28,29,30],"killed_by":"3 Cultists","ascension_level":20}}