{"host":"zcytydgb505ghzux","time":1614349109,"event":{"mods":["Act Like it!","BaseMod","Colored Powertips","Downfall","Highlight Path","Infinite Spire","Jorbs\u0027s Wanderer Trilogy","Marisa????????","Minty Spire (QoL Compilation)","Replay The Spire","StSLib","The Construct","The Mystic","The Wild Card"],"gold_per_floor":[118,118,128,143,161,161,177,177,200,151,170,16,16,32,32,135,185,203,203,216,226,276,292,217,217,217,0,0,0,0,11,11,109,109,128,128,128,150,177,177,277,277,277,277,277],"floor_reached":44,"language":"ENG","playtime":1244,"items_purged":[],"score":425,"play_id":"5e910f94-212a-45d1-a599-47fc0d9f0f3b","local_time":"20210226091829","is_ascension_mode":false,"campfire_choices":[{"data":"Dualcast","floor":6,"key":"SMITH"},{"floor":15,"key":"REST"},{"floor":28,"key":"REST"},{"floor":30,"key":"REST"},{"floor":32,"key":"REST"},{"floor":40,"key":"REST"}],"circlet_count":0,"master_deck":["Strike_B","Strike_B","Strike_B","Defend_B","Defend_B","Defend_B","Defend_B","Dualcast+1","Deep Breath+1","Gash+1","Ball Lightning","Ball Lightning","Conserve Battery","Gash","Conserve Battery","Time Bomb","Electrodynamics","Sweeping Beam","Darkness+1","Consume+1","Panic Button","CurseOfTheBell","Conserve Battery"],"relics":["Cracked Core","GremlinMask","Replay:Antivirus Software","Bronze Scales","Tiny House","infinitespire:Satchel","Calling Bell","Replay:Baseball","Onion Ring","WingedGreaves","infinitespire:EvilPickle","Iron Hammer"],"acts_visited":["Exordium","TheCity","TheBeyond"],"potions_floor_usage":[7,16,19,23,33,33,44],"damage_taken":[{"damage":1,"enemies":"Jaw Worm","floor":1,"turns":5},{"damage":0,"enemies":"Cultist","floor":3,"turns":3},{"damage":0,"enemies":"2 Louse","floor":4,"turns":2},{"damage":10,"enemies":"Exordium Thugs","floor":5,"turns":4},{"damage":11,"enemies":"Exordium Wildlife","floor":7,"turns":3},{"damage":1,"enemies":"Red Slaver","floor":11,"turns":3},{"damage":1,"enemies":"Exordium Thugs","floor":14,"turns":3},{"damage":30,"enemies":"Slime Boss","floor":16,"turns":4},{"damage":12,"enemies":"Spheric Guardian","floor":18,"turns":4},{"damage":21,"enemies":"2 Thieves","floor":20,"turns":3},{"damage":24,"enemies":"Snecko","floor":21,"turns":6},{"damage":2,"enemies":"Centurion and Healer","floor":23,"turns":4},{"damage":12,"enemies":"3 Cultists","floor":31,"turns":3},{"damage":36,"enemies":"Pondfish","floor":33,"turns":7},{"damage":5,"enemies":"Orb Walker","floor":35,"turns":3},{"damage":7,"enemies":"3 Darklings","floor":38,"turns":3},{"damage":36,"enemies":"Transient","floor":39,"turns":5},{"damage":67,"enemies":"Nightmare","floor":44,"turns":6}],"seed_played":"9066071999612882355","potions_obtained":[{"floor":3,"key":"EssenceOfDarkness"},{"floor":5,"key":"Adrenaline Potion"},{"floor":7,"key":"PowerPotion"},{"floor":14,"key":"Dexterity Potion"},{"floor":17,"key":"Weak Potion"},{"floor":19,"key":"Fruit Juice"},{"floor":20,"key":"LiquidMemories"},{"floor":38,"key":"FocusPotion"}],"is_trial":false,"path_per_floor":["M","?","M","M","M","R","M","?","T","$","M","$","$","M","R","B",null,"M","?","M","M","?","M","?","?","T","?","R","$","R","M","R","B",null,"M","?","?","M","M","R","?","$","T","NM"],"character_chosen":"DEFECT","items_purchased":["Gash","Bronze Scales"],"campfire_rested":5,"item_purchase_floors":[10,12],"current_hp_per_floor":[74,74,74,74,64,64,53,53,53,53,52,52,52,51,73,43,80,68,73,52,28,28,26,26,26,26,26,51,51,76,64,85,49,85,80,80,80,73,37,62,62,62,62,0,0],"gold":277,"neow_bonus":"RANDOM_COLORLESS","is_daily":false,"chose_seed":false,"campfire_upgraded":1,"win_rate":0.0,"timestamp":1614349109,"path_taken":["M","?","M","M","M","R","?","?","T","?","M","?","$","?","R","BOSS","M","?","?","M","?","?","?","?","T","?","R","?","R","M","R","BOSS","M","?","?","M","?","R","?","?","T","NM"],"items_purchased_type":["Card","Relic"],"build_version":"2020-12-22","purchased_purges":0,"victory":false,"max_hp_per_floor":[75,75,75,75,75,75,75,75,75,75,75,75,75,75,75,75,80,80,85,85,85,85,85,85,85,85,85,85,85,85,85,85,85,85,85,85,85,85,85,85,85,85,85,85,85],"card_choices":[{"not_picked":["Flash of Steel","Trip"],"picked":"Deep Breath","floor":0},{"not_picked":["Melter","Reprogram"],"picked":"Gash","floor":1},{"not_picked":["Steam","Thunder Strike"],"picked":"Ball Lightning","floor":3},{"not_picked":["Beam Cell","Streamline"],"picked":"Ball Lightning","floor":4},{"not_picked":["ReplaySort","Leap"],"picked":"Conserve Battery","floor":5},{"not_picked":["ReplaySolidLightProjector","Stack","Compile Driver"],"picked":"SKIP","floor":7},{"not_picked":["Go for the Eyes","Sweeping Beam"],"picked":"Conserve Battery","floor":11},{"not_picked":["Steam","Turbo"],"picked":"Time Bomb","floor":14},{"not_picked":["Amplify","Biased Cognition"],"picked":"Electrodynamics","floor":16},{"not_picked":["Steam Power","Coolheaded"],"picked":"Sweeping Beam","floor":17},{"not_picked":["Chaos+1","Stack"],"picked":"Darkness+1","floor":18},{"not_picked":["Crystallizer+1","Scrape","Cold Snap"],"picked":"SKIP","floor":20},{"not_picked":["Compile Driver","Coolheaded"],"picked":"Consume+1","floor":21},{"not_picked":["Crystallizer+1","Storm","BasicCrystalCard"],"picked":"SKIP","floor":23},{"not_picked":["BootSequence","Loop"],"picked":"Panic Button","floor":31},{"not_picked":["Hologram","ReplayTheSpireMod:Repulse"],"picked":"Conserve Battery","floor":35},{"not_picked":["Hologram","Cold Snap","Stack"],"picked":"SKIP","floor":38},{"not_picked":["ReplaySolidLightProjector","Compile Driver","Beam Cell"],"picked":"SKIP","floor":39},{"not_picked":["ReplaySolidLightProjector","Compile Driver","Beam Cell"],"picked":"SKIP","floor":39}],"player_experience":107730,"relics_obtained":[{"floor":9,"key":"Replay:Antivirus Software"},{"floor":26,"key":"infinitespire:Satchel"},{"floor":34,"key":"Replay:Baseball"},{"floor":34,"key":"Onion Ring"},{"floor":34,"key":"WingedGreaves"},{"floor":43,"key":"Iron Hammer"}],"event_choices":[{"damage_healed":0,"gold_gain":0,"player_choice":"Trade","damage_taken":0,"relics_obtained":["GremlinMask"],"max_hp_gain":0,"max_hp_loss":0,"event_name":"FaceTrader","floor":2,"gold_loss":0},{"cards_removed":["Zap"],"damage_healed":0,"gold_gain":0,"player_choice":"Offered Basic","damage_taken":0,"max_hp_gain":0,"max_hp_loss":0,"event_name":"Bonfire Elementals","floor":8,"gold_loss":0},{"damage_healed":0,"gold_gain":0,"player_choice":"Got Potions","damage_taken":0,"max_hp_gain":0,"max_hp_loss":0,"event_name":"Lab","floor":19,"gold_loss":0},{"damage_healed":0,"gold_gain":100,"player_choice":"Bet on Murderer","damage_taken":0,"max_hp_gain":0,"max_hp_loss":0,"event_name":"The Joust","floor":22,"gold_loss":50},{"cards_removed":["Strike_B"],"damage_healed":0,"gold_gain":0,"player_choice":"Gave Gold","damage_taken":0,"max_hp_gain":0,"max_hp_loss":0,"event_name":"Beggar","floor":24,"gold_loss":75},{"damage_healed":0,"gold_gain":0,"player_choice":"Paid Fearfully","damage_taken":0,"max_hp_gain":0,"max_hp_loss":0,"event_name":"Masked Bandits","floor":27,"gold_loss":217},{"damage_healed":0,"gold_gain":0,"player_choice":"Ignored","damage_taken":0,"max_hp_gain":0,"max_hp_loss":0,"event_name":"Mysterious Sphere","floor":36,"gold_loss":0},{"damage_healed":0,"gold_gain":0,"player_choice":"Upgraded","damage_taken":0,"max_hp_gain":0,"max_hp_loss":0,"event_name":"Upgrade Shrine","floor":37,"gold_loss":0,"cards_upgraded":["Deep Breath"]},{"damage_healed":0,"gold_gain":100,"player_choice":"Pray","damage_taken":0,"max_hp_gain":0,"max_hp_loss":0,"event_name":"Golden Shrine","floor":41,"gold_loss":0}],"is_beta":false,"boss_relics":[{"not_picked":["SacredBark","Busted Crown"],"picked":"Tiny House"},{"not_picked":["infinitespire:Cupcake","Astrolabe"],"picked":"Calling Bell"}],"items_purged_floors":[],"is_endless":false,"potions_floor_spawned":[3,5,7,14,18,20,38],"killed_by":"Nightmare","ascension_level":0}}