{"host":"grtv5gxlru3keaef","time":1614349778,"event":{"mods":["AchievementEnabler","BaseMod","Colored Powertips","Minty Spire (QoL Compilation)","Quick Restart","StSLib","SuperFastMode","The Cursed","The Necromancer"],"gold_per_floor":[117,14,32,32,50,50,50,66,66,66,79,105,105],"floor_reached":12,"language":"ENG","playtime":467,"items_purged":[],"score":80,"play_id":"25070b36-c47a-43f6-84ac-497cd7be9156","local_time":"20210226092938","is_ascension_mode":false,"campfire_choices":[{"data":"Bone_Armory","floor":10,"key":"SMITH"}],"circlet_count":0,"master_deck":["Strike_W","Strike_W","Strike_W","Defend_W","Defend_W","Defend_W","Defend_W","Negative_Energy_Arrows","Bone_Wall","Scare","Finger_Of_Death","Bone_Armory+1","Bones_to_Steel","Blood_Whip","Whirlwind_of_Bones","Summon_Undead","Bone_Spikes"],"relics":["Vampire_Amulet","Kunai","Matryoshka"],"acts_visited":["Exordium"],"potions_floor_usage":[],"damage_taken":[{"damage":0,"enemies":"2 Louse","floor":1,"turns":3},{"damage":2,"enemies":"Jaw Worm","floor":3,"turns":4},{"damage":1,"enemies":"Cultist","floor":5,"turns":4},{"damage":6,"enemies":"2 Fungi Beasts","floor":8,"turns":3},{"damage":18,"enemies":"3 Louse","floor":11,"turns":4},{"damage":28,"enemies":"3 Sentries","floor":12,"turns":7}],"seed_played":"-7534622160309004166","potions_obtained":[{"floor":11,"key":"FearPotion"},{"floor":12,"key":"BlessingOfTheForge"}],"is_trial":false,"path_per_floor":["M","$","M","?","M","?","?","M","T","R","M","E"],"character_chosen":"NECROMANCER","items_purchased":["Finger_Of_Death","Bone_Armory"],"campfire_rested":0,"item_purchase_floors":[2,2],"current_hp_per_floor":[82,82,82,87,87,87,80,78,78,78,66,44,44],"gold":105,"neow_bonus":"TEN_PERCENT_HP_BONUS","is_daily":false,"chose_seed":false,"campfire_upgraded":1,"win_rate":0.0,"timestamp":1614349778,"path_taken":["M","$","M","?","M","?","?","?","T","R","M","E"],"items_purchased_type":["Card","Card"],"build_version":"2020-12-22","purchased_purges":0,"victory":false,"max_hp_per_floor":[82,82,82,87,87,87,87,87,87,87,87,87,87],"card_choices":[{"not_picked":["Chill_Blood","Necromantic_Selection"],"picked":"Scare","floor":1},{"not_picked":["Negative_Energy_Shield","Blood_Curse"],"picked":"Bones_to_Steel","floor":3},{"not_picked":["Corrupt","Bones_to_Steel"],"picked":"Blood_Whip","floor":5},{"not_picked":["Chill_Blood","Scare"],"picked":"Whirlwind_of_Bones","floor":8},{"not_picked":["Negative_Energy_Sphere","Death_Knell"],"picked":"Summon_Undead","floor":11},{"not_picked":["Shackles_Of_Pain","Siphon_Strength"],"picked":"Bone_Spikes","floor":12}],"player_experience":187174,"relics_obtained":[{"floor":9,"key":"Kunai"},{"floor":12,"key":"Matryoshka"}],"event_choices":[{"damage_healed":0,"gold_gain":0,"player_choice":"Donut","damage_taken":0,"max_hp_gain":5,"max_hp_loss":0,"event_name":"Big Fish","floor":4,"gold_loss":0},{"damage_healed":0,"gold_gain":0,"player_choice":"Ignored","damage_taken":0,"max_hp_gain":0,"max_hp_loss":0,"event_name":"Liars Game","floor":6,"gold_loss":0},{"cards_removed":["Strike_W"],"damage_healed":0,"gold_gain":0,"player_choice":"Card Removal","damage_taken":7,"max_hp_gain":0,"max_hp_loss":0,"event_name":"Golden Wing","floor":7,"gold_loss":0}],"is_beta":false,"boss_relics":[],"items_purged_floors":[],"is_endless":false,"potions_floor_spawned":[11,12],"killed_by":"3 Sentries","ascension_level":0}}