{"host":"61ejhfsushs0xmcl","time":1614339993,"event":{"mods":["ATMod(°¢èªMod)","Act Like it!","BaseMod","Colored Map","Gold Saver","Library of Ruina","Library of Ruina Extra","Minty Spire (QoL Compilation)","MostiFishMod","Spicy Shops","StSLib","TestMod","¡¾ÒÅÎï¿¨ÅÆ¡¿REMEMod","óô»ðÖ¸ÄÏ"],"gold_per_floor":[2592,1856,1874,1874,1884,1912,1787,1799,1799,866,893,910,940,951,951,1051,1051,1068,551,569,584,595,624,638,654,703,326,355,373,298,298,298,394,394,413,427,1426,804,804,839,858,891,914,929,954,968,413,424,424,424,424,424,424,31,62,62],"floor_reached":57,"language":"ZHS","playtime":2754,"items_purged":["LightDefense","LightDefense","Dodge","LightAttack","LightAttack","LightAttack","FocusedStrikes","Normality","Normality"],"score":1881,"play_id":"408dac6b-db31-4d66-a826-6b8d15913f79","local_time":"20210226194633","is_ascension_mode":true,"campfire_choices":[{"floor":15,"key":"RECALL"},{"data":"TheWillOfTheCity","floor":32,"key":"SMITH"},{"data":"RhinoRam","floor":49,"key":"SMITH"},{"data":"RulesOfTheBackstreets","floor":53,"key":"SMITH"}],"circlet_count":0,"master_deck":["Feast+1","ShockingBlow","EmotionalTurbulence+1","RulesOfTheBackstreets+1","OminousPower+1","Faith+1","BindingArms+1","Unlock1","Quickness+1","RhinoRam+1","LeRegole+1","Faith+1","CleanUp+1","UnforgettableMelody+1","TheWillOfTheCity+1","Eradication","Faith+1","CleanUp+1","Shame","FlamingDragonFist"],"relics":["PageOfLibrarian","AT_ATBox","REME_ComplimentaryCards","DaveBox","testmod-TestBox","testmod-Recursion","ImprovedEquipment","SynthV:TestCard","AT_SilvercatRing","PageOfPinocchio","Dodecahedron","OrangePellets","PageOfHappyTeddyBear","BionicSphere","AT_RedTearstoneRing","testmod-PortableAltar","AT_EbonyIvory","PageOfApocalypseBird","PageOfTheQueenOfHatred","PageOfTheKnightOfDespair","Unceasing Top","PageOfGreed","testmod-CardMagician","Medical Kit","PageOfPorccubus","AT_ArchangelStaff","PageOfWrath","PageOfNihil","AT_ForceNature","MealTicket","PageOfWizard","REME_HourglassOfDeath","PageOfTodaysShyLook","Membership Card","PageOfBigBird","PageOfNothingThere","ClockworkSouvenir","AT_TimeSand"],"acts_visited":["Exordium","TheCity","TheBeyond","TheEnding"],"potions_floor_usage":[2,39,41,56,56,56,56,56,56,56,56,56,56],"damage_taken":[{"damage":0,"enemies":"Small Slimes","floor":1,"turns":3},{"damage":0,"enemies":"2 Louse","floor":3,"turns":1},{"damage":0,"enemies":"Cultist","floor":5,"turns":2},{"damage":0,"enemies":"Gremlin Nob","floor":6,"turns":1},{"damage":0,"enemies":"2 Fungi Beasts","floor":8,"turns":2},{"damage":0,"enemies":"Lagavulin","floor":11,"turns":2},{"damage":0,"enemies":"Red Slaver","floor":12,"turns":1},{"damage":0,"enemies":"Gremlin Nob","floor":13,"turns":1},{"damage":0,"enemies":"3 Louse","floor":14,"turns":1},{"damage":0,"enemies":"Slime Boss","floor":16,"turns":1},{"damage":1,"enemies":"Shell Parasite","floor":18,"turns":1},{"damage":1,"enemies":"3 Byrds","floor":20,"turns":1},{"damage":2,"enemies":"Cultist and Chosen","floor":21,"turns":2},{"damage":1,"enemies":"Centurion and Healer","floor":22,"turns":2},{"damage":0,"enemies":"Slavers","floor":23,"turns":1},{"damage":0,"enemies":"Snake Plant","floor":24,"turns":1},{"damage":0,"enemies":"3 Cultists","floor":25,"turns":1},{"damage":0,"enemies":"REME_1_Revenger","floor":28,"turns":1},{"damage":0,"enemies":"Centurion and Healer","floor":29,"turns":1},{"damage":0,"enemies":"Collector","floor":33,"turns":1},{"damage":0,"enemies":"3 Darklings","floor":35,"turns":1},{"damage":0,"enemies":"Orb Walker","floor":36,"turns":1},{"damage":0,"enemies":"Reptomancer","floor":40,"turns":1},{"damage":0,"enemies":"3 Darklings","floor":41,"turns":4},{"damage":0,"enemies":"Giant Head","floor":42,"turns":2},{"damage":0,"enemies":"Writhing Mass","floor":44,"turns":2},{"damage":0,"enemies":"Nemesis","floor":45,"turns":1},{"damage":0,"enemies":"Transient","floor":46,"turns":3},{"damage":0,"enemies":"3 Darklings","floor":48,"turns":1},{"damage":0,"enemies":"Donu and Deca","floor":50,"turns":2},{"damage":0,"enemies":"Donu and Deca","floor":51,"turns":2},{"damage":0,"enemies":"Shield and Spear","floor":55,"turns":2},{"damage":0,"enemies":"The Heart","floor":56,"turns":3}],"seed_played":"4217242167799291370","potions_obtained":[{"floor":1,"key":"testmod-SpacePotion"},{"floor":11,"key":"testmod-TestPotion"},{"floor":16,"key":"Energy Potion"},{"floor":18,"key":"Block Potion"},{"floor":21,"key":"AttackPotion"},{"floor":33,"key":"DistilledChaos"},{"floor":39,"key":"testmod-SpacePotion"},{"floor":39,"key":"GamblersBrew"},{"floor":39,"key":"EntropicBrew"},{"floor":41,"key":"SkillPotion"}],"is_trial":false,"path_per_floor":["M","$","M","?","M","E","R","M","T","$","E","M","E","M","R","B",null,"M","$","M","M","M","E","M","M","T","R","E","M","?","?","R","B",null,"M","M","?","$","?","E","M","E","T","M","E","M","R","M","R","B",null,null,"R","$","E","B",null],"character_chosen":"Librarian","items_purchased":["AT_SilvercatRing","PageOfPinocchio","OminousPower","Dodecahedron","OrangePellets","PageOfHappyTeddyBear","AT_EbonyIvory","PageOfApocalypseBird","Unceasing Top","Medical Kit","PageOfPorccubus","AT_ArchangelStaff","REME_HourglassOfDeath","PageOfTodaysShyLook","Membership Card","PageOfBigBird","PageOfNothingThere","ClockworkSouvenir"],"campfire_rested":0,"item_purchase_floors":[2,2,2,10,10,10,19,19,27,38,38,38,47,47,54,54,54,54],"current_hp_per_floor":[54,54,54,59,67,71,71,71,71,71,73,73,73,73,73,73,73,72,71,69,69,67,67,66,65,64,63,62,70,70,54,54,59,73,72,71,70,69,68,67,66,65,64,63,62,61,60,59,58,57,56,55,54,53,52,51],"gold":62,"neow_bonus":"TRANSFORM_TWO_CARDS","is_daily":false,"chose_seed":false,"campfire_upgraded":3,"win_rate":0.0,"timestamp":1614339993,"path_taken":["M","$","M","?","M","E","R","M","T","$","E","M","E","M","R","BOSS","M","$","M","M","M","E","M","M","T","R","E","M","?","?","R","BOSS","M","M","?","$","?","E","M","E","T","M","E","?","R","M","R","BOSS","R","$","E","BOSS"],"items_purchased_type":["Relic","Relic","Card","Relic","Relic","Relic","Relic","Relic","Relic","Relic","Relic","Relic","Relic","Relic","Relic","Relic","Relic","Relic"],"build_version":"2020-12-22","purchased_purges":9,"victory":true,"max_hp_per_floor":[75,75,75,80,73,73,73,73,73,73,73,73,73,73,73,73,73,72,71,70,69,68,67,66,65,64,63,79,78,77,76,75,74,73,72,71,70,69,68,67,66,65,64,63,62,61,60,59,58,57,56,55,54,53,52,51],"card_choices":[{"not_picked":["QuickAttack","MultiHit","BlindFaith","SnakesPrey","WrathOfTorment","WildCard","SearingSword","Quickness"],"picked":"RulesOfTheBackstreets","floor":1},{"not_picked":["SmokingPipe","BlindFaith","EnergyStrike","Leap_lor","AGoldenOpportunity","ConcentratedFire","DefenseOrder","Quickness","HiddenBlade","SnakesPrey","HandleRequest"],"picked":"SKIP","floor":3},{"not_picked":["DarkCloud","Wallop_lor","RipSpace","MultiHit","GatherIntel","Rewind","PinpointShot","WillOfThePrescript","ShockRound","EnergyShield"],"picked":"Faith","floor":5},{"not_picked":["UnavoidableGaze","WillOfThePrescript","SearingSword","SweepTheBackstreets","RatsGuideToSurvival","FlyingSword","Outburst","HandlingWork","KeepItFresh","Brawl"],"picked":"BindingArms","floor":6},{"not_picked":["SerpentSwordTechnique","UncannyStrike","PinpointShot","GuidanceOfTheGears","TendonChords","HighKick","SummaryJudgment","Wallop_lor","Suppress","Reload"],"picked":"Unlock1","floor":8},{"not_picked":["RatsGuideToSurvival","Quickness","Pound","StrikeDown","SinglePointStab","BlindFaith","BiAn","Diversion","FieryWaltz","CutIn","PreemptiveStrike"],"picked":"SKIP","floor":11},{"not_picked":["BlindFaith","Wallop_lor","BiAn","GuidanceOfTheGears","FendThisOffIfYouCan","Observe","HighKick","StrikeDown","AsThePrescriptOrders","EnergyCycle"],"picked":"Quickness","floor":12},{"not_picked":["Gigigig","Duel_lor","SmokingPipe","FormingStorm","Diversion","LawAndOrder","IdentifyWeakpoint","EnergyShield","ClassAndRespect","Multislash","QuickSuppression"],"picked":"SKIP","floor":13},{"not_picked":["GaleKick","Diversion","MultiHit","HandleRequest","Rewind","BulkyImpact","Pound","BlazingStrike","Execute_lor","Parry"],"picked":"RhinoRam","floor":14},{"not_picked":["BlazingStrike","FormingStorm","DaringDecision","RagingStormLove"],"picked":"LeRegole","floor":16},{"not_picked":["IronWall","TendonChords","GrazeTheGrass","MultiBlock+1","QuickAttack","WrathOfTorment","TraceOfFumes","Parry","Riposte","PreemptiveStrike+1","MultiHit"],"picked":"SKIP","floor":18},{"not_picked":["AutonomousRush","OpportunitySpotted+1","Standoff","UncannyStrike","Leap_lor","StayCalm+1","GuidanceOfTheGears","FrontalAssault","EnergyShield","SmokingPipe"],"picked":"Faith+1","floor":20},{"not_picked":["FlashingStrike+1","SnakesPrey","BiAn","Multislash","BackstreetsDash","EnergyShield","EnergyBeam","FleetFootsteps","SinglePointStab","BayonetCombat","CoordinatedAssault"],"picked":"SKIP","floor":21},{"not_picked":["FleetFootsteps+1","SharpSwipe","QuickSuppression","SuppressingShot+1","MultiHit+1","QuickAttack","Feast","Multislash+1","Tttonst","Reload","Pound"],"picked":"SKIP","floor":22},{"not_picked":["FieryWaltz","PreemptiveStrike","BlowItUp","EndlessBattle","LeRegole","YourShield","GroundSmash","StrikeDown","SnakeSlit","RhinoRam"],"picked":"CleanUp","floor":23},{"not_picked":["FleetEdge+1","IllEndYou","FeelinGood","StrongStrike","SuppressingShot","ViolentFlame","QuickSuppression","HardRehearsal","DarkCloud","GuidanceOfTheGears","KeepItFresh"],"picked":"SKIP","floor":24},{"not_picked":["GuidanceOfTheGears","SpearedSweep","FleetFootsteps","AlloutWar+1","IronWall","BattleCommand+1","ToWhereThePrescriptPoints","StructuralAnalysis","SnakesPrey+1","GreatSerpentsImpact+1","TraceOfFumes"],"picked":"SKIP","floor":25},{"not_picked":["BulkyImpact","SuppressingShot","AbsorbImpact","AsThePrescriptOrders","TheWillOfTheCity","PreemptiveStrike","Tttonst","BackAttack","QuickSuppression+1","FierceCharge"],"picked":"UnforgettableMelody","floor":28},{"not_picked":["CutIn+1","ReadyUp","AutonomousRush","MultiBlock+1","CoordinatedAssault","Suppress","BackstreetsDash","MultiHit","Outburst","EndlessBattle"],"picked":"TheWillOfTheCity","floor":29},{"not_picked":["DaringDecision","TrashDisposal","Castigation","FleshFillet"],"picked":"Eradication","floor":33},{"not_picked":["Reload+1","BlowItUp+1","ChargeUp","MultiHit","Wallop_lor+1","Diversion","BlindFaith+1","ToWhereThePrescriptPoints+1","ConcentratedFire","FierceCharge"],"picked":"Faith+1","floor":35},{"not_picked":["GuardingStance+1","SnakesPrey+1","Marionette+1","BiAn+1","YoureAHindrance+1","DefenseOrder","UpbeatPerformance+1","HandleRequest+1","SmokingPipe","FleetEdge","SharpSwipe"],"picked":"SKIP","floor":36},{"not_picked":["SuppressingShot","Crush+1","FleetFootsteps+1","GatherIntel+1","FlamingDragonFist","TheWillOfTheCity+1","FierceCharge+1","FlashingStrike","GuardingStance","MindWhip+1","Struggle"],"picked":"SKIP","floor":40},{"not_picked":["Overpower","HiddenBlade","MultiHit","FleetFootsteps","TasteMyFlamingBat","BiAn+1","Outburst+1","Reload+1","Pound+1","FierceCharge+1","FrontalAssault+1"],"picked":"SKIP","floor":41},{"not_picked":["DesperateStruggle+1","ScatteringSlash","GrazeTheGrass","FierceOnslaught","EndlessBattle+1","Outburst","StartinOutLightly+1","Thrust","UnavoidableGaze","SharpSwipe+1","AlloutWar+1"],"picked":"SKIP","floor":42},{"not_picked":["GaleKick+1","SuppressingShot","SerpentineBarrier","EnergyCycle+1","FervidEmotions","CoordinatedAssault+1","SuanNi","Leap_lor+1","BlindFaith","SharpSwipe","Quickness+1"],"picked":"SKIP","floor":44},{"not_picked":["ExtremeEdge+1","RagingStormLove","HiddenBlade","BackAttack+1","SharpSwipe","EndlessBattle","TasteMyFlamingBat","SinglePointStab+1","SummaryJudgment+1","Thrust+1","StayCalm"],"picked":"SKIP","floor":45},{"not_picked":["SuppressingShot","DarkCloud+1","AlloutWar","Parry2","FleetEdge","ProselytesBlade","Faith","Outburst+1","GreatSerpentsImpact","SuanNi"],"picked":"CleanUp","floor":46},{"not_picked":["Parry+1","Reload","AsThePrescriptOrders","PinpointShot","SteelKnuckles","EndlessBattle","ClassAndRespect","Diversion","PreemptiveStrike+1","ViolentFlame","SuppressingShot+1"],"picked":"SKIP","floor":48},{"not_picked":["HiddenBlade","DesperateStruggle+1","Leap_lor+1","SharpSwipe+1","MirageStorm","ClassAndRespect","SunsetBlade+1","NightInTheBackstreets","ChopItOff+1","GrazeTheGrass"],"picked":"FlamingDragonFist","floor":55}],"player_experience":891368,"relics_obtained":[{"floor":1,"key":"SynthV:TestCard"},{"floor":11,"key":"BionicSphere"},{"floor":13,"key":"AT_RedTearstoneRing"},{"floor":23,"key":"PageOfTheQueenOfHatred"},{"floor":26,"key":"PageOfTheKnightOfDespair"},{"floor":28,"key":"PageOfGreed"},{"floor":40,"key":"PageOfWrath"},{"floor":41,"key":"PageOfNihil"},{"floor":42,"key":"AT_ForceNature"},{"floor":43,"key":"MealTicket"},{"floor":45,"key":"PageOfWizard"},{"floor":55,"key":"AT_TimeSand"}],"event_choices":[{"damage_healed":0,"gold_gain":0,"player_choice":"Donut","damage_taken":0,"max_hp_gain":5,"max_hp_loss":0,"event_name":"Big Fish","floor":4,"gold_loss":0},{"cards_removed":["ChargeAndCover"],"damage_healed":0,"gold_gain":0,"player_choice":"Gave Gold","damage_taken":0,"max_hp_gain":0,"max_hp_loss":0,"event_name":"Beggar","floor":30,"gold_loss":75},{"damage_healed":0,"gold_gain":0,"player_choice":"Obtained Book","damage_taken":16,"max_hp_gain":0,"max_hp_loss":0,"event_name":"Cursed Tome","floor":31,"gold_loss":0},{"damage_healed":0,"gold_gain":999,"player_choice":"Gold","damage_taken":0,"max_hp_gain":0,"max_hp_loss":0,"event_name":"MindBloom","floor":37,"gold_loss":0,"cards_obtained":["Normality","Normality"]},{"damage_healed":0,"gold_gain":0,"player_choice":"Got Potions","damage_taken":0,"max_hp_gain":0,"max_hp_loss":0,"event_name":"Lab","floor":39,"gold_loss":0}],"is_beta":false,"boss_relics":[{"not_picked":["BloodWine","REME_ChargedStone"],"picked":"testmod-PortableAltar"},{"not_picked":["testmod-KeyOfTheVoid","testmod-EnergyCheck"],"picked":"testmod-CardMagician"}],"items_purged_floors":[2,2,7,10,10,19,27,38,47],"is_endless":false,"potions_floor_spawned":[1,11,16,18,21,24,28,33,40,41,42],"ascension_level":1}}