{"host":"r231ahma5lh67r0r","time":1614351133,"event":{"mods":["BaseMod","Best Route Mod","Curses Come First","Minty Spire (QoL Compilation)","StSLib","SuperFastMode","UnlockEverythingMod"],"gold_per_floor":[216,228,242,174,174,174,205,205,232,232,262,262],"floor_reached":11,"language":"ENG","playtime":461,"items_purged":[],"score":85,"play_id":"6521f30f-d43c-490f-a651-37775faeed85","local_time":"20210226095213","is_ascension_mode":true,"campfire_choices":[{"floor":6,"key":"RECALL"},{"floor":8,"key":"REST"}],"circlet_count":1,"master_deck":["Strike_G","Strike_G","Strike_G","Strike_G","Strike_G","Defend_G","Defend_G","Defend_G","Defend_G","Defend_G","Survivor","Neutralize","Noxious Fumes","Poisoned Stab","Endless Agony","Noxious Fumes","Catalyst"],"relics":["Ring of the Snake","Lantern","Circlet"],"acts_visited":["Exordium"],"potions_floor_usage":[5,7,11,11],"damage_taken":[{"damage":2.0,"enemies":"2 Louse","floor":1.0,"turns":4.0},{"damage":0.0,"enemies":"Jaw Worm","floor":2.0,"turns":5.0},{"damage":0.0,"enemies":"Cultist","floor":3.0,"turns":3.0},{"damage":14,"enemies":"3 Sentries","floor":7,"turns":5},{"damage":24,"enemies":"Gremlin Nob","floor":11,"turns":4}],"seed_played":"914123215953664440","potions_obtained":[{"floor":3.0,"key":"SteroidPotion"},{"floor":5,"key":"Fruit Juice"},{"floor":5,"key":"Energy Potion"},{"floor":5,"key":"Explosive Potion"}],"is_trial":false,"path_per_floor":["M","M","M","$","?","R","E","R","T","?","E"],"character_chosen":"THE_SILENT","items_purchased":["Noxious Fumes"],"campfire_rested":1,"item_purchase_floors":[4],"current_hp_per_floor":[68,68,68,68,73,73,59,75,75,75,51,51],"gold":262,"neow_bonus":"HUNDRED_GOLD","is_daily":false,"chose_seed":false,"campfire_upgraded":0,"win_rate":0.0,"timestamp":1614351133,"path_taken":["M","M","M","$","?","R","E","R","T","?","E"],"items_purchased_type":["Card"],"build_version":"2020-12-22","purchased_purges":0,"victory":false,"max_hp_per_floor":[70,70,70,70,75,75,75,75,75,75,75,75],"card_choices":[{"not_picked":["Deadly Poison","Dagger Throw"],"picked":"Noxious Fumes","floor":1.0},{"not_picked":["Deflect","Underhanded Strike"],"picked":"Poisoned Stab","floor":2.0},{"not_picked":["Phantasmal Killer","PiercingWail"],"picked":"Endless Agony","floor":3.0},{"not_picked":["Accuracy","Flechettes"],"picked":"Catalyst","floor":7}],"player_experience":354347,"relics_obtained":[{"floor":7,"key":"Lantern"},{"floor":11,"key":"Circlet"}],"event_choices":[{"damage_healed":0,"gold_gain":0,"player_choice":"Got Potions","damage_taken":0,"max_hp_gain":0,"max_hp_loss":0,"event_name":"Lab","floor":5,"gold_loss":0},{"damage_healed":0,"gold_gain":0,"player_choice":"Ignored","damage_taken":0,"max_hp_gain":0,"max_hp_loss":0,"event_name":"NoteForYourself","floor":10,"gold_loss":0}],"is_beta":false,"boss_relics":[],"items_purged_floors":[],"is_endless":false,"potions_floor_spawned":[3],"killed_by":"Gremlin Nob","ascension_level":1}}