{"host":"kh6fvhxn285ncg0o","time":1614305108,"event":{"mods":["Act Like it!","BaseMod","Colored Map","Friendly Minions","Keyboard Shortcuts","Minty Spire (QoL Compilation)","Quick Restart","Relic Stats","StSLib","SuperFastMode","UnlockEverythingMod"],"gold_per_floor":[117,117,267,287,362,387,387,417,417,432,27,56,70,88,88,163,163,178,178,192,192,206,231,248,124,124,154,154,181,181,193,193,266,266,284,284,121,121,134,167,177,204,204,217,232,232,264,282,282,282,282,282,282,13,41,41],"floor_reached":57,"language":"KOR","playtime":1991,"items_purged":["Doubt","Strike_R","Bash"],"score":3244,"play_id":"8d886440-41e4-4275-97ab-942625c87937","local_time":"20210226110508","is_ascension_mode":true,"campfire_choices":[{"data":"Carnage","floor":7.0,"key":"SMITH"},{"data":"Uppercut","floor":15.0,"key":"SMITH"},{"data":"Body Slam","floor":28.0,"key":"SMITH"},{"floor":30.0,"key":"REST"},{"data":"Armaments","floor":32.0,"key":"SMITH"},{"data":"Burning Pact","floor":46.0,"key":"SMITH"},{"floor":49.0,"key":"RECALL"},{"data":"Offering","floor":53.0,"key":"SMITH"}],"circlet_count":0,"master_deck":["AscendersBane","Defend_R","Defend_R","Defend_R","Defend_R","Flame Barrier","Carnage+1","Burning Pact+1","Shrug It Off","Uppercut+1","Seeing Red","Offering+1","Intimidate+1","Whirlwind+1","Entrench+1","Body Slam+1","Sentinel","Battle Trance","Armaments+1","Madness","Madness","Evolve","Deep Breath"],"relics":["Burning Blood","NeowsBlessing","Ice Cream","Letter Opener","Self Forming Clay","Frozen Eye","Orichalcum","The Courier","Astrolabe","Lantern","Pocketwatch","PreservedInsect","Bronze Scales","Busted Crown","Mummified Hand","Oddly Smooth Stone","Kunai","Ancient Tea Set","Lee\u0027s Waffle","CaptainsWheel"],"acts_visited":["Exordium","TheCity","TheBeyond","TheEnding"],"potions_floor_usage":[56,56],"damage_taken":[{"damage":0.0,"enemies":"Jaw Worm","floor":1.0,"turns":1.0},{"damage":0.0,"enemies":"Small Slimes","floor":4.0,"turns":1.0},{"damage":0.0,"enemies":"3 Sentries","floor":6.0,"turns":2.0},{"damage":59.0,"enemies":"Gremlin Nob","floor":8.0,"turns":5.0},{"damage":0.0,"enemies":"Cultist","floor":10.0,"turns":2.0},{"damage":8.0,"enemies":"3 Sentries","floor":12.0,"turns":8.0},{"damage":2.0,"enemies":"Large Slime","floor":13.0,"turns":5.0},{"damage":0.0,"enemies":"Exordium Wildlife","floor":14.0,"turns":3.0},{"damage":18.0,"enemies":"Slime Boss","floor":16.0,"turns":9.0},{"damage":22.0,"enemies":"Spheric Guardian","floor":18.0,"turns":4.0},{"damage":0.0,"enemies":"3 Byrds","floor":20.0,"turns":4.0},{"damage":3.0,"enemies":"Snecko","floor":22.0,"turns":4.0},{"damage":25.0,"enemies":"Book of Stabbing","floor":23.0,"turns":4.0},{"damage":12.0,"enemies":"Snake Plant","floor":24.0,"turns":2.0},{"damage":6.0,"enemies":"Slavers","floor":27.0,"turns":2.0},{"damage":6.0,"enemies":"Gremlin Leader","floor":29.0,"turns":2.0},{"damage":8.0,"enemies":"Shelled Parasite and Fungi","floor":31.0,"turns":3.0},{"damage":0.0,"enemies":"Champ","floor":33.0,"turns":8.0},{"damage":0.0,"enemies":"3 Shapes","floor":35.0,"turns":3.0},{"damage":8.0,"enemies":"Orb Walker","floor":39.0,"turns":4.0},{"damage":6.0,"enemies":"Reptomancer","floor":40.0,"turns":3.0},{"damage":12.0,"enemies":"Jaw Worm Horde","floor":41.0,"turns":2.0},{"damage":0.0,"enemies":"Giant Head","floor":42.0,"turns":6.0},{"damage":6.0,"enemies":"Spire Growth","floor":44.0,"turns":4.0},{"damage":6.0,"enemies":"Transient","floor":45.0,"turns":6.0},{"damage":12.0,"enemies":"Reptomancer","floor":47.0,"turns":5.0},{"damage":4.0,"enemies":"4 Shapes","floor":48.0,"turns":3.0},{"damage":10.0,"enemies":"Awakened One","floor":50.0,"turns":7.0},{"damage":18.0,"enemies":"Time Eater","floor":51.0,"turns":9.0},{"damage":56.0,"enemies":"Shield and Spear","floor":55.0,"turns":5.0},{"damage":22,"enemies":"The Heart","floor":56,"turns":8}],"seed_played":"-8413645413681677322","potions_obtained":[{"floor":8.0,"key":"Dexterity Potion"},{"floor":10.0,"key":"ColorlessPotion"},{"floor":12.0,"key":"FearPotion"},{"floor":14.0,"key":"PowerPotion"},{"floor":22.0,"key":"DuplicationPotion"},{"floor":23.0,"key":"LiquidBronze"},{"floor":27.0,"key":"HeartOfIron"},{"floor":29.0,"key":"PowerPotion"},{"floor":39.0,"key":"Energy Potion"},{"floor":45.0,"key":"HeartOfIron"}],"is_trial":false,"path_per_floor":["M","?","?","M","?","E","R","E","T","M","$","E","M","M","R","B",null,"M","?","M","?","M","E","M","$","T","E","R","E","R","M","R","B",null,"M","?","$","?","M","E","M","E","T","M","M","R","E","M","R","B","B",null,"R","$","E","B",null],"character_chosen":"IRONCLAD","items_purchased":["Frozen Eye","Orichalcum","Energy Potion","Evolve","Deep Breath","Lee\u0027s Waffle","ElixirPotion"],"campfire_rested":1,"item_purchase_floors":[11,11,25,37,54,54,54],"current_hp_per_floor":[74,74,74,75,64,70,70,17,17,23,23,21,25,31,31,19,61,45,45,51,51,54,35,29,29,29,29,29,29,51,49,49,55,70,75,61,61,61,59,59,53,59,59,59,59,59,53,55,55,51,39,66,66,82,32,16],"gold":41,"neow_bonus":"THREE_ENEMY_KILL","is_daily":false,"chose_seed":false,"campfire_upgraded":6,"win_rate":0.0,"timestamp":1614305108,"path_taken":["M","?","?","?","?","E","R","E","T","M","$","E","M","M","R","BOSS","M","?","M","?","?","E","M","$","T","E","R","E","R","M","R","BOSS","M","?","$","?","M","E","M","E","T","M","?","R","E","M","R","BOSS","BOSS","R","$","E","BOSS"],"items_purchased_type":["Relic","Relic","Potion","Card","Card","Relic","Potion"],"build_version":"2020-12-22","purchased_purges":3,"victory":true,"max_hp_per_floor":[75,75,75,75,75,75,75,75,75,75,75,75,75,75,75,75,75,75,75,75,75,75,75,75,75,75,75,75,75,75,75,75,75,75,75,75,75,75,75,75,75,75,75,75,75,75,75,75,75,75,75,75,75,82,82,82],"relic_stats":{"Lee\u0027s Waffle":16,"counters":[31,134],"Self Forming Clay":[168],"Astrolabe":["Intimidate","Whirlwind","Entrench"],"PreservedInsect":375,"Letter Opener":[635],"Orichalcum":[156],"Burning Blood":180,"Busted Crown":20,"Mummified Hand":[10],"Bronze Scales":[294],"Kunai":[7],"obtain_stats":[{"Ice Cream":6,"Lantern":23,"Lee\u0027s Waffle":54,"NeowsBlessing":0,"Self Forming Clay":9,"Astrolabe":17,"Oddly Smooth Stone":40,"The Courier":12,"PreservedInsect":27,"Letter Opener":8,"Orichalcum":11,"Ancient Tea Set":47,"Burning Blood":0,"Frozen Eye":11,"CaptainsWheel":55,"Busted Crown":34,"Mummified Hand":38,"Bronze Scales":29,"Kunai":42,"Pocketwatch":26},{"Ice Cream":3,"Lantern":13,"Lee\u0027s Waffle":29,"NeowsBlessing":0,"Self Forming Clay":4,"Astrolabe":9,"Oddly Smooth Stone":21,"The Courier":6,"PreservedInsect":15,"Letter Opener":4,"Orichalcum":5,"Ancient Tea Set":26,"Burning Blood":0,"Frozen Eye":5,"CaptainsWheel":30,"Busted Crown":18,"Mummified Hand":19,"Bronze Scales":16,"Kunai":23,"Pocketwatch":14},{"Ice Cream":4,"Lantern":52,"Lee\u0027s Waffle":121,"NeowsBlessing":0,"Self Forming Clay":9,"Astrolabe":36,"Oddly Smooth Stone":79,"The Courier":19,"PreservedInsect":56,"Letter Opener":9,"Orichalcum":11,"Ancient Tea Set":102,"Burning Blood":0,"Frozen Eye":11,"CaptainsWheel":126,"Busted Crown":69,"Mummified Hand":72,"Bronze Scales":58,"Kunai":87,"Pocketwatch":54}],"Pocketwatch":[81]},"card_choices":[{"not_picked":["Headbutt","Body Slam"],"picked":"Flame Barrier","floor":1.0},{"not_picked":["Wild Strike","Armaments"],"picked":"Carnage","floor":4.0},{"not_picked":["Exhume","Flame Barrier"],"picked":"Burning Pact","floor":6.0},{"not_picked":["Clothesline","Thunderclap"],"picked":"Shrug It Off","floor":8.0},{"not_picked":["Armaments","Pummel"],"picked":"Uppercut","floor":10.0},{"not_picked":["Hemokinesis","Thunderclap","Body Slam"],"picked":"SKIP","floor":12.0},{"not_picked":["Searing Blow","True Grit","Sword Boomerang"],"picked":"SKIP","floor":13.0},{"not_picked":["Anger","Burning Pact"],"picked":"Seeing Red","floor":14.0},{"not_picked":["Double Tap","Bludgeon"],"picked":"Offering","floor":16.0},{"not_picked":["Cleave","Heavy Blade","Pommel Strike"],"picked":"SKIP","floor":18.0},{"not_picked":["Reckless Charge+1","True Grit","Intimidate"],"picked":"SKIP","floor":20.0},{"not_picked":["Cleave","Havoc+1"],"picked":"Body Slam","floor":22.0},{"not_picked":["Uppercut","Thunderclap"],"picked":"Sentinel","floor":23.0},{"not_picked":["Thunderclap","Wild Strike"],"picked":"Battle Trance","floor":24.0},{"not_picked":["Immolate","Ghostly Armor","Heavy Blade"],"picked":"SKIP","floor":27.0},{"not_picked":["Offering","Perfected Strike+1","Shockwave"],"picked":"SKIP","floor":29.0},{"not_picked":["Body Slam","Infernal Blade"],"picked":"Armaments","floor":31.0},{"not_picked":["Twin Strike"],"picked":"SKIP","floor":35.0},{"not_picked":["Iron Wave+1"],"picked":"SKIP","floor":39.0},{"not_picked":["Perfected Strike"],"picked":"SKIP","floor":40.0},{"not_picked":["Twin Strike+1"],"picked":"SKIP","floor":41.0},{"not_picked":["Pommel Strike"],"picked":"SKIP","floor":42.0},{"not_picked":["Perfected Strike"],"picked":"SKIP","floor":44.0},{"not_picked":["Iron Wave+1"],"picked":"SKIP","floor":45.0},{"not_picked":["Armaments+1"],"picked":"SKIP","floor":47.0},{"not_picked":["Clash"],"picked":"SKIP","floor":48.0},{"not_picked":["True Grit"],"picked":"SKIP","floor":55.0}],"player_experience":1546551,"relics_obtained":[{"floor":6.0,"key":"Ice Cream"},{"floor":8.0,"key":"Letter Opener"},{"floor":9.0,"key":"Self Forming Clay"},{"floor":12.0,"key":"The Courier"},{"floor":23.0,"key":"Lantern"},{"floor":26.0,"key":"Pocketwatch"},{"floor":27.0,"key":"PreservedInsect"},{"floor":29.0,"key":"Bronze Scales"},{"floor":38.0,"key":"Mummified Hand"},{"floor":40.0,"key":"Oddly Smooth Stone"},{"floor":42.0,"key":"Kunai"},{"floor":47.0,"key":"Ancient Tea Set"},{"floor":55.0,"key":"CaptainsWheel"}],"event_choices":[{"cards_removed":["Strike_R"],"damage_healed":0.0,"max_hp_gain":0.0,"max_hp_loss":0.0,"gold_gain":0.0,"event_name":"Living Wall","player_choice":"Forget","floor":2.0,"gold_loss":0.0,"damage_taken":0.0},{"damage_healed":0.0,"max_hp_gain":0.0,"max_hp_loss":0.0,"gold_gain":150.0,"event_name":"Liars Game","player_choice":"AGREE","floor":3.0,"gold_loss":0.0,"damage_taken":0.0,"cards_obtained":["Doubt"]},{"damage_healed":0.0,"max_hp_gain":0.0,"max_hp_loss":0.0,"gold_gain":75.0,"event_name":"World of Goop","player_choice":"Gather Gold","floor":5.0,"gold_loss":0.0,"damage_taken":11.0},{"damage_healed":0.0,"max_hp_gain":0.0,"max_hp_loss":0.0,"gold_gain":0.0,"event_name":"Ghosts","player_choice":"Ignored","floor":19.0,"gold_loss":0.0,"damage_taken":0.0},{"damage_healed":0.0,"max_hp_gain":0.0,"max_hp_loss":0.0,"gold_gain":0.0,"event_name":"WeMeetAgain","player_choice":"Ignored","floor":21.0,"gold_loss":0.0,"damage_taken":0.0},{"damage_healed":0.0,"max_hp_gain":0.0,"max_hp_loss":0.0,"gold_gain":0.0,"event_name":"Winding Halls","player_choice":"Embrace Madness","floor":36.0,"gold_loss":0.0,"damage_taken":14.0,"cards_obtained":["Madness","Madness"]},{"damage_healed":0.0,"max_hp_gain":0.0,"max_hp_loss":0.0,"gold_gain":0.0,"event_name":"Wheel of Change","player_choice":"Relic","floor":38.0,"gold_loss":0.0,"damage_taken":0.0}],"is_beta":false,"boss_relics":[{"not_picked":["Runic Pyramid","Runic Cube"],"picked":"Astrolabe"},{"not_picked":["Empty Cage","Pandora\u0027s Box"],"picked":"Busted Crown"}],"items_purged_floors":[11,25,37],"is_endless":false,"potions_floor_spawned":[8,10,12,14,22,23,27,29,39,41,42,45],"ascension_level":20}}