{"host":"d3bsw5ou8fswq5qc","time":1614374692,"event":{"mods":["Aspiration","BaseMod","Colored Map","Conspire","Downfall","GifTheSpireLib","Googly Eyes","Minty Spire (QoL Compilation)","Replay The Spire","StSLib","Stuff the Spire","The Jungle"],"gold_per_floor":[99,115,15,33,33,82,82,115,149,203,256,309,309,330,388,497,497,497,523,523,554,554,554,554,610,628,40,121,15,31,54,99,99,99],"floor_reached":32,"language":"FRA","playtime":4556,"items_purged":[],"score":488,"play_id":"85140d64-4ce8-4c74-9eb7-fff406e512b0","local_time":"20210226222452","is_ascension_mode":true,"campfire_choices":[{"data":"Slimebound:Split","floor":1,"key":"SMITH"},{"floor":13,"key":"REST"},{"data":"Slimebound:DuplicatedForm","floor":18,"key":"SMITH"},{"floor":23,"key":"REST"}],"circlet_count":0,"master_deck":["AscendersBane","Slimebound:Strike_Slimebound","Slimebound:Strike_Slimebound","Slimebound:Strike_Slimebound","Slimebound:Tackle","Slimebound:Defend_Slimebound","Slimebound:Defend_Slimebound","Slimebound:Defend_Slimebound","Slimebound:Defend_Slimebound","Slimebound:Split+1","Slimebound:CorrosiveSpit","Slimebound:Schlurp","conspire:SpireCoStock","conspire:SpireCoStock","Slimebound:HauntingLick","Slimebound:AcidTongue","Slimebound:Prepare","Slimebound:LeechingTouch","Slimebound:Nibble","Slimebound:SamplingLick","Slimebound:DuplicatedForm+1","Slimebound:ItLooksTasty","Slimebound:SpikyOuterGoop","Slimebound:SlimeSpikes","CommonCold","Slimebound:SplitLeeching","Slimebound:FinishingTackle","Slimebound:TongueLash","Slimebound:SlimeSlap","Slimebound:SamplingLick","expansioncontent:PolyBeam","Slimebound:GoopSpray","Slimebound:LeechEnergy","Slimebound:SplitMire","Slimebound:Schlurp+1"],"relics":["Slimebound:AbsorbEndCombat","Peace Pipe","Replay:Ringing Soul","Bag of Preparation","Shovel","PreservedInsect","Replay:Bronze Core","Ring of Fangs","ReplayTheSpireMod:Ring of Challenge","Slimebound:MaxSlimesRelic","Lantern","aspiration:Nostalgia","Burning Blood","Anchor"],"acts_visited":["Exordium","TheCity"],"potions_floor_usage":[16,16,25,31],"damage_taken":[{"damage":7,"enemies":"Jaw Worm","floor":2,"turns":4},{"damage":5,"enemies":"2 Louse","floor":4,"turns":4},{"damage":16,"enemies":"Lagavulin","floor":6,"turns":7},{"damage":1,"enemies":"Cultist","floor":8,"turns":4},{"damage":4,"enemies":"Exordium Wildlife","floor":9,"turns":5},{"damage":6,"enemies":"2 Fungi Beasts","floor":10,"turns":5},{"damage":22,"enemies":"Large Slime","floor":11,"turns":7},{"damage":30,"enemies":"conspire:MimicChest","floor":12,"turns":7},{"damage":2,"enemies":"downfall:LooterAlt","floor":14,"turns":4},{"damage":5,"enemies":"Exordium Thugs","floor":15,"turns":5},{"damage":43,"enemies":"WA_ARCHETYPE_RETAIN","floor":16,"turns":12},{"damage":50,"enemies":"3 Byrds","floor":19,"turns":9},{"damage":16,"enemies":"downfall:LooterAlt2","floor":21,"turns":4},{"damage":7,"enemies":"Centurion and Healer","floor":25,"turns":10},{"damage":45,"enemies":"3 Cultists","floor":26,"turns":6},{"damage":0,"enemies":"downfall:FleeingMerchant","floor":27,"turns":5},{"damage":64,"enemies":"Sentry and Sphere","floor":28,"turns":8},{"damage":12,"enemies":"downfall:FleeingMerchant","floor":29,"turns":5},{"damage":6,"enemies":"Centurion and Healer","floor":30,"turns":6},{"damage":32,"enemies":"Snecko","floor":31,"turns":6},{"damage":46,"enemies":"Snake Plant","floor":32,"turns":2}],"seed_played":"-1548938083746785802","potions_obtained":[{"floor":8,"key":"SteroidPotion"},{"floor":11,"key":"FearPotion"},{"floor":21,"key":"SkillPotion"},{"floor":28,"key":"PowerPotion"},{"floor":30,"key":"Energy Potion"}],"is_trial":false,"path_per_floor":["R","M","?","M","T","E","T","M","M","M","M","?","R","M","M","B",null,"R","M","?","M","?","R","T","M","M","$","M","$","M","M","M"],"character_chosen":"SLIMEBOUND","items_purchased":["Lantern","aspiration:Nostalgia","Slimebound:SlimeSlap","Slimebound:SamplingLick","expansioncontent:PolyBeam","Anchor"],"campfire_rested":2,"item_purchase_floors":[27,27,27,27,27,29],"current_hp_per_floor":[44,43,43,42,42,37,37,38,43,44,33,14,38,44,47,15,66,66,42,45,40,43,71,71,75,56,67,35,36,47,32,0,0,0],"gold":99,"neow_bonus":"ONE_RARE_RELIC","is_daily":false,"chose_seed":false,"campfire_upgraded":2,"win_rate":0.0,"timestamp":1614374692,"path_taken":["R","M","?","M","?","E","T","M","M","M","?","?","R","M","M","BOSS","R","M","?","M","?","R","T","M","M","$","M","$","M","M","M"],"items_purchased_type":["Relic","Relic","Card","Card","Card","Relic"],"build_version":"2020-12-22","purchased_purges":0,"victory":false,"max_hp_per_floor":[65,65,65,65,65,68,68,68,71,74,77,80,80,80,80,83,83,83,86,89,92,95,95,95,98,101,104,107,110,113,116,116,116,116],"card_choices":[{"not_picked":["Slimebound:FinishingTackle","Slimebound:ComboTackle"],"picked":"Slimebound:Schlurp","floor":2},{"not_picked":["Slimebound:PressTheAttack","Slimebound:SplitBruiser"],"picked":"Slimebound:HauntingLick","floor":4},{"not_picked":["Slimebound:HauntingLick","Slimebound:Recollect"],"picked":"Slimebound:AcidTongue","floor":6},{"not_picked":["Slimebound:TongueLash","Slimebound:Equalize","Slimebound:FlameTackle"],"picked":"SKIP","floor":8},{"not_picked":["Slimebound:LeechEnergy","Slimebound:Teamwork"],"picked":"Slimebound:Prepare","floor":9},{"not_picked":["Slimebound:SamplingLick","Slimebound:SplitAcid"],"picked":"Slimebound:LeechingTouch","floor":10},{"not_picked":["Slimebound:SlimeBarrage","Slimebound:TongueLash"],"picked":"Slimebound:Nibble","floor":11},{"not_picked":["Slimebound:Chomp","Slimebound:FlameTackle"],"picked":"Slimebound:SamplingLick","floor":12},{"not_picked":["Slimebound:Grow","Slimebound:HauntingLick","Slimebound:LivingWall"],"picked":"SKIP","floor":14},{"not_picked":["Slimebound:RallyTheTroops","Slimebound:HauntingLick","Slimebound:ComboTackle"],"picked":"SKIP","floor":15},{"not_picked":["Slimebound:OneTwoCombo","Slimebound:Teamwork"],"picked":"Slimebound:DuplicatedForm","floor":16},{"not_picked":["Slimebound:MegaLick","Slimebound:FinishingTackle"],"picked":"Slimebound:ItLooksTasty","floor":19},{"not_picked":["Slimebound:SplitMire","Slimebound:RejuvenatingLick"],"picked":"Slimebound:SlimeSpikes","floor":21},{"not_picked":["Slimebound:LeechEnergy","Slimebound:SlimeSpikes+1"],"picked":"Slimebound:SplitLeeching","floor":25},{"not_picked":["Slimebound:RejuvenatingLick","Slimebound:GoopTackle"],"picked":"Slimebound:FinishingTackle","floor":26},{"not_picked":["Slimebound:FinishingTackle","Slimebound:RollThrough"],"picked":"Slimebound:TongueLash","floor":27},{"not_picked":["Slimebound:FirmFortitude","Slimebound:ComboTackle"],"picked":"Slimebound:GoopSpray","floor":28},{"not_picked":["Slimebound:HauntingLick","Slimebound:PressTheAttack"],"picked":"Slimebound:LeechEnergy","floor":29},{"not_picked":["Slimebound:SlimeSpikes","Slimebound:BestDefense+1"],"picked":"Slimebound:SplitMire","floor":30},{"not_picked":["Slimebound:SplitAcid","Slimebound:BestDefense"],"picked":"Slimebound:Schlurp+1","floor":31}],"player_experience":329930,"relics_obtained":[{"floor":5,"key":"Replay:Ringing Soul"},{"floor":6,"key":"Bag of Preparation"},{"floor":7,"key":"Shovel"},{"floor":12,"key":"PreservedInsect"},{"floor":22,"key":"Ring of Fangs"},{"floor":22,"key":"ReplayTheSpireMod:Ring of Challenge"},{"floor":24,"key":"Slimebound:MaxSlimesRelic"}],"event_choices":[{"damage_healed":0,"gold_gain":0,"player_choice":"Invest 2","damage_taken":0,"max_hp_gain":0,"max_hp_loss":0,"event_name":"conspire:Investor","floor":3,"gold_loss":0},{"damage_healed":0,"gold_gain":0,"player_choice":"Read","damage_taken":0,"max_hp_gain":0,"max_hp_loss":0,"event_name":"The Library","floor":20,"gold_loss":0,"cards_obtained":["Slimebound:SpikyOuterGoop"]}],"is_beta":false,"boss_relics":[{"not_picked":["StuffTheSpire:Kangaroo","Ring of Chaos"],"picked":"Replay:Bronze Core"}],"items_purged_floors":[],"is_endless":false,"potions_floor_spawned":[8,11,12,21,28,30],"killed_by":"Snake Plant","ascension_level":13}}