{"host":"0hb9w7uizu7y13wj","time":1614375097,"event":{"mods":["Act Like it!","Aspiration","BaseMod","BetterRewards","Colored Map","Conspire","Downfall","Energized Spire","FTL Soundtrack","Friendly Minions","Halation","Hubris","Infinite Spire","Minty Spire (QoL Compilation)","Quick Restart","Replay The Spire","StSLib","Synergy Search","The Hierophant","The Jungle","The Poker Player","Trackpad","everything is the same but u backflip on backflip"],"gold_per_floor":[118,118,135,135,37,62,62,62,62],"floor_reached":8,"language":"ENG","playtime":199,"items_purged":[],"score":158,"play_id":"0c2f3711-4582-4529-b340-274ab7844e45","local_time":"20210226213137","is_ascension_mode":true,"campfire_choices":[{"data":"Finesse","floor":7,"key":"SMITH"}],"circlet_count":0,"master_deck":["AscendersBane","Strike_G","Strike_G+1","Strike_G","Strike_G","Strike_G","Defend_G","Defend_G","Defend_G","Defend_G","Defend_G","Survivor","Neutralize+1","Finesse+1"],"relics":["Ring of the Snake","NeowsBlessing","Replay:Kaleidoscope"],"acts_visited":["Exordium"],"potions_floor_usage":[],"damage_taken":[{"damage":0,"enemies":"2 Louse","floor":1,"turns":1},{"damage":0,"enemies":"Jaw Worm","floor":3,"turns":1},{"damage":0,"enemies":"3 Sentries","floor":6,"turns":1},{"damage":24,"enemies":"Gremlin Nob","floor":8,"turns":4}],"seed_played":"7223634542469151057","potions_obtained":[{"floor":6,"key":"Explosive Potion"}],"is_trial":false,"path_per_floor":["M","?","M","?","$","E","R","E"],"character_chosen":"THE_SILENT","items_purchased":["Finesse"],"campfire_rested":0,"item_purchase_floors":[5],"current_hp_per_floor":[59,59,59,59,59,59,59,35,35],"gold":62,"neow_bonus":"THREE_ENEMY_KILL","is_daily":false,"chose_seed":false,"campfire_upgraded":1,"win_rate":0.0,"timestamp":1614375097,"path_taken":["M","?","M","?","?","E","R","E"],"items_purchased_type":["Card"],"build_version":"2020-12-22","purchased_purges":0,"victory":false,"max_hp_per_floor":[66,66,66,66,66,66,66,66,66],"card_choices":[{"not_picked":["Dodge and Roll","Endless Agony","Sucker Punch"],"picked":"SKIP","floor":1},{"not_picked":["Finisher","Hidden Blade","Distraction"],"picked":"SKIP","floor":3},{"not_picked":["Dagger Spray","hubris:Sniper","ReplayTheSpireMod:Scrap Shanks"],"picked":"SKIP","floor":6}],"player_experience":1001249,"relics_obtained":[{"floor":6,"key":"Replay:Kaleidoscope"}],"event_choices":[],"is_beta":false,"boss_relics":[],"items_purged_floors":[],"is_endless":false,"potions_floor_spawned":[6],"killed_by":"Gremlin Nob","ascension_level":20}}