{"host":"v7nip9mocme4em3v","time":1614321585,"event":{"mods":["BaseMod","BetterRewards","Minty Spire (QoL Compilation)","Quick Restart","StSLib"],"gold_per_floor":[115,126,140,158,172,172,204,204,204,221,221,240,240,20,20,119,119,130,55,73,73,92,118,118,134,134,164,37,48,48,58,58,159,159,175,225,18,18,28,55,73,73,150,150,164,164,175,175,175,175],"floor_reached":51,"language":"ENG","playtime":3415,"items_purged":["Strike_R"],"score":821,"play_id":"e57e5c97-797f-4c63-b86c-36f9062b1e14","local_time":"20210225223945","is_ascension_mode":false,"campfire_choices":[{"data":"True Grit","floor":6.0,"key":"SMITH"},{"floor":8.0,"key":"REST"},{"data":"Whirlwind","floor":13.0,"key":"SMITH"},{"data":"Cleave","floor":15.0,"key":"SMITH"},{"data":"Barricade","floor":24.0,"key":"SMITH"},{"data":"Metallicize","floor":30.0,"key":"SMITH"},{"data":"Demon Form","floor":32.0,"key":"SMITH"},{"data":"Feel No Pain","floor":42.0,"key":"SMITH"},{"data":"Impervious","floor":44.0,"key":"SMITH"},{"data":"Shrug It Off","floor":46.0,"key":"SMITH"},{"floor":49.0,"key":"REST"}],"circlet_count":0,"master_deck":["Strike_R","Strike_R","Defend_R","Defend_R","Defend_R","Bash","Demon Form+1","Iron Wave","Hemokinesis","Whirlwind+1","Sword Boomerang","True Grit+1","Clothesline","Cleave+1","Impervious+1","Barricade+1","Uppercut+1","Metallicize+1","RitualDagger","True Grit+1","Inflame+1","Shrug It Off+1","Shrug It Off+1","Twin Strike+1","Limit Break","Seeing Red+1","Carnage+1","Seeing Red+1","Feel No Pain+1","Iron Wave+1"],"relics":["Burning Blood","Thread and Needle","Meat on the Bone","ClockworkSouvenir","SlaversCollar","Sundial","Molten Egg 2","Ancient Tea Set","Busted Crown","Mango","PreservedInsect","Regal Pillow","Ornamental Fan"],"acts_visited":["Exordium","TheCity","TheBeyond"],"potions_floor_usage":[50,50,50],"damage_taken":[{"damage":5.0,"enemies":"Cultist","floor":1.0,"turns":4.0},{"damage":4.0,"enemies":"Jaw Worm","floor":2.0,"turns":5.0},{"damage":5.0,"enemies":"Small Slimes","floor":3.0,"turns":3.0},{"damage":0.0,"enemies":"3 Louse","floor":4.0,"turns":1.0},{"damage":21.0,"enemies":"Exordium Wildlife","floor":5.0,"turns":6.0},{"damage":49.0,"enemies":"Lagavulin","floor":7.0,"turns":6.0},{"damage":4.0,"enemies":"Exordium Thugs","floor":10.0,"turns":4.0},{"damage":2.0,"enemies":"2 Fungi Beasts","floor":12.0,"turns":4.0},{"damage":31.0,"enemies":"Slime Boss","floor":16.0,"turns":6.0},{"damage":18.0,"enemies":"Shell Parasite","floor":18.0,"turns":6.0},{"damage":27.0,"enemies":"Chosen","floor":20.0,"turns":7.0},{"damage":10.0,"enemies":"Centurion and Healer","floor":22.0,"turns":9.0},{"damage":6.0,"enemies":"Book of Stabbing","floor":23.0,"turns":6.0},{"damage":0.0,"enemies":"Snecko","floor":25.0,"turns":6.0},{"damage":0.0,"enemies":"Gremlin Leader","floor":27.0,"turns":7.0},{"damage":16.0,"enemies":"Sentry and Sphere","floor":29.0,"turns":5.0},{"damage":0.0,"enemies":"3 Cultists","floor":31.0,"turns":4.0},{"damage":0.0,"enemies":"Champ","floor":33.0,"turns":8.0},{"damage":4.0,"enemies":"3 Shapes","floor":35.0,"turns":5.0},{"damage":30.0,"enemies":"Mind Bloom Boss Battle","floor":36.0,"turns":10.0},{"damage":15.0,"enemies":"3 Darklings","floor":39.0,"turns":5.0},{"damage":10.0,"enemies":"Reptomancer","floor":40.0,"turns":6.0},{"damage":0.0,"enemies":"Maw","floor":41.0,"turns":6.0},{"damage":11.0,"enemies":"Writhing Mass","floor":45.0,"turns":7.0},{"damage":2.0,"enemies":"Spire Growth","floor":47.0,"turns":4.0},{"damage":2,"enemies":"Donu and Deca","floor":50,"turns":7}],"seed_played":"-3778631944328943791","potions_obtained":[{"floor":5.0,"key":"SneckoOil"},{"floor":7.0,"key":"AttackPotion"},{"floor":10.0,"key":"ColorlessPotion"},{"floor":12.0,"key":"BloodPotion"},{"floor":22.0,"key":"SkillPotion"},{"floor":29.0,"key":"BlessingOfTheForge"},{"floor":31.0,"key":"DuplicationPotion"},{"floor":33.0,"key":"Dexterity Potion"}],"is_trial":false,"path_per_floor":["M","M","M","M","M","R","E","R","T","M","?","M","R","$","R","B",null,"M","?","M","?","M","E","R","M","T","E","$","M","R","M","R","B",null,"M","?","$","?","M","E","M","R","T","R","M","R","M","?","R","B",null],"character_chosen":"IRONCLAD","items_purchased":["ClockworkSouvenir","Block Potion","DuplicationPotion","PreservedInsect","Dexterity Potion"],"campfire_rested":2,"item_purchase_floors":[14,28,28,37,37],"current_hp_per_floor":[80,80,80,80,65,65,22,46,46,48,41,57,57,57,57,44,80,68,68,47,41,53,53,53,59,59,65,65,55,55,61,61,67,80,80,70,70,70,61,57,63,63,63,63,58,58,62,62,94,94],"gold":175,"neow_bonus":"ONE_RANDOM_RARE_CARD","is_daily":false,"chose_seed":false,"campfire_upgraded":9,"win_rate":0.0,"timestamp":1614321585,"path_taken":["M","M","M","M","M","R","E","R","T","M","?","M","R","?","R","BOSS","M","?","M","?","M","E","R","M","T","E","$","M","R","M","R","BOSS","M","?","$","?","M","E","M","R","T","R","?","R","M","?","R","BOSS"],"items_purchased_type":["Relic","Potion","Potion","Relic","Potion"],"build_version":"2020-12-22","purchased_purges":1,"victory":true,"max_hp_per_floor":[80,80,80,80,80,80,80,80,80,80,80,80,80,80,80,80,80,80,80,80,80,80,80,80,80,80,80,80,80,80,80,80,80,80,80,94,94,94,94,94,94,94,94,94,94,94,94,94,94,94],"card_choices":[{"not_picked":["Body Slam","Thunderclap"],"picked":"Iron Wave","floor":1.0},{"not_picked":["Shockwave","True Grit"],"picked":"Hemokinesis","floor":2.0},{"not_picked":["Pommel Strike","Pummel"],"picked":"Whirlwind","floor":3.0},{"not_picked":["Clothesline","Perfected Strike"],"picked":"Sword Boomerang","floor":4.0},{"not_picked":["Warcry","Uppercut"],"picked":"True Grit","floor":5.0},{"not_picked":["Perfected Strike","Seeing Red"],"picked":"Clothesline","floor":7.0},{"not_picked":["Clash","Clothesline"],"picked":"Cleave","floor":10.0},{"not_picked":["Iron Wave","Whirlwind"],"picked":"Impervious","floor":12.0},{"not_picked":["Fiend Fire","Impervious"],"picked":"Barricade","floor":16.0},{"not_picked":["Clash+1","Clothesline"],"picked":"Uppercut+1","floor":18.0},{"not_picked":["Spot Weakness","Pummel"],"picked":"Metallicize","floor":20.0},{"not_picked":["Iron Wave","Perfected Strike"],"picked":"True Grit+1","floor":22.0},{"not_picked":["True Grit","Carnage"],"picked":"Inflame+1","floor":23.0},{"not_picked":["Impervious","Clothesline"],"picked":"Shrug It Off","floor":25.0},{"not_picked":["Anger+1","Whirlwind+1","Evolve"],"picked":"SKIP","floor":27.0},{"not_picked":["Perfected Strike+1","Twin Strike+1"],"picked":"Shrug It Off+1","floor":29.0},{"not_picked":["Clothesline+1","Infernal Blade"],"picked":"Twin Strike+1","floor":31.0},{"not_picked":["Berserk","Double Tap"],"picked":"Limit Break","floor":33.0},{"not_picked":[],"picked":"Seeing Red+1","floor":35.0},{"not_picked":[],"picked":"Carnage+1","floor":39.0},{"not_picked":[],"picked":"Seeing Red+1","floor":40.0},{"not_picked":[],"picked":"Feel No Pain","floor":41.0},{"not_picked":[],"picked":"Iron Wave+1","floor":45.0},{"not_picked":["Second Wind+1"],"picked":"SKIP","floor":47.0}],"player_experience":16774,"relics_obtained":[{"floor":7.0,"key":"Thread and Needle"},{"floor":9.0,"key":"Meat on the Bone"},{"floor":23.0,"key":"Sundial"},{"floor":26.0,"key":"Molten Egg 2"},{"floor":27.0,"key":"Ancient Tea Set"},{"floor":36.0,"key":"Mango"},{"floor":40.0,"key":"Regal Pillow"},{"floor":43.0,"key":"Ornamental Fan"}],"event_choices":[{"cards_removed":["Strike_R"],"damage_healed":0.0,"max_hp_gain":0.0,"max_hp_loss":0.0,"gold_gain":0.0,"event_name":"Golden Wing","player_choice":"Card Removal","floor":11.0,"gold_loss":0.0,"damage_taken":7.0},{"cards_removed":["Strike_R"],"damage_healed":0.0,"max_hp_gain":0.0,"max_hp_loss":0.0,"gold_gain":0.0,"event_name":"Beggar","player_choice":"Gave Gold","floor":19.0,"gold_loss":75.0,"damage_taken":0.0},{"damage_healed":0.0,"max_hp_gain":0.0,"max_hp_loss":0.0,"gold_gain":0.0,"event_name":"Nest","player_choice":"Joined the Cult","floor":21.0,"gold_loss":0.0,"damage_taken":6.0,"cards_obtained":["RitualDagger"]},{"damage_healed":0.0,"max_hp_gain":0.0,"max_hp_loss":0.0,"gold_gain":0.0,"event_name":"MindBloom","player_choice":"Fight","floor":36.0,"gold_loss":0.0,"damage_taken":0.0},{"damage_healed":0.0,"max_hp_gain":0.0,"max_hp_loss":0.0,"gold_gain":0.0,"event_name":"Transmorgrifier","player_choice":"Ignored","floor":38.0,"gold_loss":0.0,"damage_taken":0.0},{"cards_removed":["Defend_R"],"damage_healed":0.0,"max_hp_gain":0.0,"max_hp_loss":0.0,"gold_gain":0.0,"event_name":"Falling","player_choice":"Removed Skill","floor":48.0,"gold_loss":0.0,"damage_taken":0.0}],"is_beta":false,"boss_relics":[{"not_picked":["Black Star","SacredBark"],"picked":"SlaversCollar"},{"not_picked":["Philosopher\u0027s Stone","Coffee Dripper"],"picked":"Busted Crown"}],"items_purged_floors":[14],"is_endless":false,"potions_floor_spawned":[5,7,10,12,16,22,29,31,33,35,39],"ascension_level":0}}