{"host":"hl3ams4am2ku5u4p","time":1614377212,"event":{"mods":["AchievementEnabler","Act Like it!","Aspiration","BaseMod","Beaked The Cultist","BetterRewards","CatGirl Mod","Colored Map","Colored Powertips","Conspire","Downfall","Energized Spire","Halation","Hallownest","HornydragonMod","Hubris","Infinite Spire","Jedi Mod","Mad Scientist","Magitek Elite","Minty Spire (QoL Compilation)","READ ME - Guardian Mod","Replay The Spire","Spikes Relics","StSLib","SuperFastMode","The Blackbeard","The Bug Knight","The Construct","The Disciple","The Jungle","The Mystic","The Necromancer","The Senshi"],"gold_per_floor":[113,132,132,132,147,147,182,201,201,201,221,221,234,234,234,338,338,349,57,57,75,75,75,109,109,109,109,126,126,141,153,153,257,257,267,280,280,290,290,290,290,290,290,290,290,308,356,356,356,356,356,356,13,13,13],"floor_reached":54,"language":"FRA","playtime":2269,"items_purged":["Strike_R","Strike_R"],"score":1109,"play_id":"508a14ed-f62c-4815-bebf-2ef51cbc7ef4","local_time":"20210226230652","is_ascension_mode":true,"campfire_choices":[{"data":"Shockwave","floor":6,"key":"SMITH"},{"data":"BarbarianYell","floor":10,"key":"SMITH"},{"data":"Metallicize","floor":12,"key":"SMITH"},{"floor":15,"key":"REST"},{"floor":23,"key":"REST"},{"data":"Bludgeon","floor":25,"key":"SMITH"},{"data":"Madness","floor":27,"key":"SMITH"},{"data":"Sword Boomerang","floor":29,"key":"SMITH"},{"floor":32,"key":"REST"},{"floor":40,"key":"REST"},{"floor":42,"key":"REST"},{"floor":49,"key":"RECALL"},{"data":"Ghostly Armor","floor":52,"key":"SMITH"}],"circlet_count":0,"master_deck":["Strike_R","Strike_R","Strike_R","Defend_R","Defend_R","Defend_R","Defend_R","Bash","Metallicize+1","Sword Boomerang+1","Shockwave+1","Madness+1","Thunderclap","Ghostly Armor+1","Bloodletting","BarbarianYell+1","Bludgeon+1","Shrug It Off","Cleave+1","RitualDagger+1","Heavy Blade+1","Hemogenesis+1","Shrug It Off+1","hubris:DuctTapeCard"],"relics":["Burning Blood","Ribbon","halation:PrussianBluePaint","construct:BoolHorns","Blue Candle","Molten Egg 2","aspiration:RitualStick","Oddly Smooth Stone","Guard_Bracelet","Philosopher\u0027s Stone","ClockworkSouvenir","Hallownest:HeavyBlowRelic","halation:PinkSoulGem","Replay:Baseball","hubris:DuctTape"],"acts_visited":["Exordium","TheCity","TheCity","TheEnding"],"potions_floor_usage":[7,16,33,35,38,50,50,50],"damage_taken":[{"damage":8,"enemies":"Hallownest:2_Baldur","floor":1,"turns":5},{"damage":0,"enemies":"Hallownest:monsterHuskWarrior","floor":2,"turns":3},{"damage":3,"enemies":"Hallownest:monsterHuskGuard","floor":5,"turns":4},{"damage":3,"enemies":"Hallownest:eliteCrystalGuardian","floor":7,"turns":8},{"damage":6,"enemies":"Hallownest:monsterAspidMother","floor":8,"turns":6},{"damage":8,"enemies":"Hallownest:monsterFoolEater","floor":11,"turns":4},{"damage":14,"enemies":"Hallownest:2_Tiktiks_1_Baldur_1_Crawlid","floor":13,"turns":4},{"damage":10,"enemies":"Hallownest:BossBrokenVessel","floor":16,"turns":8},{"damage":0,"enemies":"Spheric Guardian","floor":18,"turns":3},{"damage":24,"enemies":"conspire:FuzzyDice","floor":21,"turns":4},{"damage":18,"enemies":"Book of Stabbing","floor":24,"turns":5},{"damage":8,"enemies":"Centurion and Healer","floor":28,"turns":5},{"damage":13,"enemies":"Sentry and Sphere","floor":30,"turns":6},{"damage":6,"enemies":"3 Cultists","floor":31,"turns":4},{"damage":25,"enemies":"conspire:MysteriousRune","floor":33,"turns":7},{"damage":17,"enemies":"Hallownest:Shield_Heavy","floor":35,"turns":4},{"damage":30,"enemies":"Hallownest:3_Siblings","floor":36,"turns":6},{"damage":26,"enemies":"Hallownest:2_Soldiers_and_1_Guardian","floor":38,"turns":5},{"damage":0,"enemies":"Hallownest:monsterPrimalAspid","floor":46,"turns":1},{"damage":32,"enemies":"Hallownest:Radiance","floor":50,"turns":8},{"damage":86,"enemies":"Shield and Spear","floor":54,"turns":3}],"seed_played":"812338513362372096","potions_obtained":[{"floor":1,"key":"LifebloodPotion"},{"floor":8,"key":"sneckomod:MuddlingPotion"},{"floor":13,"key":"jedi:StrikingPotion"},{"floor":21,"key":"sneckomod:MuddlingPotion"},{"floor":24,"key":"Milkshake"},{"floor":33,"key":"DistilledChaos"},{"floor":35,"key":"LifebloodPotion"},{"floor":38,"key":"Venom Potion"}],"is_trial":false,"path_per_floor":["M","M","?","$","M","R","E","M","T","R","M","R","M","?","R","B",null,"M","$","?","M","?","R","E","R","T","R","M","R","M","M","R","B",null,"M","M","AVR","M","?","R","?","R","T","?","?","M","T","?","R","B",null,"R","$","E"],"character_chosen":"IRONCLAD","items_purchased":["Ribbon","Metallicize","Sword Boomerang","Shockwave","Madness","Thunderclap","Molten Egg 2","Cleave+1","hubris:DuctTape","AttackPotion","jedi:StrikingPotion"],"campfire_rested":5,"item_purchase_floors":[0,0,0,0,0,0,19,19,53,53,53],"current_hp_per_floor":[46,52,52,52,55,55,58,58,58,58,56,56,48,43,67,63,76,80,80,74,56,40,64,52,52,52,52,50,50,43,43,67,48,72,61,45,45,25,25,49,49,73,73,73,73,79,79,79,79,53,73,73,73,0,0],"gold":13,"neow_bonus":"","is_daily":false,"chose_seed":false,"campfire_upgraded":7,"win_rate":0.0,"timestamp":1614377212,"path_taken":["M","M","?","?","M","R","E","M","T","R","?","R","?","?","R","BOSS","M","$","?","M","?","R","E","R","T","R","M","R","M","M","R","BOSS","M","M","AVR","M","?","R","?","R","T","?","?","?","?","?","R","BOSS","R","$","E"],"items_purchased_type":["Relic","Card","Card","Card","Card","Card","Relic","Card","Relic","Potion","Potion"],"build_version":"2020-12-22","purchased_purges":2,"victory":false,"max_hp_per_floor":[80,80,80,80,80,80,80,80,80,80,80,80,80,80,80,80,80,80,80,80,80,80,80,80,80,80,80,80,80,80,80,80,80,80,80,80,80,80,80,80,80,80,80,80,80,80,80,80,80,80,80,80,80,80,80],"card_choices":[{"not_picked":["Shockwave","ReplayTheSpireMod:Strike From Hell"],"picked":"Ghostly Armor","floor":1},{"not_picked":["Sword Boomerang","Havoc"],"picked":"Bloodletting","floor":2},{"not_picked":["Entrench","Hemokinesis","Anger"],"picked":"SKIP","floor":5},{"not_picked":["Clash","jedi:MakeshiftSword"],"picked":"BarbarianYell","floor":7},{"not_picked":["Havoc","Run Through","Warcry"],"picked":"SKIP","floor":8},{"not_picked":["Perfected Strike","Flex"],"picked":"jedi:unlimitedpower","floor":11},{"not_picked":["Defy Death","Absolvement","Havoc"],"picked":"SKIP","floor":13},{"not_picked":["Feed","Replay:Many Hands"],"picked":"Bludgeon","floor":16},{"not_picked":["conspire:ExplosiveBarrier","ReplayTheSpireMod:Strike From Hell"],"picked":"Shrug It Off","floor":18},{"not_picked":["Wild Strike+1","Pummel+1"],"picked":"Flex+1","floor":21},{"not_picked":["Perfected Strike+1","Pommel Strike+1"],"picked":"Heavy Blade+1","floor":24},{"not_picked":["Run Through+1","Infernal Blade+1","Warcry+1"],"picked":"SKIP","floor":28},{"not_picked":["Offering","Run Through+1","Shockwave"],"picked":"SKIP","floor":30},{"not_picked":["Cleave+1","ReplayTheSpireMod:Corrosion Curse","jedi:fear"],"picked":"SKIP","floor":31},{"not_picked":["Juggernaut","jedi:bloodyhammer"],"picked":"Hemogenesis+1","floor":33},{"not_picked":["jedi:fear","Iron Wave+1"],"picked":"Shrug It Off+1","floor":35},{"not_picked":["Reckless Charge+1","Wild Strike+1","Sword Boomerang+1"],"picked":"SKIP","floor":36},{"not_picked":["Clothesline+1","Reckless Charge+1","Burning Pact"],"picked":"SKIP","floor":38},{"not_picked":["Absolvement+1","Defy Death","Intimidate+1"],"picked":"SKIP","floor":46}],"player_experience":96699,"relics_obtained":[{"floor":7,"key":"halation:PrussianBluePaint"},{"floor":9,"key":"construct:BoolHorns"},{"floor":24,"key":"Oddly Smooth Stone"},{"floor":26,"key":"Guard_Bracelet"},{"floor":47,"key":"Replay:Baseball"}],"event_choices":[{"damage_healed":0,"gold_gain":0,"player_choice":"Joined the Cult","damage_taken":6,"max_hp_gain":0,"max_hp_loss":0,"event_name":"Nest","floor":20,"gold_loss":0,"cards_obtained":["RitualDagger"]}],"is_beta":false,"boss_relics":[{"not_picked":["halation:Prosthetics","aspiration:RunicSpoon","Kintsugi"]},{"not_picked":["conspire:RoyalGoblet","Ooze Armor"],"picked":"Philosopher\u0027s Stone"}],"items_purged_floors":[0,37],"is_endless":false,"potions_floor_spawned":[1,8,13,21,24,33,35,38],"killed_by":"Shield and Spear","ascension_level":6}}