{"host":"r4fh4z5myensb3zv","time":1614362336,"event":{"mods":["BaseMod","Better Third Choice","Colored Map","Colored Powertips","DeckTracker","Minty Spire (QoL Compilation)","Rare Cards Sparkle","Relic Stats","Replay The Spire","StSLib"],"gold_per_floor":[115,115,135,135,60,94,94,94,94],"floor_reached":8,"language":"ENG","playtime":215,"items_purged":["Strike_R"],"score":91,"play_id":"5a5aad6a-4e6b-4575-aa1e-aa494d4775d6","local_time":"20210226185856","is_ascension_mode":true,"campfire_choices":[],"circlet_count":0,"master_deck":["Strike_R","Strike_R","Strike_R","Strike_R","Defend_R","Defend_R","Defend_R","Defend_R","Run Through+1","Entrench"],"relics":["Burning Blood","NeowsBlessing","Pen Nib"],"acts_visited":["Exordium"],"potions_floor_usage":[],"damage_taken":[{"damage":0,"enemies":"Cultist","floor":1,"turns":1},{"damage":0,"enemies":"Jaw Worm","floor":3,"turns":1},{"damage":0,"enemies":"Gremlin Nob","floor":6,"turns":1},{"damage":30,"enemies":"Lagavulin","floor":8,"turns":5}],"seed_played":"2631213896518057444","potions_obtained":[],"is_trial":false,"path_per_floor":["M","?","M","?","$","E","?","E"],"character_chosen":"IRONCLAD","items_purchased":[],"campfire_rested":0,"item_purchase_floors":[],"current_hp_per_floor":[80,80,80,80,80,80,80,50,50],"gold":94,"neow_bonus":"THREE_ENEMY_KILL","is_daily":false,"chose_seed":false,"campfire_upgraded":0,"win_rate":0.0,"timestamp":1614362336,"path_taken":["M","?","?","?","?","E","?","E"],"items_purchased_type":[],"build_version":"2020-12-22","purchased_purges":1,"victory":false,"max_hp_per_floor":[80,80,80,80,80,80,80,80,80],"relic_stats":{"counters":[4,8],"Pen Nib":[1],"obtain_stats":[{"NeowsBlessing":0,"Pen Nib":6,"Burning Blood":0},{"NeowsBlessing":0,"Pen Nib":3,"Burning Blood":0},{"NeowsBlessing":0,"Pen Nib":3,"Burning Blood":0}],"Burning Blood":0},"card_choices":[{"not_picked":["Clash","True Grit","Uppercut"],"picked":"SKIP","floor":1},{"not_picked":["Replay:Undeath\u0027s Touch","ReplayTheSpireMod:LeadingStrike","Rampage"],"picked":"SKIP","floor":3},{"not_picked":["Anger","Iron Wave"],"picked":"Entrench","floor":6}],"player_experience":149994,"relics_obtained":[{"floor":6,"key":"Pen Nib"}],"event_choices":[{"damage_healed":0,"gold_gain":0,"player_choice":"Ignored","damage_taken":0,"max_hp_gain":0,"max_hp_loss":0,"event_name":"WeMeetAgain","floor":2,"gold_loss":0},{"damage_healed":0,"gold_gain":0,"player_choice":"Ignored","damage_taken":94,"max_hp_gain":0,"max_hp_loss":0,"event_name":"betterThird:BetterSerpent","floor":7,"gold_loss":0}],"is_beta":false,"boss_relics":[],"items_purged_floors":[5],"is_endless":false,"potions_floor_spawned":[],"killed_by":"Lagavulin","ascension_level":3}}