{"host":"qy6st0zp32tctd9l","time":1614337033,"event":{"mods":["BaseMod","Colored Map","Downfall","GifTheSpireLib","Marisa£®ÏF”Í°°ƒß¿Ì…≥£©","Minty Spire (QoL Compilation)","Remilia£®¿Ÿ√◊¿Ú—«£©","Robot Space Explorer","StSLib","The Cursed","The Gatherer","The Marked","[GremlinLeader]The Maniac"],"gold_per_floor":[111,129,129,54,74,74,103,103,103,129,149,178,188,263,263,363,363,381,130,130,149,159,159,159,459,484,502,502,0,20,44,44,147,147,158,158,158,168,193,218,232,282,364,364,384,38,38,107,107,107,107,107,31,64,64,64,64],"floor_reached":55,"language":"ZHS","playtime":3015,"items_purged":["Gatherer:Strike_Gatherer","Gatherer:Strike_Gatherer","Greed_TH","Wraith"],"score":738,"play_id":"0e049062-f949-462d-8892-0be4cd76069a","local_time":"20210226185712","is_ascension_mode":false,"metric_token":853,"campfire_choices":[{"floor":6.0,"key":"RECALL"},{"data":"Gatherer:Centralize","floor":8.0,"key":"SMITH"},{"data":"Gatherer:LuckyClover","floor":15.0,"key":"SMITH"},{"data":"Gatherer:Snatch","floor":23.0,"key":"SMITH"},{"data":"Gatherer:FlowerBeam+1","floor":28.0,"key":"SMITH"},{"data":"Gatherer:Examine","floor":32.0,"key":"SMITH"},{"data":"Apotheosis","floor":49.0,"key":"SMITH"},{"data":"Gatherer:Defend_Gatherer","floor":52.0,"key":"PURGE"}],"circlet_count":0,"master_deck":["Gatherer:Defend_Gatherer","Gatherer:Defend_Gatherer","Gatherer:Defend_Gatherer","Gatherer:Centralize+1","Gatherer:FlowerWhip+1","Gatherer:DrugPower","Gatherer:Snatch+1","Gatherer:Duality","Gatherer:HeartToFruit+1","Gatherer:Polymorphism+1","Gatherer:LuckyClover+1","Gatherer:FlowerBeam+3","Gatherer:Photoscythe+1","Necronomicurse","Gatherer:FlowerShield+1","Gatherer:Solidify","Gatherer:FlowerPower+1","Gatherer:Examine+1","Gatherer:Uplift+1","Gatherer:ScrollOfPurity","CurseOfTheBell","Gatherer:Nutrients","Apotheosis+1","Violence","Trip","Discovery"],"relics":["Gatherer:AlchemyBag","NeowsBlessing","Molten Egg 2","Mercury Hourglass","Pen Nib","Meat on the Bone","Empty Cage","Bag of Preparation","Necronomicon","Bag of Marbles","Calling Bell","PreservedInsect","Kunai","Ice Cream","Akabeko","Art of War","Peace Pipe","HornCleat","Blue Candle","Letter Opener","Bottled Tornado"],"acts_visited":["Exordium","TheCity","TheBeyond","TheEnding"],"potions_floor_usage":[55,55],"damage_taken":[{"damage":0.0,"enemies":"Jaw Worm","floor":1.0,"turns":1.0},{"damage":0.0,"enemies":"Cultist","floor":2.0,"turns":1.0},{"damage":0.0,"enemies":"Small Slimes","floor":5.0,"turns":1.0},{"damage":15.0,"enemies":"Lagavulin","floor":7.0,"turns":7.0},{"damage":2.0,"enemies":"Gremlin Nob","floor":10.0,"turns":3.0},{"damage":5.0,"enemies":"Looter","floor":11.0,"turns":3.0},{"damage":13.0,"enemies":"Lagavulin","floor":12.0,"turns":3.0},{"damage":12.0,"enemies":"Exordium Thugs","floor":13.0,"turns":5.0},{"damage":22.0,"enemies":"The Guardian","floor":16.0,"turns":12.0},{"damage":10.0,"enemies":"3 Byrds","floor":18.0,"turns":4.0},{"damage":0.0,"enemies":"Spheric Guardian","floor":21.0,"turns":1.0},{"damage":8.0,"enemies":"Snake Plant","floor":22.0,"turns":4.0},{"damage":0.0,"enemies":"Snecko","floor":27.0,"turns":2.0},{"damage":9.0,"enemies":"Centurion and Healer","floor":30.0,"turns":6.0},{"damage":11.0,"enemies":"Champ","floor":33.0,"turns":12.0},{"damage":11.0,"enemies":"3 Darklings","floor":35.0,"turns":5.0},{"damage":1.0,"enemies":"3 Shapes","floor":38.0,"turns":4.0},{"damage":1.0,"enemies":"Giant Head","floor":40.0,"turns":6.0},{"damage":14.0,"enemies":"Spire Growth","floor":41.0,"turns":2.0},{"damage":11.0,"enemies":"Mind Bloom Boss Battle","floor":42.0,"turns":5.0},{"damage":1.0,"enemies":"Jaw Worm Horde","floor":45.0,"turns":3.0},{"damage":14.0,"enemies":"Donu and Deca","floor":50.0,"turns":7.0},{"damage":34.0,"enemies":"Shield and Spear","floor":54.0,"turns":4.0},{"damage":78,"enemies":"The Heart","floor":55,"turns":5}],"seed_played":"-8312549982782977536","potions_obtained":[{"floor":1.0,"key":"Block Potion"},{"floor":5.0,"key":"SpeedPotion"},{"floor":7.0,"key":"Swift Potion"},{"floor":10.0,"key":"Weak Potion"},{"floor":16.0,"key":"SteroidPotion"},{"floor":27.0,"key":"AttackPotion"},{"floor":38.0,"key":"PowerPotion"},{"floor":41.0,"key":"BottledMiracle"}],"is_trial":false,"path_per_floor":["M","M","?","$","M","R","E","R","T","E","M","E","M","?","R","B",null,"M","$","?","M","M","R","?","?","T","M","R","$","M","T","R","B",null,"M","?","?","M","T","E","M","?","T","?","M","$","?","T","R","B",null,"R","$","E","B"],"character_chosen":"THE_GATHERER","items_purchased":["Bag of Preparation","Gatherer:FlowerPower","Gatherer:Examine","Apotheosis","LiquidBronze"],"campfire_rested":0,"item_purchase_floors":[19,29,29,46,53],"current_hp_per_floor":[72,72,72,72,72,72,57,57,57,59,58,49,49,38,38,32,88,78,78,62,66,58,58,58,58,58,62,62,47,50,50,50,55,100,89,89,89,92,92,95,81,74,74,69,72,72,62,62,62,64,120,120,120,90,12,12,12],"gold":64,"neow_bonus":"THREE_ENEMY_KILL","is_daily":false,"chose_seed":false,"campfire_upgraded":6,"win_rate":0.0,"timestamp":1614337032,"path_taken":["M","M","?","$","?","R","E","R","T","E","M","E","M","?","R","BOSS","M","$","?","M","M","R","?","?","T","M","R","$","M","?","R","BOSS","M","?","?","M","?","E","M","?","T","?","M","$","?","?","R","BOSS","R","$","E","BOSS"],"items_purchased_type":["Relic","Card","Card","Card","Potion"],"build_version":"2020-12-22","purchased_purges":4,"victory":false,"max_hp_per_floor":[72,72,72,72,72,72,72,72,72,76,80,84,84,84,84,88,88,88,88,88,92,92,92,92,92,92,96,96,96,96,96,96,100,100,100,100,100,104,104,108,108,112,112,112,116,116,116,116,116,120,120,120,120,124,124,124,124],"card_choices":[{"not_picked":["Gatherer:Duality","Gatherer:FeelingFine"],"picked":"Gatherer:DrugPower","floor":1.0},{"not_picked":["Gatherer:SaveValuables","Gatherer:CollectorsShot"],"picked":"Gatherer:Snatch","floor":2.0},{"not_picked":["Gatherer:WoolGloves","Gatherer:CarefulStrike"],"picked":"Gatherer:Duality","floor":5.0},{"not_picked":["Gatherer:Nutrients","Gatherer:BambuSword+1"],"picked":"Gatherer:HeartToFruit+1","floor":7.0},{"not_picked":["Gatherer:AromaProtection","Gatherer:ScrollOfWall"],"picked":"Gatherer:Polymorphism+1","floor":10.0},{"not_picked":["Gatherer:FlowerShield","Gatherer:GatherMaterial","Gatherer:SmartManeuver"],"picked":"SKIP","floor":11.0},{"not_picked":["Gatherer:FlowerShield","Gatherer:GatherMaterial","Gatherer:SmartManeuver"],"picked":"SKIP","floor":11.0},{"not_picked":["Gatherer:AcidicSpray+1","Gatherer:Misfortune+1"],"picked":"Gatherer:LuckyClover","floor":12.0},{"not_picked":["Gatherer:CarefulStrike+1","Gatherer:TreeGrowth"],"picked":"Gatherer:FlowerBeam+1","floor":13.0},{"not_picked":["Gatherer:PoisonMastery","Gatherer:BomberForm"],"picked":"Gatherer:Photoscythe+1","floor":16.0},{"not_picked":["Gatherer:CarefulStrike+1","Gatherer:UpgradeBag","Gatherer:SaveValuables"],"picked":"SKIP","floor":18.0},{"not_picked":["Gatherer:SaveValuables","Gatherer:AromaProtection"],"picked":"Gatherer:FlowerShield","floor":21.0},{"not_picked":["Gatherer:FlowerBeam+1","Gatherer:FruitForce+1"],"picked":"Gatherer:Solidify","floor":22.0},{"not_picked":["Gatherer:Liquidism+1","Gatherer:FlowerFalling+1","Gatherer:UpgradeBag"],"picked":"SKIP","floor":27.0},{"not_picked":["Gatherer:ScherryThrow+1","Gatherer:TreeGrowth"],"picked":"Gatherer:Uplift+1","floor":30.0},{"not_picked":["Gatherer:MindSearch","Gatherer:Bulldoze+1"],"picked":"Gatherer:ScrollOfPurity","floor":33.0},{"not_picked":["Gatherer:ScentOfRosmari","Gatherer:PotentialSlash+1","Gatherer:FlowerFalling+1"],"picked":"SKIP","floor":35.0},{"not_picked":["Gatherer:BambuSword+1","Gatherer:AromaProtection"],"picked":"Gatherer:Nutrients","floor":38.0},{"not_picked":["Gatherer:Solidify+1","Gatherer:Convert","Gatherer:AromaProtection+1"],"picked":"SKIP","floor":40.0},{"not_picked":["Gatherer:Solidify+1","Gatherer:Convert","Gatherer:AromaProtection+1"],"picked":"SKIP","floor":40.0},{"not_picked":["Gatherer:TreeGrowth+1","Gatherer:FlowerShield","Gatherer:Pollute+1"],"picked":"SKIP","floor":41.0},{"not_picked":["Gatherer:CarefulStrike+1","Gatherer:BambuSword+1","Gatherer:DrugPower+1"],"picked":"SKIP","floor":45.0},{"not_picked":["Impatience","Mind Blast+1"],"picked":"Violence","floor":47.0},{"not_picked":["Impatience","Mind Blast+1"],"picked":"Trip","floor":47.0},{"not_picked":["PanicButton","Secret Technique"],"picked":"Discovery","floor":47.0},{"not_picked":["Gatherer:FinishingStrike+1","Gatherer:StoneFence","Gatherer:QuickSynthesis"],"picked":"SKIP","floor":54.0}],"player_experience":155723,"relics_obtained":[{"floor":7.0,"key":"Molten Egg 2"},{"floor":9.0,"key":"Mercury Hourglass"},{"floor":10.0,"key":"Pen Nib"},{"floor":12.0,"key":"Meat on the Bone"},{"floor":20.0,"key":"Necronomicon"},{"floor":31.0,"key":"Bag of Marbles"},{"floor":34.0,"key":"PreservedInsect"},{"floor":34.0,"key":"Kunai"},{"floor":34.0,"key":"Ice Cream"},{"floor":39.0,"key":"Akabeko"},{"floor":40.0,"key":"Art of War"},{"floor":42.0,"key":"Peace Pipe"},{"floor":43.0,"key":"HornCleat"},{"floor":48.0,"key":"Letter Opener"},{"floor":54.0,"key":"Bottled Tornado"}],"event_choices":[{"cards_removed":["Gatherer:Strike_Gatherer"],"damage_healed":0.0,"max_hp_gain":0.0,"max_hp_loss":0.0,"gold_gain":0.0,"event_name":"Purifier","player_choice":"Purged","floor":3.0,"gold_loss":0.0,"damage_taken":0.0},{"damage_healed":0.0,"max_hp_gain":0.0,"max_hp_loss":0.0,"gold_gain":75.0,"event_name":"World of Goop","player_choice":"Gather Gold","floor":14.0,"gold_loss":0.0,"damage_taken":11.0},{"damage_healed":0.0,"max_hp_gain":0.0,"max_hp_loss":0.0,"gold_gain":0.0,"event_name":"Cursed Tome","player_choice":"Obtained Book","floor":20.0,"gold_loss":0.0,"damage_taken":16.0},{"damage_healed":0.0,"max_hp_gain":0.0,"max_hp_loss":0.0,"gold_gain":0.0,"event_name":"The Mausoleum","player_choice":"Ignored","floor":24.0,"gold_loss":0.0,"damage_taken":0.0},{"damage_healed":0.0,"max_hp_gain":0.0,"max_hp_loss":0.0,"gold_gain":0.0,"event_name":"OrinTheCat","player_choice":"Ignored","floor":36.0,"gold_loss":0.0,"damage_taken":0.0},{"cards_removed":["Gatherer:Defend_Gatherer"],"damage_healed":0.0,"max_hp_gain":0.0,"max_hp_loss":0.0,"gold_gain":0.0,"event_name":"Falling","player_choice":"Removed Skill","floor":37.0,"gold_loss":0.0,"damage_taken":0.0},{"damage_healed":0.0,"max_hp_gain":0.0,"max_hp_loss":0.0,"gold_gain":0.0,"event_name":"MindBloom","player_choice":"Fight","floor":42.0,"gold_loss":0.0,"damage_taken":0.0},{"damage_healed":0.0,"max_hp_gain":0.0,"max_hp_loss":0.0,"gold_gain":0.0,"event_name":"SensoryStone","player_choice":"Memory 3","floor":47.0,"gold_loss":0.0,"damage_taken":10.0}],"is_beta":false,"boss_relics":[{"not_picked":["Ectoplasm","Busted Crown"],"picked":"Empty Cage"},{"not_picked":["Fusion Hammer","Pandora\u0027s Box"],"picked":"Calling Bell"}],"items_purged_floors":[4,19,29,46],"is_endless":false,"potions_floor_spawned":[1,5,7,10,16,22,27,30,38,40,41],"killed_by":"The Heart","ascension_level":0}}