{"host":"yawnmhdh5u4s0p8o","time":1614319528,"event":{"mods":["AchievementEnabler","Aspiration","BaseMod","BetterRewards","Colored Powertips","Conspire","Downfall","Friendly Minions","GifTheSpireLib","Gremlin Mod","Hermit","Hubris","Infinite Spire","Ironclad Rager","Minty Spire (QoL Compilation)","Permanent Neow","Reliquary","Replay The Spire","Robot Space Explorer","Shop Mod","Spicy Shops","StSLib","The Construct","The Cursed","The Disciple","The Gatherer","The Hierophant","The Marked","The Necromancer","The Runesmith","The Wild Card"],"gold_per_floor":[99,113,50,50,60,74,100,130,130,130,130,130,130,5,21,125,125,125,145,58,58,58,77,145,163,173,173,173,173],"floor_reached":27,"language":"ENG","playtime":2110,"items_purged":["Pride"],"score":211,"play_id":"d4bcef1d-23e5-4770-8246-55b98e9c725d","local_time":"20210226170528","is_ascension_mode":false,"campfire_choices":[{"floor":1,"key":"RECALL"},{"floor":10,"key":"REST"},{"data":"champ:Taunt","floor":12,"key":"SMITH"}],"circlet_count":0,"master_deck":["champ:Strike","champ:Strike","champ:Strike","champ:Strike","champ:Defend","champ:Defend","champ:Defend","champ:Defend","champ:Execute","champ:Taunt+1","Trip","champ:BladeFlurry","champ:PreciseThrust","champ:StanceDance","champ:PreciseThrust","champ:BerserkersShout","champ:Encircle","champ:BladeFlurry+1","champ:Duel+1","champ:PerfectedStrike+1","champ:Improvising","champ:PreciseThrust+1","champ:StanceDance","champ:RisingSlash+1","champ:IronFortress","champ:FaceSlap+1"],"relics":["champ:ChampionCrown","Happy Flower","Molten Egg 2","aspiration:Lifesprig","Empty Cage","hubris:Towel","Mirror"],"acts_visited":["Exordium","TheCity"],"potions_floor_usage":[8,14],"damage_taken":[{"damage":2,"enemies":"2 Louse","floor":2,"turns":3},{"damage":30,"enemies":"downfall:FleeingMerchant","floor":3,"turns":4},{"damage":17,"enemies":"infinitespire:Voidling","floor":5,"turns":4},{"damage":13,"enemies":"Small Slimes","floor":6,"turns":4},{"damage":51,"enemies":"Replay:BlueRogue","floor":8,"turns":3},{"damage":38,"enemies":"downfall:FleeingMerchant","floor":14,"turns":4},{"damage":29,"enemies":"Blue Slaver","floor":15,"turns":3},{"damage":102,"enemies":"WA_ARCHETYPE_RETAIN","floor":16,"turns":7},{"damage":12,"enemies":"Shell Parasite","floor":19,"turns":3},{"damage":45,"enemies":"downfall:FleeingMerchant","floor":20,"turns":4},{"damage":45,"enemies":"downfall:LooterAlt2","floor":23,"turns":3},{"damage":45,"enemies":"Shelled Parasite and Fungi","floor":25,"turns":4},{"damage":13,"enemies":"Cultist and Chosen","floor":26,"turns":5},{"damage":0,"enemies":"Snake Plant","floor":27,"turns":1}],"seed_played":"-7297341912499169918","potions_obtained":[{"floor":6,"key":"DistilledChaos"},{"floor":8,"key":"conspire:TimeTravelPotion"},{"floor":15,"key":"Doom Potion"},{"floor":19,"key":"Ancient Potion"},{"floor":25,"key":"Swift Potion"}],"is_trial":false,"path_per_floor":["R","M","$","?","M","M","T","E","?","R","?","R","?","$","M","B",null,"R","M","$","?","?","M","T","M","M","M"],"character_chosen":"THE_CHAMP","items_purchased":["champ:StanceDance","champ:Duel+1","champ:RisingSlash+1"],"campfire_rested":1,"item_purchase_floors":[3,14,20],"current_hp_per_floor":[90,88,78,43,36,33,33,32,32,59,59,59,59,66,62,10,90,90,78,78,78,78,53,53,18,10,10,10,10],"gold":173,"neow_bonus":"RANDOM_COLORLESS","is_daily":false,"chose_seed":false,"campfire_upgraded":1,"win_rate":0.0,"timestamp":1614319528,"path_taken":["R","M","$","?","?","M","T","E","?","R","?","R","?","$","M","BOSS","R","M","$","?","?","M","T","M","M","M"],"items_purchased_type":["Card","Card","Card"],"build_version":"2020-12-22","purchased_purges":1,"victory":false,"max_hp_per_floor":[90,90,90,90,90,90,90,90,90,90,90,90,90,90,90,90,90,90,90,90,90,90,90,90,90,90,90,90,90],"card_choices":[{"not_picked":["Forethought","Impatience"],"picked":"Trip","floor":0},{"not_picked":["champ:PreciseThrust","champ:HeartStrike"],"picked":"champ:BladeFlurry","floor":2},{"not_picked":["champ:SkillfulDodge","champ:DancingMaster"],"picked":"champ:PreciseThrust","floor":3},{"not_picked":["champ:EnGarde","champ:FlashCut"],"picked":"champ:PreciseThrust","floor":5},{"not_picked":["champ:DeathBlow","champ:EnGarde"],"picked":"champ:BerserkersShout","floor":6},{"not_picked":["champ:BladeFlurry","champ:Haymaker"],"picked":"champ:Encircle","floor":8},{"not_picked":["champ:Parry","champ:GutPunch+1"],"picked":"champ:BladeFlurry+1","floor":14},{"not_picked":["champ:EnGarde","champ:CrownThrow+1"],"picked":"champ:PerfectedStrike+1","floor":15},{"not_picked":["champ:CheapShot+1","champ:Devastate+1"],"picked":"champ:Improvising","floor":16},{"not_picked":["champ:BladeFlurry+1","champ:Lariat"],"picked":"champ:PreciseThrust+1","floor":19},{"not_picked":["champ:DeathBlow+1","champ:IgnorePain"],"picked":"champ:StanceDance","floor":20},{"not_picked":["champ:DefensiveShout","champ:BladeFlurry+1"],"picked":"champ:IronFortress","floor":23},{"not_picked":["champ:Backstep","champ:GutPunch+1"],"picked":"champ:FaceSlap+1","floor":25},{"not_picked":["champ:AdrenalArmor","champ:Haymaker+1","champ:DefensiveShout"],"picked":"SKIP","floor":26}],"player_experience":145990,"relics_obtained":[{"floor":8,"key":"Happy Flower"},{"floor":24,"key":"Mirror"}],"event_choices":[{"damage_healed":0,"gold_gain":0,"player_choice":"Box","damage_taken":0,"relics_obtained":["aspiration:Lifesprig"],"max_hp_gain":0,"max_hp_loss":0,"event_name":"Big Fish","floor":13,"gold_loss":0,"cards_obtained":["Regret"]}],"is_beta":false,"boss_relics":[{"not_picked":["Philosopher\u0027s Stone","reliquary:WritOfMandamus"],"picked":"Empty Cage"}],"items_purged_floors":[14],"is_endless":false,"potions_floor_spawned":[6,8,15,19,25],"killed_by":"Snake Plant","ascension_level":0}}