{"host":"dqv8oo4v229c1o2l","time":1614300163,"event":{"mods":["AchievementEnabler","BaseMod","Colored Map","Colored Powertips","Minty Spire (QoL Compilation)","Quick Restart","Rare Cards Sparkle","StSLib","Synergy Search"],"gold_per_floor":[11,28,47,60,70,70,98,98,98,98,111,126,146,158,158,257,257,273,290,290,290,190,190,190,203,203,222,236,236,30,30,30,133,133,153,165,106,106,44,44,55,80,129,129,145,145,145,158,158,158,158,158,28,28,28],"floor_reached":54,"language":"ENG","playtime":3054,"items_purged":[],"score":1047,"play_id":"6005198e-e432-4c9e-a3ab-50b815bf6d0d","local_time":"20210225164243","is_ascension_mode":true,"campfire_choices":[{"floor":6.0,"key":"REST"},{"floor":8.0,"key":"REST"},{"data":"Defragment","floor":10.0,"key":"SMITH"},{"floor":15.0,"key":"REST"},{"floor":23.0,"key":"REST"},{"floor":29.0,"key":"REST"},{"floor":32.0,"key":"REST"},{"floor":40.0,"key":"RECALL"},{"floor":46,"key":"REST"},{"floor":49,"key":"REST"},{"floor":52,"key":"REST"}],"circlet_count":0,"master_deck":["AscendersBane","Strike_B+1","Strike_B+1","Strike_B+1","Strike_B+1","Defend_B+1","Defend_B+1","Defend_B+1","Defend_B+1","Zap","Dualcast","Multi-Cast","Conserve Battery","Ball Lightning","Defragment+1","Sweeping Beam","Leap","Ball Lightning","Seek","Biased Cognition","Ball Lightning+1","Ball Lightning+1","Core Surge","Defragment","BootSequence+1","Melter","Defragment","Rainbow+1","CurseOfTheBell","Conserve Battery+1","Defragment","Coolheaded+1","Dramatic Entrance","Coolheaded+1","Madness+1","Madness+1","Glacier+1","Seek+1"],"relics":["Cracked Core","Gremlin Horn","Fusion Hammer","Toxic Egg 2","The Courier","OrangePellets","Meat on the Bone","Calling Bell","Strawberry","Eternal Feather","Unceasing Top","CaptainsWheel","Orichalcum"],"acts_visited":["Exordium","TheCity","TheBeyond","TheEnding"],"potions_floor_usage":[42],"damage_taken":[{"damage":3.0,"enemies":"2 Louse","floor":1.0,"turns":2.0},{"damage":2.0,"enemies":"Jaw Worm","floor":2.0,"turns":3.0},{"damage":0.0,"enemies":"Cultist","floor":3.0,"turns":4.0},{"damage":23.0,"enemies":"3 Louse","floor":4.0,"turns":5.0},{"damage":13.0,"enemies":"Large Slime","floor":5.0,"turns":4.0},{"damage":28.0,"enemies":"Lagavulin","floor":7.0,"turns":8.0},{"damage":13.0,"enemies":"2 Fungi Beasts","floor":11.0,"turns":3.0},{"damage":0.0,"enemies":"Exordium Wildlife","floor":12.0,"turns":3.0},{"damage":12.0,"enemies":"Gremlin Gang","floor":13.0,"turns":3.0},{"damage":1.0,"enemies":"Exordium Thugs","floor":14.0,"turns":3.0},{"damage":34.0,"enemies":"Hexaghost","floor":16.0,"turns":9.0},{"damage":18.0,"enemies":"2 Thieves","floor":18.0,"turns":4.0},{"damage":23.0,"enemies":"Shell Parasite","floor":19.0,"turns":4.0},{"damage":21.0,"enemies":"Snecko","floor":25.0,"turns":4.0},{"damage":31.0,"enemies":"Snake Plant","floor":27.0,"turns":3.0},{"damage":17.0,"enemies":"Shelled Parasite and Fungi","floor":28.0,"turns":5.0},{"damage":56.0,"enemies":"Champ","floor":33.0,"turns":8.0},{"damage":24.0,"enemies":"3 Shapes","floor":35.0,"turns":4.0},{"damage":21.0,"enemies":"3 Darklings","floor":36.0,"turns":5.0},{"damage":4.0,"enemies":"Maw","floor":41.0,"turns":6.0},{"damage":36,"enemies":"Giant Head","floor":42,"turns":7},{"damage":5,"enemies":"Spire Growth","floor":45,"turns":5},{"damage":23,"enemies":"Transient","floor":48,"turns":5},{"damage":24,"enemies":"Time Eater","floor":50,"turns":13},{"damage":112,"enemies":"Shield and Spear","floor":54,"turns":5}],"seed_played":"8738909712471016952","potions_obtained":[{"floor":1.0,"key":"DistilledChaos"},{"floor":4.0,"key":"Block Potion"},{"floor":11.0,"key":"PotionOfCapacity"},{"floor":13.0,"key":"SteroidPotion"},{"floor":14.0,"key":"Explosive Potion"},{"floor":16.0,"key":"EntropicBrew"},{"floor":35.0,"key":"GamblersBrew"},{"floor":48,"key":"FairyPotion"}],"is_trial":false,"path_per_floor":["M","M","M","M","M","R","E","R","T","R","M","M","M","M","R","B",null,"M","M","?","T","$","R","?","M","T","M","M","R","$","?","R","B",null,"M","M","$","?","$","R","M","E","T","?","M","R","?","M","R","B",null,"R","$","E"],"character_chosen":"DEFECT","items_purchased":["FairyPotion","OrangePellets","Melter","Defragment","DuplicationPotion","Defragment","Seek+1"],"campfire_rested":9,"item_purchase_floors":[22,30,30,30,37,39,53],"current_hp_per_floor":[65,63,63,40,27,49,21,43,43,43,30,30,18,17,39,5,58,40,17,17,17,17,39,75,54,54,23,6,28,28,28,50,34,72,48,39,39,39,39,57,53,29,29,29,36,78,68,45,82,58,76,82,82,0,0],"gold":28,"neow_bonus":"THREE_RARE_CARDS","is_daily":false,"chose_seed":false,"campfire_upgraded":1,"win_rate":0.0,"timestamp":1614300163,"path_taken":["M","M","M","M","M","R","E","R","T","R","M","M","M","M","R","BOSS","M","M","?","?","$","R","?","M","T","?","M","R","$","?","R","BOSS","M","M","$","?","$","R","M","E","T","?","M","R","?","?","R","BOSS","R","$","E"],"items_purchased_type":["Potion","Relic","Card","Card","Potion","Card","Card"],"build_version":"2020-12-22","purchased_purges":0,"victory":false,"max_hp_per_floor":[75,75,75,75,75,75,75,75,75,75,75,75,75,75,75,75,75,75,75,75,75,75,75,75,75,75,75,75,75,75,75,75,75,82,82,82,82,82,82,82,82,82,82,82,82,82,82,82,82,82,82,82,82,82,82],"card_choices":[{"not_picked":["Hyperbeam","Thunder Strike"],"picked":"Multi-Cast","floor":0.0},{"not_picked":["Sweeping Beam","Coolheaded"],"picked":"Conserve Battery","floor":1.0},{"not_picked":["Cold Snap","Beam Cell"],"picked":"Ball Lightning","floor":2.0},{"not_picked":["Compile Driver","Barrage"],"picked":"Chaos","floor":3.0},{"not_picked":["Go for the Eyes","Hello World","Reprogram"],"picked":"SKIP","floor":4.0},{"not_picked":["Auto Shields","Redo"],"picked":"Defragment","floor":5.0},{"not_picked":["Tempest","Double Energy"],"picked":"Sweeping Beam","floor":7.0},{"not_picked":["Stack","Aggregate"],"picked":"Leap","floor":11.0},{"not_picked":["Genetic Algorithm","Compile Driver"],"picked":"Ball Lightning","floor":12.0},{"not_picked":["Stack","Gash"],"picked":"Seek","floor":13.0},{"not_picked":["Reinforced Body","Hologram","Leap"],"picked":"SKIP","floor":14.0},{"not_picked":["Reboot","Hyperbeam"],"picked":"Biased Cognition","floor":16.0},{"not_picked":["FTL","Sweeping Beam"],"picked":"Ball Lightning+1","floor":18.0},{"not_picked":["Gash","Tempest+1"],"picked":"Ball Lightning+1","floor":19.0},{"not_picked":["Coolheaded+1","Conserve Battery+1"],"picked":"Core Surge","floor":25.0},{"not_picked":["Blizzard","Undo+1"],"picked":"Defragment","floor":27.0},{"not_picked":["Chaos+1","Loop"],"picked":"BootSequence+1","floor":28.0},{"not_picked":["Buffer","Machine Learning"],"picked":"Rainbow+1","floor":33.0},{"not_picked":["Beam Cell","Hologram+1","Barrage+1"],"picked":"SKIP","floor":35.0},{"not_picked":["Tempest+1","FTL"],"picked":"Conserve Battery+1","floor":36.0},{"not_picked":["Creative AI","Compile Driver","Rebound+1"],"picked":"SKIP","floor":41.0},{"not_picked":["Chaos+1","Fusion+1"],"picked":"Coolheaded+1","floor":42},{"not_picked":["PanicButton+1","HandOfGreed"],"picked":"Dramatic Entrance","floor":44},{"not_picked":["Beam Cell","Cold Snap+1"],"picked":"Coolheaded+1","floor":45},{"not_picked":["Go for the Eyes+1","Consume+1"],"picked":"Glacier+1","floor":48}],"player_experience":345955,"relics_obtained":[{"floor":7.0,"key":"Gremlin Horn"},{"floor":21.0,"key":"Toxic Egg 2"},{"floor":26.0,"key":"The Courier"},{"floor":34.0,"key":"Strawberry"},{"floor":34.0,"key":"Eternal Feather"},{"floor":34.0,"key":"Unceasing Top"},{"floor":42,"key":"CaptainsWheel"},{"floor":43,"key":"Orichalcum"}],"event_choices":[{"damage_healed":0.0,"max_hp_gain":0.0,"max_hp_loss":0.0,"gold_gain":0.0,"event_name":"Back to Basics","player_choice":"Simplicity","floor":20.0,"gold_loss":0.0,"damage_taken":0.0,"cards_upgraded":["Strike_B","Strike_B","Strike_B","Strike_B","Defend_B","Defend_B","Defend_B","Defend_B"]},{"cards_removed":["Chaos"],"damage_healed":36.0,"max_hp_gain":0.0,"max_hp_loss":0.0,"gold_gain":0.0,"event_name":"Bonfire Elementals","player_choice":"Offered Uncommon","floor":24.0,"gold_loss":0.0,"damage_taken":0.0},{"damage_healed":0.0,"max_hp_gain":0.0,"max_hp_loss":0.0,"gold_gain":0.0,"event_name":"The Mausoleum","player_choice":"Opened","floor":31.0,"gold_loss":0.0,"damage_taken":0.0,"relics_obtained":["Meat on the Bone"]},{"damage_healed":0.0,"max_hp_gain":0.0,"max_hp_loss":0.0,"gold_gain":0.0,"event_name":"Tomb of Lord Red Mask","player_choice":"Ignored","floor":38.0,"gold_loss":0.0,"damage_taken":0.0},{"damage_healed":0,"gold_gain":0,"player_choice":"Memory 1","damage_taken":0,"max_hp_gain":0,"max_hp_loss":0,"event_name":"SensoryStone","floor":44,"gold_loss":0},{"damage_healed":0,"gold_gain":0,"player_choice":"Embrace Madness","damage_taken":10,"max_hp_gain":0,"max_hp_loss":0,"event_name":"Winding Halls","floor":47,"gold_loss":0,"cards_obtained":["Madness","Madness"]}],"is_beta":false,"boss_relics":[{"not_picked":["Tiny House","Busted Crown"],"picked":"Fusion Hammer"},{"not_picked":["Cursed Key","Coffee Dripper"],"picked":"Calling Bell"}],"items_purged_floors":[],"is_endless":false,"potions_floor_spawned":[1,4,11,13,14,16,18,27,35,48],"killed_by":"Shield and Spear","ascension_level":10}}