{"host":"ytx76dzs4hscrr3d","time":1614365921,"event":{"mods":["2.2 Compatiblity","AchievementEnabler","BaseMod","DeckTracker","Highlight Path","Minty Spire (QoL Compilation)","Random Character Button","Reliquary","Robot Space Explorer","Spire Arcade","StSLib"],"gold_per_floor":[109,16,16,35,35,35,48,48,48,48,48,60,73,107,107,202,202,216,88,88,104,124,157,169,169,169,204,221,21,40,40,40,142,142,159,178,191,201,217,217,230,230,230,247,260,260,260,71,71,71,71,71,0,0,0],"floor_reached":54,"language":"ENG","playtime":5371,"items_purged":["Pain"],"score":749,"play_id":"0fa4b988-0a4d-4487-b017-073dcc6bcf1c","local_time":"20210226195841","is_ascension_mode":true,"campfire_choices":[{"floor":6,"key":"RECALL"},{"data":"RobotSpaceExplorer:Jetpack","floor":8,"key":"SMITH"},{"data":"RobotSpaceExplorer:PowerGlove","floor":15,"key":"SMITH"},{"data":"RobotSpaceExplorer:FreezingShield","floor":25,"key":"SMITH"},{"data":"RobotSpaceExplorer:StarLightning","floor":32,"key":"SMITH"},{"data":"RobotSpaceExplorer:Blaster","floor":40,"key":"SMITH"},{"data":"RobotSpaceExplorer:Pulsar","floor":47,"key":"SMITH"},{"data":"RobotSpaceExplorer:MiniDrones","floor":49,"key":"SMITH"},{"data":"RobotSpaceExplorer:LuckyStrike","floor":52,"key":"SMITH"}],"circlet_count":0,"master_deck":["RobotSpaceExplorer:Strike","RobotSpaceExplorer:Strike","RobotSpaceExplorer:Strike","RobotSpaceExplorer:Defend","RobotSpaceExplorer:Defend","RobotSpaceExplorer:Scan","RobotSpaceExplorer:MiniLasers","RobotSpaceExplorer:MiniBoosters","RobotSpaceExplorer:MiniDrones+1","RobotSpaceExplorer:Jetpack+1","RobotSpaceExplorer:MetalStrike","RobotSpaceExplorer:GearShield","RobotSpaceExplorer:ImprovisedAttack","RobotSpaceExplorer:PowerGlove+1","RobotSpaceExplorer:FreezingShield+1","RobotSpaceExplorer:ShovelStrike","RobotSpaceExplorer:SurgingStrike+1","RobotSpaceExplorer:SurgingStrike","RobotSpaceExplorer:ToxicBomb+1","RobotSpaceExplorer:DoubleBlock","RobotSpaceExplorer:IronShell+1","RobotSpaceExplorer:ScrapMissile","RobotSpaceExplorer:StarLightning+1","RobotSpaceExplorer:Pulsar+1","RobotSpaceExplorer:SurgingShield","RobotSpaceExplorer:MiniDrones+1","RobotSpaceExplorer:Blaster+1","RobotSpaceExplorer:Discharger","RobotSpaceExplorer:Electroshield","RobotSpaceExplorer:SwiftStep+1","RobotSpaceExplorer:ShockKick","RobotSpaceExplorer:FranticSearch","RobotSpaceExplorer:GlueSpray+1","RobotSpaceExplorer:BigMissile+1","RobotSpaceExplorer:PlasmaMissile+1","RobotSpaceExplorer:LuckyStrike+1","RobotSpaceExplorer:Smokescreen"],"relics":["RobotSpaceExplorer:RoboCore","Ginger","WarpedTongs","reliquary:BallBearing","Coffee Dripper","reliquary:TuningFork","reliquary:RosewoodLute","Dream Catcher","Lee\u0027s Waffle","reliquary:ThirdArm","reliquary:PartyBalloon","Chemical X"],"acts_visited":["TheCity","TheBeyond","TheEnding"],"potions_floor_usage":[16,23,27,37,38,50,50,50],"damage_taken":[{"damage":1,"enemies":"Small Slimes","floor":1,"turns":5},{"damage":0,"enemies":"Cultist","floor":4,"turns":3},{"damage":0,"enemies":"Jaw Worm","floor":7,"turns":5},{"damage":4,"enemies":"Red Slaver","floor":12,"turns":5},{"damage":4,"enemies":"Looter","floor":13,"turns":3},{"damage":18,"enemies":"Lagavulin","floor":14,"turns":9},{"damage":6,"enemies":"The Guardian","floor":16,"turns":10},{"damage":3,"enemies":"Shell Parasite","floor":18,"turns":6},{"damage":0,"enemies":"Spheric Guardian","floor":21,"turns":3},{"damage":7,"enemies":"Centurion and Healer","floor":22,"turns":5},{"damage":16,"enemies":"Gremlin Leader","floor":23,"turns":7},{"damage":7,"enemies":"Shelled Parasite and Fungi","floor":24,"turns":5},{"damage":10,"enemies":"Slavers","floor":27,"turns":5},{"damage":0,"enemies":"Snake Plant","floor":28,"turns":4},{"damage":0,"enemies":"3 Cultists","floor":30,"turns":5},{"damage":24,"enemies":"Automaton","floor":33,"turns":9},{"damage":1,"enemies":"3 Shapes","floor":35,"turns":4},{"damage":3,"enemies":"Orb Walker","floor":36,"turns":4},{"damage":11,"enemies":"Jaw Worm Horde","floor":37,"turns":5},{"damage":7,"enemies":"Writhing Mass","floor":38,"turns":9},{"damage":14,"enemies":"Sphere and 2 Shapes","floor":39,"turns":4},{"damage":40,"enemies":"Spire Growth","floor":41,"turns":7},{"damage":18,"enemies":"Transient","floor":44,"turns":5},{"damage":2,"enemies":"Sphere and 2 Shapes","floor":45,"turns":4},{"damage":21,"enemies":"Awakened One","floor":50,"turns":16},{"damage":40,"enemies":"Shield and Spear","floor":54,"turns":3}],"seed_played":"-8184502919715176453","potions_obtained":[{"floor":7,"key":"Explosive Potion"},{"floor":16,"key":"FairyPotion"},{"floor":21,"key":"LiquidMemories"},{"floor":23,"key":"DistilledChaos"},{"floor":27,"key":"SkillPotion"},{"floor":30,"key":"Regen Potion"},{"floor":41,"key":"RobotSpaceExplorer:RecyclePotion"},{"floor":44,"key":"Block Potion"},{"floor":45,"key":"PowerPotion"}],"is_trial":false,"path_per_floor":["M","$","?","M","$","R","M","R","T","$","?","M","M","E","R","B",null,"M","$","?","M","M","E","M","R","T","E","M","$","M","?","R","B",null,"M","M","M","M","M","R","M","?","T","M","M","?","R","$","R","B",null,"R","$","E"],"character_chosen":"RobotSpaceExplorer","items_purchased":["RobotSpaceExplorer:Jetpack","RobotSpaceExplorer:MetalStrike","RobotSpaceExplorer:SurgingStrike","Lee\u0027s Waffle","RobotSpaceExplorer:SurgingShield","RobotSpaceExplorer:LuckyStrike","Chemical X","RobotSpaceExplorer:Smokescreen"],"campfire_rested":0,"item_purchase_floors":[2,2,19,29,29,48,48,53],"current_hp_per_floor":[74,74,74,74,74,74,74,74,74,74,74,70,66,48,48,42,75,72,72,72,72,65,49,42,42,42,32,32,82,82,82,82,58,82,81,78,78,71,57,57,17,17,17,24,22,22,22,22,22,1,82,82,82,42,42],"gold":0,"neow_bonus":"TRANSFORM_CARD","is_daily":false,"chose_seed":false,"campfire_upgraded":8,"win_rate":0.0,"timestamp":1614365921,"path_taken":["M","$","?","M","$","R","?","R","T","$","?","M","M","E","R","BOSS","M","$","?","M","M","E","M","R","T","E","M","$","M","?","R","BOSS","M","?","M","M","M","R","M","?","T","M","M","?","R","?","R","BOSS","R","$","E"],"items_purchased_type":["Card","Card","Card","Relic","Card","Card","Relic","Card"],"build_version":"2020-12-22","purchased_purges":1,"victory":false,"max_hp_per_floor":[75,75,75,75,75,75,75,75,75,75,75,75,75,75,75,75,75,75,75,75,75,75,75,75,75,75,75,75,82,82,82,82,82,82,82,82,82,82,82,82,82,82,82,82,82,82,82,82,82,82,82,82,82,82,82],"card_choices":[{"not_picked":["RobotSpaceExplorer:GlueShot","RobotSpaceExplorer:Probe"],"picked":"RobotSpaceExplorer:MiniDrones","floor":1},{"not_picked":["RobotSpaceExplorer:ExhaustFan","RobotSpaceExplorer:SurgingStrike"],"picked":"RobotSpaceExplorer:GearShield","floor":4},{"not_picked":["RobotSpaceExplorer:Ammunition","RobotSpaceExplorer:GearShield"],"picked":"RobotSpaceExplorer:ImprovisedAttack","floor":7},{"not_picked":["RobotSpaceExplorer:MiniDrones","RobotSpaceExplorer:ScrapToss"],"picked":"RobotSpaceExplorer:PowerGlove","floor":12},{"not_picked":["RobotSpaceExplorer:Ammunition","RobotSpaceExplorer:SurgingShield"],"picked":"RobotSpaceExplorer:FreezingShield","floor":13},{"not_picked":["RobotSpaceExplorer:ScrapMissile","RobotSpaceExplorer:SlimeMissile"],"picked":"RobotSpaceExplorer:ShovelStrike","floor":14},{"not_picked":["RobotSpaceExplorer:Multitool","RobotSpaceExplorer:BlastShield"],"picked":"RobotSpaceExplorer:Exploration","floor":16},{"not_picked":["RobotSpaceExplorer:PowerCollector","RobotSpaceExplorer:Ammunition"],"picked":"RobotSpaceExplorer:SurgingStrike+1","floor":18},{"not_picked":["RobotSpaceExplorer:SurgingStrike","RobotSpaceExplorer:FrostMissile+1"],"picked":"RobotSpaceExplorer:ToxicBomb+1","floor":21},{"not_picked":["RobotSpaceExplorer:FranticSearch","RobotSpaceExplorer:ScrapMissile+1"],"picked":"RobotSpaceExplorer:DoubleBlock","floor":22},{"not_picked":["RobotSpaceExplorer:Calculate+1","RobotSpaceExplorer:HighVoltage"],"picked":"RobotSpaceExplorer:IronShell+1","floor":23},{"not_picked":["RobotSpaceExplorer:ExhaustFan","RobotSpaceExplorer:GlueShot"],"picked":"RobotSpaceExplorer:ScrapMissile","floor":24},{"not_picked":["RobotSpaceExplorer:FranticSearch","RobotSpaceExplorer:PlasmaMissile"],"picked":"RobotSpaceExplorer:StarLightning","floor":27},{"not_picked":["RobotSpaceExplorer:PlasmaMissile","RobotSpaceExplorer:StunGrenade"],"picked":"RobotSpaceExplorer:Pulsar","floor":28},{"not_picked":["RobotSpaceExplorer:Electroshield","RobotSpaceExplorer:ShovelStrike"],"picked":"RobotSpaceExplorer:MiniDrones+1","floor":30},{"not_picked":["RobotSpaceExplorer:BlastShield","RobotSpaceExplorer:ShockMissile"],"picked":"RobotSpaceExplorer:Blaster","floor":33},{"not_picked":["RobotSpaceExplorer:DoubleBlock","RobotSpaceExplorer:MetalStrike"],"picked":"RobotSpaceExplorer:Discharger","floor":35},{"not_picked":["RobotSpaceExplorer:FranticSearch+1","RobotSpaceExplorer:SelfCleaning"],"picked":"RobotSpaceExplorer:Electroshield","floor":36},{"not_picked":["RobotSpaceExplorer:Ammunition+1","RobotSpaceExplorer:TurboDodge"],"picked":"RobotSpaceExplorer:SwiftStep+1","floor":37},{"not_picked":["RobotSpaceExplorer:ScrapMissile","RobotSpaceExplorer:ExhaustFan+1"],"picked":"RobotSpaceExplorer:ShockKick","floor":38},{"not_picked":["RobotSpaceExplorer:Reload","RobotSpaceExplorer:Ammunition"],"picked":"RobotSpaceExplorer:FranticSearch","floor":39},{"not_picked":["RobotSpaceExplorer:MetalStrike","RobotSpaceExplorer:ShovelStrike+1"],"picked":"RobotSpaceExplorer:GlueSpray+1","floor":41},{"not_picked":["RobotSpaceExplorer:PowerCollector+1","RobotSpaceExplorer:SlimeMissile"],"picked":"RobotSpaceExplorer:BigMissile+1","floor":44},{"not_picked":["RobotSpaceExplorer:PowerGlove+1","RobotSpaceExplorer:HighVoltage"],"picked":"RobotSpaceExplorer:PlasmaMissile+1","floor":45}],"player_experience":417266,"relics_obtained":[{"floor":9,"key":"Ginger"},{"floor":14,"key":"reliquary:BallBearing"},{"floor":18,"key":"reliquary:TuningFork"},{"floor":23,"key":"reliquary:RosewoodLute"},{"floor":27,"key":"Dream Catcher"},{"floor":43,"key":"reliquary:PartyBalloon"}],"event_choices":[{"cards_removed":["RobotSpaceExplorer:Defend"],"damage_healed":0,"gold_gain":0,"player_choice":"Purged","damage_taken":0,"max_hp_gain":0,"max_hp_loss":0,"event_name":"Purifier","floor":3,"gold_loss":0},{"damage_healed":0,"gold_gain":0,"player_choice":"Rummage","damage_taken":0,"relics_obtained":["WarpedTongs"],"max_hp_gain":0,"max_hp_loss":0,"event_name":"Accursed Blacksmith","floor":11,"gold_loss":0,"cards_obtained":["Pain"]},{"damage_healed":0,"gold_gain":0,"player_choice":"Ignored","damage_taken":0,"max_hp_gain":0,"max_hp_loss":0,"event_name":"The Mausoleum","floor":20,"gold_loss":0},{"cards_removed":["RobotSpaceExplorer:Defend"],"damage_healed":0,"gold_gain":0,"player_choice":"Purged","damage_taken":0,"max_hp_gain":0,"max_hp_loss":0,"event_name":"Purifier","floor":31,"gold_loss":0},{"damage_healed":0,"gold_gain":0,"player_choice":"Ignored","damage_taken":0,"max_hp_gain":0,"max_hp_loss":0,"event_name":"Tomb of Lord Red Mask","floor":42,"gold_loss":0},{"damage_healed":0,"gold_gain":0,"player_choice":"Ignored","damage_taken":0,"max_hp_gain":0,"max_hp_loss":0,"event_name":"Mysterious Sphere","floor":46,"gold_loss":0}],"is_beta":false,"boss_relics":[{"not_picked":["Empty Cage","Sozu"],"picked":"Coffee Dripper"},{"not_picked":["reliquary:KinkedSpring","reliquary:Ember"],"picked":"reliquary:ThirdArm"}],"items_purged_floors":[19],"is_endless":false,"potions_floor_spawned":[7,16,21,23,27,30,33,35,41,44,45],"killed_by":"Shield and Spear","ascension_level":2}}