{"host":"ocllwaoi18j60ltd","time":1614354586,"event":{"mods":["BaseMod","DeckTracker","Minty Spire (QoL Compilation)","Permanent Neow","Quick Restart","StSLib","SuperFastMode"],"gold_per_floor":[116,116,116,116,3,3,32,32,32,47,59,59,59,59],"floor_reached":13,"language":"KOR","playtime":181,"items_purged":[],"score":93,"play_id":"ab9ebf53-ec2a-4e2e-ba36-95b5aca96d0d","local_time":"20210227004946","is_ascension_mode":true,"campfire_choices":[{"data":"Biased Cognition","floor":6,"key":"SMITH"},{"data":"Defragment","floor":12,"key":"SMITH"}],"circlet_count":0,"master_deck":["Strike_B+1","Strike_B","Strike_B","Strike_B","Defend_B","Defend_B","Defend_B+1","Defend_B","Zap","Dualcast","Biased Cognition+1","Defragment+1","Fusion+1","Fusion+1","White Noise+1","Loop"],"relics":["Cracked Core","Toxic Egg 2","Meat on the Bone","Centennial Puzzle"],"acts_visited":["Exordium"],"potions_floor_usage":[11],"damage_taken":[{"damage":4,"enemies":"Jaw Worm","floor":1,"turns":4},{"damage":30,"enemies":"3 Sentries","floor":7,"turns":8},{"damage":0,"enemies":"Small Slimes","floor":10,"turns":4},{"damage":6,"enemies":"2 Louse","floor":11,"turns":3},{"damage":36,"enemies":"Gremlin Nob","floor":13,"turns":3}],"seed_played":"-6189164979344773637","potions_obtained":[{"floor":1,"key":"EssenceOfSteel"}],"is_trial":false,"path_per_floor":["M","?","?","?","$","R","E","?","T","M","M","R","E"],"character_chosen":"DEFECT","items_purchased":["Defragment","Fusion+1"],"campfire_rested":0,"item_purchase_floors":[5,5],"current_hp_per_floor":[71,76,58,51,51,51,21,5,5,17,23,23,0,0],"gold":59,"neow_bonus":"THREE_RARE_CARDS","is_daily":false,"chose_seed":false,"campfire_upgraded":2,"win_rate":0.0,"timestamp":1614354586,"path_taken":["M","?","?","?","$","R","E","?","T","M","M","R","E"],"items_purchased_type":["Card","Card"],"build_version":"2020-12-22","purchased_purges":0,"victory":false,"max_hp_per_floor":[75,80,80,80,80,80,80,80,80,80,80,80,80,80],"card_choices":[{"not_picked":["Hyperbeam","Reboot"],"picked":"Biased Cognition","floor":0},{"not_picked":["Go for the Eyes","Redo","Rebound"],"picked":"SKIP","floor":1},{"not_picked":["Auto Shields+1","Stack+1"],"picked":"Fusion+1","floor":7},{"not_picked":["Redo+1","Compile Driver"],"picked":"White Noise+1","floor":10},{"not_picked":["Gash","Streamline"],"picked":"Loop","floor":11}],"player_experience":596949,"relics_obtained":[{"floor":7,"key":"Meat on the Bone"},{"floor":9,"key":"Centennial Puzzle"}],"event_choices":[{"damage_healed":0,"gold_gain":0,"player_choice":"Donut","damage_taken":0,"max_hp_gain":5,"max_hp_loss":0,"event_name":"Big Fish","floor":2,"gold_loss":0},{"damage_healed":0,"gold_gain":0,"player_choice":"Success","damage_taken":18,"relics_obtained":["Toxic Egg 2"],"max_hp_gain":0,"max_hp_loss":0,"event_name":"Scrap Ooze","floor":3,"gold_loss":0},{"cards_removed":["Clumsy"],"damage_healed":0,"gold_gain":0,"player_choice":"Card Removal","damage_taken":7,"max_hp_gain":0,"max_hp_loss":0,"event_name":"Golden Wing","floor":4,"gold_loss":0},{"damage_healed":0,"gold_gain":0,"player_choice":"Entered Light","damage_taken":16,"max_hp_gain":0,"max_hp_loss":0,"event_name":"Shining Light","floor":8,"gold_loss":0,"cards_upgraded":["Strike_B","Defend_B"]}],"is_beta":false,"boss_relics":[],"items_purged_floors":[],"is_endless":false,"potions_floor_spawned":[1],"killed_by":"Gremlin Nob","ascension_level":3}}