{"host":"wy4vwr4x0uqk666t","time":1614337935,"event":{"mods":["Aspiration","BaseMod","BetterRewards","Colored Map","Colored Powertips","Curses Come First","Defuse TimeMaze Blight","Downfall","Hubris","Infinite Spire","Lobotomy","Minty Spire (QoL Compilation)","Quick Restart","Replay The Spire","StSLib"],"gold_per_floor":[116,116,136,54,54,54,85,85,110,136,150,150,150],"floor_reached":12,"language":"ENG","playtime":532,"items_purged":[],"score":136,"play_id":"5e669080-d424-4551-95ce-18d7d1b7079d","local_time":"20210226121215","is_ascension_mode":false,"campfire_choices":[],"circlet_count":0,"master_deck":["SpecialBullet","SpecialBullet","SpecialBullet","SpecialBullet","SpecialBullet","SpecialBullet","InformationCode","CentralCode","DisciplinaryCode","Wellcheers","CherryBlossom","WallGazer","TodaysExpression","SolemnVow","hubris:Fate","Regret_ego","LittleHelper","CherryBlossom","OSAHOGD","GrinderMk4"],"relics":["CogitoBucket","Snack Pack","Mango","Juzu Bracelet"],"acts_visited":["Exordium"],"potions_floor_usage":[12],"damage_taken":[{"damage":6,"enemies":"Cultist","floor":1,"turns":3},{"damage":18,"enemies":"2 Louse","floor":3,"turns":6},{"damage":0,"enemies":"3 Sentries","floor":7,"turns":1},{"damage":2,"enemies":"Lagavulin","floor":10,"turns":6},{"damage":9,"enemies":"Jaw Worm","floor":11,"turns":4},{"damage":61,"enemies":"Gremlin Nob","floor":12,"turns":4}],"seed_played":"6233911441673639622","potions_obtained":[{"floor":1,"key":"Venom Potion"},{"floor":10,"key":"DistilledChaos"}],"is_trial":false,"path_per_floor":["M","T","M","$","?","R","E","R","T","E","M","E"],"character_chosen":"Angela","items_purchased":["SolemnVow"],"campfire_rested":0,"item_purchase_floors":[4],"current_hp_per_floor":[57,57,43,43,27,27,41,41,41,46,40,0,0],"gold":150,"neow_bonus":"REMOVE_TWO","is_daily":false,"chose_seed":false,"campfire_upgraded":0,"win_rate":0.0,"timestamp":1614337935,"path_taken":["M","?","M","$","?","R","E","R","T","E","M","E"],"items_purchased_type":["Card"],"build_version":"2020-12-22","purchased_purges":0,"victory":false,"max_hp_per_floor":[63,63,63,63,63,63,77,77,77,77,77,77,77],"card_choices":[{"not_picked":["BigBird","FairyFestival"],"picked":"Wellcheers","floor":1},{"not_picked":["Regret_ego"],"picked":"CherryBlossom","floor":1},{"not_picked":["BeautyBeast","Scorched"],"picked":"WallGazer","floor":3},{"not_picked":["Lantern"],"picked":"TodaysExpression","floor":3},{"not_picked":["infinitespire:NeuralNetwork","infinitespire:Gouge"],"picked":"hubris:Fate","floor":5},{"not_picked":["Loneliness"],"picked":"Regret_ego","floor":7},{"not_picked":["LaLuna","ShyLook"],"picked":"LittleHelper","floor":10},{"not_picked":["SolemnVow"],"picked":"CherryBlossom","floor":10},{"not_picked":["Bloodbath","MHz"],"picked":"OSAHOGD","floor":11},{"not_picked":["CherryBlossom"],"picked":"GrinderMk4","floor":11}],"player_experience":3768431,"relics_obtained":[{"floor":2,"key":"Snack Pack"},{"floor":7,"key":"Mango"},{"floor":9,"key":"Juzu Bracelet"}],"event_choices":[],"is_beta":false,"boss_relics":[],"items_purged_floors":[],"is_endless":false,"potions_floor_spawned":[1,10],"killed_by":"Gremlin Nob","ascension_level":0}}