{"host":"69vp7ghydxptgibg","time":1614354742,"event":{"mods":["Bartender","BaseMod","BetterRewards","Downfall","Hubris","Infinite Spire","Ironclad Rager","Jorbs\u0027s Wanderer Trilogy","Minty Spire (QoL Compilation)","READ ME - Guardian Mod","StSLib","The Bladedancer","The Cursed","The Exalted","The Hierophant","The Judge","The Jungle","The Necromancer","The Servant 0.9.4"],"gold_per_floor":[99,112,128,128,145,175,200,218,21,40,25,58,76,76,92,194,194,194,194,11,11,38,54,54,76,76,114,132,132,132,149,160,256,256,256,273,291,391,310,310,310,310,338,338,338,152,184,236,248,348,348,348,348],"floor_reached":51,"language":"ENG","playtime":6336,"items_purged":["hexamod:Defend","hexamod:Defend+1","hexamod:Defend+1"],"score":960,"play_id":"e68f6f36-1cc5-4613-900c-3f4c87e77268","local_time":"20210226165221","is_ascension_mode":false,"campfire_choices":[{"data":"hexamod:Float","floor":1.0,"key":"SMITH"},{"data":"hexamod:GhostOfSpireFuture","floor":18.0,"key":"SMITH"},{"floor":26.0,"key":"RECALL"},{"data":"RitualDagger","floor":35.0,"key":"SMITH"},{"data":"Panache","floor":42.0,"key":"SMITH"},{"data":"hexamod:EmpoweredFlame","floor":45.0,"key":"SMITH"}],"circlet_count":0,"master_deck":["hexamod:Strike+1","hexamod:Strike+1","hexamod:Strike+1","hexamod:Defend+1","hexamod:Sear+1","hexamod:Float+1","hexamod:AdvancingGuard+1","hexamod:GhostLash","hexamod:RadiantFlame+1","hexamod:TimeWarp+1","hexamod:ExtraCrispy+1","hexamod:GhostOfSpireFuture+1","hexamod:Haunt+1","expansioncontent:QuickStudy","hexamod:GhostShield+1","hexamod:GhostOfSpirePast+1","hubris:Fate","hexamod:ThirdSeal","RitualDagger+1","infinitespire:FutureSight","infinitespire:Punishment","hexamod:EmpoweredFlame+1","hexamod:NightmareGuise+1","hexamod:WildfireWeapon","hexamod:HexaLevel+1","hexamod:GhostOfSpirePresent","Panache+1","hexamod:SixthSeal","hexamod:UnlimitedPower","hexamod:TimeOfNeed"],"relics":["hexamod:SpiritBrand","Juzu Bracelet","War Paint","Membership Card","Power_Wrist","hexamod:IceCube","MutagenicStrength","Bag of Preparation","PreservedInsect","Mummified Hand","hexamod:TheBrokenSeal","Potion Belt","hubris:EmptyBottle","hubris:Backtick","Ice Cream","SacredBark","HandDrill","hexamod:SoulConsumer","Lantern","Bromod:ArcaneDeflection","hubris:ToyBattleship","infinitespire:Bottled Soul","Meat on the Bone","infinitespire:Magic Flask","Cursed Key"],"acts_visited":["Exordium","TheCity","TheBeyond"],"potions_floor_usage":[],"damage_taken":[{"damage":0.0,"enemies":"Small Slimes","floor":2.0,"turns":3.0},{"damage":0.0,"enemies":"Cultist","floor":3.0,"turns":4.0},{"damage":0.0,"enemies":"2 Louse","floor":5.0,"turns":2.0},{"damage":16.0,"enemies":"3 Sentries","floor":6.0,"turns":10.0},{"damage":0.0,"enemies":"Red Slaver","floor":8.0,"turns":4.0},{"damage":10.0,"enemies":"downfall:FleeingMerchant","floor":9.0,"turns":4.0},{"damage":18.0,"enemies":"3 Louse","floor":10.0,"turns":4.0},{"damage":10.0,"enemies":"downfall:FleeingMerchant","floor":11.0,"turns":4.0},{"damage":0.0,"enemies":"Gremlin Nob","floor":12.0,"turns":4.0},{"damage":4.0,"enemies":"Blue Slaver","floor":13.0,"turns":4.0},{"damage":5.0,"enemies":"Exordium Wildlife","floor":15.0,"turns":5.0},{"damage":21.0,"enemies":"IC_STATUS_ARCHETYPE","floor":16.0,"turns":7.0},{"damage":0.0,"enemies":"downfall:FleeingMerchant","floor":20.0,"turns":4.0},{"damage":11.0,"enemies":"3 Byrds","floor":23.0,"turns":5.0},{"damage":0.0,"enemies":"Shell Parasite","floor":25.0,"turns":3.0},{"damage":0.0,"enemies":"Nightmare","floor":27.0,"turns":4.0},{"damage":0.0,"enemies":"Snecko","floor":28.0,"turns":1.0},{"damage":0.0,"enemies":"Snake Plant","floor":31.0,"turns":1.0},{"damage":0.0,"enemies":"Shelled Parasite and Fungi","floor":32.0,"turns":2.0},{"damage":0.0,"enemies":"WA_ARCHETYPE_CALM","floor":33.0,"turns":5.0},{"damage":2.0,"enemies":"3 Darklings","floor":36.0,"turns":5.0},{"damage":6.0,"enemies":"3 Shapes","floor":37.0,"turns":1.0},{"damage":0.0,"enemies":"downfall:FleeingMerchant","floor":39.0,"turns":4.0},{"damage":0.0,"enemies":"Nemesis","floor":43.0,"turns":3.0},{"damage":0.0,"enemies":"Giant Head","floor":47.0,"turns":4.0},{"damage":10.0,"enemies":"2 Orb Walkers","floor":48.0,"turns":3.0},{"damage":25.0,"enemies":"Sphere and 2 Shapes","floor":49.0,"turns":4.0},{"damage":3.0,"enemies":"DF_ARCHETYPE_ORBS","floor":50.0,"turns":3.0}],"seed_played":"1689110513300776509","potions_obtained":[{"floor":3.0,"key":"ColorlessPotion"},{"floor":5.0,"key":"Regen Potion"},{"floor":10.0,"key":"EntropicBrew"},{"floor":10.0,"key":"hexamod:InfernoChargePotion"},{"floor":12.0,"key":"hexamod:InfernoChargePotion"},{"floor":12.0,"key":"Explosive Potion"},{"floor":16.0,"key":"Weak Potion"},{"floor":23.0,"key":"EssenceOfSteel"},{"floor":27.0,"key":"Block Potion"},{"floor":27.0,"key":"GamblersBrew"},{"floor":28.0,"key":"AttackPotion"},{"floor":33.0,"key":"PowerPotion"}],"is_trial":false,"path_per_floor":["R","M","M","?","M","E","T","M","$","M","$","E","M","?","M","B",null,"R","?","$","?","T","M","T","M","R","NM","M","?","AVR","M","M","B",null,"R","M","M","?","$","T","T","R","E","?","R","$","E","?","M","B",null],"character_chosen":"THE_SPIRIT","items_purchased":["Membership Card","expansioncontent:QuickStudy","Bag of Preparation","HandDrill","hexamod:SoulConsumer","Lantern","Panache","infinitespire:Bottled Soul"],"campfire_rested":0,"item_purchase_floors":[9,20,20,39,39,39,39,46],"current_hp_per_floor":[77,77,77,77,77,61,61,61,51,33,37,37,33,33,28,7,77,77,77,77,77,77,66,66,66,66,87,87,81,81,81,81,81,87,87,85,79,79,79,79,79,79,79,79,79,79,83,73,48,45,87,87,87],"gold":348,"neow_bonus":"TEN_PERCENT_HP_BONUS","is_daily":false,"chose_seed":false,"campfire_upgraded":5,"win_rate":0.0,"timestamp":1614354741,"path_taken":["R","M","M","?","M","E","T","M","$","M","?","E","M","?","M","BOSS","R","?","$","?","?","M","T","M","R","NM","M","?","AVR","M","M","BOSS","R","M","M","?","$","?","T","R","E","?","R","?","E","?","M","BOSS"],"items_purchased_type":["Relic","Card","Relic","Relic","Relic","Relic","Card","Relic"],"build_version":"2020-12-22","purchased_purges":3,"victory":false,"max_hp_per_floor":[77,77,77,77,77,77,77,77,77,77,77,77,77,77,77,77,77,77,77,77,77,77,77,77,77,77,87,87,87,87,87,87,87,87,87,87,87,87,87,87,87,87,87,87,87,87,87,87,87,87,87,87,87],"card_choices":[{"not_picked":["hexamod:GhostShield","hexamod:HeatMetal"],"picked":"hexamod:AdvancingGuard","floor":2.0},{"not_picked":["hexamod:BacktrackSmack","hexamod:InspiringFlames"],"picked":"hexamod:GhostLash","floor":3.0},{"not_picked":["hexamod:HeatMetal","hexamod:SecondSeal"],"picked":"hexamod:SixthSeal","floor":5.0},{"not_picked":["hexamod:BurningTouch","hexamod:RecurringNightmare","hexamod:HauntingEcho"],"picked":"SKIP","floor":6.0},{"not_picked":["hexamod:SoulSteal","hexamod:FastForward"],"picked":"hexamod:RadiantFlame","floor":8.0},{"not_picked":["hexamod:ChargedBarrage","hexamod:RainOfEmbers"],"picked":"hexamod:FourthSeal","floor":9.0},{"not_picked":["hexamod:StepThrough","hexamod:BacktrackSmack","hexamod:RainOfEmbers"],"picked":"SKIP","floor":10.0},{"not_picked":["hexamod:ThermalTransfer","hexamod:HeatMetal"],"picked":"hexamod:TimeWarp","floor":11.0},{"not_picked":["hexamod:PhantomFireball","hexamod:RainOfEmbers"],"picked":"hexamod:ExtraCrispy","floor":12.0},{"not_picked":["hexamod:CatchUp","hexamod:HeatCrush"],"picked":"hexamod:GhostOfSpireFuture","floor":13.0},{"not_picked":["hexamod:Incineration","hexamod:BurningTouch","hexamod:HeatMetal"],"picked":"SKIP","floor":15.0},{"not_picked":["hexamod:SixthSeal","hexamod:ParanormalForm"],"picked":"hexamod:FifthSeal","floor":16.0},{"not_picked":["hexamod:SixthSeal","hexamod:FourthSeal"],"picked":"hexamod:ThirdSeal","floor":20.0},{"not_picked":["hexamod:GhostLash","hexamod:RetreatToShadows"],"picked":"hexamod:Haunt+1","floor":20.0},{"not_picked":["hexamod:SixthSeal","hexamod:FourthSeal"],"picked":"hexamod:SecondSeal","floor":23.0},{"not_picked":["hexamod:HeatMetal","hexamod:SoulSteal"],"picked":"hexamod:GhostShield+1","floor":23.0},{"not_picked":["hexamod:PhantomFireball+1","hexamod:GhostShield+1","hexamod:ThermalTransfer"],"picked":"SKIP","floor":23.0},{"not_picked":["hexamod:SixthSeal","hexamod:FourthSeal"],"picked":"hexamod:FirstSeal","floor":25.0},{"not_picked":["hexamod:NightmareStrike+1","hexamod:SwordOfDarkness+1"],"picked":"hexamod:GhostOfSpirePast+1","floor":25.0},{"not_picked":["hexamod:FourthSeal","hexamod:HeatShield","hexamod:Incineration+1"],"picked":"SKIP","floor":25.0},{"not_picked":["infinitespire:FinalStrike","infinitespire:Gouge"],"picked":"hubris:Fate","floor":27.0},{"not_picked":["hexamod:RetreatToShadows+1","hexamod:ThermalTransfer+1"],"picked":"hexamod:ThirdSeal","floor":27.0},{"not_picked":["hexamod:InspiringFlames","hexamod:Firestarter+1","hexamod:RainOfEmbers"],"picked":"SKIP","floor":28.0},{"not_picked":["hexamod:HeatMetal","hexamod:GhostLash"],"picked":"hexamod:EmpoweredFlame","floor":31.0},{"not_picked":["hexamod:GhostLash+1","hexamod:HeatShield"],"picked":"hexamod:NightmareGuise+1","floor":32.0},{"not_picked":["hexamod:ThermalTransfer","hexamod:Rewind+1","hexamod:SixthSeal"],"picked":"SKIP","floor":32.0},{"not_picked":["hexamod:GhostflameInferno","hexamod:FifthSeal"],"picked":"hexamod:WildfireWeapon","floor":33.0},{"not_picked":["hexamod:ParanormalForm","hexamod:VolcanoVisage"],"picked":"hexamod:HexaLevel","floor":33.0},{"not_picked":["hexamod:ShieldOfDarkness","hexamod:InspiringFlames","hexamod:PhantomCloak+1"],"picked":"SKIP","floor":36.0},{"not_picked":["hexamod:DynamicBlow","hexamod:SwordOfDarkness","hexamod:SpectersWail"],"picked":"SKIP","floor":36.0},{"not_picked":["hexamod:GhostflameBarrier","hexamod:HauntingEcho+1","hexamod:Firestarter"],"picked":"SKIP","floor":37.0},{"not_picked":["hexamod:SpectersWail+1","hexamod:Haunt"],"picked":"hexamod:GhostOfSpirePresent","floor":39.0},{"not_picked":["hexamod:NightmareStrike","hexamod:Hexaguard+1","hexamod:SwordOfDarkness"],"picked":"SKIP","floor":39.0},{"not_picked":["hexamod:NecessarySacrifice","hexamod:HeatMetal+1","hexamod:UnleashSpirits"],"picked":"SKIP","floor":43.0},{"not_picked":["hexamod:AdvancingGuard","hexamod:FastForward+1","hexamod:NightmareStrike"],"picked":"SKIP","floor":43.0},{"not_picked":["hexamod:HeatShield+1","hexamod:ShieldOfDarkness+1","hexamod:ChargedBarrage"],"picked":"SKIP","floor":47.0},{"not_picked":["hexamod:CatchUp","hexamod:FirstSeal","hexamod:ThermalTransfer"],"picked":"SKIP","floor":47.0},{"not_picked":["hexamod:ThermalTransfer","hexamod:BurningTouch"],"picked":"hexamod:SixthSeal","floor":49.0},{"not_picked":["hexamod:FastForward","hexamod:NightmareStrike","hexamod:BurningTouch"],"picked":"SKIP","floor":49.0},{"not_picked":["hexamod:TurnItUp","hexamod:FifthSeal"],"picked":"hexamod:UnlimitedPower","floor":50.0},{"not_picked":["hexamod:SixthSeal","hexamod:HexaLevel"],"picked":"hexamod:TimeOfNeed","floor":50.0}],"player_experience":558378,"relics_obtained":[{"floor":6.0,"key":"Juzu Bracelet"},{"floor":7.0,"key":"War Paint"},{"floor":12.0,"key":"Power_Wrist"},{"floor":22.0,"key":"PreservedInsect"},{"floor":24.0,"key":"Mummified Hand"},{"floor":27.0,"key":"Potion Belt"},{"floor":41.0,"key":"Bromod:ArcaneDeflection"},{"floor":43.0,"key":"hubris:ToyBattleship"},{"floor":47.0,"key":"Meat on the Bone"},{"floor":48.0,"key":"infinitespire:Magic Flask"}],"event_choices":[{"damage_healed":0.0,"max_hp_gain":0.0,"max_hp_loss":0.0,"gold_gain":0.0,"event_name":"NoteForYourself","player_choice":"Ignored","floor":4.0,"gold_loss":0.0,"damage_taken":0.0},{"cards_removed":["hexamod:Strike"],"damage_healed":0.0,"max_hp_gain":0.0,"max_hp_loss":0.0,"gold_gain":0.0,"event_name":"Bonfire Elementals","player_choice":"Offered Basic","floor":14.0,"gold_loss":0.0,"damage_taken":0.0},{"damage_healed":0.0,"max_hp_gain":0.0,"max_hp_loss":0.0,"gold_gain":0.0,"event_name":"Drug Dealer","player_choice":"Inject Mutagens","floor":19.0,"gold_loss":0.0,"damage_taken":0.0,"relics_obtained":["MutagenicStrength"]},{"damage_healed":0.0,"max_hp_gain":0.0,"max_hp_loss":0.0,"gold_gain":0.0,"event_name":"Mysterious Sphere","player_choice":"Fight","floor":48.0,"gold_loss":0.0,"damage_taken":0.0}],"is_beta":false,"boss_relics":[{"not_picked":["hubris:CrackedHourglass","Tiny House"],"picked":"hexamod:IceCube"},{"not_picked":["Runic Pyramid","Bromod:ArcaneEnergize"],"picked":"SacredBark"},{"not_picked":["SlaversCollar","hubris:GrandSneckoEye"],"picked":"Cursed Key"}],"items_purged_floors":[9,39,46],"is_endless":true,"potions_floor_spawned":[3,5,10,12,13,23,27,28,33,36,37,47],"ascension_level":0}}