{"host":"onfdonezo2qmaex3","time":1614350441,"event":{"mods":["2.2 Compatiblity","AchievementEnabler","Act Like it!","Aspiration","Bard","BaseMod","Colored Powertips","Downfall","Elementarium","Friendly Minions","Gensokyo","Hallownest","Hermit","Highlight Path","Jorbs\u0027s Wanderer Trilogy","Marisa????????","Marked Mod","Menagerie","Minty Spire (QoL Compilation)","Pale of the Ancients","Permanent Neow","Quick Restart","Reliquary","Ruina","Shop Mod","StSLib","The Bug Knight","The Disciple","The Hayseed","The Hierophant","The Marked","The Runesmith"],"gold_per_floor":[115,115,128,128,128,168,168],"floor_reached":6,"language":"ENG","playtime":234,"items_purged":[],"score":53,"play_id":"4a1af2a4-f205-4402-9d39-dd192992f350","local_time":"20210226154041","is_ascension_mode":true,"campfire_choices":[],"circlet_count":0,"master_deck":["Strike_G","Strike_G","Strike_G","Strike_G","Strike_G","Defend_G","Defend_G","Defend_G","Defend_G","Defend_G","Survivor","Neutralize","Deadly Poison+1"],"relics":["reliquary:RedCape","Golden Idol","PrismaticShard","Gambling Chip"],"acts_visited":["Menagerie:Menagerie"],"potions_floor_usage":[],"damage_taken":[{"damage":3,"enemies":"Menagerie:MonstrousExperiment","floor":1,"turns":5},{"damage":1,"enemies":"Menagerie:StygianBoar","floor":3,"turns":4},{"damage":19,"enemies":"Menagerie:Hydra","floor":6,"turns":7}],"seed_played":"-7739321668313600072","potions_obtained":[],"is_trial":false,"path_per_floor":["M","?","M","?","?","E"],"character_chosen":"THE_SILENT","items_purchased":[],"campfire_rested":0,"item_purchase_floors":[],"current_hp_per_floor":[67,67,66,49,49,30,30],"gold":168,"neow_bonus":"BOSS_RELIC","is_daily":false,"chose_seed":false,"campfire_upgraded":0,"win_rate":0.0,"timestamp":1614350441,"path_taken":["M","?","?","?","?","E"],"items_purchased_type":[],"build_version":"2020-12-22","purchased_purges":0,"victory":false,"max_hp_per_floor":[70,70,70,70,68,68,68],"card_choices":[{"not_picked":["PiercingWail","Poisoned Stab"],"picked":"Deadly Poison","floor":1},{"not_picked":["Accuracy","Underhanded Strike","Acrobatics"],"picked":"SKIP","floor":3}],"player_experience":248392,"relics_obtained":[{"floor":6,"key":"Gambling Chip"}],"event_choices":[{"damage_healed":0,"gold_gain":0,"player_choice":"Forge","damage_taken":0,"max_hp_gain":0,"max_hp_loss":0,"event_name":"Accursed Blacksmith","floor":2,"gold_loss":0,"cards_upgraded":["Deadly Poison"]},{"damage_healed":0,"gold_gain":0,"player_choice":"Take Damage","damage_taken":17,"relics_obtained":["Golden Idol"],"max_hp_gain":0,"max_hp_loss":0,"event_name":"Golden Idol","floor":4,"gold_loss":0},{"damage_healed":0,"gold_gain":0,"player_choice":"Enter","damage_taken":0,"relics_obtained":["PrismaticShard"],"max_hp_gain":0,"max_hp_loss":2,"event_name":"Menagerie:ShimmeringGrove","floor":5,"gold_loss":0}],"is_beta":false,"boss_relics":[],"items_purged_floors":[],"is_endless":false,"potions_floor_spawned":[],"killed_by":"Menagerie:Hydra","ascension_level":5}}