{"host":"i2ieyndca3ivj85d","time":1614377503,"event":{"mods":["BaseMod","Library of Ruina","Library of Ruina Extra","Minty Spire (QoL Compilation)","Quick Restart","StSLib"],"gold_per_floor":[113,113,38,49,65,65,100,100,100,110,127,127,152,164,164,266,266,283,298,318,333,432,464,464,482,482,494,526,526,560,560,560,656,656,672,197,197,216,229,255,255,265,290,318,335,368,368,381,381,381,381,381,381,64,93,93],"floor_reached":57,"language":"ZHS","playtime":3187,"items_purged":["Dodge","Decay","Parasite"],"score":1622,"play_id":"8e3e2aaa-dac9-4e68-9c83-cff95e7af7db","local_time":"20210227061143","is_ascension_mode":true,"campfire_choices":[{"data":"FocusedStrikes","floor":6.0,"key":"SMITH"},{"floor":8.0,"key":"RECALL"},{"data":"SavageMode","floor":12.0,"key":"SMITH"},{"data":"CombatPreparation","floor":15.0,"key":"SMITH"},{"data":"GuidanceOfTheGears","floor":24.0,"key":"SMITH"},{"data":"MultiBlock","floor":29.0,"key":"SMITH"},{"data":"ChopItOff","floor":32.0,"key":"SMITH"},{"data":"UnforgettableMelody","floor":41.0,"key":"SMITH"},{"data":"Suppress","floor":47,"key":"SMITH"},{"data":"FleshFillet","floor":49,"key":"SMITH"},{"data":"RulesOfTheBackstreets","floor":53,"key":"SMITH"}],"circlet_count":0,"master_deck":["LightDefense","LightAttack","LightAttack","LightAttack","LightDefense","LightDefense","LightDefense","ChargeAndCover","FocusedStrikes+1","TendonChords+1","SavageMode+1","MultiBlock+1","CombatPreparation+1","RulesOfTheBackstreets+1","FleshFillet+1","FleetEdge+1","ChopItOff+1","GuidanceOfTheGears+1","TheWillOfTheCity+1","AbsorbImpact+1","SmokingPipe+1","ToWhereThePrescriptPoints+1","BackAttack+1","Suppress+1","Deflect_lor+1","SenseQuarry+1","Lock+1","UnforgettableMelody+1","Regret","SwordOfVolition+1"],"relics":["PageOfLibrarian","PageOfNothingThere","PageOfBigBadWolf","PageOfAspirationHeart","Cursed Key","Toxic Egg 2","Strawberry","PreservedInsect","PageOfFairyFestival","Sozu","Membership Card","PageOfForsakenMurderer","Bag of Preparation","Spirit Poop","Ancient Tea Set","Lantern","PageOfScarecrow","Pocketwatch","PageOfOzma","PageOfUniverseFragment","Oddly Smooth Stone"],"acts_visited":["Exordium","TheCity","TheBeyond","TheEnding"],"potions_floor_usage":[51,51],"damage_taken":[{"damage":0.0,"enemies":"Jaw Worm","floor":1.0,"turns":3.0},{"damage":1.0,"enemies":"Cultist","floor":4.0,"turns":3.0},{"damage":0.0,"enemies":"Small Slimes","floor":5.0,"turns":5.0},{"damage":15.0,"enemies":"3 Sentries","floor":7.0,"turns":7.0},{"damage":0.0,"enemies":"Exordium Wildlife","floor":10.0,"turns":2.0},{"damage":0.0,"enemies":"Large Slime","floor":11.0,"turns":4.0},{"damage":14.0,"enemies":"Gremlin Nob","floor":13.0,"turns":3.0},{"damage":3.0,"enemies":"Lots of Slimes","floor":14.0,"turns":4.0},{"damage":16.0,"enemies":"The Guardian","floor":16.0,"turns":6.0},{"damage":0.0,"enemies":"Chosen","floor":18.0,"turns":3.0},{"damage":0.0,"enemies":"Spheric Guardian","floor":19.0,"turns":2.0},{"damage":3.0,"enemies":"Snecko","floor":20.0,"turns":3.0},{"damage":0.0,"enemies":"Centurion and Healer","floor":21.0,"turns":3.0},{"damage":4.0,"enemies":"Gremlin Leader","floor":23.0,"turns":4.0},{"damage":8.0,"enemies":"3 Cultists","floor":25.0,"turns":4.0},{"damage":0.0,"enemies":"Snecko","floor":27.0,"turns":3.0},{"damage":17.0,"enemies":"Book of Stabbing","floor":28.0,"turns":4.0},{"damage":15.0,"enemies":"Gremlin Leader","floor":30.0,"turns":3.0},{"damage":0.0,"enemies":"KingOfGreed","floor":33.0,"turns":5.0},{"damage":7.0,"enemies":"3 Shapes","floor":35.0,"turns":3.0},{"damage":0.0,"enemies":"Orb Walker","floor":38.0,"turns":2.0},{"damage":0.0,"enemies":"Writhing Mass","floor":39.0,"turns":4.0},{"damage":0.0,"enemies":"Nemesis","floor":40.0,"turns":3.0},{"damage":0.0,"enemies":"3 Darklings","floor":42.0,"turns":2.0},{"damage":0.0,"enemies":"Reptomancer","floor":44.0,"turns":2.0},{"damage":0,"enemies":"Transient","floor":45,"turns":5},{"damage":0,"enemies":"Giant Head","floor":46,"turns":2},{"damage":15,"enemies":"Maw","floor":48,"turns":3},{"damage":24,"enemies":"Awakened One","floor":50,"turns":7},{"damage":4,"enemies":"Awakened One","floor":51,"turns":4},{"damage":5,"enemies":"Shield and Spear","floor":55,"turns":3},{"damage":107,"enemies":"The Heart","floor":56,"turns":7}],"seed_played":"-3627936607784412261","potions_obtained":[{"floor":1.0,"key":"EssenceOfSteel"},{"floor":5.0,"key":"EssenceOfSteel"},{"floor":11.0,"key":"SmokeBomb"},{"floor":21.0,"key":"DistilledChaos"}],"is_trial":false,"path_per_floor":["M","?","$","M","M","R","E","R","T","M","M","R","E","M","R","B",null,"M","M","M","M","?","E","R","M","T","M","E","R","E","T","R","B",null,"M","$","?","M","M","E","R","M","T","E","M","E","R","M","R","B",null,null,"R","$","E","B",null],"character_chosen":"Librarian","items_purchased":["Membership Card","PageOfForsakenMurderer","Bag of Preparation","Deflect_lor+1","PageOfOzma","PageOfUniverseFragment"],"campfire_rested":0,"item_purchase_floors":[36,36,36,36,54,54],"current_hp_per_floor":[66,66,66,68,73,73,70,70,70,70,73,73,59,59,59,46,90,90,90,87,90,90,86,71,63,63,66,59,59,47,47,47,53,99,93,93,93,93,96,99,99,99,99,99,99,99,99,93,93,99,99,99,99,96,96,22],"gold":93,"neow_bonus":"TEN_PERCENT_HP_BONUS","is_daily":false,"chose_seed":false,"campfire_upgraded":10,"win_rate":0.0,"timestamp":1614377503,"path_taken":["M","?","$","?","M","R","E","R","T","M","M","R","E","M","R","BOSS","M","M","M","?","?","E","R","M","T","M","E","R","E","?","R","BOSS","M","$","?","M","M","E","R","M","T","E","M","E","R","?","R","BOSS","R","$","E","BOSS"],"items_purchased_type":["Relic","Relic","Relic","Card","Relic","Relic"],"build_version":"2020-12-22","purchased_purges":3,"victory":true,"max_hp_per_floor":[71,71,71,80,80,80,76,76,76,76,90,90,90,90,90,90,90,90,90,90,90,90,92,92,92,92,92,99,99,99,99,99,99,99,99,99,99,99,99,99,99,99,99,99,99,99,99,99,99,99,99,99,99,96,96,96],"card_choices":[{"not_picked":["EnergyConversion","Parry","DimensionalRift","AutomatedMovement","DeepDrag","WillOfThePrescript","NightInTheBackstreets","Standoff"],"picked":"TendonChords","floor":1.0},{"not_picked":["FrontalAssault","Castigation","HiddenBlade","DarkCloud","Multislash","ClassAndRespect","FleetEdge","BayonetCombat","Riposte"],"picked":"SKIP","floor":4.0},{"not_picked":["FlashingStrike","Juggling","NightInTheBackstreets","ChopItOff","BackstreetsDash","BlindFaith","DarkCloud","Pound","Parry2"],"picked":"SKIP","floor":5.0},{"not_picked":["Unlock1","NightInTheBackstreets","Reload","SnakeSlit","BizarreAttack","ConcentratedFire","Parry2","Suppress"],"picked":"SavageMode","floor":7.0},{"not_picked":["FieryWaltz","TimeForALittleTest","GuardingStance","GuidanceOfTheGears","SpearedSweep","BayonetCombat","TheArtOfRapidSteps","ViolentFlame","Rewind"],"picked":"SKIP","floor":10.0},{"not_picked":["UpbeatPerformance","IngredientHunt","Reload","ClassAndRespect","PreemptiveStrike","ExtractFuel","QuickAttack","FleetEdge"],"picked":"MultiBlock","floor":11.0},{"not_picked":["IronWall","Mutilate","StrikeDown","FendThisOffIfYouCan","WillOfThePrescript","SharpSwipe","CoordinatedAssault","Standoff"],"picked":"CombatPreparation","floor":13.0},{"not_picked":["EmotionalTurbulence","Thirst","RapidGashes","HighKick","ClassAndRespect","Leap_lor","ForcefulGesture","BackAttack"],"picked":"RulesOfTheBackstreets","floor":14.0},{"not_picked":["EnergyBeam","DaringDecision"],"picked":"FleshFillet","floor":16.0},{"not_picked":["SnakeSlit","BlindFaith+1","AutomatedMovement","SpearedSweep+1","UncannyStrike","DimensionalRift","StartinOutLightly","SunsetBlade+1"],"picked":"FleetEdge+1","floor":18.0},{"not_picked":["RapidGashes","GreatSerpentsImpact+1","QuickSuppression+1","RepressedFlesh","WillOfThePrescript+1","HiddenBlade","BlindFaith","SunsetBlade"],"picked":"ChopItOff","floor":19.0},{"not_picked":["ConcentratedFire","Rewind","DesperateStruggle","BlazingStrike","HardRehearsal+1","Laceration+1","DefenseOrder","PinpointShot+1"],"picked":"GuidanceOfTheGears","floor":20.0},{"not_picked":["Pound","GuardingStance","Standoff+1","MultiBlock+1","SunsetBlade","Zzzzzap","Guardian_lor","Faith","SharpSwipe"],"picked":"SKIP","floor":21.0},{"not_picked":["HiddenBlade+1","Parry","SunsetBlade","PinpointShot","BurningFlash","SparkingSpear+1","Observe+1","Reload+1"],"picked":"TheWillOfTheCity+1","floor":23.0},{"not_picked":["Reload+1","AutomatedMovement+1","FleetFootsteps+1","ClassAndRespect","EnergyStrike","DefenseOrder+1","GuardingStance+1","Faith+1"],"picked":"AbsorbImpact+1","floor":25.0},{"not_picked":["Rewind+1","TendonChords+1","LawAndOrder+1","MultiHit","AssaultOrder","StrongStrike","EmotionalTurbulence","StartinOutLightly+1"],"picked":"SmokingPipe+1","floor":27.0},{"not_picked":["MultiHit","MultiBlock+1","FaintMemories","CoordinatedAssault+1","DefenseOrder+1","SerpentSwordTechnique+1","FieryDragonSlash","HardRehearsal+1"],"picked":"ToWhereThePrescriptPoints+1","floor":28.0},{"not_picked":["FormingStorm","CookingPrep+1","FrontalAssault+1","Tailoring","HandleRequest+1","SunsetBlade","EnergyCycle+1","SmokingPipe+1"],"picked":"BackAttack+1","floor":30.0},{"not_picked":["GutHarvesting","FlamingDragonFist"],"picked":"Suppress","floor":33.0},{"not_picked":["Reload+1","CircusKnives+1","HardRehearsal","SerpentineBarrier+1","Multislash","Rewind+1","Leap_lor","Pound","TendonChords"],"picked":"SKIP","floor":35.0},{"not_picked":["TrimTheIngredients","SharpNails+1","Diversion+1","EndlessBattle+1","FierceCharge+1","ViolentFlame","Quickness+1","HiddenBlade"],"picked":"SenseQuarry+1","floor":38.0},{"not_picked":["WrathOfTorment+1","StructuralAnalysis+1","QuickSuppression","EndlessBattle+1","FleetEdge","SmokingPipe+1","WaitUp+1","DesperateStruggle"],"picked":"Lock+1","floor":39.0},{"not_picked":["UpbeatPerformance+1","TasteMyFlamingBat+1","DestructiveImpact+1","BizarreAttack+1","Wallop_lor","NightInTheBackstreets","Execute_lor","MindCrush"],"picked":"UnforgettableMelody","floor":40.0},{"not_picked":["StructuralAnalysis+1","SnakesPrey+1","ClassAndRespect","HiddenBlade","EnergyCycle","SpearedSweep","LoosenUp+1","ViolentFlame+1","EndlessBattle+1"],"picked":"SKIP","floor":42.0},{"not_picked":["Creak+1","DeepDrag+1","MindPrepared+1","Parry","ToWhereThePrescriptPoints+1","DarkCloud+1","UncannyStrike+1","CoordinatedAssault+1","EnergyCycle"],"picked":"SKIP","floor":44.0},{"not_picked":["JiaoTu","Collision","DefenseOrder+1","Outburst","HighKick","MindCrush","Parry","RhinoRam","StrongStrike"],"picked":"SKIP","floor":45},{"not_picked":["Unlock1","SpearedSweep+1","TendonChords","Guardian_lor+1","SunsetBlade","BindingArms","SinglePointStab+1","TraceOfFumes","FlyingSword+1"],"picked":"SKIP","floor":46},{"not_picked":["Faith+1","SharpSwipe+1","WillProduceFineSilk+1","Execute_lor","MultiHit+1","SinglePointStab+1","GrazeTheGrass","PreemptiveStrike"],"picked":"SwordOfVolition+1","floor":48},{"not_picked":["YourShield+1","StrongStrike","Disposal","ReadyUp+1","SunsetBlade","DefenseOrder+1","Rewind+1","DriedUp+1","SilentMist"],"picked":"SKIP","floor":55}],"player_experience":185900,"relics_obtained":[{"floor":7.0,"key":"PageOfNothingThere"},{"floor":9.0,"key":"PageOfBigBadWolf"},{"floor":13.0,"key":"PageOfAspirationHeart"},{"floor":23.0,"key":"Toxic Egg 2"},{"floor":28.0,"key":"Strawberry"},{"floor":30.0,"key":"PreservedInsect"},{"floor":31.0,"key":"PageOfFairyFestival"},{"floor":40.0,"key":"Ancient Tea Set"},{"floor":43.0,"key":"Lantern"},{"floor":44.0,"key":"PageOfScarecrow"},{"floor":46,"key":"Pocketwatch"},{"floor":55,"key":"Oddly Smooth Stone"}],"event_choices":[{"damage_healed":0.0,"max_hp_gain":0.0,"max_hp_loss":0.0,"gold_gain":0.0,"event_name":"Upgrade Shrine","player_choice":"Upgraded","floor":2.0,"gold_loss":0.0,"damage_taken":0.0,"cards_upgraded":["TendonChords"]},{"damage_healed":0.0,"max_hp_gain":0.0,"max_hp_loss":0.0,"gold_gain":99.0,"event_name":"Nest","player_choice":"Stole From Cult","floor":22.0,"gold_loss":0.0,"damage_taken":0.0},{"cards_removed":["Shame"],"damage_healed":0.0,"max_hp_gain":0.0,"max_hp_loss":0.0,"gold_gain":0.0,"event_name":"Bonfire Elementals","player_choice":"Offered Curse","floor":37.0,"gold_loss":0.0,"damage_taken":0.0,"relics_obtained":["Spirit Poop"]}],"is_beta":false,"boss_relics":[{"not_picked":["Runic Pyramid","Calling Bell"],"picked":"Cursed Key"},{"not_picked":["Black Star","Pandora\u0027s Box"],"picked":"Sozu"}],"items_purged_floors":[3,36,54],"is_endless":false,"potions_floor_spawned":[1,5,11,21,27,40,44,45,46],"ascension_level":1}}