{"host":"aycnbidq9d24owrh","time":1614309031,"event":{"mods":["Bard","BaseMod","BetterRewards","Colored Map","Downfall","Infinite Spire","Minty Spire (QoL Compilation)","Replay The Spire","Shop Mod","Spire Arcade","StSLib","The Cursed","The Disciple","The Hierophant","The Jungle","The Runesmith","TheBandit"],"gold_per_floor":[114,114,124,141,28,28,61,74,74,74,109,109,109,29,145,273,273,292,292,19,19,39,39,57,57,83,83,108,132,167,182,182,307,307,332,351,365,36,61,61,92,5,5,5,5,0,74,115,115,133],"floor_reached":51,"language":"ENG","playtime":2747,"items_purged":[],"score":760,"play_id":"8d272168-ea79-43fc-89e7-05bfe59c12d1","local_time":"20210225191031","is_ascension_mode":false,"campfire_choices":[{"floor":10,"key":"REST"},{"floor":13,"key":"REST"},{"data":"Blade Dance","floor":23,"key":"SMITH"},{"data":"Noxious Fumes","floor":25,"key":"SMITH"},{"data":"Infinite Blades","floor":32,"key":"SMITH"},{"floor":40,"key":"REST"},{"data":"Envenom","floor":45,"key":"SMITH"},{"floor":49,"key":"REST"}],"circlet_count":0,"master_deck":["Strike_G+1","Strike_G+1","Strike_G+1","Strike_G+1","Defend_G+1","Defend_G+1","Defend_G+1","Defend_G+1","Defend_G+1","Survivor","Neutralize","Blade Dance+1","Backflip","Dagger Spray","Dagger Spray","Fluid Movement","Noxious Fumes+1","Underhanded Strike","Replay:Poison Smokescreen","Noxious Fumes","Dodge and Roll","Draining Mist","Replay:Bag of Tricks","Leg Sweep+1","Noxious Fumes","Replay:Sssssssssshield","Infinite Blades+1","Tactician","Acrobatics","Noxious Fumes+1","Blur+1","Caltrops+1","Die Die Die+1","Prepared","ReplayTheSpireMod:Speed Training+1","Backflip+1","Toxin Wave","Envenom+1","Atom Bomb+1","Skewer+1","ReplayTheSpireMod:Trickstab+1","Tactician+1","Parasite","Deflect+1"],"relics":["NeowsBlessing","Golden Idol","Kunai","infinitespire:BottledMercury","Ancient Tea Set","Sizzling Blood","Bag of Preparation","Painkiller Herb","Snake Skull","infinitespire:Beetle Shell","Regal Pillow","Molten Egg 2","HoveringKite","Lantern","Replay:Bandana","Replay:WaspNest","Red Mask","Replay:Towering Pillar of Hats"],"acts_visited":["Exordium","TheCity","TheBeyond"],"potions_floor_usage":[7,16,29,30,33,39,48,48],"damage_taken":[{"damage":0,"enemies":"Cultist","floor":1,"turns":1},{"damage":0,"enemies":"Jaw Worm","floor":3,"turns":1},{"damage":0,"enemies":"2 Louse","floor":4,"turns":1},{"damage":19,"enemies":"3 Sentries","floor":7,"turns":9},{"damage":3,"enemies":"2 Fungi Beasts","floor":8,"turns":3},{"damage":1,"enemies":"Lagavulin","floor":11,"turns":8},{"damage":37,"enemies":"Slime Boss","floor":16,"turns":11},{"damage":2,"enemies":"Shell Parasite","floor":18,"turns":6},{"damage":2,"enemies":"Chosen","floor":22,"turns":5},{"damage":0,"enemies":"Snecko","floor":24,"turns":5},{"damage":0,"enemies":"3 Cultists","floor":28,"turns":4},{"damage":7,"enemies":"Centurion and Healer","floor":29,"turns":6},{"damage":7,"enemies":"Gremlin Leader","floor":30,"turns":7},{"damage":4,"enemies":"Snecko","floor":31,"turns":5},{"damage":16,"enemies":"Automaton","floor":33,"turns":9},{"damage":4,"enemies":"3 Shapes","floor":35,"turns":6},{"damage":0,"enemies":"Orb Walker","floor":36,"turns":4},{"damage":19,"enemies":"Transient","floor":37,"turns":5},{"damage":21,"enemies":"4 Shapes","floor":39,"turns":5},{"damage":14,"enemies":"Nemesis","floor":41,"turns":7},{"damage":14,"enemies":"Reptomancer","floor":47,"turns":6},{"damage":3,"enemies":"Writhing Mass","floor":48,"turns":6},{"damage":28,"enemies":"infinitespire:MassOfShapes","floor":50,"turns":7}],"seed_played":"-4388534299651727098","potions_obtained":[{"floor":1,"key":"ColorlessPotion"},{"floor":7,"key":"GamblersBrew"},{"floor":11,"key":"Ancient Potion"},{"floor":28,"key":"Strength Potion"},{"floor":31,"key":"Strength Potion"},{"floor":33,"key":"Languid Potion"},{"floor":36,"key":"Explosive Potion"},{"floor":47,"key":"Languid Potion"}],"is_trial":false,"path_per_floor":["M","?","M","M","$","?","E","M","T","R","E","?","R","$","R_BF","B",null,"?","?","T","T","?","T","?","T","T","T","?","?","E","?","T","B",null,"?","?","?","T","?","T","E","T","T","?","T","?","E","?","T","B",null],"character_chosen":"THE_SILENT","items_purchased":["Dagger Spray","Fluid Movement","Noxious Fumes","Snake Skull","Noxious Fumes","Replay:Sssssssssshield","Lantern","Toxin Wave","Envenom","ReplayTheSpireMod:Trickstab+1"],"campfire_rested":4,"item_purchase_floors":[5,5,14,20,20,20,38,38,38,42],"current_hp_per_floor":[70,70,70,70,70,53,34,31,31,52,51,55,74,74,74,41,74,74,74,74,74,74,74,74,74,74,74,74,71,68,68,68,56,74,74,74,59,59,42,74,64,64,64,64,64,64,54,55,74,50],"gold":133,"neow_bonus":"THREE_ENEMY_KILL","is_daily":false,"chose_seed":false,"campfire_upgraded":4,"win_rate":0.0,"timestamp":1614309031,"path_taken":["M","?","?","M","$","?","E","M","T","R","E","?","R","$","R_BF","BOSS","?","?","?","T","?","T","?","T","T","?","?","?","E","?","T","BOSS","?","?","?","T","?","T","E","T","T","?","T","?","E","?","T","BOSS"],"items_purchased_type":["Card","Card","Card","Relic","Card","Card","Relic","Card","Card","Card"],"build_version":"2020-12-22","purchased_purges":0,"victory":true,"max_hp_per_floor":[70,70,70,70,70,70,70,70,70,70,70,74,74,74,74,74,74,74,74,74,74,74,74,74,74,74,74,74,74,74,74,74,74,74,74,74,74,74,74,74,74,74,74,74,74,74,74,74,74,74],"card_choices":[{"not_picked":["Predator","Hidden Blade"],"picked":"Sucker Punch","floor":1},{"not_picked":["Finisher","Underhanded Strike"],"picked":"Blade Dance","floor":3},{"not_picked":["Dagger Throw","Blade Dance"],"picked":"Backflip","floor":4},{"not_picked":["Escape Plan","Acrobatics"],"picked":"Noxious Fumes","floor":7},{"not_picked":["Skewer","Dodge and Roll"],"picked":"Underhanded Strike","floor":8},{"not_picked":["Backflip","Footwork"],"picked":"Replay:Poison Smokescreen","floor":11},{"not_picked":["Calculated Gamble","Sucker Punch"],"picked":"Dodge and Roll","floor":15},{"not_picked":["Dagger Throw","Caltrops"],"picked":"Draining Mist","floor":15},{"not_picked":["After Image","Doppelganger"],"picked":"Replay:Bag of Tricks","floor":16},{"not_picked":["ReplayTheSpireMod:The Works","Underhanded Strike"],"picked":"Leg Sweep+1","floor":18},{"not_picked":["Sucker Punch+1","Dodge and Roll+1"],"picked":"Infinite Blades","floor":22},{"not_picked":["Skewer","ReplayTheSpireMod:The Works"],"picked":"Tactician","floor":24},{"not_picked":["Choke","Underhanded Strike"],"picked":"Acrobatics","floor":28},{"not_picked":["Envenom","Dagger Throw"],"picked":"Noxious Fumes+1","floor":29},{"not_picked":["Noxious Fumes","Poisoned Stab+1"],"picked":"Blur+1","floor":30},{"not_picked":["Sucker Punch+1","ReplayTheSpireMod:Shiv Toss"],"picked":"Caltrops+1","floor":31},{"not_picked":["Envenom","A Thousand Cuts"],"picked":"Die Die Die+1","floor":33},{"not_picked":["Backflip","Slice+1"],"picked":"Prepared","floor":35},{"not_picked":["Heel Hook+1","Backflip+1"],"picked":"ReplayTheSpireMod:Speed Training+1","floor":36},{"not_picked":["Riddle With Holes+1","Endless Agony+1"],"picked":"Backflip+1","floor":37},{"not_picked":["Replay:Poison Smokescreen","Dagger Spray+1"],"picked":"Atom Bomb+1","floor":39},{"not_picked":["Tactician+1","Poisoned Stab+1"],"picked":"Skewer+1","floor":41},{"not_picked":["Eviscerate+1","Fluid Movement"],"picked":"Tactician+1","floor":47},{"not_picked":["Dodge and Roll+1","Dagger Spray+1"],"picked":"Deflect+1","floor":48}],"player_experience":23026,"relics_obtained":[{"floor":7,"key":"Kunai"},{"floor":9,"key":"infinitespire:BottledMercury"},{"floor":11,"key":"Ancient Tea Set"},{"floor":15,"key":"Bag of Preparation"},{"floor":26,"key":"infinitespire:Beetle Shell"},{"floor":27,"key":"Regal Pillow"},{"floor":30,"key":"Molten Egg 2"},{"floor":41,"key":"Replay:Bandana"},{"floor":43,"key":"Replay:WaspNest"},{"floor":47,"key":"Replay:Towering Pillar of Hats"}],"event_choices":[{"cards_removed":["Sucker Punch"],"damage_healed":5,"gold_gain":0,"player_choice":"Offered Common","damage_taken":0,"max_hp_gain":0,"max_hp_loss":0,"event_name":"Bonfire Elementals","floor":2,"gold_loss":0},{"cards_removed":["Sucker Punch"],"damage_healed":5,"gold_gain":0,"player_choice":"Offered Special","damage_taken":0,"max_hp_gain":0,"max_hp_loss":0,"event_name":"Bonfire Elementals","floor":2,"gold_loss":0},{"damage_healed":0,"gold_gain":0,"player_choice":"Take Damage","damage_taken":17,"relics_obtained":["Golden Idol"],"max_hp_gain":0,"max_hp_loss":0,"event_name":"Golden Idol","floor":6,"gold_loss":0},{"damage_healed":0,"gold_gain":0,"player_choice":"Simplicity","damage_taken":0,"max_hp_gain":0,"max_hp_loss":0,"event_name":"Back to Basics","floor":19,"gold_loss":0,"cards_upgraded":["Strike_G","Strike_G","Strike_G","Strike_G","Strike_G","Defend_G","Defend_G","Defend_G","Defend_G","Defend_G"]},{"cards_removed":["Strike_G"],"damage_healed":0,"gold_gain":0,"player_choice":"Removed Attack","damage_taken":0,"max_hp_gain":0,"max_hp_loss":0,"event_name":"Falling","floor":44,"gold_loss":0},{"damage_healed":0,"gold_gain":0,"player_choice":"Paid","damage_taken":0,"relics_obtained":["Red Mask"],"max_hp_gain":0,"max_hp_loss":0,"event_name":"Tomb of Lord Red Mask","floor":46,"gold_loss":5}],"is_beta":false,"boss_relics":[{"not_picked":["Philosopher\u0027s Stone","Coffee Dripper"],"picked":"Painkiller Herb"},{"not_picked":["Tiny House","Abe\u0027s Treasure"],"picked":"HoveringKite"}],"items_purged_floors":[],"is_endless":false,"potions_floor_spawned":[1,7,11,28,31,33,36,47],"ascension_level":0}}