{"host":"y76clbnovzmw9ubx","time":1614348158,"event":{"mods":["AchievementEnabler","BaseMod","Minty Spire (QoL Compilation)","Permanent Neow","Relic Stats"],"gold_per_floor":[118,118,134,134,7,37,37,67,67,67,92,103,103,116,116,116,116],"floor_reached":16,"language":"ENG","playtime":765,"items_purged":[],"score":236,"play_id":"16e95161-f88a-4db7-8b83-d09cec356285","local_time":"20210226090238","is_ascension_mode":true,"campfire_choices":[{"floor":7,"key":"REST"},{"floor":10,"key":"REST"},{"floor":13,"key":"REST"},{"data":"All Out Attack","floor":15,"key":"SMITH"}],"circlet_count":0,"master_deck":["AscendersBane","Strike_G","Strike_G","Strike_G","Strike_G","Strike_G","Defend_G","Defend_G","Defend_G","Defend_G","Defend_G","Survivor","Neutralize","Deflect","All Out Attack+1","Predator","Leg Sweep","Dodge and Roll","Backflip"],"relics":["Ring of the Snake","Singing Bowl","InkBottle","Anchor","Oddly Smooth Stone"],"acts_visited":["Exordium"],"potions_floor_usage":[0,6,8,11,14,14,16],"damage_taken":[{"damage":4,"enemies":"Small Slimes","floor":1,"turns":7},{"damage":24,"enemies":"Jaw Worm","floor":3,"turns":9},{"damage":13,"enemies":"3 Sentries","floor":6,"turns":9},{"damage":37,"enemies":"Gremlin Nob","floor":8,"turns":5},{"damage":29,"enemies":"Lagavulin","floor":11,"turns":8},{"damage":0,"enemies":"Cultist","floor":12,"turns":3},{"damage":0,"enemies":"Exordium Wildlife","floor":14,"turns":5},{"damage":36,"enemies":"Hexaghost","floor":16,"turns":9}],"seed_played":"406321620890925121","potions_obtained":[{"floor":0,"key":"Fruit Juice"},{"floor":0,"key":"SmokeBomb"},{"floor":0,"key":"CultistPotion"},{"floor":1,"key":"PowerPotion"},{"floor":8,"key":"LiquidMemories"},{"floor":12,"key":"EntropicBrew"}],"is_trial":false,"path_per_floor":["M","?","M","?","$","E","R","E","T","R","E","M","R","M","R","B"],"character_chosen":"THE_SILENT","items_purchased":["All Out Attack","Predator"],"campfire_rested":3,"item_purchase_floors":[5,5],"current_hp_per_floor":[60,65,41,41,41,28,50,13,13,35,8,8,31,33,33,0,0],"gold":116,"neow_bonus":"THREE_SMALL_POTIONS","is_daily":false,"chose_seed":false,"campfire_upgraded":1,"win_rate":0.0,"timestamp":1614348158,"path_taken":["M","?","M","?","$","E","R","E","T","R","E","M","R","?","R","BOSS"],"items_purchased_type":["Card","Card"],"build_version":"2020-12-22","purchased_purges":0,"victory":false,"max_hp_per_floor":[71,76,76,76,76,76,76,76,76,76,78,78,78,80,80,80,80],"relic_stats":{"Singing Bowl":4,"counters":[8,55],"obtain_stats":[{"Anchor":9,"Singing Bowl":6,"Oddly Smooth Stone":11,"InkBottle":8,"Ring of the Snake":0},{"Anchor":4,"Singing Bowl":3,"Oddly Smooth Stone":5,"InkBottle":4,"Ring of the Snake":0},{"Anchor":30,"Singing Bowl":25,"Oddly Smooth Stone":38,"InkBottle":30,"Ring of the Snake":0}],"InkBottle":[6],"Ring of the Snake":[16]},"card_choices":[{"not_picked":["Acrobatics","Underhanded Strike","Bane"],"picked":"SKIP","floor":1},{"not_picked":["Heel Hook","Distraction"],"picked":"Deflect","floor":3},{"not_picked":["Poisoned Stab","Prepared"],"picked":"Leg Sweep","floor":6},{"not_picked":["Distraction","Escape Plan"],"picked":"Dodge and Roll","floor":8},{"not_picked":["Skewer","Bane","Blade Dance"],"picked":"Singing Bowl","floor":11},{"not_picked":["Dagger Spray","Quick Slash"],"picked":"Backflip","floor":12},{"not_picked":["Doppelganger","Masterful Stab","Deflect"],"picked":"Singing Bowl","floor":14}],"player_experience":3296131,"relics_obtained":[{"floor":6,"key":"Singing Bowl"},{"floor":8,"key":"InkBottle"},{"floor":9,"key":"Anchor"},{"floor":11,"key":"Oddly Smooth Stone"}],"event_choices":[{"damage_healed":0,"gold_gain":0,"player_choice":"Donut","damage_taken":0,"max_hp_gain":5,"max_hp_loss":0,"event_name":"Big Fish","floor":2,"gold_loss":0},{"damage_healed":0,"gold_gain":0,"player_choice":"Ignored","damage_taken":0,"max_hp_gain":0,"max_hp_loss":0,"event_name":"Golden Wing","floor":4,"gold_loss":0}],"is_beta":false,"boss_relics":[],"items_purged_floors":[],"is_endless":false,"potions_floor_spawned":[1,8,12],"killed_by":"Hexaghost","ascension_level":20}}