{"host":"bf5upntvbdompq33","time":1614306243,"event":{"mods":["BaseMod","Bestiary","Colored Map","Colored Powertips","Curses Come First","Highlight Path","Minty Spire (QoL Compilation)","StSLib","ojb\u0027s Info Mod"],"gold_per_floor":[119,134,134,10,27,53,53,81,107,107,118,134,146,175,175,272,272,288,300,50,50,50],"floor_reached":21,"language":"ENG","playtime":1396,"items_purged":[],"score":322,"play_id":"1a78f2a1-7814-42b0-8a9e-d9686a9c8706","local_time":"20210225192403","is_ascension_mode":true,"campfire_choices":[{"data":"Poisoned Stab","floor":7,"key":"SMITH"},{"floor":10,"key":"REST"},{"floor":15,"key":"REST"}],"circlet_count":0,"master_deck":["AscendersBane","Strike_G","Strike_G","Strike_G","Strike_G","Defend_G","Defend_G","Defend_G","Defend_G","Defend_G","Survivor","Neutralize","Poisoned Stab","Quick Slash","Poisoned Stab+1","Noxious Fumes","Dagger Spray","Slice","A Thousand Cuts","Slice","Terror","Noxious Fumes","Quick Slash","Night Terror","Bouncing Flask","Poisoned Stab","Bane","Crippling Poison"],"relics":["Ring of the Snake","NeowsBlessing","Bronze Scales","Orichalcum","Bag of Preparation","Eternal Feather","Philosopher\u0027s Stone","TwistedFunnel"],"acts_visited":["Exordium","TheCity"],"potions_floor_usage":[6,13,16,19,21],"damage_taken":[{"damage":0,"enemies":"Cultist","floor":1,"turns":1},{"damage":0,"enemies":"Small Slimes","floor":2,"turns":1},{"damage":0,"enemies":"Jaw Worm","floor":5,"turns":1},{"damage":17,"enemies":"3 Sentries","floor":6,"turns":8},{"damage":30,"enemies":"Lagavulin","floor":8,"turns":6},{"damage":4,"enemies":"Exordium Thugs","floor":11,"turns":4},{"damage":5,"enemies":"Looter","floor":12,"turns":2},{"damage":3,"enemies":"3 Louse","floor":13,"turns":2},{"damage":23,"enemies":"Gremlin Nob","floor":14,"turns":4},{"damage":3,"enemies":"Hexaghost","floor":16,"turns":7},{"damage":20,"enemies":"Shell Parasite","floor":18,"turns":4},{"damage":22,"enemies":"2 Thieves","floor":19,"turns":4},{"damage":24,"enemies":"Shelled Parasite and Fungi","floor":21,"turns":2}],"seed_played":"-5806519573039264262","potions_obtained":[{"floor":2,"key":"EssenceOfSteel"},{"floor":5,"key":"ColorlessPotion"},{"floor":11,"key":"CunningPotion"},{"floor":12,"key":"Block Potion"},{"floor":13,"key":"GamblersBrew"},{"floor":18,"key":"PowerPotion"},{"floor":19,"key":"Block Potion"}],"is_trial":false,"path_per_floor":["M","M","?","$","M","E","R","E","T","R","M","M","M","E","R","B",null,"M","M","$","M"],"character_chosen":"THE_SILENT","items_purchased":["Noxious Fumes","Dagger Spray","TwistedFunnel","Bane","Crippling Poison"],"campfire_rested":2,"item_purchase_floors":[4,4,20,20,20],"current_hp_per_floor":[63,63,63,63,63,46,46,16,16,37,33,28,25,2,35,32,61,41,19,19,0,0],"gold":50,"neow_bonus":"THREE_ENEMY_KILL","is_daily":false,"chose_seed":false,"campfire_upgraded":1,"win_rate":0.0,"timestamp":1614306243,"path_taken":["M","?","?","$","M","E","R","E","T","R","M","M","M","E","R","BOSS","M","M","$","?"],"items_purchased_type":["Card","Card","Relic","Card","Card"],"build_version":"2020-12-22","purchased_purges":0,"victory":false,"max_hp_per_floor":[70,70,70,70,70,70,70,70,70,70,70,70,70,70,70,70,70,70,70,70,70,70],"card_choices":[{"not_picked":["Prepared","Accuracy"],"picked":"Poisoned Stab","floor":1},{"not_picked":["Slice","Prepared"],"picked":"Quick Slash","floor":2},{"not_picked":["Flying Knee","Reflex","Finisher"],"picked":"SKIP","floor":5},{"not_picked":["Cloak And Dagger","Eviscerate"],"picked":"Slice","floor":6},{"not_picked":["Bane","Sucker Punch"],"picked":"A Thousand Cuts","floor":8},{"not_picked":["Flying Knee","Eviscerate"],"picked":"Slice","floor":11},{"not_picked":["Eviscerate","Escape Plan"],"picked":"Terror","floor":12},{"not_picked":["PiercingWail","Accuracy"],"picked":"Noxious Fumes","floor":13},{"not_picked":["Masterful Stab","Blade Dance"],"picked":"Quick Slash","floor":14},{"not_picked":["After Image","Storm of Steel"],"picked":"Night Terror","floor":16},{"not_picked":["Prepared","Poisoned Stab"],"picked":"Bouncing Flask","floor":18},{"not_picked":["Blade Dance","Bouncing Flask"],"picked":"Poisoned Stab","floor":19}],"player_experience":1746576,"relics_obtained":[{"floor":6,"key":"Bronze Scales"},{"floor":8,"key":"Orichalcum"},{"floor":9,"key":"Bag of Preparation"},{"floor":14,"key":"Eternal Feather"}],"event_choices":[{"damage_healed":0,"gold_gain":0,"cards_transformed":["Strike_G"],"player_choice":"Transformed","damage_taken":0,"max_hp_gain":0,"max_hp_loss":0,"event_name":"Transmorgrifier","floor":3,"gold_loss":0,"cards_obtained":["Poisoned Stab"]}],"is_beta":false,"boss_relics":[{"not_picked":["Coffee Dripper","SacredBark"],"picked":"Philosopher\u0027s Stone"}],"items_purged_floors":[],"is_endless":false,"potions_floor_spawned":[2,5,11,12,13,18,19],"killed_by":"Shelled Parasite and Fungi","ascension_level":12}}