{"host":"2mhgakmjhthqu3yt","time":1614362311,"event":{"mods":["AchievementEnabler","BaseMod","Block Reminder","Colored Powertips","Highlight Path","Minty Spire (QoL Compilation)","Quick Restart"],"gold_per_floor":[114,114,189,209,61,94,113,144,144,161,161,171,171,187,187,187,187],"floor_reached":16,"language":"ENG","playtime":1002,"items_purged":[],"score":151,"play_id":"c2fa372c-df7a-4c91-af71-398a7c57e792","local_time":"20210226185831","is_ascension_mode":true,"campfire_choices":[{"floor":11.0,"key":"REST"},{"floor":13.0,"key":"REST"},{"data":"Body Slam","floor":15,"key":"SMITH"}],"circlet_count":0,"master_deck":["Strike_R","Strike_R","Strike_R","Strike_R","Strike_R","Defend_R","Defend_R","Defend_R","Defend_R","Bash","Impervious","Shrug It Off","Shrug It Off","Body Slam+1"],"relics":["Burning Blood","NeowsBlessing","ClockworkSouvenir","Ornamental Fan","Shuriken"],"acts_visited":["Exordium"],"potions_floor_usage":[14],"damage_taken":[{"damage":0.0,"enemies":"Jaw Worm","floor":1.0,"turns":1.0},{"damage":0.0,"enemies":"Small Slimes","floor":4.0,"turns":1.0},{"damage":0.0,"enemies":"Lagavulin","floor":6.0,"turns":1.0},{"damage":22.0,"enemies":"Cultist","floor":7.0,"turns":6.0},{"damage":49.0,"enemies":"3 Sentries","floor":8.0,"turns":17.0},{"damage":6.0,"enemies":"Exordium Thugs","floor":10.0,"turns":9.0},{"damage":4.0,"enemies":"Red Slaver","floor":12.0,"turns":3.0},{"damage":10,"enemies":"Exordium Wildlife","floor":14,"turns":7},{"damage":74,"enemies":"Hexaghost","floor":16,"turns":14}],"seed_played":"-4177359959734835735","potions_obtained":[{"floor":4.0,"key":"Swift Potion"},{"floor":6.0,"key":"Strength Potion"},{"floor":7.0,"key":"FearPotion"},{"floor":8.0,"key":"SkillPotion"},{"floor":10.0,"key":"Fire Potion"}],"is_trial":false,"path_per_floor":["M","?","?","M","$","E","M","E","T","M","R","M","R","M","R","B"],"character_chosen":"IRONCLAD","items_purchased":["ClockworkSouvenir"],"campfire_rested":2,"item_purchase_floors":[5],"current_hp_per_floor":[80,85,74,80,80,85,69,26,26,26,51,53,78,74,74,0,0],"gold":187,"neow_bonus":"THREE_ENEMY_KILL","is_daily":false,"chose_seed":false,"campfire_upgraded":1,"win_rate":0.0,"timestamp":1614362311,"path_taken":["M","?","?","?","$","E","M","E","T","M","R","M","R","M","R","BOSS"],"items_purchased_type":["Relic"],"build_version":"2020-12-22","purchased_purges":0,"victory":false,"max_hp_per_floor":[80,85,85,85,85,85,85,85,85,85,85,85,85,85,85,85,85],"card_choices":[{"not_picked":["Clash","Flex","Clothesline"],"picked":"SKIP","floor":1.0},{"not_picked":["Anger","Thunderclap"],"picked":"Impervious","floor":4.0},{"not_picked":["Cleave","Pummel","Infernal Blade"],"picked":"SKIP","floor":6.0},{"not_picked":["Headbutt","Thunderclap"],"picked":"Shrug It Off","floor":7.0},{"not_picked":["Twin Strike","Blood for Blood"],"picked":"Shrug It Off","floor":8.0},{"not_picked":["Armaments","Reckless Charge","Wild Strike"],"picked":"SKIP","floor":10.0},{"not_picked":["Perfected Strike","Anger","Fiend Fire"],"picked":"SKIP","floor":12.0},{"not_picked":["Infernal Blade","Hemokinesis"],"picked":"Body Slam","floor":14}],"player_experience":115099,"relics_obtained":[{"floor":6.0,"key":"Ornamental Fan"},{"floor":8.0,"key":"Shuriken"}],"event_choices":[{"damage_healed":0.0,"max_hp_gain":5.0,"max_hp_loss":0.0,"gold_gain":0.0,"event_name":"Big Fish","player_choice":"Donut","floor":2.0,"gold_loss":0.0,"damage_taken":0.0},{"damage_healed":0.0,"max_hp_gain":0.0,"max_hp_loss":0.0,"gold_gain":75.0,"event_name":"World of Goop","player_choice":"Gather Gold","floor":3.0,"gold_loss":0.0,"damage_taken":11.0}],"is_beta":false,"boss_relics":[],"items_purged_floors":[],"is_endless":false,"potions_floor_spawned":[4,6,7,8,10],"killed_by":"Hexaghost","ascension_level":2}}