{"host":"hqvh779b89tfrjxy","time":1614344876,"event":{"mods":["Act Like it!","BaseMod","Better Third Choice","Elementarium","Filter the Spire","GifTheSpireLib","Minty Spire (QoL Compilation)","Replay The Spire","Ruina","Spicy Shops","StSLib"],"gold_per_floor":[113,124,136,136,136,136,169,169,249,263,290,307,325,356,356,451,451,470,481,500,519,68,68,101,125,125],"floor_reached":25,"language":"ENG","playtime":1097,"items_purged":["Strike_G"],"score":480,"play_id":"d05527b9-0321-48bb-ac95-b9deae89a8a2","local_time":"20210226140756","is_ascension_mode":true,"campfire_choices":[{"data":"Cloak And Dagger","floor":6,"key":"SMITH"},{"data":"Blade Dance","floor":8,"key":"SMITH"},{"data":"Phantasmal Killer","floor":15,"key":"SMITH"},{"data":"A Thousand Cuts","floor":23,"key":"SMITH"}],"circlet_count":0,"master_deck":["Strike_G","Strike_G+1","Strike_G+1","Strike_G","Defend_G","Defend_G","Defend_G","Defend_G","Defend_G","Survivor","Neutralize","Blade Dance+1","Cloak And Dagger+1","Blade Dance","Hidden Blade","Caltrops","Phantasmal Killer+1","PiercingWail","Blade Dance","A Thousand Cuts+1","AbeCurse","Finisher","Terror","Magnetism"],"relics":["WristBlade","FaceOfCleric","Replay:Baseball","Singing Bowl","StoneCalendar","Blue Doll","Abe\u0027s Treasure","Eternal Feather","ReplayTheSpireMod:ShopPack","Replay:Bandana"],"acts_visited":["Exordium","ruina:Briah"],"potions_floor_usage":[7,11,20,20,20],"damage_taken":[{"damage":0,"enemies":"Small Slimes","floor":1,"turns":6},{"damage":0,"enemies":"Cultist","floor":2,"turns":3},{"damage":0,"enemies":"2 Louse","floor":3,"turns":3},{"damage":0,"enemies":"Gremlin Nob","floor":7,"turns":2},{"damage":0,"enemies":"2 Fungi Beasts","floor":10,"turns":2},{"damage":10,"enemies":"Lagavulin","floor":11,"turns":4},{"damage":0,"enemies":"3 Louse","floor":12,"turns":2},{"damage":7,"enemies":"Large Slime","floor":13,"turns":4},{"damage":2,"enemies":"Gremlin Nob","floor":14,"turns":3},{"damage":0,"enemies":"Slime Boss","floor":16,"turns":6},{"damage":0,"enemies":"ruina:2_Scarecrows","floor":18,"turns":2},{"damage":7,"enemies":"ruina:3_Bats","floor":19,"turns":3},{"damage":26,"enemies":"ruina:Woodsman","floor":20,"turns":4},{"damage":5,"enemies":"ruina:Nos_and_Bat","floor":21,"turns":4},{"damage":23,"enemies":"ruina:RoadHome","floor":24,"turns":3},{"damage":37,"enemies":"ruina:KingOfGreed","floor":25,"turns":3}],"seed_played":"-3986911964933153855","potions_obtained":[{"floor":1,"key":"Strength Potion"},{"floor":7,"key":"EssenceOfSteel"},{"floor":10,"key":"Regen Potion"},{"floor":11,"key":"EntropicBrew"},{"floor":20,"key":"Elixir"}],"is_trial":false,"path_per_floor":["M","M","M","?","?","R","E","R","T","M","E","M","M","E","R","B",null,"M","M","M","M","$","R","E","M"],"character_chosen":"THE_SILENT","items_purchased":["Eternal Feather","ReplayTheSpireMod:ShopPack"],"campfire_rested":0,"item_purchase_floors":[22,22],"current_hp_per_floor":[63,63,63,49,49,49,50,50,50,51,51,52,46,47,47,48,71,74,68,45,41,45,57,37,0,0],"gold":125,"neow_bonus":"BOSS_RELIC","is_daily":false,"chose_seed":false,"campfire_upgraded":4,"win_rate":0.0,"timestamp":1614344876,"path_taken":["M","M","M","?","?","R","E","R","T","?","E","M","M","E","R","BOSS","M","?","M","M","$","R","E","M"],"items_purchased_type":["Relic","Relic"],"build_version":"2020-12-22","purchased_purges":1,"victory":false,"max_hp_per_floor":[70,70,70,70,70,70,71,71,71,72,73,74,75,78,78,79,79,82,83,86,87,91,91,94,94,94],"card_choices":[{"not_picked":["Riddle With Holes","Quick Slash"],"picked":"Blade Dance","floor":1},{"not_picked":["Masterful Stab","Infinite Blades"],"picked":"Cloak And Dagger","floor":2},{"not_picked":["Underhanded Strike","Outmaneuver"],"picked":"Blade Dance","floor":3},{"not_picked":["Outmaneuver","Blade Dance"],"picked":"Hidden Blade","floor":7},{"not_picked":["Finisher","Backflip"],"picked":"Caltrops","floor":10},{"not_picked":["Concentrate","Bane"],"picked":"Phantasmal Killer","floor":11},{"not_picked":["Dagger Spray","Sneak Up"],"picked":"PiercingWail","floor":12},{"not_picked":["Riddle With Holes","ReplayTheSpireMod:Tripwire"],"picked":"Blade Dance","floor":13},{"not_picked":["Slice","Die Die Die","Flying Knee"],"picked":"Singing Bowl","floor":14},{"not_picked":["Burst","Wraith Form v2"],"picked":"A Thousand Cuts","floor":16},{"not_picked":["Catalyst","Backflip+1","Prepared+1"],"picked":"Singing Bowl","floor":18},{"not_picked":["Poisoned Stab","Dagger Spray+1"],"picked":"Finisher","floor":19},{"not_picked":["Flechettes","Dash","Deflect"],"picked":"Singing Bowl","floor":20},{"not_picked":["Well Laid Plans","Adrenaline"],"picked":"Terror","floor":21},{"not_picked":["Transmutation","Secret Weapon"],"picked":"Magnetism","floor":22},{"not_picked":["ReplayTheSpireMod:Private Reserves","Mind Blast","Secret Technique"],"picked":"Singing Bowl","floor":22},{"not_picked":["Thinking Ahead","Dramatic Entrance","Madness"],"picked":"Singing Bowl","floor":22},{"not_picked":["Expertise","Heel Hook","Masterful Stab"],"picked":"Singing Bowl","floor":24}],"player_experience":216305,"relics_obtained":[{"floor":7,"key":"Replay:Baseball"},{"floor":9,"key":"Singing Bowl"},{"floor":11,"key":"StoneCalendar"},{"floor":14,"key":"Blue Doll"},{"floor":24,"key":"Replay:Bandana"}],"event_choices":[{"damage_healed":63,"gold_gain":0,"player_choice":"Upgrade","damage_taken":14,"max_hp_gain":0,"max_hp_loss":70,"event_name":"betterThird:BetterShining","floor":4,"gold_loss":0,"cards_upgraded":["Strike_G","Strike_G"]},{"damage_healed":0,"gold_gain":0,"player_choice":"Trade","damage_taken":0,"relics_obtained":["FaceOfCleric"],"max_hp_gain":0,"max_hp_loss":0,"event_name":"FaceTrader","floor":5,"gold_loss":0}],"is_beta":false,"boss_relics":[{"not_picked":["Runic Dome","Replay:Grab Bag"],"picked":"Abe\u0027s Treasure"}],"items_purged_floors":[22],"is_endless":false,"potions_floor_spawned":[1,7,10,11,20,21],"killed_by":"ruina:KingOfGreed","ascension_level":9}}