{"host":"rm0ctv8qd8mnbkg1","time":1614334693,"event":{"mods":["Act Like it!","Aspiration","BaseMod","Beaked The Cultist","BetterRewards","Colored Map","DNKmod","Dark Map","Defuse TimeMaze Blight","Friendly Minions","Gensokyo","Hubris","Library of Ruina","Library of Ruina Extra","Marisa????????","Minty Spire (QoL Compilation)","MostiFishMod","Permanent Neow","Rare Cards Sparkle","Relic Sorter","Reliquary","Replay The Spire","Ruina","RumiaBox-????????","Shade Mod","Shop Mod","Spicy Shops","Spire Arcade","StSLib","The Animator","The Construct","The Servant 0.9.4","TheVacant","Wandering Minibosses","??????REMEMod"],"gold_per_floor":[10013,9382,9400,9418,9321,9354,9354,9393,9469,8581,8581,8618,8618,8648,8648,8754,8754,8777,8777,8777,8793,8809,8809,8829,7945,7994,7419,7419,6882,6942,6965,6965,7079,7079,7107,7107,7129,7142,7142,7142,7170,6518,6593,6619,6645,6645,6645,6681,6681,6693,6693],"floor_reached":52,"language":"ENG","playtime":1465,"items_purged":[],"score":899,"play_id":"b7328ea1-c277-40d1-aefa-ed6fe290ce53","local_time":"20210226101813","is_ascension_mode":false,"campfire_choices":[{"data":"Shade:Coordination","floor":7,"key":"SMITH"},{"data":"Shade:TouchOfTheGrave","floor":13,"key":"SMITH"},{"data":"Shade:Asphyxiate","floor":15,"key":"SMITH"},{"data":"Shade:Putrefaction","floor":23,"key":"SMITH"},{"data":"Shade:SkeletonArmy","floor":28,"key":"SMITH"},{"data":"Shade:OpenGraves","floor":32,"key":"SMITH"},{"data":"Shade:OpenGraves","floor":40,"key":"SMITH"},{"data":"Shade:CallWraith","floor":46,"key":"SMITH"},{"data":"ruina:CobaltScar","floor":49,"key":"SMITH"}],"circlet_count":0,"master_deck":["Shade:Strike_Shade","Shade:Strike_Shade","Shade:Strike_Shade","Shade:Strike_Shade","Shade:Defend_Shade","Shade:Defend_Shade","Shade:Defend_Shade","Shade:Defend_Shade+2","Shade:AnimateDead+1","Shade:CarefulCut+1","Shade:SkeletonArmy+1","Shade:Bonestorm+1","Shade:Bite_Shade+1","Shade:CommandSoldier+1","Shade:Asphyxiate+1","Shade:FleshToFlesh+1","Shade:Coordination+1","Shade:TouchOfTheGrave+1","Shade:AuraOfUnlife+1","Shade:WallOfFlesh+1","Shade:LyeBath+1","Shade:Carnophage+1","Shade:FleshToFlesh+1","Shade:Putrefaction+1","CurseOfTheBell","Shade:RavenousHorde+1","Writhe","Shade:BoneShards+1","Shade:SpectralStrikes+1","Shade:SpectralStrikes+1","Shade:PoundOfFlesh","ruina:LoveAndHate","Clumsy","Shade:OpenGraves+1","Shade:AuraOfUnlife+1","ruina:CobaltScar+1","Shade:OpenGraves+1","Shade:FleshLikeOak","Shade:LoseControl+1","Clumsy","animator:Curse_Nutcracker","Pain","Shade:WallOfFlesh+1","Shade:FeralStrike+1","Shade:SanguineRitual+1","Shade:AblativeArmor+1","Shade:CallWraith+1","Shade:AuraOfUnlife","Shade:Doomsay","Shade:FleshLikeOak+1","Shade:ExtraLimbs+1","Shade:SkeletonArmy+1"],"relics":["Shade:YorickSkull","REME_ComplimentaryCards","DaveBox","DSteel32","hubris:PeanutButter","Replay:Rubber Ducky","PageOfFairyFestival","hubris:CrystalStatue","REME_ArchaeologicalTools","Sundial","aspiration:HatOfInfinitePower","ArrowTower","Calling Bell","War Paint","hubris:TinFlute","hubris:Potato","Ring of Fury","ReplayTheSpireMod:Ring of Addiction","White Beast Statue","Toy Ornithopter","ruina:Goodbye","Sling","Gremlin Food","reliquary:PurpleTingedLeaf","Technique","reliquary:Buckler","PageOfGreed","GodSword1","HandDrill","Simple Rune","PageOfTheQueenOfHatred","Replay:Ancient Bell","Pen Nib","Sling","Counterbalance","wanderingMiniBosses:CarrionFlame","REME_LimitBreaker","Replay:WaspNest","Orrery","PageOfTheKnightOfDespair","PageOfWrath","PageOfNihil"],"acts_visited":["Exordium","Exordium","TheBeyond"],"potions_floor_usage":[21,24,30,33,35,38,41,44,50,50],"damage_taken":[{"damage":0,"enemies":"Small Slimes","floor":1,"turns":2},{"damage":0,"enemies":"Cultist","floor":3,"turns":1},{"damage":0,"enemies":"Jaw Worm","floor":4,"turns":1},{"damage":0,"enemies":"Gremlin Nob","floor":6,"turns":1},{"damage":0,"enemies":"Exordium Wildlife","floor":8,"turns":1},{"damage":0,"enemies":"2 Fungi Beasts","floor":12,"turns":1},{"damage":0,"enemies":"Looter","floor":14,"turns":1},{"damage":433,"enemies":"Hexaghost","floor":16,"turns":4},{"damage":0,"enemies":"ruina:BadWolf","floor":18,"turns":2},{"damage":0,"enemies":"ruina:Nosferatu","floor":21,"turns":2},{"damage":0,"enemies":"ruina:QueenOfHate","floor":22,"turns":2},{"damage":0,"enemies":"ruina:KingOfGreed","floor":24,"turns":2},{"damage":0,"enemies":"ruina:Mountain","floor":30,"turns":3},{"damage":0,"enemies":"ruina:KnightOfDespair","floor":31,"turns":1},{"damage":0,"enemies":"ruina:Ozma","floor":33,"turns":3},{"damage":0,"enemies":"3 Shapes","floor":35,"turns":2},{"damage":0,"enemies":"Orb Walker","floor":37,"turns":2},{"damage":0,"enemies":"Jaw Worm Horde","floor":38,"turns":2},{"damage":0,"enemies":"Transient","floor":41,"turns":5},{"damage":0,"enemies":"Writhing Mass","floor":44,"turns":2},{"damage":19,"enemies":"Sphere and 2 Shapes","floor":48,"turns":4},{"damage":0,"enemies":"Time Eater","floor":50,"turns":4}],"seed_played":"6135406298781455627","potions_obtained":[{"floor":4,"key":"Venom Potion"},{"floor":12,"key":"SteroidPotion"},{"floor":19,"key":"Strength Potion"},{"floor":21,"key":"Energy Potion"},{"floor":24,"key":"ColorlessPotion"},{"floor":30,"key":"Weak Potion"},{"floor":33,"key":"Explosive Potion"},{"floor":35,"key":"Ancient Potion"},{"floor":38,"key":"SpeedPotion"},{"floor":41,"key":"BlessingOfTheForge"},{"floor":44,"key":"SteroidPotion"}],"is_trial":false,"path_per_floor":["M","$","M","M","?","E","R","M","T","$","?","M","R","M","R","B",null,"M","?","?","M","M","R","M","$","T","$","R","$","E","M","R","B",null,"M","?","M","M","?","R","M","$","T","M","T","R","?","M","R","B",null,null],"character_chosen":"SHADE","items_purchased":["hubris:PeanutButter","Replay:Rubber Ducky","Shade:Bite_Shade","PageOfFairyFestival","Shade:CommandSoldier","aspiration:HatOfInfinitePower","Shade:AuraOfUnlife","Shade:WallOfFlesh","Shade:LyeBath","ArrowTower","Sling","Gremlin Food","Shade:SpectralStrikes","Shade:PoundOfFlesh","ruina:LoveAndHate","reliquary:PurpleTingedLeaf","Technique","Shade:OpenGraves","PageOfGreed","GodSword1","HandDrill","Shade:AuraOfUnlife","Simple Rune","ruina:CobaltScar","REME_LimitBreaker","Replay:WaspNest","Orrery"],"campfire_rested":0,"item_purchase_floors":[2,2,2,2,2,10,10,10,10,10,25,25,25,25,25,25,25,27,27,27,29,29,29,29,42,42,42],"current_hp_per_floor":[1000,1000,1000,1000,1000,1000,1000,1000,1000,1000,1000,1000,1000,1000,1000,567,1000,1000,1000,1000,1000,1000,1000,1000,1000,1000,1000,998,998,998,998,998,998,998,998,998,998,998,998,998,998,998,998,998,998,998,998,981,981,996,996],"gold":6693,"neow_bonus":"RANDOM_EVENT","is_daily":false,"chose_seed":false,"campfire_upgraded":9,"win_rate":0.0,"timestamp":1614334693,"path_taken":["M","$","M","M","?","E","R","?","T","$","?","M","R","M","R","BOSS","M","?","?","M","M","R","M","$","T","$","R","$","E","M","R","BOSS","M","?","M","M","?","R","M","$","T","M","?","R","?","M","R","BOSS"],"items_purchased_type":["Relic","Relic","Card","Relic","Card","Relic","Card","Card","Card","Relic","Relic","Relic","Card","Card","Card","Relic","Relic","Card","Relic","Relic","Relic","Card","Relic","Card","Relic","Relic","Relic"],"build_version":"2020-12-22","purchased_purges":0,"victory":true,"max_hp_per_floor":[1000,1000,1000,1000,1000,1000,1000,1000,1000,1000,1000,1000,1000,1000,1000,1000,1000,1000,1000,1000,1000,1000,1000,1000,1000,1000,1000,998,998,998,998,998,998,998,998,998,998,998,998,998,998,998,998,998,998,998,998,996,996,996,996],"card_choices":[{"not_picked":["Shade:WallOfFlesh","Shade:FingerOfDeath"],"picked":"Shade:Bonestorm","floor":1},{"not_picked":["Shade:Trample","Shade:FeralStrike"],"picked":"Shade:Asphyxiate","floor":3},{"not_picked":["Shade:ClawBack","Shade:FuneraryArmor"],"picked":"Shade:FleshToFlesh","floor":4},{"not_picked":["Shade:Asphyxiate","Shade:CoffinDance"],"picked":"Shade:Coordination","floor":6},{"not_picked":["Shade:Awaken","Shade:SkeletonHug"],"picked":"Shade:TouchOfTheGrave","floor":8},{"not_picked":["Shade:FingerOfDeath","Shade:Brains"],"picked":"Shade:Carnophage","floor":12},{"not_picked":["Shade:SkeletonHug","Shade:CoffinDance"],"picked":"Shade:FleshToFlesh","floor":14},{"not_picked":["Shade:MadHubris","Shade:Consume"],"picked":"Shade:Putrefaction","floor":16},{"not_picked":["Shade:GreyBargain","Shade:CoffinDance"],"picked":"Shade:RavenousHorde+1","floor":18},{"not_picked":["Shade:SpontaneousRitual","Shade:SensePrey","Shade:CoffinDance"],"picked":"SKIP","floor":21},{"not_picked":["Shade:WallOfFlesh","Shade:ClawBack"],"picked":"Shade:BoneShards","floor":22},{"not_picked":["Shade:GoDigging+1","Shade:ExtraLimbs"],"picked":"Shade:SpectralStrikes","floor":24},{"not_picked":["Shade:GoDigging","Shade:FingerOfDeath"],"picked":"Shade:OpenGraves","floor":30},{"not_picked":["Shade:Bonestorm+1","Shade:UnbarTheGrave"],"picked":"Shade:FleshLikeOak","floor":31},{"not_picked":["Shade:MadHubris","Shade:OneIsEnough"],"picked":"Shade:LoseControl","floor":33},{"not_picked":["Decay","Doubt"],"picked":"Clumsy","floor":34},{"not_picked":["Regret","Pain"],"picked":"animator:Curse_Nutcracker","floor":34},{"not_picked":["hubris:Wrath","Decay"],"picked":"Pain","floor":34},{"not_picked":["Shade:FleshOffering","Shade:Brains+1"],"picked":"Shade:WallOfFlesh+1","floor":35},{"not_picked":["Shade:Premonition","Shade:SpontaneousRitual+1"],"picked":"Shade:FeralStrike+1","floor":37},{"not_picked":["Shade:CommandSoldier+1","Shade:FuneraryArmor+1"],"picked":"Shade:SanguineRitual+1","floor":38},{"not_picked":["Shade:GreyBargain","Shade:Brains","Shade:Patience"],"picked":"SKIP","floor":41},{"not_picked":["Shade:GreyBargain","Shade:DarkOfNight"],"picked":"Shade:AblativeArmor+1","floor":42},{"not_picked":["Shade:GraveStillness+1","Shade:MadHubris"],"picked":"Shade:CallWraith","floor":42},{"not_picked":["Shade:FeralStrike+1","Shade:ExtraLimbs+1"],"picked":"Shade:AuraOfUnlife","floor":42},{"not_picked":["Shade:RavenousHorde+1","Shade:GoDigging"],"picked":"Shade:Doomsay","floor":42},{"not_picked":["Shade:FuneraryArmor","Shade:PoundOfFlesh+1"],"picked":"Shade:FleshLikeOak","floor":42},{"not_picked":["Shade:FleshToFlesh","Shade:Bonestorm"],"picked":"Shade:ExtraLimbs+1","floor":44},{"not_picked":["Shade:Frenzy","Shade:Bonestorm"],"picked":"Shade:SkeletonArmy+1","floor":48}],"player_experience":313989,"relics_obtained":[{"floor":6,"key":"REME_ArchaeologicalTools"},{"floor":9,"key":"Sundial"},{"floor":17,"key":"War Paint"},{"floor":17,"key":"hubris:TinFlute"},{"floor":17,"key":"hubris:Potato"},{"floor":19,"key":"Ring of Fury"},{"floor":19,"key":"ReplayTheSpireMod:Ring of Addiction"},{"floor":19,"key":"White Beast Statue"},{"floor":19,"key":"Toy Ornithopter"},{"floor":26,"key":"reliquary:Buckler"},{"floor":30,"key":"PageOfTheQueenOfHatred"},{"floor":41,"key":"wanderingMiniBosses:CarrionFlame"},{"floor":43,"key":"PageOfTheKnightOfDespair"},{"floor":45,"key":"PageOfWrath"},{"floor":48,"key":"PageOfNihil"}],"event_choices":[{"damage_healed":0,"gold_gain":0,"player_choice":"Paid Gold","damage_taken":0,"relics_obtained":["hubris:CrystalStatue"],"max_hp_gain":0,"max_hp_loss":0,"event_name":"WeMeetAgain","floor":5,"gold_loss":97},{"damage_healed":0,"gold_gain":0,"player_choice":"Ignored","damage_taken":0,"max_hp_gain":0,"max_hp_loss":0,"event_name":"Purifier","floor":47,"gold_loss":0}],"is_beta":false,"boss_relics":[{"not_picked":["hubris:TerracottaHorce","EE1DDrone"],"picked":"Calling Bell"},{"not_picked":["EasyGame_NEW","TimeKeys"],"picked":"Replay:Ancient Bell"},{"not_picked":["REME_HandOfSuture","Centennial Puzzle"],"picked":"Pen Nib"},{"not_picked":["reliquary:Vitrine","aspiration:StickyExplosives_weak"],"picked":"reliquary:SculptingSteel"},{"not_picked":["hubris:MedicalManual","hubris:Teleporter"],"picked":"Counterbalance"}],"items_purged_floors":[],"is_endless":false,"potions_floor_spawned":[4,6,8,12,16,21,22,24,30,31,33,35,37,38,41,44,48],"ascension_level":0}}